{"host":"y89x8uui45kcjy42","time":1611928190,"event":{"mods":["2.2 Compatiblity","BaseMod","CapriCore","Colored Map","Colored Powertips","Custom Start","Friendly Minions","Keyboard Shortcuts","Marisa£¨Ùöéë¡¡Øª×âÞÞ£©","Minty Spire (QoL Compilation)","Relic Stats","Slay the Relics Exporter","StSLib","SuperFastMode","Uncapped"],"gold_per_floor":[110,164,175,11,11,11,855,108,108,136,136,170,195,226,226,300,300,312,362,110,779,797,797,797,797,797,797,797,712,747,11,11,84,84,103,103,116,116,78,78,88,88,88,88,98,127,127,137,137,137,137,137,232,260,260],"floor_reached":56,"language":"KOR","playtime":1367,"items_purged":["MasterSpark","UpSweep"],"score":2660,"play_id":"8c54e8d5-8293-43b3-a8c0-a3b383a06621","local_time":"20210129224950","is_ascension_mode":true,"campfire_choices":[{"data":"WitchLeyline","floor":6,"key":"SMITH"},{"data":"DeepEcoloBomb","floor":11,"key":"SMITH"},{"data":"EscapeVelocity","floor":15,"key":"SMITH"},{"data":"GasGiant","floor":23,"key":"SMITH"},{"data":"ChargingUp","floor":24,"key":"SMITH"},{"data":"EnergyFlow","floor":25,"key":"SMITH"},{"data":"EnergyFlow","floor":27,"key":"SMITH"},{"data":"EnergyFlow","floor":28,"key":"SMITH"},{"data":"DeepEcoloBomb","floor":32,"key":"SMITH"},{"data":"Singularity","floor":40,"key":"SMITH"},{"floor":42,"key":"RECALL"},{"data":"Finesse","floor":44,"key":"SMITH"},{"data":"EscapeVelocity","floor":49,"key":"SMITH"},{"data":"EnergyFlow","floor":52,"key":"SMITH"}],"circlet_count":0,"master_deck":["SuperNova+1","WitchLeyline+1","EnergyFlow+1","DeepEcoloBomb+1","GasGiant+1","EscapeVelocity+1","WitchLeyline+1","EnergyFlow+1","EnergyFlow+1","DeepEcoloBomb+1","ChargingUp+1","EnergyFlow+1","Finesse+1","DeepEcoloBomb+1","Singularity+1","OrrerysSun+1","EscapeVelocity+1","EnergyFlow+1","MagicAbsorber"],"relics":["MiniHakkero","Question Card","Prayer Wheel","Coffee Dripper","Vajra","Oddly Smooth Stone","Lantern","MagicBroom","Lee\u0027s Waffle","Pantograph","PreservedInsect","FossilizedHelix","Dream Catcher","Anchor","Potion Belt","Coffee Dripper","Sling","DollysMirror","InkBottle","Kunai","Vajra","HandDrill","Ice Cream","Coffee Dripper","Omamori","WarpedTongs","WingedGreaves","SimpleLauncher","SproutingBranch","Mummified Hand","Bag of Marbles","HandmadeGrimoire","AmplifyWand","OrangePellets","TungstenRod","Boot"],"acts_visited":["Exordium","TheCity","TheBeyond","TheEnding"],"potions_floor_usage":[10,55,55,55,55,55],"damage_taken":[{"damage":0,"enemies":"Cultist","floor":1,"turns":2},{"damage":6,"enemies":"Jaw Worm","floor":3,"turns":2},{"damage":48,"enemies":"3 Sentries","floor":10,"turns":5},{"damage":0,"enemies":"Gremlin Nob","floor":12,"turns":2},{"damage":0,"enemies":"Lagavulin","floor":13,"turns":3},{"damage":0,"enemies":"3 Sentries","floor":14,"turns":4},{"damage":6,"enemies":"The Guardian","floor":16,"turns":4},{"damage":0,"enemies":"Chosen","floor":18,"turns":2},{"damage":0,"enemies":"Spheric Guardian","floor":22,"turns":3},{"damage":0,"enemies":"Book of Stabbing","floor":30,"turns":3},{"damage":0,"enemies":"Automaton","floor":33,"turns":4},{"damage":0,"enemies":"Orb Walker","floor":35,"turns":2},{"damage":0,"enemies":"3 Darklings","floor":37,"turns":3},{"damage":0,"enemies":"Transient","floor":41,"turns":5},{"damage":9,"enemies":"Jaw Worm Horde","floor":45,"turns":2},{"damage":0,"enemies":"Giant Head","floor":46,"turns":2},{"damage":0,"enemies":"Maw","floor":48,"turns":2},{"damage":0,"enemies":"Time Eater","floor":50,"turns":3},{"damage":0,"enemies":"Shield and Spear","floor":54,"turns":3},{"damage":3,"enemies":"The Heart","floor":55,"turns":4}],"seed_played":"-7195691268971580204","potions_obtained":[{"floor":10,"key":"Fruit Juice"},{"floor":12,"key":"EntropicBrew"},{"floor":13,"key":"Swift Potion"},{"floor":16,"key":"DistilledChaos"}],"is_trial":false,"path_per_floor":["M","T","M","$","?","R","$","$","T","E","R","E","E","E","R","B",null,"M","?","$","$","M","R","R","R","T","R","R","?","E","$","R","B",null,"M","$","M","?","$","R","M","R","T","R","M","E","$","M","R","B",null,"R","$","E","B",null],"character_chosen":"MARISA","items_purchased":["EnergyFlow","DeepEcoloBomb","GasGiant","Lantern","MagicBroom","Lee\u0027s Waffle","Sling","EnergyFlow","EnergyFlow","DollysMirror","ChargingUp","Finesse","HandDrill","DeepEcoloBomb","Ice Cream","Ancient Potion","SimpleLauncher","HandmadeGrimoire","AmplifyWand","OrangePellets","MagicAbsorber"],"campfire_rested":0,"item_purchase_floors":[4,4,7,8,8,8,20,20,21,21,21,31,31,31,31,31,39,53,53,53,53],"current_hp_per_floor":[63,63,57,57,57,57,57,70,70,27,27,27,27,27,27,46,68,68,68,68,68,68,68,68,68,68,68,68,68,68,68,68,75,75,75,75,75,75,75,75,75,75,75,75,66,71,71,75,75,75,75,75,75,75,72],"gold":260,"neow_bonus":"THREE_RARE_CARDS","is_daily":false,"chose_seed":false,"campfire_upgraded":13,"win_rate":0.0,"timestamp":1611928190,"path_taken":["M","?","?","$","?","R","$","$","T","E","R","E","E","E","R","BOSS","M","?","$","$","M","R","R","R","T","R","R","?","E","?","R","BOSS","M","?","M","?","$","R","M","R","T","R","M","E","$","?","R","BOSS","R","$","E","BOSS"],"items_purchased_type":["Card","Card","Card","Relic","Relic","Relic","Relic","Card","Card","Relic","Card","Card","Relic","Card","Relic","Potion","Relic","Relic","Relic","Relic","Card"],"build_version":"2020-12-22","purchased_purges":2,"victory":true,"max_hp_per_floor":[63,63,63,63,63,63,63,70,70,75,75,75,75,75,75,75,75,75,75,75,75,75,75,75,75,75,75,75,75,75,75,75,75,75,75,75,75,75,75,75,75,75,75,75,75,75,75,75,75,75,75,75,75,75,75],"relic_stats":{"Lee\u0027s Waffle":13,"counters":[20,60],"PreservedInsect":334,"Question Card":27,"Boot":[0],"WarpedTongs":[4],"OrangePellets":[3],"Dream Catcher":0,"Mummified Hand":[42],"Pantograph":32,"Prayer Wheel":9,"HandDrill":[22],"Kunai":[10],"obtain_stats":[{"Ice Cream":31,"AmplifyWand":53,"Lantern":8,"Vajra":0,"SproutingBranch":43,"Sling":20,"Boot":54,"Dream Catcher":13,"DollysMirror":21,"Mummified Hand":45,"Pantograph":9,"Prayer Wheel":0,"VioletLotus":0,"WingedGreaves":2,"HandDrill":31,"HandmadeGrimoire":53,"Kunai":29,"InkBottle":26,"SimpleLauncher":39,"Potion Belt":16,"Lee\u0027s Waffle":8,"MagicBroom":8,"Velvet Choker":0,"Oddly Smooth Stone":0,"PreservedInsect":10,"Omamori":38,"Question Card":0,"WarpedTongs":38,"OrangePellets":53,"Anchor":14,"Coffee Dripper":0,"Bag of Marbles":46,"MiniHakkero":0,"FossilizedHelix":12,"TungstenRod":53},{"Ice Cream":10,"AmplifyWand":18,"Lantern":2,"Vajra":0,"SproutingBranch":14,"Sling":8,"Boot":19,"Dream Catcher":5,"DollysMirror":8,"Mummified Hand":15,"Pantograph":2,"Prayer Wheel":0,"VioletLotus":0,"WingedGreaves":1,"HandDrill":10,"HandmadeGrimoire":18,"Kunai":9,"InkBottle":9,"SimpleLauncher":13,"Potion Belt":7,"Lee\u0027s Waffle":2,"MagicBroom":2,"Velvet Choker":0,"Oddly Smooth Stone":0,"PreservedInsect":3,"Omamori":13,"Question Card":0,"WarpedTongs":13,"OrangePellets":18,"Anchor":6,"Coffee Dripper":0,"Bag of Marbles":16,"MiniHakkero":0,"FossilizedHelix":4,"TungstenRod":18},{"Ice Cream":30,"AmplifyWand":53,"Lantern":4,"Vajra":0,"SproutingBranch":44,"Sling":24,"Boot":56,"Dream Catcher":14,"DollysMirror":24,"Mummified Hand":46,"Pantograph":4,"Prayer Wheel":0,"VioletLotus":0,"WingedGreaves":2,"HandDrill":30,"HandmadeGrimoire":53,"Kunai":27,"InkBottle":27,"SimpleLauncher":39,"Potion Belt":22,"Lee\u0027s Waffle":4,"MagicBroom":4,"Velvet Choker":0,"Oddly Smooth Stone":0,"PreservedInsect":9,"Omamori":39,"Question Card":0,"WarpedTongs":39,"OrangePellets":53,"Anchor":18,"Coffee Dripper":0,"Bag of Marbles":48,"MiniHakkero":0,"FossilizedHelix":11,"TungstenRod":53}],"InkBottle":[17],"TungstenRod":2},"card_choices":[{"not_picked":["ManaRampage","MaximisePower"],"picked":"SuperNova","floor":0},{"not_picked":["LuminesStrike","MeteoricShower","MagicChant","6A"],"picked":"SKIP","floor":1},{"not_picked":["DC","GravityBeat","MysteriousBeam","GrandCross"],"picked":"SKIP","floor":1},{"not_picked":["StarlightTyphoon","GalacticHalo","DoubleSpark"],"picked":"WitchLeyline","floor":3},{"not_picked":["6A","UnstableBomb","PowerUp","MysteriousBeam"],"picked":"SKIP","floor":3},{"not_picked":["Acceleration","PowerUp","6A","JA"],"picked":"SKIP","floor":10},{"not_picked":["SprinkleStarSeal","PowerUp","GasGiant","NonDirectionalLaser"],"picked":"SKIP","floor":12},{"not_picked":["Acceleration","GrandCross","DarkSpark"],"picked":"EscapeVelocity","floor":13},{"not_picked":["ShootTheMoon","MagicChant","LuminesStrike","IllusionStar"],"picked":"SKIP","floor":14},{"not_picked":["FairyDestructionRay","GravityBeat","LuminesStrike+1"],"picked":"WitchLeyline+1","floor":18},{"not_picked":["NonDirectionalLaser","GrandCross","UnstableBomb+1","MysteriousBeam"],"picked":"SKIP","floor":18},{"not_picked":["DoubleSpark","StarlightTyphoon","WitchLeyline","IllusionStar"],"picked":"SKIP","floor":22},{"not_picked":["WitchOfGreed+1","LuminesStrike","WitchLeyline","BlazeAway"],"picked":"SKIP","floor":22},{"not_picked":["DragonMeteor","TreasureHunter","GravityBeat"],"picked":"EnergyFlow+1","floor":30},{"not_picked":["BlazeAway","StarlightTyphoon","OneTimeOff","Singularity"],"picked":"SKIP","floor":35},{"not_picked":["GravityBeat+1","DC","Occultation","SporeBomb+1"],"picked":"SKIP","floor":35},{"not_picked":["BlazeAway","StarlightTyphoon","OneTimeOff"],"picked":"Singularity","floor":35},{"not_picked":["GravityBeat+1","DC","Occultation","SporeBomb+1"],"picked":"SKIP","floor":35},{"not_picked":["DarkSpark","FairyDestructionRay","ChargeUpSpray"],"picked":"OrrerysSun+1","floor":37},{"not_picked":["WitchLeyline","Robbery+1","GrandCross","GalacticHalo"],"picked":"SKIP","floor":37},{"not_picked":["DoubleSpark+1","UnstableBomb","AsteroidBelt","MeteoricShower+1"],"picked":"SKIP","floor":41},{"not_picked":["FairyDestructionRay","EarthLightRay+1","GasGiant","SporeBomb"],"picked":"SKIP","floor":41},{"not_picked":["ManaConvection","Orbital","MachineGunSpark","DC"],"picked":"SKIP","floor":45},{"not_picked":["DarkSpark","UnstableBomb","DC","DoubleSpark"],"picked":"SKIP","floor":45},{"not_picked":["SporeBomb","DarkMatter+1","AlicesGift"],"picked":"EscapeVelocity","floor":46},{"not_picked":["LuminesStrike","Orbital","Robbery+1"],"picked":"EnergyFlow","floor":48},{"not_picked":["GalacticHalo","WitchOfGreed","DragonMeteor","EnergyRecoil"],"picked":"SKIP","floor":48},{"not_picked":["Acceleration","LuminesStrike","IllusionStar","6A+1"],"picked":"SKIP","floor":54}],"player_experience":741562,"relics_obtained":[{"floor":9,"key":"Pantograph"},{"floor":10,"key":"PreservedInsect"},{"floor":12,"key":"FossilizedHelix"},{"floor":13,"key":"Dream Catcher"},{"floor":14,"key":"Anchor"},{"floor":26,"key":"InkBottle"},{"floor":30,"key":"Vajra"},{"floor":43,"key":"SproutingBranch"},{"floor":46,"key":"Bag of Marbles"},{"floor":54,"key":"Boot"}],"event_choices":[{"damage_healed":0,"gold_gain":0,"player_choice":"Grow","damage_taken":0,"max_hp_gain":0,"max_hp_loss":0,"event_name":"Living Wall","floor":5,"gold_loss":0,"cards_upgraded":["SuperNova"]},{"damage_healed":0,"gold_gain":50,"player_choice":"Stole From Cult","damage_taken":0,"max_hp_gain":0,"max_hp_loss":0,"event_name":"Nest","floor":19,"gold_loss":0},{"damage_healed":0,"gold_gain":0,"player_choice":"Obtained Relic","damage_taken":0,"relics_obtained":["Kunai"],"max_hp_gain":0,"max_hp_loss":0,"event_name":"Addict","floor":29,"gold_loss":85},{"damage_healed":0,"gold_gain":0,"player_choice":"Rummage","damage_taken":0,"relics_obtained":["WarpedTongs"],"max_hp_gain":0,"max_hp_loss":0,"event_name":"Accursed Blacksmith","floor":38,"gold_loss":0,"cards_obtained":["Pain"]}],"is_beta":false,"boss_relics":[{"not_picked":["Runic Dome","Empty Cage"],"picked":"Coffee Dripper"},{"not_picked":["Calling Bell","Philosopher\u0027s Stone","Velvet Choker"]}],"items_purged_floors":[7,8],"is_endless":false,"potions_floor_spawned":[10,12,13,16,35,37,46],"ascension_level":18}}