{"host":"lv71j503waqnafdc","time":1611933373,"event":{"mods":["Act Like it!","Arknights The Spire","BaseMod","Hermit","Jorbs\u0027s Wanderer Trilogy","Minty Spire (QoL Compilation)","Replay The Spire","StSLib","The Cursed"],"gold_per_floor":[156,31,31,31,85,190,190,280,280,280,334,433,478,478,478,790,790,820,820,850,892,892,892,973,6,6,93,93,180,231,231,231,540,540,591,648,648,702,702,702,783,822,822,903,60,141,141,237,237,237],"floor_reached":51,"language":"ZHS","playtime":1544,"items_purged":[],"score":1089,"play_id":"8e746434-b3d3-481f-b276-5a00fcc9d0fc","local_time":"20210129231613","daily_mods":["Hoarder","Shiny","Specialized","Vintage","Colorless Cards","Heirloom","Time Dilation","Flight","DeadlyEvents","Elite Swarm","Lethality","Midas","Uncertain Future","Binary"],"is_ascension_mode":false,"campfire_choices":[{"floor":7,"key":"REST"},{"floor":10,"key":"REST"},{"floor":15,"key":"REST"},{"floor":23,"key":"REST"},{"floor":28,"key":"REST"},{"floor":32,"key":"REST"},{"floor":40,"key":"REST"},{"floor":47,"key":"REST"},{"floor":49,"key":"REST"}],"circlet_count":0,"master_deck":["Demon Form","Wraith Form v2","Echo Form","DevaForm","stsjorbsmod:ArcaneForm","stsjorbsmod:WastingForm","ats:Thorns","ats:Thorns","ats:Thorns","ats:Thorns","ats:Thorns","ats:Thorns","ats:Thorns","ats:Thorns","ats:Thorns","ats:Thorns","ats:Thorns","ats:Thorns","ats:Thorns","ats:Thorns","ats:Thorns","ats:Shell Defense","ats:Shell Defense","ats:Hammer On","ats:Hammer On+1","ats:Hammer On+1","ats:Poison Spread","ats:Poison Spread","ats:Poison Spread","ats:Poison Spread+1","ats:Poison Spread+1","ats:Poison Spread+1","ats:Very Hot Blade","ats:Very Hot Blade","ats:Very Hot Blade","Mind Blast","Mind Blast","Mind Blast","ats:LN2 Cannon","ats:LN2 Cannon","ats:LN2 Cannon","ats:Very Hot Blade","ats:Very Hot Blade","ats:Very Hot Blade","ats:Defend Order+1","ats:Defend Order+1","ats:Defend Order+1","ats:Demon Strength+1","ats:Demon Strength+1","ats:Demon Strength+1","ats:Composite Medical Shells+1","ats:Composite Medical Shells+1","ats:Composite Medical Shells+1","ats:Phantom+1","ats:Phantom+1","ats:Phantom+1","ats:Part Time Job+1","ats:Part Time Job+1","ats:Part Time Job+1","Specialist+1","Specialist+1","Specialist+1","ats:Healing Strengthening+1","ats:Healing Strengthening+1","ats:Healing Strengthening+1","ats:Neurotoxin+1","ats:Neurotoxin+1","ats:Neurotoxin+1","ats:Part Time Job+1","ats:Part Time Job+1","ats:Part Time Job+1"],"relics":["ats:Sanity Plus","Busted Crown","Ring of Chaos","Pocketwatch","Du-Vu Doll","NeowsBlessing","ReplayTheSpireMod:Shallot","ats:Originium","ats:Industrial Water Cannon","Omamori","Iron Hammer","ReplayTheSpireMod:TigerMarble","Toy Ornithopter","The Courier","NeowsBlessing","Mummified Hand","NeowsBlessing","Torii","Frozen Egg 2","NeowsBlessing","Replay:Ringing Soul","Matryoshka","OrangePellets","Akabeko","InkBottle","Replay:Bottled Snecko","Dream Catcher","Blue Candle","Whetstone","Black Star","Boot","Sundial","Shuriken","Ginger","TungstenRod","Divine Protection","Replay:Baseball","Replay:Arrowhead","Replay:Mystery Machine","Garlic","ats:Arts","Bottled Tornado","ReplayTheSpireMod:Lightbulb","ats:Hidden Killer","Kunai","Blue Doll","Golden Egg","Centennial Puzzle"],"acts_visited":["Exordium","TheCity","TheBeyond"],"potions_floor_usage":[13,42,50],"damage_taken":[{"damage":36,"enemies":"2 Louse","floor":1,"turns":2},{"damage":4,"enemies":"Jaw Worm","floor":5,"turns":1},{"damage":0,"enemies":"Gremlin Nob","floor":6,"turns":1},{"damage":0,"enemies":"Lagavulin","floor":8,"turns":1},{"damage":7,"enemies":"Cultist","floor":11,"turns":3},{"damage":25,"enemies":"3 Sentries","floor":12,"turns":4},{"damage":10,"enemies":"2 Fungi Beasts","floor":13,"turns":2},{"damage":0,"enemies":"Fading Forest","floor":16,"turns":1},{"damage":11,"enemies":"Spheric Guardian","floor":18,"turns":3},{"damage":0,"enemies":"Chosen","floor":20,"turns":1},{"damage":5,"enemies":"Snake Plant","floor":21,"turns":1},{"damage":0,"enemies":"Gremlin Leader","floor":24,"turns":1},{"damage":0,"enemies":"Replay:Snechameleon","floor":27,"turns":1},{"damage":0,"enemies":"Gremlin Leader","floor":29,"turns":1},{"damage":0,"enemies":"Centurion and Healer","floor":30,"turns":1},{"damage":73,"enemies":"Champ","floor":33,"turns":5},{"damage":0,"enemies":"Orb Walker","floor":35,"turns":1},{"damage":0,"enemies":"3 Darklings","floor":36,"turns":1},{"damage":6,"enemies":"Sphere and 2 Shapes","floor":38,"turns":1},{"damage":15,"enemies":"R_Hoarder","floor":41,"turns":4},{"damage":6,"enemies":"Transient","floor":42,"turns":5},{"damage":37,"enemies":"Giant Head","floor":44,"turns":5},{"damage":0,"enemies":"R_Hoarder","floor":46,"turns":1},{"damage":0,"enemies":"Nemesis","floor":48,"turns":1},{"damage":8,"enemies":"Replay:Hell Engine","floor":50,"turns":3}],"seed_played":"4863037207722356266","potions_obtained":[{"floor":8,"key":"Energy Potion"},{"floor":16,"key":"SkillPotion"},{"floor":20,"key":"Swift Potion"},{"floor":24,"key":"Strength Potion"},{"floor":44,"key":"SmokeBomb"}],"is_trial":true,"path_per_floor":["M","$","WH","?","M","E","R","E","T","R","M","E","M","WH","R","B",null,"M","WH","M","M","WH","R","E","$","T","E","R","E","M","?","R","B",null,"M","M","?","M","?","R","E","M","T","E","$","E","R","E","R","B",null],"character_chosen":"DOCTOR_CLASS","items_purchased":["ats:Shell Defense","ats:Hammer On","ats:Poison Spread","ats:Poison Spread+1","Matryoshka","OrangePellets","Akabeko","ats:Very Hot Blade","Mind Blast","ats:LN2 Cannon","ats:Very Hot Blade","ats:Defend Order+1","ats:Demon Strength+1","ats:Composite Medical Shells+1","ats:Phantom+1","ats:Part Time Job+1","Specialist+1","ats:Healing Strengthening+1","ats:Neurotoxin+1","ats:Part Time Job+1","ats:Arts","Bottled Tornado","ReplayTheSpireMod:Lightbulb","ats:Hidden Killer"],"campfire_rested":9,"item_purchase_floors":[2,2,2,25,25,25,25,25,25,25,25,25,25,25,25,25,45,45,45,45,45,45,45,45],"current_hp_per_floor":[36,36,36,41,37,37,60,60,60,77,70,45,40,40,63,63,77,66,66,66,61,61,77,77,80,80,80,80,80,80,80,80,9,80,80,80,80,74,74,80,67,66,66,36,39,39,63,63,83,83],"gold":237,"neow_bonus":"THREE_ENEMY_KILL","is_daily":false,"chose_seed":false,"campfire_upgraded":0,"win_rate":0.0,"timestamp":1611933373,"path_taken":["M","$","WH","?","M","E","R","E","T","R","M","E","M","WH","R","BOSS","M","WH","M","M","WH","R","E","$","T","E","R","E","M","?","R","BOSS","M","M","?","M","?","R","E","M","T","E","$","?","R","E","R","BOSS"],"items_purchased_type":["Card","Card","Card","Card","Relic","Relic","Relic","Card","Card","Card","Card","Card","Card","Card","Card","Card","Card","Card","Card","Card","Relic","Relic","Relic","Relic"],"build_version":"2020-12-22","purchased_purges":0,"victory":true,"max_hp_per_floor":[72,72,72,77,77,77,77,77,77,77,77,77,77,77,77,77,77,77,77,77,77,77,77,77,80,80,80,80,80,80,80,80,80,80,80,80,80,80,80,80,80,80,80,80,83,83,83,83,83,83],"card_choices":[],"player_experience":260418,"relics_obtained":[{"floor":1,"key":"Du-Vu Doll"},{"floor":5,"key":"ReplayTheSpireMod:Shallot"},{"floor":6,"key":"ats:Originium"},{"floor":6,"key":"ats:Industrial Water Cannon"},{"floor":8,"key":"ats:Originium"},{"floor":8,"key":"Omamori"},{"floor":9,"key":"Iron Hammer"},{"floor":11,"key":"ReplayTheSpireMod:TigerMarble"},{"floor":12,"key":"ats:Originium"},{"floor":12,"key":"Toy Ornithopter"},{"floor":13,"key":"The Courier"},{"floor":18,"key":"Mummified Hand"},{"floor":20,"key":"Torii"},{"floor":21,"key":"Frozen Egg 2"},{"floor":24,"key":"ats:Originium"},{"floor":24,"key":"Replay:Ringing Soul"},{"floor":26,"key":"InkBottle"},{"floor":26,"key":"Replay:Bottled Snecko"},{"floor":27,"key":"ats:Originium"},{"floor":27,"key":"Dream Catcher"},{"floor":29,"key":"Blue Candle"},{"floor":30,"key":"Whetstone"},{"floor":35,"key":"Boot"},{"floor":36,"key":"Sundial"},{"floor":38,"key":"Shuriken"},{"floor":41,"key":"Ginger"},{"floor":41,"key":"TungstenRod"},{"floor":42,"key":"Divine Protection"},{"floor":43,"key":"Replay:Baseball"},{"floor":43,"key":"Replay:Arrowhead"},{"floor":44,"key":"Replay:Mystery Machine"},{"floor":44,"key":"Garlic"},{"floor":46,"key":"Kunai"},{"floor":46,"key":"Blue Doll"},{"floor":48,"key":"Golden Egg"},{"floor":48,"key":"Centennial Puzzle"}],"event_choices":[{"damage_healed":0,"gold_gain":0,"player_choice":"Donut","damage_taken":0,"max_hp_gain":5,"max_hp_loss":0,"event_name":"Big Fish","floor":4,"gold_loss":0},{"damage_healed":0,"gold_gain":0,"player_choice":"Bought 0 Potions","damage_taken":0,"max_hp_gain":0,"max_hp_loss":0,"event_name":"The Woman in Blue","floor":31,"gold_loss":0},{"damage_healed":0,"gold_gain":0,"player_choice":"Ignored","damage_taken":0,"max_hp_gain":0,"max_hp_loss":0,"event_name":"Tomb of Lord Red Mask","floor":37,"gold_loss":0},{"cards_removed":["ats:Shell Defense"],"damage_healed":0,"gold_gain":0,"player_choice":"Removed Skill","damage_taken":0,"max_hp_gain":0,"max_hp_loss":0,"event_name":"Falling","floor":39,"gold_loss":0}],"is_beta":false,"boss_relics":[{"not_picked":["Cursed Key","Snecko Heart"],"picked":"ats:Sanity Plus"},{"not_picked":["Snecko Eye","Replay:Bronze Core"],"picked":"Black Star"}],"items_purged_floors":[],"is_endless":false,"potions_floor_spawned":[8,16,20,24,30,38,44],"ascension_level":0}}