{"host":"gobyjzz6xbwq9f9i","time":1611890717,"event":{"mods":["AchievementEnabler","BaseMod","Bestiary","Colored Map","Minty Spire (QoL Compilation)","Relic Stats"],"gold_per_floor":[116,135,135,152,152,162,190,220,220,248,4,21,21,21,21,122,122,137,149,248,268,286,286,304,336,336,336,371,399,399,413,413,413,413],"floor_reached":33,"language":"ENG","playtime":2162,"items_purged":[],"score":546,"play_id":"15fb1efd-0d07-4465-baa0-6bbe2f01a261","local_time":"20210128192517","is_ascension_mode":true,"campfire_choices":[{"floor":13,"key":"REST"},{"data":"Tempest","floor":15,"key":"SMITH"},{"data":"Fission","floor":23,"key":"SMITH"},{"data":"Seek","floor":27,"key":"SMITH"},{"floor":32,"key":"REST"}],"circlet_count":0,"master_deck":["AscendersBane","Zap+1","Dualcast","BootSequence","Glacier+1","Ball Lightning","Seek+1","Ball Lightning","Glacier","Tempest+1","Fission+1","Leap","Core Surge","Loop","Coolheaded","Thunder Strike","Undo","Auto Shields","Coolheaded","Coolheaded+1","Gash","Doom and Gloom+1","Hologram+1","Hologram+1","Coolheaded+1","Chill"],"relics":["Cracked Core","Turnip","Ornamental Fan","Gambling Chip","DataDisk","Question Card","Pandora\u0027s Box","Letter Opener","MealTicket","Red Mask","Matryoshka"],"acts_visited":["Exordium","TheCity"],"potions_floor_usage":[7,29,29],"damage_taken":[{"damage":4,"enemies":"Small Slimes","floor":1,"turns":3},{"damage":0,"enemies":"2 Louse","floor":2,"turns":2},{"damage":1,"enemies":"Cultist","floor":4,"turns":4},{"damage":0,"enemies":"Large Slime","floor":6,"turns":5},{"damage":13,"enemies":"3 Sentries","floor":7,"turns":9},{"damage":16,"enemies":"Gremlin Nob","floor":10,"turns":4},{"damage":0,"enemies":"3 Louse","floor":12,"turns":3},{"damage":0,"enemies":"The Guardian","floor":16,"turns":11},{"damage":0,"enemies":"Spheric Guardian","floor":18,"turns":3},{"damage":0,"enemies":"3 Byrds","floor":19,"turns":4},{"damage":3,"enemies":"Snake Plant","floor":21,"turns":3},{"damage":0,"enemies":"Centurion and Healer","floor":22,"turns":16},{"damage":1,"enemies":"Sentry and Sphere","floor":24,"turns":6},{"damage":3,"enemies":"Gremlin Leader","floor":25,"turns":6},{"damage":2,"enemies":"Masked Bandits","floor":28,"turns":2},{"damage":31,"enemies":"Slavers","floor":29,"turns":3},{"damage":0,"enemies":"Shelled Parasite and Fungi","floor":31,"turns":6},{"damage":67,"enemies":"Automaton","floor":33,"turns":12}],"seed_played":"-6582729824500344481","potions_obtained":[{"floor":0,"key":"Fire Potion"},{"floor":0,"key":"SmokeBomb"},{"floor":0,"key":"SneckoOil"},{"floor":2,"key":"Ancient Potion"},{"floor":4,"key":"SkillPotion"},{"floor":7,"key":"EssenceOfSteel"},{"floor":21,"key":"Fire Potion"}],"is_trial":false,"path_per_floor":["M","M","?","M","?","M","E","?","T","E","$","M","R","?","R","B",null,"M","M","?","M","M","R","M","E","T","R","?","E","?","M","R","B"],"character_chosen":"DEFECT","items_purchased":["Question Card"],"campfire_rested":2,"item_purchase_floors":[11],"current_hp_per_floor":[64,64,49,48,36,36,23,23,23,7,7,7,29,29,29,29,64,64,64,64,61,61,61,60,57,57,57,55,24,24,24,46,0,0],"gold":413,"neow_bonus":"THREE_SMALL_POTIONS","is_daily":false,"chose_seed":false,"campfire_upgraded":3,"win_rate":0.0,"timestamp":1611890717,"path_taken":["M","M","?","M","?","M","E","?","T","E","$","M","R","?","R","BOSS","M","M","?","M","M","R","M","E","T","R","?","E","?","?","R","BOSS"],"items_purchased_type":["Relic"],"build_version":"2020-12-22","purchased_purges":0,"victory":false,"max_hp_per_floor":[75,75,75,75,75,75,75,75,75,75,75,75,75,75,75,75,75,75,75,75,75,75,75,75,75,75,75,75,75,75,75,75,75,75],"relic_stats":{"counters":[18,102],"Ornamental Fan":[24],"Gambling Chip":[39],"Pandora\u0027s Box":["Leap","Rip and Tear","Core Surge","Loop","Coolheaded","Thunder Strike","Undo","Auto Shields"],"MealTicket":0,"Turnip":[22],"Letter Opener":[92],"Question Card":11,"obtain_stats":[{"DataDisk":10,"Matryoshka":29,"Ornamental Fan":7,"Gambling Chip":9,"Pandora\u0027s Box":17,"MealTicket":26,"Turnip":5,"Red Mask":28,"Letter Opener":25,"Cracked Core":0,"Question Card":11},{"DataDisk":6,"Matryoshka":16,"Ornamental Fan":5,"Gambling Chip":5,"Pandora\u0027s Box":8,"MealTicket":14,"Turnip":3,"Red Mask":15,"Letter Opener":14,"Cracked Core":0,"Question Card":6},{"DataDisk":27,"Matryoshka":84,"Ornamental Fan":23,"Gambling Chip":23,"Pandora\u0027s Box":41,"MealTicket":79,"Turnip":9,"Red Mask":81,"Letter Opener":79,"Cracked Core":0,"Question Card":27}]},"card_choices":[{"not_picked":["Reprogram","Beam Cell"],"picked":"BootSequence","floor":1},{"not_picked":["Go for the Eyes","Beam Cell"],"picked":"Glacier","floor":2},{"not_picked":["Compile Driver","Gash"],"picked":"Ball Lightning","floor":4},{"not_picked":["Conserve Battery","Streamline"],"picked":"Seek","floor":6},{"not_picked":["Stack","Steam"],"picked":"Ball Lightning","floor":7},{"not_picked":["Seek","Rebound"],"picked":"Glacier","floor":10},{"not_picked":["Go for the Eyes","Redo","Gash"],"picked":"Tempest","floor":12},{"not_picked":["Seek","Machine Learning","Core Surge"],"picked":"Fission","floor":16},{"not_picked":["Steam Power","Cold Snap","Barrage"],"picked":"Coolheaded","floor":18},{"not_picked":["Gash","Conserve Battery","Sweeping Beam"],"picked":"Coolheaded+1","floor":19},{"not_picked":["Leap","Barrage+1","Steam"],"picked":"Gash","floor":21},{"not_picked":["All For One","Sweeping Beam","Go for the Eyes+1"],"picked":"Doom and Gloom+1","floor":22},{"not_picked":["Ball Lightning+1","Barrage+1","Conserve Battery"],"picked":"Hologram+1","floor":24},{"not_picked":["Leap","Rebound","Steam","Cold Snap+1"],"picked":"SKIP","floor":25},{"not_picked":["Stack","Steam Power","Sunder+1"],"picked":"Hologram+1","floor":28},{"not_picked":["Skim","Redo","Beam Cell"],"picked":"Coolheaded+1","floor":29},{"not_picked":["Skim+1","Static Discharge","Steam+1"],"picked":"Chill","floor":31}],"player_experience":1195255,"relics_obtained":[{"floor":7,"key":"Ornamental Fan"},{"floor":9,"key":"Gambling Chip"},{"floor":10,"key":"DataDisk"},{"floor":25,"key":"Letter Opener"},{"floor":26,"key":"MealTicket"},{"floor":28,"key":"Red Mask"},{"floor":29,"key":"Matryoshka"}],"event_choices":[{"damage_healed":0,"gold_gain":0,"player_choice":"Entered Light","damage_taken":15,"max_hp_gain":0,"max_hp_loss":0,"event_name":"Shining Light","floor":3,"gold_loss":0,"cards_upgraded":["Zap","Defend_B"]},{"damage_healed":0,"gold_gain":0,"player_choice":"Success","damage_taken":12,"relics_obtained":["Turnip"],"max_hp_gain":0,"max_hp_loss":0,"event_name":"Scrap Ooze","floor":5,"gold_loss":0},{"damage_healed":0,"gold_gain":30,"player_choice":"Searched \u00271\u0027 times","damage_taken":0,"max_hp_gain":0,"max_hp_loss":0,"event_name":"Dead Adventurer","floor":8,"gold_loss":0},{"damage_healed":0,"gold_gain":0,"player_choice":"Upgraded","damage_taken":0,"max_hp_gain":0,"max_hp_loss":0,"event_name":"Upgrade Shrine","floor":14,"gold_loss":0,"cards_upgraded":["Glacier"]},{"damage_healed":0,"gold_gain":99,"player_choice":"Stole From Cult","damage_taken":0,"max_hp_gain":0,"max_hp_loss":0,"event_name":"Nest","floor":20,"gold_loss":0},{"damage_healed":0,"gold_gain":0,"player_choice":"Fought Bandits","damage_taken":0,"max_hp_gain":0,"max_hp_loss":0,"event_name":"Masked Bandits","floor":28,"gold_loss":0},{"cards_removed":["Rip and Tear"],"damage_healed":0,"gold_gain":0,"player_choice":"Card Removal","damage_taken":0,"max_hp_gain":0,"max_hp_loss":0,"event_name":"Wheel of Change","floor":30,"gold_loss":0}],"is_beta":false,"boss_relics":[{"not_picked":["Tiny House","Snecko Eye"],"picked":"Pandora\u0027s Box"}],"items_purged_floors":[],"is_endless":false,"potions_floor_spawned":[2,4,7,16,21,24,28],"killed_by":"Automaton","ascension_level":10}}