{"host":"u9h06qdlnp3wgzsw","time":1611952145,"event":{"mods":["Act Like it!","BaseMod","Curses Come First","Downfall","Hallownest","Hermit","Jorbs\u0027s Wanderer Trilogy","Minty Spire (QoL Compilation)","Quick Restart","Rare Cards Sparkle","Replay The Spire","Shop Mod","StSLib","The Disciple","The Hierophant","The Servant 0.9.4"],"gold_per_floor":[209,209,219,238,238,238,251,251,251,251,251,251,265,292,292,244,244,349,349,361,311,300,325,297,327,443,63,87,87,122,133,133,133,133,236,236,252,1251,1271,1271,1271,1301,1319,1353,1353,1272,1272,1287,1307,1307,1307],"floor_reached":50,"language":"ENG","playtime":5022,"items_purged":["stsjorbsmod:Defend_Wanderer"],"score":665,"play_id":"993222de-507d-424f-957e-24702b17aa9f","local_time":"20210129152905","is_ascension_mode":false,"campfire_choices":[{"data":"stsjorbsmod:EyeOfTheStorm","floor":6,"key":"SMITH"},{"data":"stsjorbsmod:FreshAdventure","floor":10,"key":"SMITH"},{"data":"stsjorbsmod:MageArmor","floor":12,"key":"SMITH"},{"data":"stsjorbsmod:GatherPower","floor":15,"key":"SMITH"},{"data":"stsjorbsmod:Defend_Wanderer","floor":17,"key":"SMITH"},{"data":"ReplayUltimateDefense","floor":29,"key":"SMITH"},{"data":"stsjorbsmod:Strike_Wanderer","floor":32,"key":"SMITH"},{"floor":34,"key":"REST"}],"circlet_count":0,"master_deck":["stsjorbsmod:ForbiddenGrimoire+1","stsjorbsmod:Strike_Wanderer","stsjorbsmod:Strike_Wanderer","stsjorbsmod:Strike_Wanderer+1","stsjorbsmod:Defend_Wanderer","stsjorbsmod:Defend_Wanderer","stsjorbsmod:Defend_Wanderer+1","stsjorbsmod:FreshAdventure+1","stsjorbsmod:EyeOfTheStorm+1","stsjorbsmod:MageArmor+1","stsjorbsmod:GatherPower+1","stsjorbsmod:Withdraw","stsjorbsmod:MagicMirror+1","stsjorbsmod:Withdraw","ReplayUltimateDefense+1","stsjorbsmod:Procrastination","stsjorbsmod:FracturedMind+1","stsjorbsmod:Fireball","Normality","Normality","stsjorbsmod:DisguiseSelf+1","stsjorbsmod:Withering","stsjorbsmod:MagicMirror+1"],"relics":["stsjorbsmod:GrimoireRelic","Blue Candle","Mirror","Akabeko","Omamori","Cursed Key","ReplayTheSpireMod:CursedCoin","Unceasing Top","Replay:Wax Seal","Medical Kit","Toy Ornithopter","InkBottle","Nilry\u0027s Codex","SlaversCollar","Iron Hammer","Regal Pillow","Smiling Mask"],"acts_visited":["Exordium","TheCity","TheBeyond"],"potions_floor_usage":[7,7,18,25,25,30,35,39,42,42,44,48],"damage_taken":[{"damage":1,"enemies":"2 Louse","floor":1,"turns":3},{"damage":0,"enemies":"Small Slimes","floor":3,"turns":3},{"damage":0,"enemies":"Jaw Worm","floor":4,"turns":4},{"damage":0,"enemies":"Lots of Slimes","floor":7,"turns":4},{"damage":0,"enemies":"Looter","floor":13,"turns":2},{"damage":10,"enemies":"Replay:BlueRogue","floor":14,"turns":6},{"damage":48,"enemies":"Hexaghost","floor":18,"turns":8},{"damage":0,"enemies":"3 Byrds","floor":20,"turns":5},{"damage":3,"enemies":"2 Thieves","floor":22,"turns":4},{"damage":7,"enemies":"3 Cultists","floor":23,"turns":4},{"damage":0,"enemies":"Gremlin Leader","floor":25,"turns":6},{"damage":12,"enemies":"Book of Stabbing","floor":30,"turns":5},{"damage":0,"enemies":"Shelled Parasite and Fungi","floor":31,"turns":5},{"damage":0,"enemies":"Champ","floor":35,"turns":14},{"damage":0,"enemies":"Orb Walker","floor":37,"turns":2},{"damage":2,"enemies":"3 Shapes","floor":39,"turns":5},{"damage":18,"enemies":"Nemesis","floor":42,"turns":8},{"damage":6,"enemies":"Maw","floor":43,"turns":10},{"damage":12,"enemies":"Reptomancer","floor":44,"turns":7},{"damage":1,"enemies":"3 Darklings","floor":46,"turns":1},{"damage":27,"enemies":"Jaw Worm Horde","floor":48,"turns":6},{"damage":13,"enemies":"4 Shapes","floor":49,"turns":4},{"damage":23,"enemies":"Transient","floor":50,"turns":4}],"seed_played":"-8719203749170559525","potions_obtained":[{"floor":3,"key":"Adrenaline Potion"},{"floor":4,"key":"Regen Potion"},{"floor":18,"key":"Weak Potion"},{"floor":25,"key":"Guardian:BlockOnCardUsePotion"},{"floor":30,"key":"Strength Potion"},{"floor":31,"key":"SpeedPotion"},{"floor":37,"key":"ColorlessPotion"},{"floor":42,"key":"Venom Potion"},{"floor":46,"key":"SpeedPotion"},{"floor":49,"key":"LiquidBronze"}],"is_trial":false,"path_per_floor":["M","?","M","M","?","R","M","PTL","PTL","R","T","R","M","E","R","$","R","B",null,"M","?","M","M","$","E","?","$","T","R","E","M","R","?","R","B",null,"M","?","M","?","T","E","M","E","T","M","?","M","M","M"],"character_chosen":"WANDERER","items_purchased":["Strength Potion","ReplayTheSpireMod:CursedCoin","Dexterity Potion","Explosive Potion","Replay:Wax Seal","ReplayUltimateDefense","Medical Kit"],"campfire_rested":1,"item_purchase_floors":[16,24,24,24,27,27,27],"current_hp_per_floor":[68,63,64,65,53,53,68,68,68,68,68,68,68,60,60,60,60,12,68,74,74,72,67,67,72,72,72,72,72,66,68,68,52,74,76,76,76,76,75,75,75,64,58,53,53,52,52,30,17,0,0],"gold":1307,"neow_bonus":"HUNDRED_GOLD","is_daily":false,"chose_seed":false,"campfire_upgraded":7,"win_rate":0.0,"timestamp":1611952145,"path_taken":["M","?","M","M","?","R","M","PTL","PTL","R","T","R","M","E","R","$","R","BOSS","M","?","?","M","$","E","?","?","T","R","E","M","R","?","R","BOSS","M","?","M","?","?","E","M","E","T","M","?","?","?","M"],"items_purchased_type":["Potion","Relic","Potion","Potion","Relic","Card","Relic"],"build_version":"2020-12-22","purchased_purges":1,"victory":false,"max_hp_per_floor":[68,68,68,68,68,68,68,68,68,68,68,68,68,68,68,68,68,68,68,74,74,74,74,74,76,76,76,76,76,76,76,76,76,76,76,76,76,76,76,76,76,76,76,76,76,76,76,76,76,76,76],"card_choices":[{"not_picked":["stsjorbsmod:ChainLightning","stsjorbsmod:BlackTentacles"],"picked":"stsjorbsmod:MageArmor","floor":1},{"not_picked":["stsjorbsmod:WeightOfMemory","stsjorbsmod:SmithingStrike","stsjorbsmod:TollTheDead"],"picked":"SKIP","floor":3},{"not_picked":["stsjorbsmod:DoubleCheck","stsjorbsmod:ParryingBlow","stsjorbsmod:Hurt"],"picked":"SKIP","floor":4},{"not_picked":["stsjorbsmod:Materialize","stsjorbsmod:DisguiseSelf","stsjorbsmod:Rest"],"picked":"SKIP","floor":7},{"not_picked":["stsjorbsmod:Index","stsjorbsmod:ChatteringStrike","stsjorbsmod:ParryingBlow"],"picked":"SKIP","floor":13},{"not_picked":["stsjorbsmod:Patron","stsjorbsmod:UnseenServant"],"picked":"stsjorbsmod:GatherPower","floor":14},{"not_picked":["stsjorbsmod:IvoryTower","stsjorbsmod:GatherPower"],"picked":"stsjorbsmod:Withdraw","floor":18},{"not_picked":["stsjorbsmod:Index","stsjorbsmod:ChatteringStrike","stsjorbsmod:DisguiseSelf"],"picked":"SKIP","floor":20},{"not_picked":["stsjorbsmod:DoubleCheck","stsjorbsmod:Will","stsjorbsmod:Counterspell+1"],"picked":"SKIP","floor":22},{"not_picked":["stsjorbsmod:Mania","stsjorbsmod:Patron","stsjorbsmod:WanderingMind+1"],"picked":"SKIP","floor":23},{"not_picked":["stsjorbsmod:Channel","stsjorbsmod:RefuseToForget","stsjorbsmod:DoubleCheck"],"picked":"SKIP","floor":25},{"not_picked":["stsjorbsmod:OldPocket","stsjorbsmod:Will"],"picked":"stsjorbsmod:MagicMirror+1","floor":26},{"not_picked":["stsjorbsmod:FaerieFire","stsjorbsmod:FranticSearch"],"picked":"stsjorbsmod:Withdraw","floor":26},{"not_picked":["stsjorbsmod:ChatteringStrike","stsjorbsmod:Index","stsjorbsmod:Patron"],"picked":"SKIP","floor":30},{"not_picked":["stsjorbsmod:ChainLightning","stsjorbsmod:TollTheDead"],"picked":"stsjorbsmod:FracturedMind+1","floor":31},{"not_picked":["stsjorbsmod:Entangle","stsjorbsmod:Rediscovery"],"picked":"stsjorbsmod:Fireball","floor":35},{"not_picked":["stsjorbsmod:MageArmor","stsjorbsmod:RayOfFrost","stsjorbsmod:Materialize"],"picked":"SKIP","floor":37},{"not_picked":["stsjorbsmod:BlackTentacles+1","stsjorbsmod:MagicMirror+1"],"picked":"stsjorbsmod:DisguiseSelf+1","floor":39},{"not_picked":["stsjorbsmod:UnseenServant","stsjorbsmod:Materialize+1","stsjorbsmod:Hurt"],"picked":"SKIP","floor":42},{"not_picked":["stsjorbsmod:DisguiseSelf+1","stsjorbsmod:RayOfFrost+1","stsjorbsmod:Will"],"picked":"SKIP","floor":43},{"not_picked":["stsjorbsmod:ThirstingSword","stsjorbsmod:ChainLightning","stsjorbsmod:DoubleCheck+1"],"picked":"SKIP","floor":44},{"not_picked":["stsjorbsmod:TrueStrike+1","stsjorbsmod:Will+1","stsjorbsmod:ChatteringStrike"],"picked":"SKIP","floor":46},{"not_picked":["stsjorbsmod:Will","stsjorbsmod:Entangle","stsjorbsmod:FaerieFire"],"picked":"SKIP","floor":48},{"not_picked":["stsjorbsmod:ChatteringStrike","stsjorbsmod:TrueStrike+1"],"picked":"stsjorbsmod:MagicMirror+1","floor":49}],"player_experience":954366,"relics_obtained":[{"floor":11,"key":"Akabeko"},{"floor":14,"key":"Omamori"},{"floor":25,"key":"Unceasing Top"},{"floor":28,"key":"Toy Ornithopter"},{"floor":30,"key":"InkBottle"},{"floor":33,"key":"Nilry\u0027s Codex"},{"floor":41,"key":"Iron Hammer"},{"floor":42,"key":"Regal Pillow"},{"floor":44,"key":"Smiling Mask"}],"event_choices":[{"damage_healed":0,"gold_gain":0,"player_choice":"Success","damage_taken":12,"relics_obtained":["Mirror"],"max_hp_gain":0,"max_hp_loss":0,"event_name":"Scrap Ooze","floor":5,"gold_loss":0},{"damage_healed":0,"gold_gain":0,"player_choice":"Bet on Murderer","damage_taken":0,"max_hp_gain":0,"max_hp_loss":0,"event_name":"The Joust","floor":21,"gold_loss":50},{"damage_healed":0,"gold_gain":0,"player_choice":"Obtained Book","damage_taken":16,"max_hp_gain":0,"max_hp_loss":0,"event_name":"Cursed Tome","floor":33,"gold_loss":0},{"damage_healed":0,"gold_gain":999,"player_choice":"Gold","damage_taken":0,"max_hp_gain":0,"max_hp_loss":0,"event_name":"MindBloom","floor":38,"gold_loss":0,"cards_obtained":["Normality","Normality"]},{"cards_removed":["stsjorbsmod:Strike_Wanderer"],"damage_healed":0,"gold_gain":0,"player_choice":"Removed Attack","damage_taken":0,"max_hp_gain":0,"max_hp_loss":0,"event_name":"Falling","floor":40,"gold_loss":0}],"is_beta":false,"boss_relics":[{"not_picked":["Honey Jar","Busted Crown"],"picked":"Cursed Key"},{"not_picked":["Runic Dome","Sozu"],"picked":"SlaversCollar"}],"items_purged_floors":[24],"is_endless":false,"potions_floor_spawned":[3,4,18,25,30,31,37,42,46,49],"killed_by":"Transient","ascension_level":0}}