{"host":"7gewg82ormp6yt4e","time":1611927406,"event":{"mods":["BaseMod","Block Reminder","Colored Map","DeckTracker","Highlight Path","Minty Spire (QoL Compilation)","Relic Stats","StSLib","ojb\u0027s Info Mod"],"gold_per_floor":[218,237,250,38,38,38,52,52,52,81,41,41,51,76,76,153,153,165,179,179,94,94,126,126,126,126,140,160,160,71,97,97,171,171,182,182,196,210,227,261,186,521,521,531,545,545,545,560,560,560,560,560,560,28,59,59],"floor_reached":57,"language":"JPN","playtime":4773,"items_purged":["Writhe","Shame"],"score":2949,"play_id":"e9777e30-77ae-4fbd-b97f-4dd6a22b879e","local_time":"20210129223646","is_ascension_mode":true,"campfire_choices":[{"data":"Barrage","floor":6.0,"key":"SMITH"},{"floor":8.0,"key":"REST"},{"data":"Skim","floor":15.0,"key":"SMITH"},{"data":"Seek","floor":24,"key":"SMITH"},{"data":"Ghostly","floor":29,"key":"SMITH"},{"data":"Ghostly","floor":32,"key":"SMITH"},{"floor":46,"key":"RECALL"},{"data":"Consume","floor":49,"key":"SMITH"},{"data":"Coolheaded","floor":53,"key":"SMITH"}],"circlet_count":0,"master_deck":["AscendersBane","Strike_B","Strike_B","Strike_B","Defend_B","Defend_B","Defend_B","Defend_B","Zap","Dualcast","Ball Lightning+1","Barrage+1","Ball Lightning","Echo Form","Creative AI+1","Heatsinks+1","FTL","Skim+1","Chill","Seek+1","Ghostly","Ghostly+1","Ghostly+1","Coolheaded+1","Parasite","Cold Snap+1","Coolheaded","Capacitor+1","Biased Cognition+1","Biased Cognition+1","Aggregate+1","Steam Power+1","Loop+1","Reinforced Body+1","Glacier","Self Repair+1","Undo","Consume+1","Capacitor+1","Creative AI+1"],"relics":["Cracked Core","Runic Capacitor","Question Card","Frozen Egg 2","Incense Burner","Cursed Key","Cables","Mercury Hourglass","Regal Pillow","Akabeko","Anchor","Black Star","Singing Bowl","Orichalcum","Meat on the Bone","Old Coin","OrangePellets","DataDisk","Lizard Tail","Bottled Tornado"],"acts_visited":["Exordium","TheCity","TheBeyond","TheEnding"],"potions_floor_usage":[16,16,31,40,55,56],"damage_taken":[{"damage":7.0,"enemies":"2 Louse","floor":1.0,"turns":3.0},{"damage":1.0,"enemies":"Cultist","floor":2.0,"turns":3.0},{"damage":2.0,"enemies":"Jaw Worm","floor":3.0,"turns":3.0},{"damage":17.0,"enemies":"Gremlin Gang","floor":7.0,"turns":4.0},{"damage":15.0,"enemies":"Lagavulin","floor":10.0,"turns":5.0},{"damage":8.0,"enemies":"Blue Slaver","floor":13.0,"turns":4.0},{"damage":8.0,"enemies":"Gremlin Nob","floor":14.0,"turns":3.0},{"damage":0,"enemies":"Slime Boss","floor":16,"turns":5},{"damage":22,"enemies":"Spheric Guardian","floor":18,"turns":4},{"damage":11,"enemies":"Shell Parasite","floor":19,"turns":4},{"damage":2,"enemies":"Gremlin Leader","floor":23,"turns":6},{"damage":3,"enemies":"Snake Plant","floor":27,"turns":6},{"damage":0,"enemies":"3 Cultists","floor":28,"turns":8},{"damage":2,"enemies":"Book of Stabbing","floor":31,"turns":5},{"damage":3,"enemies":"Champ","floor":33,"turns":12},{"damage":16,"enemies":"Orb Walker","floor":35,"turns":3},{"damage":0,"enemies":"3 Shapes","floor":37,"turns":5},{"damage":0,"enemies":"Jaw Worm Horde","floor":38,"turns":4},{"damage":0,"enemies":"Maw","floor":39,"turns":7},{"damage":0,"enemies":"Reptomancer","floor":40,"turns":6},{"damage":5,"enemies":"Giant Head","floor":42,"turns":11},{"damage":8,"enemies":"Writhing Mass","floor":44,"turns":7},{"damage":0,"enemies":"Transient","floor":45,"turns":6},{"damage":0,"enemies":"Spire Growth","floor":48,"turns":5},{"damage":0,"enemies":"Time Eater","floor":50,"turns":21},{"damage":9,"enemies":"Donu and Deca","floor":51,"turns":12},{"damage":0,"enemies":"Shield and Spear","floor":55,"turns":7},{"damage":17,"enemies":"The Heart","floor":56,"turns":12}],"seed_played":"7163064583451806876","potions_obtained":[{"floor":7.0,"key":"EntropicBrew"},{"floor":10.0,"key":"Dexterity Potion"},{"floor":14.0,"key":"CultistPotion"},{"floor":23,"key":"SteroidPotion"},{"floor":27,"key":"SkillPotion"},{"floor":33,"key":"DuplicationPotion"},{"floor":37,"key":"PowerPotion"},{"floor":38,"key":"Ancient Potion"},{"floor":40,"key":"BlessingOfTheForge"}],"is_trial":false,"path_per_floor":["M","M","M","$","?","R","M","R","T","E","$","?","M","E","R","B",null,"M","M","?","?","?","E","R","?","T","M","M","R","$","E","R","B",null,"M","$","M","M","M","E","$","E","T","M","M","R","?","M","R","B","B",null,"R","$","E","B",null],"character_chosen":"DEFECT","items_purchased":["Runic Capacitor","BlessingOfTheForge","Heatsinks+1","Capacitor+1","OrangePellets","Capacitor+1","SpeedPotion","DataDisk"],"campfire_rested":1,"item_purchase_floors":[4,4,11,30,54,54,54,54],"current_hp_per_floor":[57,56,54,54,54,54,37,58,58,43,43,43,35,27,27,27,60,38,27,27,27,27,25,25,45,45,42,42,42,42,40,40,37,43,27,27,27,27,27,27,27,22,22,47,47,47,45,45,45,45,45,45,45,45,45,28],"gold":59,"neow_bonus":"HUNDRED_GOLD","is_daily":false,"chose_seed":false,"campfire_upgraded":7,"win_rate":0.0,"timestamp":1611927406,"path_taken":["M","M","M","$","?","R","M","R","T","E","?","?","?","E","R","BOSS","M","M","?","?","?","E","R","?","T","?","M","R","$","E","R","BOSS","M","$","M","M","M","E","$","E","T","M","M","R","?","M","R","BOSS","BOSS","R","$","E","BOSS"],"items_purchased_type":["Relic","Potion","Card","Card","Relic","Card","Potion","Relic"],"build_version":"2020-12-22","purchased_purges":2,"victory":true,"max_hp_per_floor":[71,71,71,71,71,71,71,71,71,71,71,71,71,71,71,71,71,71,71,71,71,35,35,35,45,45,45,45,45,45,45,45,45,45,45,45,45,45,45,45,45,45,45,47,47,47,45,45,45,45,45,45,45,45,45,45],"relic_stats":{"Regal Pillow":0,"Singing Bowl":2,"counters":[28,178],"Orichalcum":[138],"Question Card":21,"Cursed Key":2,"Cables":[132,79,53,0,0],"Mercury Hourglass":[441],"OrangePellets":[9],"Lizard Tail":0,"Black Star":3,"obtain_stats":[{"Regal Pillow":23,"Singing Bowl":40,"Runic Capacitor":4,"Incense Burner":14,"Frozen Egg 2":10,"Orichalcum":40,"Bottled Tornado":55,"Question Card":9,"Cursed Key":17,"Akabeko":26,"Cables":20,"Mercury Hourglass":21,"Old Coin":42,"OrangePellets":54,"Anchor":31,"DataDisk":54,"Lizard Tail":55,"Black Star":34,"Cracked Core":0,"Meat on the Bone":42},{"Regal Pillow":11,"Singing Bowl":20,"Runic Capacitor":3,"Incense Burner":7,"Frozen Egg 2":5,"Orichalcum":20,"Bottled Tornado":27,"Question Card":4,"Cursed Key":8,"Akabeko":11,"Cables":10,"Mercury Hourglass":10,"Old Coin":21,"OrangePellets":26,"Anchor":14,"DataDisk":26,"Lizard Tail":27,"Black Star":15,"Cracked Core":0,"Meat on the Bone":21},{"Regal Pillow":44,"Singing Bowl":99,"Runic Capacitor":9,"Incense Burner":25,"Frozen Egg 2":18,"Orichalcum":99,"Bottled Tornado":167,"Question Card":13,"Cursed Key":30,"Akabeko":44,"Cables":38,"Mercury Hourglass":38,"Old Coin":110,"OrangePellets":160,"Anchor":63,"DataDisk":160,"Lizard Tail":167,"Black Star":75,"Cracked Core":0,"Meat on the Bone":110}],"Meat on the Bone":12},"card_choices":[{"not_picked":["Sweeping Beam","Streamline"],"picked":"Ball Lightning","floor":1.0},{"not_picked":["Steam","Coolheaded"],"picked":"Barrage","floor":2.0},{"not_picked":["BootSequence","Go for the Eyes"],"picked":"Ball Lightning","floor":3.0},{"not_picked":["Coolheaded","Stack"],"picked":"Echo Form","floor":7.0},{"not_picked":["Conserve Battery","Compile Driver","Rebound"],"picked":"Creative AI+1","floor":10.0},{"not_picked":["Streamline","Stack","Fusion"],"picked":"FTL","floor":13.0},{"not_picked":["Auto Shields","Barrage","Storm+1"],"picked":"Skim","floor":14.0},{"not_picked":["Buffer+1","Fission","Creative AI+1"],"picked":"Hyperbeam","floor":16},{"not_picked":["Beam Cell","Barrage","Ball Lightning"],"picked":"Chill","floor":18},{"not_picked":["Conserve Battery","Barrage","Chill+1"],"picked":"Seek","floor":19},{"not_picked":["Sunder","White Noise","Redo"],"picked":"Coolheaded","floor":23},{"not_picked":["Compile Driver","Sweeping Beam","Darkness"],"picked":"Cold Snap+1","floor":27},{"not_picked":["Hologram","Streamline","Genetic Algorithm+1"],"picked":"Coolheaded","floor":28},{"not_picked":["Chaos","Beam Cell","Melter"],"picked":"Biased Cognition+1","floor":31},{"not_picked":["Machine Learning+1","Fission","Meteor Strike"],"picked":"Biased Cognition+1","floor":33},{"not_picked":["Hologram","Coolheaded","Rip and Tear"],"picked":"Aggregate+1","floor":35},{"not_picked":["Genetic Algorithm","Reprogram+1","Coolheaded"],"picked":"Steam Power+1","floor":37},{"not_picked":["Compile Driver","Redo","Leap"],"picked":"Loop+1","floor":38},{"not_picked":["Static Discharge+1","Self Repair+1","Streamline+1"],"picked":"Reinforced Body+1","floor":39},{"not_picked":["Sweeping Beam","Stack+1","Amplify"],"picked":"Glacier","floor":40},{"not_picked":["Stack+1","Redo","Go for the Eyes"],"picked":"Self Repair+1","floor":42},{"not_picked":["Steam","Beam Cell","Darkness+1","Hologram"],"picked":"Singing Bowl","floor":44},{"not_picked":["Rebound","Tempest","Compile Driver"],"picked":"Undo","floor":45},{"not_picked":["Conserve Battery","Cold Snap","Undo"],"picked":"Consume","floor":48},{"not_picked":["Barrage+1","Rebound","Conserve Battery"],"picked":"Creative AI+1","floor":55}],"player_experience":2722078,"relics_obtained":[{"floor":9.0,"key":"Question Card"},{"floor":10.0,"key":"Frozen Egg 2"},{"floor":14.0,"key":"Incense Burner"},{"floor":23,"key":"Regal Pillow"},{"floor":26,"key":"Akabeko"},{"floor":31,"key":"Anchor"},{"floor":40,"key":"Singing Bowl"},{"floor":40,"key":"Orichalcum"},{"floor":42,"key":"Meat on the Bone"},{"floor":42,"key":"Old Coin"},{"floor":55,"key":"Lizard Tail"},{"floor":55,"key":"Bottled Tornado"}],"event_choices":[{"cards_removed":["Strike_B"],"damage_healed":0.0,"max_hp_gain":0.0,"max_hp_loss":0.0,"gold_gain":0.0,"event_name":"Purifier","player_choice":"Purged","floor":5.0,"gold_loss":0.0,"damage_taken":0.0},{"damage_healed":0.0,"max_hp_gain":0.0,"max_hp_loss":0.0,"gold_gain":0.0,"event_name":"Upgrade Shrine","player_choice":"Upgraded","floor":12.0,"gold_loss":0.0,"damage_taken":0.0,"cards_upgraded":["Ball Lightning"]},{"damage_healed":0,"gold_gain":0,"player_choice":"Opened","damage_taken":0,"relics_obtained":["Cables"],"max_hp_gain":0,"max_hp_loss":0,"event_name":"The Mausoleum","floor":20,"gold_loss":0,"cards_obtained":["Writhe"]},{"damage_healed":0,"gold_gain":0,"player_choice":"Obtained Relic","damage_taken":0,"relics_obtained":["Mercury Hourglass"],"max_hp_gain":0,"max_hp_loss":0,"event_name":"Addict","floor":21,"gold_loss":85},{"damage_healed":0,"gold_gain":0,"player_choice":"Became a Ghost","damage_taken":0,"max_hp_gain":0,"max_hp_loss":36,"event_name":"Ghosts","floor":22,"gold_loss":0,"cards_obtained":["Ghostly","Ghostly","Ghostly"]},{"cards_removed":["Hyperbeam"],"damage_healed":10,"gold_gain":0,"player_choice":"Offered Rare","damage_taken":0,"max_hp_gain":10,"max_hp_loss":0,"event_name":"Bonfire Elementals","floor":25,"gold_loss":0},{"damage_healed":0,"gold_gain":0,"player_choice":"Max HP","damage_taken":0,"max_hp_gain":0,"max_hp_loss":2,"event_name":"Winding Halls","floor":47,"gold_loss":0}],"is_beta":false,"boss_relics":[{"not_picked":["Velvet Choker","Philosopher\u0027s Stone"],"picked":"Cursed Key"},{"not_picked":["Runic Dome","Tiny House"],"picked":"Black Star"}],"items_purged_floors":[41,54],"is_endless":false,"potions_floor_spawned":[7,10,13,14,23,27,33,37,38,40,48],"ascension_level":20}}