{"host":"2d0rd30cigwncx1y","time":1611938825,"event":{"mods":["BaseMod","Colored Map","Colored Powertips","Downfall","MarisaÅiñ∂âJÅ@ñÇóùçπÅj","Minty Spire (QoL Compilation)","Replay The Spire","StSLib","The Alterego","The Marked","The Servant 0.9.4"],"gold_per_floor":[99,99,199,199,209,240,240,240,71,71,90,117,117,65,81,182,182,182,199,218,218,238,258,258,358,358,370,370,370],"floor_reached":28,"language":"ENG","playtime":1815,"items_purged":[],"score":237,"play_id":"da4d84f4-b3e8-43aa-a43b-85bad4fba17a","local_time":"20210129174705","is_ascension_mode":true,"campfire_choices":[{"floor":1.0,"key":"RECALL"},{"data":"theMarked:EternalStudent","floor":8.0,"key":"SMITH"},{"data":"theMarked:WardOff","floor":10.0,"key":"SMITH"},{"data":"theMarked:Maelstrom","floor":18.0,"key":"SMITH"}],"circlet_count":0,"master_deck":["theMarked:Strike","theMarked:Strike","theMarked:Defend","theMarked:Defend","theMarked:Defend","theMarked:Defend","theMarked:SoldierOfQuellstein+1","theMarked:WardOff+1","theMarked:EternalStudent+1","theMarked:WardOff","theMarked:Levitate","theMarked:KeepCalmAndFight","theMarked:BanishingStrike","theMarked:Maelstrom+1","theMarked:OneWithTheBlade","theMarked:BindingBlade","theMarked:Frustration+1","theMarked:ComboAttacks+1","J.A.X.","theMarked:EmpowerWeapon+1","theMarked:Standoff+1","theMarked:Challenge"],"relics":["theMarked:ArtifactOfAir","downfall:ShatteredFragment","Ancient Tea Set","Frozen Egg 2","Tiny Chest","Iron Hammer","Velvet Choker","MutagenicStrength","Pear"],"acts_visited":["Exordium","TheCity"],"potions_floor_usage":[25],"damage_taken":[{"damage":0.0,"enemies":"Cultist","floor":5.0,"turns":3.0},{"damage":13.0,"enemies":"Gremlin Nob","floor":6.0,"turns":4.0},{"damage":0.0,"enemies":"downfall:FleeingMerchant","floor":9.0,"turns":4.0},{"damage":1.0,"enemies":"Small Slimes","floor":11.0,"turns":3.0},{"damage":13.0,"enemies":"Replay:BlueRogue","floor":12.0,"turns":5.0},{"damage":0.0,"enemies":"downfall:FleeingMerchant","floor":14.0,"turns":4.0},{"damage":0.0,"enemies":"2 Louse","floor":15.0,"turns":2.0},{"damage":26.0,"enemies":"WA_ARCHETYPE_RETAIN","floor":16.0,"turns":7.0},{"damage":0.0,"enemies":"Shell Parasite","floor":19.0,"turns":3.0},{"damage":15.0,"enemies":"Snecko","floor":20.0,"turns":3.0},{"damage":0.0,"enemies":"Centurion and Healer","floor":22.0,"turns":3.0},{"damage":16.0,"enemies":"3 Cultists","floor":23.0,"turns":5.0},{"damage":23,"enemies":"downfall:Augmenter","floor":25,"turns":4},{"damage":10,"enemies":"Shelled Parasite and Fungi","floor":27,"turns":3},{"damage":22,"enemies":"Slavers","floor":28,"turns":1}],"seed_played":"5719288909898981215","potions_obtained":[{"floor":5.0,"key":"BlessingOfTheForge"},{"floor":6.0,"key":"Dexterity Potion"},{"floor":15.0,"key":"Elixir"},{"floor":16.0,"key":"SpeedPotion"},{"floor":19.0,"key":"SpeedPotion"},{"floor":23.0,"key":"SteroidPotion"},{"floor":25,"key":"Energy Potion"}],"is_trial":false,"path_per_floor":["R","?","?","?","M","E","T","R","$","R","M","E","?","$","M","B",null,"R","M","M","?","M","M","T","?","T","M","E"],"character_chosen":"THE_DEFAULT","items_purchased":["Tiny Chest","theMarked:Maelstrom"],"campfire_rested":0,"item_purchase_floors":[9,14],"current_hp_per_floor":[70,70,70,58,58,45,45,45,45,45,44,31,31,31,31,5,70,70,70,55,55,55,39,39,16,26,16,0,0],"gold":370,"neow_bonus":"UPGRADE_CARD","is_daily":false,"chose_seed":false,"campfire_upgraded":3,"win_rate":0.0,"timestamp":1611938825,"path_taken":["R","?","?","?","M","E","T","R","$","R","M","E","?","$","M","BOSS","R","M","M","?","M","M","T","?","?","M","E"],"items_purchased_type":["Relic","Card"],"build_version":"2020-12-22","purchased_purges":0,"victory":false,"max_hp_per_floor":[70,70,70,70,70,70,70,70,70,70,70,70,70,70,70,70,70,70,70,70,70,70,70,70,70,80,80,80,80],"card_choices":[{"not_picked":["theMarked:ResourceFulStrike","theMarked:PowerFlow"],"picked":"theMarked:WardOff","floor":5.0},{"not_picked":["theMarked:AttractMetal","theMarked:Parkour"],"picked":"theMarked:EternalStudent","floor":6.0},{"not_picked":["theMarked:ChainLightning","theMarked:AttractMetal"],"picked":"theMarked:WardOff","floor":9.0},{"not_picked":["theMarked:Electrify","theMarked:RogueSparks+1","theMarked:TheMission+1"],"picked":"SKIP","floor":11.0},{"not_picked":["theMarked:Memento","theMarked:Polarize"],"picked":"theMarked:Levitate","floor":12.0},{"not_picked":["theMarked:Memento","theMarked:Standoff+1"],"picked":"theMarked:BanishingStrike","floor":14.0},{"not_picked":["theMarked:Improvise","theMarked:Indomitable"],"picked":"theMarked:OneWithTheBlade","floor":15.0},{"not_picked":["theMarked:FavorableWinds","theMarked:TurnInvisible"],"picked":"theMarked:BindingBlade","floor":16.0},{"not_picked":["theMarked:LightningStrikesTwice","theMarked:Improvise"],"picked":"theMarked:Frustration+1","floor":19.0},{"not_picked":["theMarked:TheMission+1","theMarked:KeepCalmAndFight"],"picked":"theMarked:ComboAttacks+1","floor":20.0},{"not_picked":["theMarked:Standoff+1","theMarked:CreepingChasm","theMarked:Maelstrom"],"picked":"SKIP","floor":22.0},{"not_picked":["theMarked:Parkour+1","theMarked:Aftermath","theMarked:SelfDefenseTraining"],"picked":"SKIP","floor":23.0},{"not_picked":[],"picked":"J.A.X.","floor":25},{"not_picked":["theMarked:Frustration","theMarked:ShockingTouch+1"],"picked":"theMarked:EmpowerWeapon+1","floor":25},{"not_picked":["theMarked:Generate","theMarked:TunnelVision+1","theMarked:Electrocute+1"],"picked":"SKIP","floor":27}],"player_experience":122449,"relics_obtained":[{"floor":6.0,"key":"Ancient Tea Set"},{"floor":7.0,"key":"Frozen Egg 2"},{"floor":12.0,"key":"Iron Hammer"},{"floor":25,"key":"MutagenicStrength"},{"floor":26,"key":"Pear"}],"event_choices":[{"damage_healed":0.0,"max_hp_gain":0.0,"max_hp_loss":0.0,"gold_gain":0.0,"cards_transformed":["theMarked:Strike"],"event_name":"Living Wall","player_choice":"Change","floor":13.0,"gold_loss":0.0,"damage_taken":0.0,"cards_obtained":["theMarked:KeepCalmAndFight"]}],"is_beta":false,"boss_relics":[{"not_picked":["ChewingGum","Runic Dome"],"picked":"Velvet Choker"}],"items_purged_floors":[],"is_endless":false,"potions_floor_spawned":[5,6,15,16,19,23,25],"killed_by":"Slavers","ascension_level":1}}