{"host":"7k2a2omxz3voj5ax","time":1611947357,"event":{"mods":["BaseMod","Marisa£¨ìFÓê¡¡Ä§ÀíÉ³£©","Minty Spire (QoL Compilation)","Quick Restart","Spicy Shops","StSLib","Starting Relic: Pandora\u0027s Box","Yakumo Yukari mod","¡¾ÒÅÎï¿¨ÅÆ¡¿REMEMod","óô»ðÖ¸ÄÏ"],"gold_per_floor":[109,126,126,136,211,211,243,263,288,305,305,305,337,61,61,61,164,164,176,176,195,207,54,54,81,81,99,128,154,179,209,224,224,29,29,29,134,134,147,369,389,289,289,343,354,408,408,459,459,459,554,596,281,327],"floor_reached":55,"language":"ZHS","playtime":1792,"items_purged":["MasterSpark","OpenUniverse","NonDirectionalLaser+1","MeteoricShower+1"],"score":1074,"play_id":"d332f6f2-0bb3-4195-80bb-ddff0f1d44fa","local_time":"20210130040917","is_ascension_mode":true,"campfire_choices":[{"data":"EscapeVelocity","floor":6.0,"key":"SMITH"},{"data":"EarthLightRay","floor":11.0,"key":"SMITH"},{"data":"MeteoricShower","floor":15.0,"key":"SMITH"},{"data":"PowerUp","floor":16.0,"key":"SMITH"},{"data":"DragonMeteor","floor":24.0,"key":"SMITH"},{"data":"WitchLeyline","floor":26.0,"key":"SMITH"},{"data":"BlazeAway","floor":33.0,"key":"SMITH"},{"data":"WitchLeyline","floor":35.0,"key":"SMITH"},{"floor":36.0,"key":"RECALL"},{"data":"1","floor":50,"key":"LIFT"}],"circlet_count":0,"master_deck":["WitchLeyline+1","PowerUp+1","DragonMeteor+1","MagicAbsorber","EscapeVelocity+1","EarthLightRay+1","WitchLeyline+1","BlazeAway+1","Robbery+1","Singularity+1","GasGiant"],"relics":["MiniHakkero","REME_ComplimentaryCards","NeowsBlessing","Oddly Smooth Stone","Lantern","MawBank","Omamori","Medical Kit","Astrolabe","Chemical X","Nunchaku","PreservedInsect","Art of War","Boot","Red Mask","Membership Card","Sozu","Happy Flower","Girya","Eternal Feather","REME_PuzzleBoxRelic","WarpedTongs","SimpleLauncher","PrismaticShard"],"acts_visited":["Exordium","TheCity","TheBeyond"],"potions_floor_usage":[],"damage_taken":[{"damage":0.0,"enemies":"2 Louse","floor":1.0,"turns":1.0},{"damage":0.0,"enemies":"Cultist","floor":2.0,"turns":1.0},{"damage":0.0,"enemies":"Small Slimes","floor":4.0,"turns":1.0},{"damage":18.0,"enemies":"3 Sentries","floor":7.0,"turns":3.0},{"damage":13.0,"enemies":"Blue Slaver","floor":8.0,"turns":3.0},{"damage":2.0,"enemies":"Large Slime","floor":10.0,"turns":2.0},{"damage":0.0,"enemies":"Lagavulin","floor":13.0,"turns":4.0},{"damage":21.0,"enemies":"Hexaghost","floor":17.0,"turns":4.0},{"damage":26.0,"enemies":"Shell Parasite","floor":19.0,"turns":3.0},{"damage":11.0,"enemies":"2 Thieves","floor":21.0,"turns":2.0},{"damage":18.0,"enemies":"Shelled Parasite and Fungi","floor":22.0,"turns":2.0},{"damage":0.0,"enemies":"Gremlin Leader","floor":25.0,"turns":3.0},{"damage":0.0,"enemies":"Sentry and Sphere","floor":27.0,"turns":3.0},{"damage":0.0,"enemies":"REME_1_Revenger","floor":28.0,"turns":2.0},{"damage":26.0,"enemies":"Book of Stabbing","floor":30.0,"turns":3.0},{"damage":0.0,"enemies":"Masked Bandits","floor":31.0,"turns":2.0},{"damage":8.0,"enemies":"Cultist and Chosen","floor":32.0,"turns":2.0},{"damage":18.0,"enemies":"Collector","floor":37.0,"turns":3.0},{"damage":0.0,"enemies":"Orb Walker","floor":39.0,"turns":1.0},{"damage":0.0,"enemies":"3 Darklings","floor":41.0,"turns":3.0},{"damage":41.0,"enemies":"Reptomancer","floor":44.0,"turns":3.0},{"damage":0.0,"enemies":"Sphere and 2 Shapes","floor":45.0,"turns":2.0},{"damage":27.0,"enemies":"Nemesis","floor":46.0,"turns":3.0},{"damage":12.0,"enemies":"Jaw Worm Horde","floor":48.0,"turns":2.0},{"damage":0,"enemies":"Transient","floor":51,"turns":5},{"damage":4,"enemies":"Sphere and 2 Shapes","floor":52,"turns":2},{"damage":17,"enemies":"Awakened One","floor":54,"turns":5}],"seed_played":"5111560924304607340","potions_obtained":[{"floor":4.0,"key":"GamblersBrew"},{"floor":8.0,"key":"FairyPotion"},{"floor":13.0,"key":"DistilledChaos"},{"floor":22.0,"key":"Block Potion"},{"floor":27.0,"key":"Swift Potion"},{"floor":31.0,"key":"AttackPotion"},{"floor":32.0,"key":"REME_GoldPotion"}],"is_trial":false,"path_per_floor":["M","M","?","M","?","R","E","M","T","M","R","?","E","$","R","R","B",null,"M","?","M","M","$","R","E","R","M","E","T","E","?","M","R","$","R","R","B",null,"M","?","M","$","?","E","M","E","T","M","?","R","M","M","R","B",null],"character_chosen":"MARISA","items_purchased":["Omamori","Medical Kit","Chemical X","Membership Card","Happy Flower","SimpleLauncher","GasGiant","PrismaticShard"],"campfire_rested":0,"item_purchase_floors":[14,14,23,34,42,53,53,53],"current_hp_per_floor":[75,75,75,75,64,64,46,37,37,39,39,44,50,50,50,50,35,80,60,60,55,43,43,43,49,49,55,61,61,41,47,45,45,45,45,45,33,80,80,80,80,80,90,49,55,34,34,28,28,34,43,45,51,40],"gold":327,"neow_bonus":"THREE_ENEMY_KILL","is_daily":false,"chose_seed":false,"campfire_upgraded":8,"win_rate":0.0,"timestamp":1611947357,"path_taken":["M","M","?","?","?","R","E","M","T","M","R","?","E","?","R","R","BOSS","M","?","M","M","$","R","E","R","M","E","T","E","?","M","R","$","R","R","BOSS","M","?","M","$","?","E","M","E","T","?","?","R","M","M","R","BOSS"],"items_purchased_type":["Relic","Relic","Relic","Relic","Relic","Relic","Card","Relic"],"build_version":"2020-12-22","purchased_purges":4,"victory":true,"max_hp_per_floor":[75,75,75,75,75,75,75,75,75,75,75,80,80,80,80,80,80,80,80,80,80,80,80,80,80,80,80,80,80,80,80,80,80,80,80,80,80,80,80,80,80,80,90,90,90,90,90,90,90,90,90,90,90,90],"card_choices":[{"not_picked":["OrrerysSun","ChargeUpSpray","SporeBomb"],"picked":"SKIP","floor":1.0},{"not_picked":["SporeBomb","UnstableBomb","PulseMagic"],"picked":"SKIP","floor":2.0},{"not_picked":["OrrerysSun","LuminesStrike","StarlightTyphoon"],"picked":"SKIP","floor":4.0},{"not_picked":["SatelliteIllusion","SprinkleStarSeal"],"picked":"EarthLightRay","floor":7.0},{"not_picked":["MagicChant","RefractionSpark"],"picked":"WitchLeyline","floor":8.0},{"not_picked":["ShootingEcho","DarkSpark","MysteriousBeam"],"picked":"SKIP","floor":10.0},{"not_picked":["ChargeUpSpray","PulseMagic","MaximisePower"],"picked":"SKIP","floor":13.0},{"not_picked":["LuminesStrike","SuperPerseids","6A"],"picked":"SKIP","floor":19.0},{"not_picked":["LuminesStrike","6A","AbsoluteMagnitude"],"picked":"SKIP","floor":21.0},{"not_picked":["DoubleSpark","MeteoricShower+1","WitchLeyline"],"picked":"SKIP","floor":22.0},{"not_picked":["MachineGunSpark","PowerUp","EnergyFlow"],"picked":"SKIP","floor":25.0},{"not_picked":["PowerUp+1","OpenUniverse","PropBag"],"picked":"SKIP","floor":27.0},{"not_picked":["ChargingUp","GravityBeat"],"picked":"BlazeAway","floor":28.0},{"not_picked":["StarlightTyphoon","EscapeVelocity","EventHorizon"],"picked":"SKIP","floor":30.0},{"not_picked":["UnstableBomb","GrandCross+1","NonDirectionalLaser"],"picked":"SKIP","floor":32.0},{"not_picked":["WitchLeyline+1","SprinkleStarSeal+1","DoubleSpark"],"picked":"SKIP","floor":39.0},{"not_picked":["ShootingEcho","GalacticHalo"],"picked":"Robbery+1","floor":41.0},{"not_picked":["Acceleration+1","MaximisePower","GrandCross"],"picked":"SKIP","floor":44.0},{"not_picked":["WitchLeyline+1","GalacticHalo","ShootingEcho"],"picked":"SKIP","floor":45.0},{"not_picked":["ShootTheMoon","PowerUp+1","AsteroidBelt"],"picked":"SKIP","floor":46.0},{"not_picked":["MilkyWay","BlazeAway","ManaConvection+1"],"picked":"SKIP","floor":48.0},{"not_picked":["ShootingEcho","NonDirectionalLaser+1","WitchOfGreed+1"],"picked":"SKIP","floor":51},{"not_picked":["6A","NonDirectionalLaser+1"],"picked":"Singularity+1","floor":52}],"player_experience":275891,"relics_obtained":[{"floor":7.0,"key":"Oddly Smooth Stone"},{"floor":9.0,"key":"Lantern"},{"floor":13.0,"key":"MawBank"},{"floor":25.0,"key":"Nunchaku"},{"floor":28.0,"key":"PreservedInsect"},{"floor":29.0,"key":"Art of War"},{"floor":30.0,"key":"Boot"},{"floor":31.0,"key":"Red Mask"},{"floor":44.0,"key":"Girya"},{"floor":46.0,"key":"Eternal Feather"},{"floor":47.0,"key":"REME_PuzzleBoxRelic"}],"event_choices":[{"damage_healed":0.0,"max_hp_gain":0.0,"max_hp_loss":0.0,"gold_gain":0.0,"event_name":"The Woman in Blue","player_choice":"Bought 0 Potions","floor":3.0,"gold_loss":0.0,"damage_taken":0.0},{"damage_healed":0.0,"max_hp_gain":0.0,"max_hp_loss":0.0,"gold_gain":75.0,"event_name":"World of Goop","player_choice":"Gather Gold","floor":5.0,"gold_loss":0.0,"damage_taken":11.0},{"damage_healed":0.0,"max_hp_gain":5.0,"max_hp_loss":0.0,"gold_gain":0.0,"event_name":"Big Fish","player_choice":"Donut","floor":12.0,"gold_loss":0.0,"damage_taken":0.0},{"cards_removed":["JA"],"damage_healed":0.0,"max_hp_gain":0.0,"max_hp_loss":0.0,"gold_gain":0.0,"event_name":"Back to Basics","player_choice":"Elegance","floor":20.0,"gold_loss":0.0,"damage_taken":0.0},{"damage_healed":0.0,"max_hp_gain":0.0,"max_hp_loss":0.0,"gold_gain":0.0,"event_name":"Masked Bandits","player_choice":"Fought Bandits","floor":31.0,"gold_loss":0.0,"damage_taken":0.0},{"damage_healed":0.0,"max_hp_gain":0.0,"max_hp_loss":0.0,"gold_gain":222.0,"event_name":"Tomb of Lord Red Mask","player_choice":"Wore Mask","floor":40.0,"gold_loss":0.0,"damage_taken":0.0},{"cards_removed":["EscapeVelocity"],"damage_healed":0.0,"max_hp_gain":10.0,"max_hp_loss":0.0,"gold_gain":0.0,"event_name":"Bonfire Elementals","player_choice":"Offered Rare","floor":43.0,"gold_loss":0.0,"damage_taken":0.0},{"damage_healed":0,"gold_gain":0,"player_choice":"Rummage","damage_taken":0,"relics_obtained":["WarpedTongs"],"max_hp_gain":0,"max_hp_loss":0,"event_name":"Accursed Blacksmith","floor":49,"gold_loss":0,"cards_obtained":["Pain"]}],"is_beta":false,"boss_relics":[{"not_picked":["Runic Dome","REME_DemonsWealth"],"picked":"Astrolabe"},{"not_picked":["Coffee Dripper","Philosopher\u0027s Stone"],"picked":"Sozu"}],"items_purged_floors":[14,34,42,53],"is_endless":false,"potions_floor_spawned":[4,8,13,17,19,22,25,27,31,32,41,44,46,51],"ascension_level":3}}