{"host":"fi2ijdbyuc8hzivc","time":1611939929,"event":{"mods":["BaseMod","Highlight Path","Key Reminder","Minty Spire (QoL Compilation)","Relic Stats"],"gold_per_floor":[114,264,264,282,307,307,327,327,377,412,412,452,470,483,483,578,578,592,592,607,110,129,168,168,168,168,168,168,203,203,203],"floor_reached":30,"language":"ENG","playtime":1108,"items_purged":["Doubt"],"score":556,"play_id":"972395a1-341c-4a60-b24d-af0331e00611","local_time":"20210129170529","is_ascension_mode":true,"campfire_choices":[{"data":"Melter","floor":6,"key":"SMITH"},{"floor":8,"key":"REST"},{"floor":15,"key":"REST"},{"floor":24,"key":"REST"},{"data":"Biased Cognition","floor":27,"key":"SMITH"}],"circlet_count":0,"master_deck":["AscendersBane","Strike_B","Strike_B","Strike_B","Strike_B","Defend_B","Defend_B","Defend_B","Defend_B","Zap","Dualcast","Go for the Eyes","Melter+1","Genetic Algorithm","Steam","Electrodynamics","Doom and Gloom","Static Discharge","Ball Lightning","Echo Form","Force Field","Biased Cognition+1","Defragment","Recycle","Glacier","Compile Driver"],"relics":["Runic Pyramid","Golden Idol","Potion Belt","Vajra","The Courier","Velvet Choker","Frozen Eye","Blood Vial","Mummified Hand","Dream Catcher"],"acts_visited":["Exordium","TheCity"],"potions_floor_usage":[10,10,13,22,23,30],"damage_taken":[{"damage":7,"enemies":"2 Louse","floor":1,"turns":4},{"damage":4,"enemies":"Small Slimes","floor":4,"turns":4},{"damage":9,"enemies":"Jaw Worm","floor":5,"turns":3},{"damage":19,"enemies":"Blue Slaver","floor":7,"turns":5},{"damage":30,"enemies":"Gremlin Nob","floor":10,"turns":4},{"damage":17,"enemies":"3 Sentries","floor":12,"turns":5},{"damage":7,"enemies":"Exordium Wildlife","floor":13,"turns":4},{"damage":12,"enemies":"Exordium Thugs","floor":14,"turns":3},{"damage":24,"enemies":"Hexaghost","floor":16,"turns":10},{"damage":0,"enemies":"Spheric Guardian","floor":18,"turns":3},{"damage":9,"enemies":"3 Byrds","floor":20,"turns":3},{"damage":23,"enemies":"Shelled Parasite and Fungi","floor":22,"turns":4},{"damage":10,"enemies":"Book of Stabbing","floor":23,"turns":4},{"damage":18,"enemies":"Gremlin Leader","floor":29,"turns":5},{"damage":0,"enemies":"Centurion and Healer","floor":30,"turns":1}],"seed_played":"-7432956864576683814","potions_obtained":[{"floor":1,"key":"Explosive Potion"},{"floor":5,"key":"DistilledChaos"},{"floor":12,"key":"Regen Potion"},{"floor":14,"key":"Fire Potion"},{"floor":16,"key":"FearPotion"},{"floor":29,"key":"LiquidMemories"}],"is_trial":false,"path_per_floor":["M","?","?","M","M","R","M","R","T","E","?","E","M","M","R","B",null,"M","?","M","$","M","E","R","?","T","R","?","E","M"],"character_chosen":"DEFECT","items_purchased":["Biased Cognition","Defragment","Frozen Eye","Recycle","Glacier"],"campfire_rested":3,"item_purchase_floors":[21,21,21,21,21],"current_hp_per_floor":[57,57,57,53,44,44,25,44,44,14,35,18,23,11,30,6,50,50,50,41,41,18,8,27,27,27,27,21,5,7,7],"gold":203,"neow_bonus":"BOSS_RELIC","is_daily":false,"chose_seed":false,"campfire_upgraded":2,"win_rate":0.0,"timestamp":1611939929,"path_taken":["M","?","?","M","?","R","M","R","T","E","?","E","M","M","R","BOSS","M","?","M","$","M","E","R","?","T","R","?","E","?"],"items_purchased_type":["Card","Card","Relic","Card","Card"],"build_version":"2020-12-22","purchased_purges":1,"victory":false,"max_hp_per_floor":[71,71,64,64,64,64,64,64,64,64,64,64,64,64,64,64,64,64,64,64,64,64,64,64,64,64,64,64,64,64,64],"relic_stats":{"Blood Vial":4,"Dream Catcher":0,"counters":[15,62],"Golden Idol":79,"Mummified Hand":[6],"obtain_stats":[{"Potion Belt":9,"Blood Vial":23,"Frozen Eye":21,"Dream Catcher":29,"Golden Idol":3,"Mummified Hand":26,"Vajra":10,"Velvet Choker":17,"The Courier":12,"Cracked Core":0,"Runic Pyramid":0},{"Potion Belt":4,"Blood Vial":13,"Frozen Eye":11,"Dream Catcher":14,"Golden Idol":1,"Mummified Hand":13,"Vajra":5,"Velvet Choker":9,"The Courier":6,"Cracked Core":0,"Runic Pyramid":0},{"Potion Belt":16,"Blood Vial":56,"Frozen Eye":48,"Dream Catcher":61,"Golden Idol":4,"Mummified Hand":56,"Vajra":20,"Velvet Choker":42,"The Courier":25,"Cracked Core":0,"Runic Pyramid":0}]},"card_choices":[{"not_picked":["Static Discharge","Conserve Battery"],"picked":"Go for the Eyes","floor":1},{"not_picked":["Compile Driver","Leap"],"picked":"Melter","floor":4},{"not_picked":["Compile Driver","Streamline"],"picked":"Genetic Algorithm","floor":5},{"not_picked":["Gash","Rebound"],"picked":"Steam","floor":7},{"not_picked":["Glacier","Rebound"],"picked":"Electrodynamics","floor":10},{"not_picked":["Barrage","Leap"],"picked":"Doom and Gloom","floor":12},{"not_picked":["Heatsinks","Leap"],"picked":"Static Discharge","floor":13},{"not_picked":["Sweeping Beam","Go for the Eyes"],"picked":"Ball Lightning","floor":14},{"not_picked":["Hyperbeam","Electrodynamics"],"picked":"Echo Form","floor":16},{"not_picked":["Sunder","Rip and Tear"],"picked":"Force Field","floor":18},{"not_picked":["Aggregate+1","Scrape","FTL"],"picked":"SKIP","floor":20},{"not_picked":["Heatsinks","Recycle","Barrage"],"picked":"SKIP","floor":22},{"not_picked":["Cold Snap","Rebound"],"picked":"Compile Driver","floor":23},{"not_picked":["Hyperbeam","Aggregate","Streamline+1"],"picked":"SKIP","floor":29}],"player_experience":1850259,"relics_obtained":[{"floor":9,"key":"Potion Belt"},{"floor":10,"key":"Vajra"},{"floor":12,"key":"The Courier"},{"floor":23,"key":"Blood Vial"},{"floor":26,"key":"Mummified Hand"},{"floor":29,"key":"Dream Catcher"}],"event_choices":[{"damage_healed":0,"gold_gain":150,"player_choice":"AGREE","damage_taken":0,"max_hp_gain":0,"max_hp_loss":0,"event_name":"Liars Game","floor":2,"gold_loss":0,"cards_obtained":["Doubt"]},{"damage_healed":0,"gold_gain":0,"player_choice":"Lose Max HP","damage_taken":0,"relics_obtained":["Golden Idol"],"max_hp_gain":0,"max_hp_loss":7,"event_name":"Golden Idol","floor":3,"gold_loss":0},{"damage_healed":21,"gold_gain":0,"player_choice":"Banana","damage_taken":0,"max_hp_gain":0,"max_hp_loss":0,"event_name":"Big Fish","floor":11,"gold_loss":0},{"damage_healed":0,"gold_gain":0,"player_choice":"Ignored","damage_taken":0,"max_hp_gain":0,"max_hp_loss":0,"event_name":"The Mausoleum","floor":19,"gold_loss":0},{"damage_healed":0,"gold_gain":0,"player_choice":"Ignored","damage_taken":0,"max_hp_gain":0,"max_hp_loss":0,"event_name":"Cursed Tome","floor":25,"gold_loss":0},{"damage_healed":0,"gold_gain":0,"player_choice":"","damage_taken":6,"max_hp_gain":0,"max_hp_loss":0,"event_name":"Knowing Skull","floor":28,"potions_obtained":[],"gold_loss":0,"cards_obtained":[]}],"is_beta":false,"boss_relics":[{"not_picked":["Busted Crown","Sozu"],"picked":"Velvet Choker"}],"items_purged_floors":[21],"is_endless":false,"potions_floor_spawned":[1,5,7,12,14,16,29],"killed_by":"Centurion and Healer","ascension_level":20}}