{"host":"u7t6gtnp6lus9at9","time":1611957316,"event":{"mods":["AchievementEnabler","Act Like it!","BaseMod","Card Forge","Colored Map","Colored Powertips","Custom Start","Downfall","Minty Spire (QoL Compilation)","Practice Mode","Replay The Spire","Shop Mod","StSLib"],"gold_per_floor":[111,125,125,145,320,350,370,131,207,207,235,310,341,37,37,135,185,195,205,224,224,224,253,284,309,335,397,397,397,426,183,183,286,286,297,297,307,319,334,382,382,407,430,430,444,444,135,135,135,135,135,135,135,165,165],"floor_reached":56,"language":"ENG","playtime":3367,"items_purged":[],"score":2024,"play_id":"88b8c3c1-ea61-47a1-98b0-81c68240eb4d","local_time":"20210129195516","is_ascension_mode":false,"campfire_choices":[{"floor":10,"key":"RECALL"},{"data":"1","floor":15,"key":"LIFT"},{"data":"2","floor":28,"key":"LIFT"},{"data":"3","floor":32,"key":"LIFT"},{"floor":41,"key":"REST"},{"floor":49,"key":"REST"},{"floor":52,"key":"REST"}],"circlet_count":0,"master_deck":["Necronomicurse","Pommel Strike+1","Burning Pact+1","Dark Embrace+1","Feel No Pain+1"],"relics":["Ring of the Snake","Hammer of Thor","Seething Fire","Anvil of the Gods","Unceasing Top","Sundial","Necronomicon","Blue Candle","TungstenRod","Charon\u0027s Ashes","Singing Bowl","Orichalcum","Vajra","Busted Crown","Bag of Marbles","Pen Nib","Fusion Hammer","Paper Frog","Shuriken","Girya","Thread and Needle","Turnip","Paper Crane","Replay:Baseball","Pocketwatch","OrangePellets","Boot","Tiny House","WingedGreaves","sneckomod:BabySnecko","War Paint","The Specimen","Pen Nib","MealTicket","Juzu Bracelet","Ninja Scroll","White Beast Statue","Oddly Smooth Stone","ReplayTheSpireMod:CursedCoin","Black Star","Bottled Lightning","BranchBurnRelic","Smiling Mask","Golden Egg","Bag of Marbles","WingedGreaves","WingedGreaves","Sling","ReplayFunnel","Centennial Puzzle","Ice Cream"],"acts_visited":["Exordium","TheCity","TheBeyond","TheEnding"],"potions_floor_usage":[55,55,55],"damage_taken":[{"damage":0,"enemies":"Jaw Worm","floor":1,"turns":1},{"damage":0,"enemies":"Cultist","floor":2,"turns":1},{"damage":0,"enemies":"Small Slimes","floor":4,"turns":1},{"damage":0,"enemies":"3 Sentries","floor":6,"turns":1},{"damage":0,"enemies":"3 Louse","floor":7,"turns":1},{"damage":0,"enemies":"Gremlin Nob","floor":11,"turns":1},{"damage":0,"enemies":"Replay:BlueRogue","floor":13,"turns":1},{"damage":0,"enemies":"Fading Forest","floor":16,"turns":1},{"damage":3,"enemies":"Shell Parasite","floor":18,"turns":2},{"damage":0,"enemies":"Spheric Guardian","floor":19,"turns":1},{"damage":0,"enemies":"Shelled Parasite and Fungi","floor":20,"turns":1},{"damage":0,"enemies":"Gremlin Leader","floor":23,"turns":1},{"damage":0,"enemies":"Book of Stabbing","floor":24,"turns":1},{"damage":0,"enemies":"Gremlin Leader","floor":25,"turns":1},{"damage":0,"enemies":"Replay:Snechameleon","floor":30,"turns":1},{"damage":0,"enemies":"Automaton","floor":33,"turns":1},{"damage":0,"enemies":"Orb Walker","floor":35,"turns":1},{"damage":0,"enemies":"3 Darklings","floor":37,"turns":1},{"damage":0,"enemies":"Jaw Worm Horde","floor":38,"turns":1},{"damage":0,"enemies":"Transient","floor":39,"turns":1},{"damage":0,"enemies":"R_Hoarder","floor":40,"turns":3},{"damage":0,"enemies":"Giant Head","floor":42,"turns":1},{"damage":0,"enemies":"3 Darklings","floor":45,"turns":1},{"damage":0,"enemies":"Awakened One","floor":50,"turns":2},{"damage":0,"enemies":"Shield and Spear","floor":54,"turns":1},{"damage":0,"enemies":"The Heart","floor":55,"turns":3}],"seed_played":"7572847384708745289","potions_obtained":[{"floor":1,"key":"LifebloodPotion"},{"floor":4,"key":"Languid Potion"},{"floor":7,"key":"GhostInAJar"},{"floor":17,"key":"PowerPotion"},{"floor":18,"key":"Strength Potion"},{"floor":39,"key":"Guardian:BlockOnCardUsePotion"}],"is_trial":false,"path_per_floor":["M","M","?","M","?","E","M","$","T","R","E","?","E","$","R_BF","B",null,"M","M","M","?","?","E","E","E","T","?","R","?","E","$","R","B",null,"M","?","M","M","M","E","R","E","T","?","M","?","$","?","R","B",null,"R","$","E","B",null],"character_chosen":"THE_SILENT","items_purchased":["Paper Crane","OrangePellets","Boot","White Beast Statue","Oddly Smooth Stone","ReplayTheSpireMod:CursedCoin","Sling","ReplayFunnel"],"campfire_rested":3,"item_purchase_floors":[8,14,14,31,31,31,47,47],"current_hp_per_floor":[79,81,81,83,83,85,87,87,87,87,89,79,81,81,81,83,100,99,101,103,103,106,108,110,112,112,89,89,84,86,101,101,103,120,122,119,121,123,125,127,136,138,138,136,138,138,140,140,140,140,140,140,140,142,142],"gold":165,"neow_bonus":"TEN_PERCENT_HP_BONUS","is_daily":false,"chose_seed":false,"campfire_upgraded":0,"win_rate":0.0,"timestamp":1611957316,"path_taken":["M","M","?","?","?","E","M","$","T","R","E","?","E","?","R_BF","BOSS","M","M","M","?","?","E","E","E","T","?","R","?","E","$","R","BOSS","M","?","M","M","M","E","R","E","T","?","M","?","?","?","R","BOSS","R","$","E","BOSS"],"items_purchased_type":["Relic","Relic","Relic","Relic","Relic","Relic","Relic","Relic"],"build_version":"2020-12-22","purchased_purges":0,"victory":true,"max_hp_per_floor":[79,81,81,83,83,85,87,87,87,87,89,89,91,91,91,93,100,102,104,106,106,106,108,110,112,112,116,116,116,118,118,118,120,120,122,128,130,132,134,136,136,138,138,138,140,140,140,140,140,140,140,140,140,142,142],"card_choices":[{"not_picked":["Heel Hook"],"picked":"Singing Bowl","floor":1},{"not_picked":["Outmaneuver"],"picked":"Singing Bowl","floor":2},{"not_picked":["Noxious Fumes"],"picked":"Singing Bowl","floor":4},{"not_picked":["Deflect"],"picked":"Singing Bowl","floor":6},{"not_picked":["Deflect"],"picked":"Singing Bowl","floor":7},{"not_picked":["ReplayTheSpireMod:Exploit Weakness"],"picked":"Singing Bowl","floor":11},{"not_picked":["Choke"],"picked":"Singing Bowl","floor":13},{"not_picked":["Doppelganger"],"picked":"Singing Bowl","floor":16},{"not_picked":["Bane"],"picked":"Singing Bowl","floor":17},{"not_picked":["Acrobatics"],"picked":"Singing Bowl","floor":18},{"not_picked":["Choke"],"picked":"Singing Bowl","floor":19},{"not_picked":["Slice+1"],"picked":"Singing Bowl","floor":20},{"not_picked":["ReplayTheSpireMod:The Works"],"picked":"Singing Bowl","floor":23},{"not_picked":["Dodge and Roll+1"],"picked":"Singing Bowl","floor":24},{"not_picked":["Tactician"],"picked":"Singing Bowl","floor":25},{"not_picked":["PiercingWail"],"picked":"Singing Bowl","floor":27},{"not_picked":["Calculated Gamble+1"],"picked":"Singing Bowl","floor":27},{"not_picked":["Tactician+1"],"picked":"Singing Bowl","floor":30},{"not_picked":["Die Die Die"],"picked":"Singing Bowl","floor":33},{"not_picked":["Blade Dance+1"],"picked":"Singing Bowl","floor":35},{"not_picked":["HandOfGreed"],"picked":"Singing Bowl","floor":36},{"not_picked":["Replay:Parry"],"picked":"Singing Bowl","floor":36},{"not_picked":["Blind"],"picked":"Singing Bowl","floor":36},{"not_picked":["Outmaneuver"],"picked":"Singing Bowl","floor":37},{"not_picked":["Outmaneuver"],"picked":"Singing Bowl","floor":38},{"not_picked":["Dodge and Roll"],"picked":"Singing Bowl","floor":39},{"not_picked":["Sucker Punch"],"picked":"Singing Bowl","floor":40},{"not_picked":["Dagger Throw+1"],"picked":"Singing Bowl","floor":42},{"not_picked":["Dagger Spray"],"picked":"Singing Bowl","floor":45},{"not_picked":["Riddle With Holes+1"],"picked":"Singing Bowl","floor":54}],"player_experience":184435,"relics_obtained":[{"floor":6,"key":"Turnip"},{"floor":11,"key":"Replay:Baseball"},{"floor":13,"key":"Pocketwatch"},{"floor":23,"key":"War Paint"},{"floor":24,"key":"The Specimen"},{"floor":25,"key":"Pen Nib"},{"floor":26,"key":"MealTicket"},{"floor":27,"key":"Juzu Bracelet"},{"floor":30,"key":"Ninja Scroll"},{"floor":40,"key":"Bottled Lightning"},{"floor":40,"key":"Dead Branch"},{"floor":42,"key":"Smiling Mask"},{"floor":42,"key":"Golden Egg"},{"floor":43,"key":"Bag of Marbles"},{"floor":54,"key":"Centennial Puzzle"},{"floor":54,"key":"Ice Cream"}],"event_choices":[{"cards_removed":["Feel No Pain"],"damage_healed":0,"gold_gain":0,"player_choice":"Offered Uncommon","damage_taken":0,"max_hp_gain":0,"max_hp_loss":0,"event_name":"Bonfire Elementals","floor":3,"gold_loss":0},{"damage_healed":0,"gold_gain":175,"player_choice":"AGREE","damage_taken":0,"max_hp_gain":0,"max_hp_loss":0,"event_name":"Liars Game","floor":5,"gold_loss":0,"cards_obtained":["Doubt"]},{"damage_healed":0,"gold_gain":75,"player_choice":"Gather Gold","damage_taken":11,"max_hp_gain":0,"max_hp_loss":0,"event_name":"World of Goop","floor":12,"gold_loss":0},{"damage_healed":35,"gold_gain":0,"player_choice":"Heal","damage_taken":0,"max_hp_gain":0,"max_hp_loss":0,"event_name":"The Library","floor":22,"gold_loss":0},{"damage_healed":0,"gold_gain":0,"player_choice":"Stopped","damage_taken":9,"max_hp_gain":0,"max_hp_loss":0,"event_name":"Cursed Tome","floor":29,"gold_loss":0},{"damage_healed":0,"gold_gain":0,"player_choice":"Memory 3","damage_taken":10,"max_hp_gain":0,"max_hp_loss":0,"event_name":"SensoryStone","floor":36,"gold_loss":0},{"damage_healed":0,"gold_gain":0,"player_choice":"Punched","damage_taken":3,"max_hp_gain":0,"max_hp_loss":0,"event_name":"Designer","floor":44,"gold_loss":0},{"damage_healed":0,"gold_gain":0,"player_choice":"Ignored","damage_taken":0,"max_hp_gain":0,"max_hp_loss":0,"event_name":"NoteForYourself","floor":46,"gold_loss":0},{"damage_healed":0,"gold_gain":0,"player_choice":"Ignored","damage_taken":0,"max_hp_gain":0,"max_hp_loss":0,"event_name":"Upgrade Shrine","floor":48,"gold_loss":0}],"is_beta":false,"boss_relics":[{"not_picked":["bronze:MakeshiftBattery","ChewingGum"],"picked":"Tiny House"},{"not_picked":["ReplayTheSpireMod:DimensionalGlitch","Snecko Eye"],"picked":"Black Star"}],"items_purged_floors":[],"is_endless":false,"potions_floor_spawned":[1,4,7,18,24,25,30,33,35,37,38,39,40,42,45,54],"ascension_level":0}}