{"host":"Jinnai","time":1611928723,"event":{"mods":["BaseMod","Bestiary","Block Reminder","Colored Map","Colored Powertips","Highlight Path","Minty Spire (QoL Compilation)","Quick Restart","Relic Stats","StSLib"],"gold_per_floor":[109,109,109,51,126,126,145,145,145,174,188,198,228,242,242,313,313,325,325,325,77,52,52,52],"floor_reached":23,"language":"ENG","playtime":734,"items_purged":["Strike_B"],"score":523,"play_id":"e7bac394-54c3-424c-b65e-7e80193dfa94","local_time":"20210129085843","is_ascension_mode":true,"campfire_choices":[{"data":"Zap","floor":6,"key":"SMITH"},{"data":"Sweeping Beam","floor":8,"key":"SMITH"},{"data":"Buffer","floor":15,"key":"SMITH"}],"circlet_count":0,"master_deck":["AscendersBane","Strike_B","Strike_B","Strike_B","Defend_B","Defend_B","Defend_B","Zap+1","Dualcast","Beam Cell","Cold Snap","Sweeping Beam+1","Coolheaded","Buffer+1","Ball Lightning","Rebound","Turbo","Rainbow","Skim+1","Necronomicurse","Self Repair","Barrage+1"],"relics":["Cracked Core","NeowsBlessing","Cables","TungstenRod","Strawberry","SacredBark","Necronomicon"],"acts_visited":["Exordium","TheCity"],"potions_floor_usage":[13,21,22,23],"damage_taken":[{"damage":0,"enemies":"Small Slimes","floor":1,"turns":1},{"damage":0,"enemies":"Jaw Worm","floor":7,"turns":1},{"damage":0,"enemies":"3 Sentries","floor":10,"turns":1},{"damage":0,"enemies":"Cultist","floor":11,"turns":3},{"damage":0,"enemies":"Large Slime","floor":12,"turns":3},{"damage":0,"enemies":"Gremlin Nob","floor":13,"turns":3},{"damage":8,"enemies":"3 Louse","floor":14,"turns":2},{"damage":22,"enemies":"Slime Boss","floor":16,"turns":9},{"damage":20,"enemies":"Shell Parasite","floor":18,"turns":5},{"damage":2,"enemies":"2 Thieves","floor":22,"turns":5},{"damage":31,"enemies":"Slavers","floor":23,"turns":1}],"seed_played":"-1113840446805652748","potions_obtained":[{"floor":10,"key":"FocusPotion"},{"floor":12,"key":"Regen Potion"},{"floor":13,"key":"FocusPotion"},{"floor":14,"key":"Fruit Juice"}],"is_trial":false,"path_per_floor":["M","?","?","$","?","R","M","R","T","E","M","M","E","M","R","B",null,"M","?","?","$","M","E"],"character_chosen":"DEFECT","items_purchased":["Cold Snap","EssenceOfSteel","Self Repair"],"campfire_rested":0,"item_purchase_floors":[4,21,21],"current_hp_per_floor":[64,69,62,62,51,51,51,51,51,51,51,51,58,50,50,28,69,49,32,9,19,24,0,0],"gold":52,"neow_bonus":"THREE_ENEMY_KILL","is_daily":false,"chose_seed":false,"campfire_upgraded":3,"win_rate":0.0,"timestamp":1611928723,"path_taken":["M","?","?","?","?","R","?","R","T","E","M","M","E","M","R","BOSS","M","?","?","$","M","E"],"items_purchased_type":["Card","Potion","Card"],"build_version":"2020-12-18","purchased_purges":1,"victory":false,"max_hp_per_floor":[71,76,76,76,76,76,76,76,76,76,76,76,83,83,83,83,83,83,83,88,98,98,98,98],"relic_stats":{"counters":[11,34],"Necronomicon":[0],"obtain_stats":[{"NeowsBlessing":0,"Strawberry":13,"SacredBark":17,"Necronomicon":19,"Cracked Core":0,"TungstenRod":10,"Cables":9},{"NeowsBlessing":0,"Strawberry":6,"SacredBark":8,"Necronomicon":9,"Cracked Core":0,"TungstenRod":3,"Cables":2},{"NeowsBlessing":0,"Strawberry":12,"SacredBark":23,"Necronomicon":28,"Cracked Core":0,"TungstenRod":3,"Cables":2}],"TungstenRod":14,"Cables":[26,19,5,2,0]},"card_choices":[{"not_picked":["Stack","Steam"],"picked":"Beam Cell","floor":1},{"not_picked":["Gash","Beam Cell"],"picked":"Sweeping Beam","floor":7},{"not_picked":["Leap","Reprogram"],"picked":"Coolheaded","floor":10},{"not_picked":["Leap","Sweeping Beam"],"picked":"Buffer","floor":11},{"not_picked":["Cold Snap","BootSequence"],"picked":"Ball Lightning","floor":12},{"not_picked":["Turbo","Barrage"],"picked":"Rebound","floor":13},{"not_picked":["Melter","Go for the Eyes"],"picked":"Turbo","floor":14},{"not_picked":["Multi-Cast","Meteor Strike"],"picked":"Rainbow","floor":16},{"not_picked":["Stack","Ball Lightning"],"picked":"Skim+1","floor":18},{"not_picked":["Chaos","Gash"],"picked":"Barrage+1","floor":22}],"player_experience":1586444,"relics_obtained":[{"floor":9,"key":"Cables"},{"floor":10,"key":"TungstenRod"},{"floor":13,"key":"Strawberry"},{"floor":19,"key":"Necronomicon"}],"event_choices":[{"damage_healed":0,"gold_gain":0,"player_choice":"Donut","damage_taken":0,"max_hp_gain":5,"max_hp_loss":0,"event_name":"Big Fish","floor":2,"gold_loss":0},{"cards_removed":["Defend_B"],"damage_healed":0,"gold_gain":0,"player_choice":"Card Removal","damage_taken":7,"max_hp_gain":0,"max_hp_loss":0,"event_name":"Golden Wing","floor":3,"gold_loss":0},{"damage_healed":0,"gold_gain":75,"player_choice":"Gather Gold","damage_taken":11,"max_hp_gain":0,"max_hp_loss":0,"event_name":"World of Goop","floor":5,"gold_loss":0},{"damage_healed":0,"gold_gain":0,"player_choice":"Obtained Book","damage_taken":21,"max_hp_gain":0,"max_hp_loss":0,"event_name":"Cursed Tome","floor":19,"gold_loss":0},{"damage_healed":0,"gold_gain":0,"player_choice":"Shed Blood","damage_taken":29,"max_hp_gain":5,"max_hp_loss":0,"event_name":"Forgotten Altar","floor":20,"gold_loss":0}],"is_beta":true,"boss_relics":[{"not_picked":["Snecko Eye","Cursed Key"],"picked":"SacredBark"}],"items_purged_floors":[21],"is_endless":false,"potions_floor_spawned":[10,12,13,14],"killed_by":"Slavers","ascension_level":20}}