{"host":"tkinv8gv6hgcc58b","time":1611964773,"event":{"mods":["AchievementEnabler","BaseMod","BetterRewards","Colored Map","Downfall","Googly Eyes","Hermit","Minty Spire (QoL Compilation)","Rare Cards Sparkle","Relic Filter","StSLib","The Cursed","The Disciple"],"gold_per_floor":[117,132,132,132,145,145,145,175,201,201,201,47,104,104,104,209,209,222,222,242,275,275,303,322,322,345,362,396,396,413,431,431,530,530,544,544,559,559,572,572,572],"floor_reached":40,"language":"ENG","playtime":1880,"items_purged":[],"score":743,"play_id":"826a9980-ad8f-48f2-9f96-ea4a95441fcb","local_time":"20210129185933","is_ascension_mode":true,"campfire_choices":[{"floor":6,"key":"REST"},{"floor":10,"key":"REST"},{"floor":15,"key":"REST"},{"floor":25,"key":"REST"},{"data":"Self Repair","floor":29,"key":"SMITH"},{"data":"Lockon","floor":32,"key":"SMITH"}],"circlet_count":0,"master_deck":["Strike_B","Strike_B+1","Defend_B","Defend_B","Defend_B","Defend_B","Zap","Dualcast+1","Undo","Compile Driver","Self Repair+1","Multi-Cast+1","Seek","Tempest+1","Lockon+1","Sunder+1","Ball Lightning","Conserve Battery","Fission","Darkness+1","Fusion","Steam+1","Tempest+1"],"relics":["Cracked Core","Mercury Hourglass","HandDrill","Dead Branch","Symbiotic Virus","Blue Candle","Enchiridion","WarpedTongs","Bronze Scales","Toy Ornithopter","Velvet Choker","Red Mask","Regal Pillow","MealTicket","hexamod:CandleOfCauterizing","Inserter"],"acts_visited":["Exordium","TheCity","TheBeyond"],"potions_floor_usage":[40,40,40],"damage_taken":[{"damage":1,"enemies":"Cultist","floor":1,"turns":3},{"damage":7,"enemies":"Jaw Worm","floor":2,"turns":3},{"damage":1,"enemies":"2 Louse","floor":5,"turns":2},{"damage":7,"enemies":"3 Sentries","floor":8,"turns":6},{"damage":13,"enemies":"Gremlin Nob","floor":13,"turns":3},{"damage":0,"enemies":"Slime Boss","floor":16,"turns":3},{"damage":18,"enemies":"2 Thieves","floor":18,"turns":3},{"damage":0,"enemies":"Chosen","floor":20,"turns":2},{"damage":14,"enemies":"Masked Bandits","floor":21,"turns":3},{"damage":26,"enemies":"Slavers","floor":23,"turns":2},{"damage":8,"enemies":"3 Cultists","floor":24,"turns":3},{"damage":0,"enemies":"Chosen and Byrds","floor":27,"turns":3},{"damage":19,"enemies":"Book of Stabbing","floor":28,"turns":4},{"damage":0,"enemies":"Snecko","floor":30,"turns":2},{"damage":0,"enemies":"Snake Plant","floor":31,"turns":2},{"damage":42,"enemies":"Champ","floor":33,"turns":7},{"damage":1,"enemies":"3 Shapes","floor":35,"turns":3},{"damage":0,"enemies":"Orb Walker","floor":37,"turns":3},{"damage":0,"enemies":"3 Darklings","floor":39,"turns":3},{"damage":101,"enemies":"Giant Head","floor":40,"turns":7}],"seed_played":"-512259730101286505","potions_obtained":[{"floor":2,"key":"DuplicationPotion"},{"floor":5,"key":"sneckomod:MuddlingPotion"},{"floor":24,"key":"LiquidMemories"},{"floor":35,"key":"Slimebound:ThreeZeroPotion"}],"is_trial":false,"path_per_floor":["M","M","?","?","M","R","?","E","T","R","?","$","?","$","R","B",null,"M","?","M","?","?","E","M","R","T","M","E","R","M","M","R","B",null,"M","?","M","?","M","E"],"character_chosen":"DEFECT","items_purchased":["Mercury Hourglass","HandDrill","Bronze Scales"],"campfire_rested":4,"item_purchase_floors":[0,0,12],"current_hp_per_floor":[50,43,31,16,15,37,32,32,32,54,54,54,48,48,70,75,75,64,64,64,57,57,31,33,70,70,70,58,58,68,68,68,36,75,75,75,75,75,75,0,0],"gold":572,"neow_bonus":"","is_daily":false,"chose_seed":false,"campfire_upgraded":2,"win_rate":0.0,"timestamp":1611964773,"path_taken":["M","?","?","?","M","R","?","E","T","R","?","$","?","?","R","BOSS","M","?","M","?","?","E","?","R","T","M","E","R","?","M","R","BOSS","M","?","?","?","M","E"],"items_purchased_type":["Relic","Relic","Relic"],"build_version":"2020-12-22","purchased_purges":0,"victory":false,"max_hp_per_floor":[75,75,75,75,75,75,75,75,75,75,75,75,75,75,75,75,75,75,75,75,75,75,75,75,75,75,75,75,75,75,75,75,75,75,75,75,75,75,75,75,75],"card_choices":[{"not_picked":["Sweeping Beam","Streamline"],"picked":"Undo","floor":1},{"not_picked":["Undo","Genetic Algorithm"],"picked":"Compile Driver","floor":2},{"not_picked":["Go for the Eyes","Compile Driver"],"picked":"Self Repair","floor":5},{"not_picked":["Static Discharge","Ball Lightning"],"picked":"Multi-Cast","floor":8},{"not_picked":["Core Surge","Meteor Strike"],"picked":"Seek","floor":16},{"not_picked":["Rebound","Force Field","Consume"],"picked":"SKIP","floor":18},{"not_picked":["Genetic Algorithm+1","Sweeping Beam","Coolheaded"],"picked":"SKIP","floor":20},{"not_picked":["Go for the Eyes","Ball Lightning"],"picked":"Tempest+1","floor":21},{"not_picked":["Hologram","Turbo+1","Rebound+1"],"picked":"SKIP","floor":23},{"not_picked":["Compile Driver","Meteor Strike"],"picked":"Lockon","floor":24},{"not_picked":["Reinforced Body","Sweeping Beam"],"picked":"Sunder+1","floor":27},{"not_picked":["Steam Power","Sunder"],"picked":"Ball Lightning","floor":28},{"not_picked":["Steam","Storm","Streamline"],"picked":"SKIP","floor":30},{"not_picked":["Gash","Steam"],"picked":"Conserve Battery","floor":31},{"not_picked":["Amplify","Buffer"],"picked":"Fission","floor":33},{"not_picked":["Sweeping Beam+1","Force Field+1"],"picked":"Darkness+1","floor":35},{"not_picked":["Sweeping Beam+1","Beam Cell+1"],"picked":"Steam+1","floor":37},{"not_picked":["Skim","Streamline+1"],"picked":"Tempest+1","floor":39}],"player_experience":1088961,"relics_obtained":[{"floor":8,"key":"Enchiridion"},{"floor":9,"key":"WarpedTongs"},{"floor":21,"key":"Red Mask"},{"floor":23,"key":"Regal Pillow"},{"floor":26,"key":"MealTicket"},{"floor":28,"key":"hexamod:CandleOfCauterizing"}],"event_choices":[{"damage_healed":0,"gold_gain":0,"player_choice":"Success","damage_taken":12,"relics_obtained":["Symbiotic Virus"],"max_hp_gain":0,"max_hp_loss":0,"event_name":"Scrap Ooze","floor":3,"gold_loss":0},{"damage_healed":0,"gold_gain":0,"player_choice":"Entered Light","damage_taken":15,"max_hp_gain":0,"max_hp_loss":0,"event_name":"Shining Light","floor":4,"gold_loss":0,"cards_upgraded":["Dualcast","Strike_B"]},{"damage_healed":0,"gold_gain":0,"player_choice":"Grow","damage_taken":0,"max_hp_gain":0,"max_hp_loss":0,"event_name":"Living Wall","floor":11,"gold_loss":0,"cards_upgraded":["Multi-Cast"]},{"damage_healed":0,"gold_gain":0,"player_choice":"Searched \u00273\u0027 times","damage_taken":0,"relics_obtained":["Toy Ornithopter"],"max_hp_gain":0,"max_hp_loss":0,"event_name":"Dead Adventurer","floor":13,"gold_loss":0},{"damage_healed":0,"gold_gain":0,"player_choice":"Ignored","damage_taken":0,"max_hp_gain":0,"max_hp_loss":0,"event_name":"Vampires","floor":19,"gold_loss":0},{"damage_healed":0,"gold_gain":0,"player_choice":"Fought Bandits","damage_taken":0,"max_hp_gain":0,"max_hp_loss":0,"event_name":"Masked Bandits","floor":21,"gold_loss":0},{"damage_healed":0,"gold_gain":0,"player_choice":"Ignored","damage_taken":0,"max_hp_gain":0,"max_hp_loss":0,"event_name":"Beggar","floor":22,"gold_loss":0},{"damage_healed":0,"gold_gain":0,"cards_transformed":["Strike_B"],"player_choice":"Transformed","damage_taken":0,"max_hp_gain":0,"max_hp_loss":0,"event_name":"Transmorgrifier","floor":36,"gold_loss":0,"cards_obtained":["Fusion"]},{"cards_removed":["Static Discharge"],"damage_healed":0,"gold_gain":0,"player_choice":"Removed Power","damage_taken":0,"max_hp_gain":0,"max_hp_loss":0,"event_name":"Falling","floor":38,"gold_loss":0}],"is_beta":false,"boss_relics":[{"not_picked":["Ectoplasm","FrozenCore"],"picked":"Velvet Choker"},{"not_picked":["Runic Pyramid","Sozu"],"picked":"Inserter"}],"items_purged_floors":[],"is_endless":false,"potions_floor_spawned":[2,5,24,27,31,33,35],"killed_by":"Giant Head","ascension_level":3}}