{"host":"928gv66myv2vlnsd","time":1611885810,"event":{"mods":["BaseMod","Minty Spire (QoL Compilation)","StSLib"],"gold_per_floor":[113,133,151,164,314,314,346,56,56,56,56],"floor_reached":10,"language":"ENG","playtime":222,"items_purged":["Doubt"],"score":119,"play_id":"90eb97f0-5dc3-4e5e-8530-76bce407b129","local_time":"20210128210330","is_ascension_mode":true,"campfire_choices":[{"data":"Deadly Poison","floor":6,"key":"SMITH"}],"circlet_count":0,"master_deck":["AscendersBane","Strike_G","Strike_G","Strike_G","Strike_G","Strike_G","Defend_G","Defend_G","Defend_G","Defend_G","Defend_G","Survivor","Neutralize","Deadly Poison+1","All Out Attack","Catalyst","Backflip","Footwork"],"relics":["Ring of the Snake","NeowsBlessing","MawBank","TwistedFunnel","Bag of Marbles"],"acts_visited":["Exordium"],"potions_floor_usage":[10,10],"damage_taken":[{"damage":0,"enemies":"Cultist","floor":1,"turns":1},{"damage":0,"enemies":"Small Slimes","floor":2,"turns":1},{"damage":0,"enemies":"Jaw Worm","floor":3,"turns":1},{"damage":1,"enemies":"Looter","floor":4,"turns":4},{"damage":48,"enemies":"Gremlin Nob","floor":7,"turns":5},{"damage":24,"enemies":"Lagavulin","floor":10,"turns":6}],"seed_played":"-7235722830615642295","potions_obtained":[{"floor":3,"key":"SneckoOil"},{"floor":4,"key":"Explosive Potion"}],"is_trial":false,"path_per_floor":["M","M","M","M","?","R","E","$","T","E"],"character_chosen":"THE_SILENT","items_purchased":["TwistedFunnel","Footwork"],"campfire_rested":0,"item_purchase_floors":[8,8],"current_hp_per_floor":[59,59,59,58,58,58,10,10,10,0,0],"gold":56,"neow_bonus":"THREE_ENEMY_KILL","is_daily":false,"chose_seed":false,"campfire_upgraded":1,"win_rate":0.0,"timestamp":1611885810,"path_taken":["M","M","?","?","?","R","E","$","T","E"],"items_purchased_type":["Relic","Card"],"build_version":"2020-12-22","purchased_purges":1,"victory":false,"max_hp_per_floor":[66,66,66,66,66,66,66,66,66,66,66],"card_choices":[{"not_picked":["Tactician","Blur"],"picked":"Deadly Poison","floor":1},{"not_picked":["Flying Knee","Outmaneuver"],"picked":"All Out Attack","floor":2},{"not_picked":["Acrobatics","PiercingWail"],"picked":"Catalyst","floor":3},{"not_picked":["Flying Knee","Sucker Punch","Finisher"],"picked":"SKIP","floor":4},{"not_picked":["Glass Knife","Cloak And Dagger"],"picked":"Backflip","floor":7}],"player_experience":1370725,"relics_obtained":[{"floor":7,"key":"MawBank"},{"floor":9,"key":"Bag of Marbles"}],"event_choices":[{"damage_healed":0,"gold_gain":150,"player_choice":"AGREE","damage_taken":0,"max_hp_gain":0,"max_hp_loss":0,"event_name":"Liars Game","floor":5,"gold_loss":0,"cards_obtained":["Doubt"]}],"is_beta":false,"boss_relics":[],"items_purged_floors":[8],"is_endless":false,"potions_floor_spawned":[3,4,7],"killed_by":"Lagavulin","ascension_level":15}}