{"host":"roto7j7840a50pxh","time":1611915235,"event":{"mods":["Act Like it!","BaseMod","Better Altar","Better Note","Better Sensory Stone","Better Skull","Better Third Choice","BetterRewards","Colored Map","Colored Powertips","Downfall","Hermit","Highlight Path","Hubris","Infinite Spire","Minty Spire (QoL Compilation)","Replay The Spire","Robot Space Explorer","Shade Mod","Spicy Shops","StSLib","The Construct","The Cursed","The Dragon Tamer","The Hierophant","The Necromancer","The Runesmith","The Servant 0.9.4","TheVacant"],"gold_per_floor":[109,126,26,44,63,63,93,105,105,105,117,128,128,138,138,243,243,253,253,266,278,296,296,314,314,314],"floor_reached":25,"language":"ENG","playtime":4086,"items_purged":[],"score":211,"play_id":"fb3364eb-cc0a-4be1-887b-ce7cc8c47d2d","local_time":"20210129051355","is_ascension_mode":false,"campfire_choices":[{"data":"construct:Zapper","floor":6.0,"key":"SMITH"},{"data":"construct:AttackMode","floor":10.0,"key":"SMITH"},{"data":"construct:MetalShell","floor":13.0,"key":"SMITH"},{"floor":15.0,"key":"REST"},{"data":"construct:BatteryCore","floor":23,"key":"SMITH"}],"circlet_count":0,"master_deck":["construct:Strike_Gold","construct:Strike_Gold","construct:Strike_Gold","construct:Strike_Gold","construct:Strike_Gold","construct:Defend_Gold","construct:Defend_Gold","construct:Defend_Gold","construct:Defend_Gold","construct:Defend_Gold","construct:AttackMode+1","construct:DefenseMode","construct:SweepLaser","construct:ClusterMines","construct:Reinforce","construct:UnbalancingBlast","Parasite","construct:QuickAttack","construct:MetalShell+1","construct:FierceBash","hubris:DuctTapeCard","construct:BatteryCore+1","construct:Electrocute","construct:MetalShell","construct:Chainstrike","construct:BatteryAcid","construct:ScrapCannon"],"relics":["Cursed Key","hubris:DuctTape","Darkstone Periapt","SlaversCollar"],"acts_visited":["TheCity"],"potions_floor_usage":[18,24,25,25],"damage_taken":[{"damage":1.0,"enemies":"Cultist","floor":1.0,"turns":3.0},{"damage":0.0,"enemies":"Small Slimes","floor":2.0,"turns":3.0},{"damage":4.0,"enemies":"Jaw Worm","floor":4.0,"turns":2.0},{"damage":12.0,"enemies":"Exordium Wildlife","floor":5.0,"turns":4.0},{"damage":26.0,"enemies":"Lagavulin","floor":7.0,"turns":5.0},{"damage":9.0,"enemies":"3 Louse","floor":8.0,"turns":4.0},{"damage":6.0,"enemies":"Exordium Thugs","floor":11.0,"turns":4.0},{"damage":0.0,"enemies":"Red Slaver","floor":12.0,"turns":3.0},{"damage":0.0,"enemies":"2 Fungi Beasts","floor":14.0,"turns":3.0},{"damage":24,"enemies":"Hexaghost","floor":16,"turns":9},{"damage":10,"enemies":"3 Byrds","floor":18,"turns":5},{"damage":10,"enemies":"Spheric Guardian","floor":20,"turns":3},{"damage":26,"enemies":"Centurion and Healer","floor":21,"turns":5},{"damage":0,"enemies":"Snake Plant","floor":22,"turns":7},{"damage":13,"enemies":"Snecko","floor":24,"turns":5},{"damage":34,"enemies":"Slavers","floor":25,"turns":3}],"seed_played":"-1186066399343667287","potions_obtained":[{"floor":1.0,"key":"Elixir"},{"floor":8.0,"key":"Energy Potion"},{"floor":11.0,"key":"Explosive Potion"},{"floor":22,"key":"GamblersBrew"},{"floor":24,"key":"ColorlessPotion"}],"is_trial":false,"path_per_floor":["M","M","$","M","M","R","E","M","T","R","M","M","R","M","R","B",null,"M","?","M","M","M","R","M","E"],"character_chosen":"THE_CONSTRUCT_MOD","items_purchased":["construct:Electrocute"],"campfire_rested":1,"item_purchase_floors":[3],"current_hp_per_floor":[84,84,84,80,68,68,42,33,33,33,27,27,27,27,52,28,85,75,80,70,44,44,44,31,0,0],"gold":314,"neow_bonus":"BOSS_RELIC","is_daily":false,"chose_seed":false,"campfire_upgraded":4,"win_rate":0.0,"timestamp":1611915235,"path_taken":["M","M","?","M","M","R","E","M","T","R","M","M","R","M","R","BOSS","M","?","M","M","M","R","?","E"],"items_purchased_type":["Card"],"build_version":"2020-12-22","purchased_purges":0,"victory":false,"max_hp_per_floor":[85,85,85,85,85,85,85,85,85,85,85,85,85,85,85,85,85,85,85,85,85,85,85,85,85,85],"card_choices":[{"not_picked":["construct:Chainstrike","construct:FierceBash"],"picked":"construct:SweepLaser","floor":1.0},{"not_picked":["construct:SyphonStrike","construct:FocusedBeam"],"picked":"construct:Zapper","floor":2.0},{"not_picked":["construct:SuppressiveFire","construct:HeavyBolt"],"picked":"construct:ClusterMines","floor":4.0},{"not_picked":["construct:HeavyBolt","construct:Accumulate"],"picked":"construct:VentSteam","floor":5.0},{"not_picked":["construct:Missile","construct:Dampening"],"picked":"construct:Reinforce","floor":7.0},{"not_picked":["construct:ShiftingStance","construct:Electrocute"],"picked":"construct:UnbalancingBlast","floor":8.0},{"not_picked":["construct:OmegaCannon","construct:HeavyBolt"],"picked":"construct:QuickAttack","floor":11.0},{"not_picked":["construct:VentSteam","construct:Stasis"],"picked":"construct:MetalShell","floor":12.0},{"not_picked":["construct:ClusterMines","construct:SweepLaser"],"picked":"construct:FierceBash","floor":14.0},{"not_picked":["construct:GoldenBullet","construct:HyperBeam"],"picked":"construct:BatteryCore","floor":16},{"not_picked":["construct:FocusedBeam","construct:Boost"],"picked":"construct:Electrocute","floor":18},{"not_picked":["construct:Backfire+1","construct:Synchronize"],"picked":"construct:MetalShell","floor":20},{"not_picked":["construct:SuppressiveFire","construct:Backfire+1"],"picked":"construct:Chainstrike","floor":21},{"not_picked":["construct:ReactiveShield","construct:ClusterMines"],"picked":"construct:BatteryAcid","floor":22},{"not_picked":["construct:Reinforce+1","construct:ClusterMines"],"picked":"construct:ScrapCannon","floor":24}],"player_experience":1714183,"relics_obtained":[{"floor":7.0,"key":"hubris:DuctTape"},{"floor":9.0,"key":"Darkstone Periapt"}],"event_choices":[{"cards_removed":["construct:VentSteam"],"damage_healed":5,"gold_gain":0,"player_choice":"Offered Common","damage_taken":0,"max_hp_gain":0,"max_hp_loss":0,"event_name":"Bonfire Elementals","floor":19,"gold_loss":0},{"cards_removed":["construct:VentSteam"],"damage_healed":5,"gold_gain":0,"player_choice":"Offered Special","damage_taken":0,"max_hp_gain":0,"max_hp_loss":0,"event_name":"Bonfire Elementals","floor":19,"gold_loss":0}],"is_beta":false,"boss_relics":[{"not_picked":["SacredBark","Runic Dome"],"picked":"SlaversCollar"}],"items_purged_floors":[],"is_endless":false,"potions_floor_spawned":[1,8,11,22,24],"killed_by":"Slavers","ascension_level":0}}