{"host":"kig4ty9d1aubg29s","time":1611896735,"event":{"mods":["BaseMod","Minty Spire (QoL Compilation)","READ ME - Guardian Mod","READ ME - Snecko Mod","StSLib","The Cursed","The Gatherer","The Hierophant","The Runesmith"],"gold_per_floor":[14,32,47,12,12,39,39,51,98,98,98,71,71,96,96,96,96],"floor_reached":16,"language":"KOR","playtime":387,"items_purged":[],"score":204,"play_id":"166526ec-8289-4c28-be1b-060dc7b4041b","local_time":"20210129140535","is_ascension_mode":true,"campfire_choices":[{"floor":7,"key":"REST"},{"floor":13,"key":"REST"},{"data":"Thunder Strike","floor":15,"key":"SMITH"}],"circlet_count":0,"master_deck":["AscendersBane","Strike_B","Strike_B","Strike_B","Strike_B","Defend_B","Defend_B","Defend_B","Defend_B","Zap","Dualcast","Thunder Strike+1","Coolheaded","Ball Lightning","Self Repair","Cold Snap","Coolheaded","Injury","Coolheaded","Rebound"],"relics":["Cracked Core","Kunai","Happy Flower","Golden Idol","Lantern"],"acts_visited":["Exordium"],"potions_floor_usage":[8,8,16],"damage_taken":[{"damage":12,"enemies":"Jaw Worm","floor":1,"turns":3},{"damage":4,"enemies":"Small Slimes","floor":2,"turns":3},{"damage":0,"enemies":"2 Louse","floor":3,"turns":1},{"damage":29,"enemies":"Lagavulin","floor":6,"turns":6},{"damage":16,"enemies":"2 Fungi Beasts","floor":8,"turns":3},{"damage":39,"enemies":"Exordium Thugs","floor":12,"turns":4},{"damage":9,"enemies":"3 Louse","floor":14,"turns":5},{"damage":34,"enemies":"The Guardian","floor":16,"turns":3}],"seed_played":"-6360722683896277326","potions_obtained":[{"floor":1,"key":"DuplicationPotion"},{"floor":6,"key":"EntropicBrew"},{"floor":12,"key":"SkillPotion"}],"is_trial":false,"path_per_floor":["M","M","M","?","?","E","R","M","T","?","?","M","R","M","R","B"],"character_chosen":"DEFECT","items_purchased":[],"campfire_rested":2,"item_purchase_floors":[],"current_hp_per_floor":[52,48,48,65,65,43,64,55,55,55,55,23,44,35,35,1,1],"gold":96,"neow_bonus":"THREE_RARE_CARDS","is_daily":false,"chose_seed":false,"campfire_upgraded":1,"win_rate":0.0,"timestamp":1611896735,"path_taken":["M","M","M","?","?","E","R","M","T","?","?","M","R","M","R","BOSS"],"items_purchased_type":[],"build_version":"2020-12-22","purchased_purges":0,"victory":false,"max_hp_per_floor":[71,71,71,71,71,71,71,71,71,71,71,71,71,71,71,71,71],"card_choices":[{"not_picked":["Seek","Buffer"],"picked":"Thunder Strike","floor":0.0},{"not_picked":["Undo","Conserve Battery"],"picked":"Coolheaded","floor":1},{"not_picked":["Go for the Eyes","Beam Cell"],"picked":"Ball Lightning","floor":2},{"not_picked":["Hologram","Leap"],"picked":"Self Repair","floor":3},{"not_picked":["Rip and Tear","Leap"],"picked":"Cold Snap","floor":6},{"not_picked":["Genetic Algorithm","Turbo"],"picked":"Coolheaded","floor":8},{"not_picked":["Steam Power","Darkness"],"picked":"Coolheaded","floor":12},{"not_picked":["Leap","Steam"],"picked":"Rebound","floor":14}],"player_experience":1958228,"relics_obtained":[{"floor":6,"key":"Kunai"},{"floor":9,"key":"Happy Flower"}],"event_choices":[{"damage_healed":17,"gold_gain":0,"player_choice":"Healed","damage_taken":0,"max_hp_gain":0,"max_hp_loss":0,"event_name":"The Cleric","floor":4,"gold_loss":35},{"damage_healed":0,"gold_gain":0,"player_choice":"Ignored","damage_taken":0,"max_hp_gain":0,"max_hp_loss":0,"event_name":"Shining Light","floor":5,"gold_loss":0},{"damage_healed":0,"gold_gain":0,"player_choice":"Take Wound","damage_taken":0,"relics_obtained":["Golden Idol"],"max_hp_gain":0,"max_hp_loss":0,"event_name":"Golden Idol","floor":10,"gold_loss":0,"cards_obtained":["Injury"]},{"damage_healed":0,"gold_gain":0,"player_choice":"Gave Potion","damage_taken":0,"relics_obtained":["Lantern"],"max_hp_gain":0,"max_hp_loss":0,"event_name":"WeMeetAgain","floor":11,"gold_loss":0}],"is_beta":false,"boss_relics":[],"items_purged_floors":[],"is_endless":false,"potions_floor_spawned":[1,6,12],"killed_by":"The Guardian","ascension_level":20}}