{"host":"e0kes70z4atl8xdk","time":1611928777,"event":{"mods":["AchievementEnabler","BaseMod","Colored Map","Colored Powertips","Minty Spire (QoL Compilation)","Rare Cards Sparkle","Relic Stats"],"gold_per_floor":[117,127,127,4,19,19,350,18,41,68,68,79,94,42,42,42,42],"floor_reached":16,"language":"DEU","playtime":1104,"items_purged":[],"score":121,"play_id":"04bcb7d2-8c8a-4c5d-9ea6-d6e28e9f9ec5","local_time":"20210129145937","is_ascension_mode":true,"campfire_choices":[{"data":"Choke","floor":6,"key":"SMITH"},{"floor":11,"key":"REST"},{"data":"Doppelganger","floor":15,"key":"SMITH"}],"circlet_count":0,"master_deck":["Strike_G","Strike_G","Strike_G","Strike_G","Strike_G","Defend_G","Defend_G","Defend_G","Defend_G","Defend_G","Survivor","Neutralize","Clumsy","Choke+1","Flying Knee","Acrobatics","Prepared","Doppelganger+1","Backstab","Flechettes"],"relics":["Ring of the Snake","Mango","Blood Vial","Old Coin","Regal Pillow","Potion Belt","Orichalcum"],"acts_visited":["Exordium"],"potions_floor_usage":[10,12,16,16],"damage_taken":[{"damage":0,"enemies":"Small Slimes","floor":1,"turns":5},{"damage":3,"enemies":"2 Louse","floor":2,"turns":3},{"damage":3,"enemies":"Cultist","floor":5,"turns":4},{"damage":27,"enemies":"3 Sentries","floor":7,"turns":10},{"damage":21,"enemies":"Lagavulin","floor":10,"turns":6},{"damage":7,"enemies":"Gremlin Gang","floor":12,"turns":4},{"damage":0,"enemies":"Looter","floor":13,"turns":2},{"damage":78,"enemies":"Slime Boss","floor":16,"turns":11}],"seed_played":"511231718146522226","potions_obtained":[{"floor":7,"key":"Poison Potion"},{"floor":12,"key":"Weak Potion"}],"is_trial":false,"path_per_floor":["M","M","?","?","M","R","E","$","T","E","R","M","M","$","R","B"],"character_chosen":"THE_SILENT","items_purchased":["Regal Pillow","Doppelganger","ColorlessPotion","BlessingOfTheForge"],"campfire_rested":1,"item_purchase_floors":[8,8,8,14],"current_hp_per_floor":[84,81,81,81,80,80,55,55,55,36,76,71,73,73,73,0,0],"gold":42,"neow_bonus":"ONE_RARE_RELIC","is_daily":false,"chose_seed":false,"campfire_upgraded":2,"win_rate":0.0,"timestamp":1611928777,"path_taken":["M","M","?","?","M","R","E","$","T","E","R","?","?","$","R","BOSS"],"items_purchased_type":["Relic","Card","Potion","Potion"],"build_version":"2020-12-22","purchased_purges":0,"victory":false,"max_hp_per_floor":[84,84,84,84,84,84,84,84,84,84,84,84,84,84,84,84,84],"relic_stats":{"Blood Vial":12,"Regal Pillow":15,"counters":[8,45],"Orichalcum":[30],"obtain_stats":[{"Blood Vial":4,"Potion Belt":9,"Regal Pillow":8,"Mango":0,"Orichalcum":10,"Ring of the Snake":0,"Old Coin":7},{"Blood Vial":2,"Potion Belt":4,"Regal Pillow":4,"Mango":0,"Orichalcum":5,"Ring of the Snake":0,"Old Coin":4},{"Blood Vial":8,"Potion Belt":22,"Regal Pillow":22,"Mango":0,"Orichalcum":28,"Ring of the Snake":0,"Old Coin":22}],"Ring of the Snake":[16]},"card_choices":[{"not_picked":["Outmaneuver","Prepared"],"picked":"Choke","floor":1},{"not_picked":["Underhanded Strike","Accuracy"],"picked":"Flying Knee","floor":2},{"not_picked":["Blur","Eviscerate"],"picked":"Acrobatics","floor":5},{"not_picked":["Flying Knee","Dagger Throw"],"picked":"Prepared","floor":7},{"not_picked":["Bane","Deflect","Tactician"],"picked":"SKIP","floor":10},{"not_picked":["Backflip","Blur"],"picked":"Backstab","floor":12},{"not_picked":["Deflect","Sucker Punch"],"picked":"Flechettes","floor":13}],"player_experience":225796,"relics_obtained":[{"floor":7,"key":"Old Coin"},{"floor":9,"key":"Potion Belt"},{"floor":10,"key":"Orichalcum"}],"event_choices":[{"damage_healed":0,"gold_gain":0,"player_choice":"Ignored","damage_taken":0,"max_hp_gain":0,"max_hp_loss":0,"event_name":"Shining Light","floor":3,"gold_loss":0},{"damage_healed":0,"gold_gain":0,"player_choice":"Paid Gold","damage_taken":0,"relics_obtained":["Blood Vial"],"max_hp_gain":0,"max_hp_loss":0,"event_name":"WeMeetAgain","floor":4,"gold_loss":123}],"is_beta":false,"boss_relics":[],"items_purged_floors":[],"is_endless":false,"potions_floor_spawned":[7,12],"killed_by":"Slime Boss","ascension_level":2}}