{"host":"j4g6ia6asvpyu2b0","time":1611922796,"event":{"mods":["BaseMod","Colored Map","Minty Spire (QoL Compilation)","Permanent Neow","Quick Restart","Relic Stats","StSLib","Unceasing Turn Reminder"],"gold_per_floor":[116,127,127,30,48,76,151,151,151,151,181,181,210,222,222,321,321,334,354,354,367,367,367,394,242,267,267,301,321,355,375,375,471,471,484,498,517,517,534,564,851,895,953,976,1001,667,679,708,708,708,708,708,63,91,91,91],"floor_reached":55,"language":"ENG","playtime":3019,"items_purged":["Strike_B","Strike_B","Strike_B"],"score":1098,"play_id":"75392820-9bb3-4048-b4ae-d1093f4409b0","local_time":"20210129051956","is_ascension_mode":true,"campfire_choices":[{"floor":8,"key":"REST"},{"floor":12,"key":"REST"},{"data":"Darkness","floor":15,"key":"SMITH"},{"floor":23,"key":"REST"},{"data":"Buffer","floor":27,"key":"SMITH"},{"data":"Creative AI","floor":32,"key":"SMITH"},{"floor":49,"key":"RECALL"},{"data":"Consume","floor":52,"key":"SMITH"}],"circlet_count":0,"master_deck":["Strike_B","Defend_B+1","Defend_B","Defend_B","Defend_B","Zap","Dualcast+1","Chaos","Chaos","Ball Lightning","Rip and Tear","Darkness","Darkness+1","Aggregate","Darkness","Buffer+1","BootSequence","Hologram+1","Static Discharge","Creative AI+1","Auto Shields","Core Surge","Aggregate+1","Conserve Battery+1","Turbo+1","Defragment+1","Coolheaded+1","Consume+1","Undo","Compile Driver","Compile Driver+1","Core Surge","Static Discharge","Barrage"],"relics":["Black Star","Bronze Scales","TungstenRod","Anchor","MealTicket","Lizard Tail","Omamori","Art of War","Busted Crown","Nilry\u0027s Codex","Meat on the Bone","PreservedInsect","Dream Catcher","DataDisk","Bag of Marbles","Bottled Flame","Symbiotic Virus","Calling Bell","Boot","Shuriken","Incense Burner","Vajra","MawBank","Ornamental Fan","Pen Nib","Centennial Puzzle","Nunchaku","Gremlin Horn","Bag of Preparation","Lee\u0027s Waffle","InkBottle","Orichalcum"],"acts_visited":["Exordium","TheCity","TheBeyond","TheEnding"],"potions_floor_usage":[6,16,21,24,28,37,42,42,55,55,55],"damage_taken":[{"damage":1.0,"enemies":"Cultist","floor":1.0,"turns":3.0},{"damage":4.0,"enemies":"Jaw Worm","floor":2.0,"turns":6.0},{"damage":1.0,"enemies":"2 Louse","floor":5.0,"turns":2.0},{"damage":20,"enemies":"3 Sentries","floor":6,"turns":7},{"damage":27,"enemies":"Lagavulin","floor":11,"turns":6},{"damage":19,"enemies":"Gremlin Nob","floor":13,"turns":3},{"damage":0,"enemies":"2 Fungi Beasts","floor":14,"turns":3},{"damage":10,"enemies":"Hexaghost","floor":16,"turns":9},{"damage":11,"enemies":"Shell Parasite","floor":18,"turns":4},{"damage":0,"enemies":"Chosen","floor":19,"turns":4},{"damage":26,"enemies":"3 Cultists","floor":21,"turns":6},{"damage":20,"enemies":"Slavers","floor":24,"turns":4},{"damage":8,"enemies":"Book of Stabbing","floor":28,"turns":4},{"damage":15,"enemies":"Snake Plant","floor":29,"turns":3},{"damage":5,"enemies":"Gremlin Leader","floor":30,"turns":5},{"damage":0,"enemies":"Chosen and Byrds","floor":31,"turns":4},{"damage":27,"enemies":"Automaton","floor":33,"turns":11},{"damage":0,"enemies":"3 Shapes","floor":35,"turns":5},{"damage":8,"enemies":"3 Darklings","floor":36,"turns":3},{"damage":26,"enemies":"Maw","floor":37,"turns":7},{"damage":5,"enemies":"Sphere and 2 Shapes","floor":39,"turns":4},{"damage":31,"enemies":"Giant Head","floor":40,"turns":7},{"damage":21,"enemies":"Reptomancer","floor":42,"turns":5},{"damage":22,"enemies":"Spire Growth","floor":44,"turns":6},{"damage":19,"enemies":"Transient","floor":45,"turns":5},{"damage":6,"enemies":"Jaw Worm Horde","floor":47,"turns":5},{"damage":5,"enemies":"Nemesis","floor":48,"turns":5},{"damage":20,"enemies":"Time Eater","floor":50,"turns":7},{"damage":48,"enemies":"Shield and Spear","floor":54,"turns":7},{"damage":48,"enemies":"The Heart","floor":55,"turns":5}],"seed_played":"7327760809761878300","potions_obtained":[{"floor":1.0,"key":"Strength Potion"},{"floor":11,"key":"Block Potion"},{"floor":13,"key":"Fire Potion"},{"floor":16,"key":"LiquidMemories"},{"floor":21,"key":"PowerPotion"},{"floor":24,"key":"Weak Potion"},{"floor":29,"key":"Strength Potion"},{"floor":33,"key":"EssenceOfSteel"},{"floor":36,"key":"GamblersBrew"},{"floor":39,"key":"SkillPotion"},{"floor":44,"key":"LiquidMemories"},{"floor":47,"key":"Energy Potion"}],"is_trial":false,"path_per_floor":["M","M","?","$","M","E","?","R","T","?","E","R","E","M","R","B",null,"M","M","?","M","?","R","E","$","T","R","E","M","E","M","R","B",null,"M","M","M","?","M","E","?","E","T","M","M","$","M","E","R","B",null,"R","$","E","B"],"character_chosen":"DEFECT","items_purchased":["Ball Lightning","Block Potion","Static Discharge","Consume","LiquidBronze","Undo","Compile Driver","Bag of Preparation","Core Surge","Static Discharge","Lee\u0027s Waffle"],"campfire_rested":3,"item_purchase_floors":[4,4,25,46,46,46,46,53,53,53,53],"current_hp_per_floor":[67,63,48,48,47,27,17,39,39,37,10,32,13,13,13,3,57,46,46,46,20,8,30,10,25,25,25,29,26,33,45,45,30,64,64,56,42,42,49,30,30,21,21,49,42,57,51,46,46,38,66,66,82,46,0,0],"gold":91,"neow_bonus":"BOSS_RELIC","is_daily":false,"chose_seed":false,"campfire_upgraded":4,"win_rate":0.0,"timestamp":1611922796,"path_taken":["M","?","?","?","?","E","?","R","T","?","E","R","E","M","R","BOSS","M","M","?","M","?","R","E","?","T","R","E","M","E","?","R","BOSS","M","M","M","?","M","E","?","E","T","M","M","$","M","E","R","BOSS","R","$","E","BOSS"],"items_purchased_type":["Card","Potion","Card","Card","Potion","Card","Card","Relic","Card","Card","Relic"],"build_version":"2020-12-22","purchased_purges":3,"victory":false,"max_hp_per_floor":[75,75,75,75,75,75,75,75,75,75,75,75,75,75,75,75,75,75,75,75,75,75,75,75,75,75,75,75,75,75,75,75,75,75,75,75,75,75,75,75,75,75,75,75,75,75,75,75,75,75,75,75,82,82,82,82],"relic_stats":{"Lee\u0027s Waffle":7,"Gremlin Horn":[1,1],"counters":[30,155],"PreservedInsect":382,"Pen Nib":[3],"Bag of Preparation":[4],"Orichalcum":[18],"Boot":[23],"MawBank":72,"Lizard Tail":37,"Dream Catcher":0,"Centennial Puzzle":[21],"Nunchaku":[1],"Busted Crown":42,"Shuriken":[3],"Ornamental Fan":[8],"Bronze Scales":[487],"MealTicket":39,"Black Star":10,"Art of War":[30],"obtain_stats":[{"Gremlin Horn":48,"Nilry\u0027s Codex":22,"Vajra":40,"Incense Burner":34,"Bag of Preparation":53,"Boot":34,"Lizard Tail":11,"Dream Catcher":26,"Centennial Puzzle":43,"Nunchaku":48,"MealTicket":11,"Cracked Core":0,"InkBottle":54,"Lee\u0027s Waffle":53,"PreservedInsect":24,"Pen Nib":42,"Omamori":13,"Orichalcum":54,"MawBank":40,"Calling Bell":34,"Anchor":10,"DataDisk":28,"Bottled Flame":30,"Busted Crown":17,"Shuriken":34,"Ornamental Fan":42,"Bronze Scales":6,"Black Star":0,"Art of War":13,"Bag of Marbles":28,"Symbiotic Virus":30,"TungstenRod":6,"Meat on the Bone":24},{"Gremlin Horn":27,"Nilry\u0027s Codex":11,"Vajra":22,"Incense Burner":17,"Bag of Preparation":28,"Boot":17,"Lizard Tail":5,"Dream Catcher":12,"Centennial Puzzle":23,"Nunchaku":27,"MealTicket":5,"Cracked Core":0,"InkBottle":29,"Lee\u0027s Waffle":28,"PreservedInsect":12,"Pen Nib":23,"Omamori":6,"Orichalcum":29,"MawBank":22,"Calling Bell":17,"Anchor":4,"DataDisk":13,"Bottled Flame":15,"Busted Crown":8,"Shuriken":17,"Ornamental Fan":23,"Bronze Scales":4,"Black Star":0,"Art of War":6,"Bag of Marbles":13,"Symbiotic Virus":15,"TungstenRod":4,"Meat on the Bone":12},{"Gremlin Horn":136,"Nilry\u0027s Codex":53,"Vajra":110,"Incense Burner":84,"Bag of Preparation":143,"Boot":84,"Lizard Tail":24,"Dream Catcher":57,"Centennial Puzzle":115,"Nunchaku":136,"MealTicket":24,"Cracked Core":0,"InkBottle":150,"Lee\u0027s Waffle":143,"PreservedInsect":57,"Pen Nib":115,"Omamori":27,"Orichalcum":150,"MawBank":110,"Calling Bell":84,"Anchor":18,"DataDisk":61,"Bottled Flame":69,"Busted Crown":39,"Shuriken":84,"Ornamental Fan":115,"Bronze Scales":18,"Black Star":0,"Art of War":27,"Bag of Marbles":61,"Symbiotic Virus":69,"TungstenRod":18,"Meat on the Bone":57}],"TungstenRod":79,"InkBottle":[1],"Meat on the Bone":156},"card_choices":[{"not_picked":["Steam","Streamline"],"picked":"Chaos","floor":1.0},{"not_picked":["Redo","Recycle"],"picked":"Chaos","floor":2.0},{"not_picked":["Conserve Battery","Steam Power"],"picked":"Rip and Tear","floor":5.0},{"not_picked":["Hologram","Go for the Eyes"],"picked":"Darkness","floor":6},{"not_picked":["FTL","BootSequence"],"picked":"Darkness","floor":11},{"not_picked":["Go for the Eyes","Beam Cell"],"picked":"Aggregate","floor":13},{"not_picked":["Skim","Streamline"],"picked":"Darkness","floor":14},{"not_picked":["Amplify","Hyperbeam"],"picked":"Buffer","floor":16},{"not_picked":[],"picked":"BootSequence","floor":18},{"not_picked":["Go for the Eyes"],"picked":"SKIP","floor":19},{"not_picked":["Streamline"],"picked":"SKIP","floor":21},{"not_picked":[],"picked":"Hologram+1","floor":24},{"not_picked":["Beam Cell"],"picked":"SKIP","floor":28},{"not_picked":[],"picked":"Creative AI","floor":29},{"not_picked":[],"picked":"Auto Shields","floor":30},{"not_picked":["Rebound"],"picked":"SKIP","floor":31},{"not_picked":[],"picked":"Core Surge","floor":33},{"not_picked":["Recycle"],"picked":"SKIP","floor":35},{"not_picked":[],"picked":"Aggregate+1","floor":36},{"not_picked":["Stack"],"picked":"SKIP","floor":37},{"not_picked":[],"picked":"Conserve Battery+1","floor":39},{"not_picked":[],"picked":"Turbo+1","floor":40},{"not_picked":["Rebound"],"picked":"SKIP","floor":42},{"not_picked":[],"picked":"Defragment+1","floor":44},{"not_picked":[],"picked":"Coolheaded+1","floor":45},{"not_picked":["Undo+1"],"picked":"SKIP","floor":47},{"not_picked":[],"picked":"Compile Driver+1","floor":48},{"not_picked":[],"picked":"Barrage","floor":54}],"player_experience":1073045,"relics_obtained":[{"floor":6,"key":"Bronze Scales"},{"floor":6,"key":"TungstenRod"},{"floor":11,"key":"MealTicket"},{"floor":11,"key":"Lizard Tail"},{"floor":13,"key":"Omamori"},{"floor":13,"key":"Art of War"},{"floor":22,"key":"Nilry\u0027s Codex"},{"floor":24,"key":"Meat on the Bone"},{"floor":24,"key":"PreservedInsect"},{"floor":26,"key":"Dream Catcher"},{"floor":28,"key":"DataDisk"},{"floor":28,"key":"Bag of Marbles"},{"floor":30,"key":"Bottled Flame"},{"floor":30,"key":"Symbiotic Virus"},{"floor":34,"key":"Boot"},{"floor":34,"key":"Shuriken"},{"floor":34,"key":"Incense Burner"},{"floor":40,"key":"Vajra"},{"floor":40,"key":"MawBank"},{"floor":42,"key":"Ornamental Fan"},{"floor":42,"key":"Pen Nib"},{"floor":43,"key":"Centennial Puzzle"},{"floor":48,"key":"Nunchaku"},{"floor":48,"key":"Gremlin Horn"},{"floor":54,"key":"InkBottle"},{"floor":54,"key":"Orichalcum"}],"event_choices":[{"damage_healed":0.0,"max_hp_gain":0.0,"max_hp_loss":0.0,"gold_gain":0.0,"event_name":"Shining Light","player_choice":"Entered Light","floor":3.0,"gold_loss":0.0,"damage_taken":15.0,"cards_upgraded":["Dualcast","Defend_B"]},{"damage_healed":0,"gold_gain":75,"player_choice":"Gather Gold","damage_taken":11,"max_hp_gain":0,"max_hp_loss":0,"event_name":"World of Goop","floor":7,"gold_loss":0},{"damage_healed":0,"gold_gain":0,"player_choice":"Success","damage_taken":3,"relics_obtained":["Anchor"],"max_hp_gain":0,"max_hp_loss":0,"event_name":"Scrap Ooze","floor":10,"gold_loss":0},{"damage_healed":0,"gold_gain":0,"player_choice":"Ignored","damage_taken":0,"max_hp_gain":0,"max_hp_loss":0,"event_name":"Ghosts","floor":20,"gold_loss":0},{"damage_healed":0,"gold_gain":0,"player_choice":"Obtained Book","damage_taken":16,"max_hp_gain":0,"max_hp_loss":0,"event_name":"Cursed Tome","floor":22,"gold_loss":0},{"damage_healed":0,"gold_gain":0,"player_choice":"Ignored","damage_taken":0,"max_hp_gain":0,"max_hp_loss":0,"event_name":"Tomb of Lord Red Mask","floor":38,"gold_loss":0},{"damage_healed":0,"gold_gain":275,"player_choice":"Desecrate","damage_taken":0,"max_hp_gain":0,"max_hp_loss":0,"event_name":"Golden Shrine","floor":41,"gold_loss":0,"cards_obtained":["Regret"]}],"is_beta":false,"boss_relics":[{"not_picked":["Empty Cage","Nuclear Battery"],"picked":"Busted Crown"},{"not_picked":["Pandora\u0027s Box","Snecko Eye"],"picked":"Calling Bell"}],"items_purged_floors":[25,46,53],"is_endless":false,"potions_floor_spawned":[1,11,13,16,21,24,29,33,36,39,44,47,54],"killed_by":"The Heart","ascension_level":6}}