{"host":"pigfart","time":1611905843,"event":{"mods":["BaseMod","Colored Map","Minty Spire (QoL Compilation)","Relic Stats","StSLib"],"gold_per_floor":[114,17,17,31,46,77,77,77,77,77,77,96,96,123,123,195,195,213,138,155,155,72,106,119,119,198,198,214,214,225,255,255,330,330,350,350,369,389,389,405,439,48,48,77,94,94,104,136,136,136,136,136,136,48,76,76,76],"floor_reached":56,"language":"ENG","playtime":2476,"items_purged":[],"score":2270,"play_id":"efde50e1-2ff1-46e5-8379-44c102138041","local_time":"20210129013723","is_ascension_mode":true,"campfire_choices":[{"data":"Terror","floor":7,"key":"SMITH"},{"floor":10,"key":"REST"},{"data":"Cloak And Dagger","floor":13,"key":"SMITH"},{"data":"Cloak And Dagger","floor":15,"key":"SMITH"},{"data":"Concentrate","floor":25,"key":"SMITH"},{"data":"Neutralize","floor":27,"key":"SMITH"},{"data":"Accuracy","floor":29,"key":"SMITH"},{"data":"Calculated Gamble","floor":32,"key":"SMITH"},{"floor":49,"key":"RECALL"},{"floor":53,"key":"REST"}],"circlet_count":0,"master_deck":["AscendersBane","Strike_G","Strike_G","Strike_G","Defend_G","Defend_G","Defend_G","Defend_G","Defend_G","Survivor","Neutralize+1","Cloak And Dagger+1","Cloak And Dagger+1","Escape Plan","Poisoned Stab","Terror+1","Endless Agony","Bullet Time","Blade Dance+1","Concentrate+1","Deflect","Accuracy+1","Calculated Gamble+1","Storm of Steel","Backflip+1","PiercingWail","Choke+1","Blur","Accuracy"],"relics":["Runic Pyramid","Tough Bandages","Dead Branch","StrikeDummy","WristBlade","Ornamental Fan","Mercury Hourglass","Orichalcum","Fusion Hammer","Regal Pillow","Tingsha","Sundial","Ice Cream","MealTicket","Du-Vu Doll"],"acts_visited":["Exordium","TheCity","TheBeyond","TheEnding"],"potions_floor_usage":[6,23,31,33,51,56],"damage_taken":[{"damage":1,"enemies":"Small Slimes","floor":1,"turns":5},{"damage":3,"enemies":"2 Louse","floor":4,"turns":3},{"damage":1,"enemies":"Jaw Worm","floor":5,"turns":4},{"damage":32,"enemies":"Gremlin Nob","floor":6,"turns":6},{"damage":0,"enemies":"Looter","floor":12,"turns":2},{"damage":9,"enemies":"Lagavulin","floor":14,"turns":6},{"damage":0,"enemies":"Slime Boss","floor":16,"turns":8},{"damage":0,"enemies":"3 Byrds","floor":18,"turns":7},{"damage":1,"enemies":"2 Thieves","floor":20,"turns":2},{"damage":0,"enemies":"Book of Stabbing","floor":23,"turns":2},{"damage":0,"enemies":"3 Cultists","floor":24,"turns":2},{"damage":0,"enemies":"Snake Plant","floor":28,"turns":2},{"damage":0,"enemies":"Sentry and Sphere","floor":30,"turns":2},{"damage":0,"enemies":"Slavers","floor":31,"turns":3},{"damage":14,"enemies":"Champ","floor":33,"turns":10},{"damage":0,"enemies":"3 Darklings","floor":35,"turns":3},{"damage":0,"enemies":"3 Shapes","floor":37,"turns":3},{"damage":0,"enemies":"Transient","floor":38,"turns":6},{"damage":0,"enemies":"3 Darklings","floor":40,"turns":2},{"damage":0,"enemies":"Nemesis","floor":41,"turns":3},{"damage":0,"enemies":"Giant Head","floor":44,"turns":2},{"damage":0,"enemies":"Spire Growth","floor":45,"turns":3},{"damage":0,"enemies":"Writhing Mass","floor":47,"turns":3},{"damage":0,"enemies":"Nemesis","floor":48,"turns":5},{"damage":9,"enemies":"Awakened One","floor":50,"turns":9},{"damage":25,"enemies":"Time Eater","floor":51,"turns":9},{"damage":40,"enemies":"Shield and Spear","floor":55,"turns":6},{"damage":36,"enemies":"The Heart","floor":56,"turns":2}],"seed_played":"4784986573319178007","potions_obtained":[{"floor":1,"key":"Ancient Potion"},{"floor":5,"key":"SmokeBomb"},{"floor":12,"key":"SkillPotion"},{"floor":23,"key":"SkillPotion"},{"floor":30,"key":"GhostInAJar"},{"floor":33,"key":"ColorlessPotion"},{"floor":41,"key":"Block Potion"},{"floor":47,"key":"CultistPotion"}],"is_trial":false,"path_per_floor":["M","$","?","M","M","E","R","?","T","R","?","M","R","E","R","B",null,"M","?","M","?","$","E","M","R","T","R","M","R","M","E","R","B",null,"M","?","M","M","?","M","E","$","T","E","M","T","M","E","R","B","B",null,"R","$","E","B"],"character_chosen":"THE_SILENT","items_purchased":["Cloak And Dagger","Escape Plan","Concentrate","Tingsha","Blur","Accuracy"],"campfire_rested":2,"item_purchase_floors":[2,2,22,42,42,54],"current_hp_per_floor":[58,58,63,60,59,27,27,20,20,41,41,41,41,32,32,32,61,61,61,60,60,60,60,60,60,60,60,60,60,60,60,60,46,65,65,65,65,65,65,65,65,65,65,65,65,65,65,65,65,56,31,58,67,67,27,0,0],"gold":76,"neow_bonus":"BOSS_RELIC","is_daily":false,"chose_seed":false,"campfire_upgraded":7,"win_rate":0.0,"timestamp":1611905843,"path_taken":["M","$","?","M","M","E","R","?","T","R","?","?","R","E","R","BOSS","M","?","M","?","$","E","M","R","T","R","M","R","M","E","R","BOSS","M","?","M","M","?","M","E","?","T","E","M","?","M","E","R","BOSS","BOSS","R","$","E","BOSS"],"items_purchased_type":["Card","Card","Card","Relic","Card","Card"],"build_version":"2020-12-18","purchased_purges":0,"victory":false,"max_hp_per_floor":[66,66,71,71,71,71,71,71,71,71,71,71,71,71,71,71,71,71,71,71,71,71,71,71,71,71,71,71,71,71,71,71,71,71,71,67,67,67,67,67,67,67,67,67,67,67,67,67,67,67,67,67,67,67,67,67,67],"relic_stats":{"Tough Bandages":[585],"Regal Pillow":0,"counters":[28,120],"Ornamental Fan":[344],"Sundial":[2],"Dead Branch":[321],"Tingsha":[232],"MealTicket":0,"Orichalcum":[6],"obtain_stats":[{"Ice Cream":46,"Regal Pillow":41,"Dead Branch":9,"Tingsha":42,"Orichalcum":31,"Mercury Hourglass":26,"Du-Vu Doll":55,"Tough Bandages":6,"WristBlade":17,"Ornamental Fan":23,"Sundial":44,"MealTicket":48,"Fusion Hammer":34,"StrikeDummy":14,"Ring of the Snake":0,"Runic Pyramid":0},{"Ice Cream":22,"Regal Pillow":20,"Dead Branch":4,"Tingsha":20,"Orichalcum":14,"Mercury Hourglass":11,"Du-Vu Doll":27,"Tough Bandages":4,"WristBlade":7,"Ornamental Fan":10,"Sundial":21,"MealTicket":24,"Fusion Hammer":15,"StrikeDummy":6,"Ring of the Snake":0,"Runic Pyramid":0},{"Ice Cream":86,"Regal Pillow":81,"Dead Branch":18,"Tingsha":81,"Orichalcum":54,"Mercury Hourglass":47,"Du-Vu Doll":118,"Tough Bandages":18,"WristBlade":34,"Ornamental Fan":45,"Sundial":83,"MealTicket":94,"Fusion Hammer":64,"StrikeDummy":26,"Ring of the Snake":0,"Runic Pyramid":0}],"Mercury Hourglass":[214]},"card_choices":[{"not_picked":["Flechettes","PiercingWail"],"picked":"Cloak And Dagger","floor":1},{"not_picked":["Outmaneuver","PiercingWail"],"picked":"Poisoned Stab","floor":4},{"not_picked":["Poisoned Stab","Outmaneuver","Escape Plan"],"picked":"SKIP","floor":5},{"not_picked":["Slice","Underhanded Strike"],"picked":"Terror","floor":6},{"not_picked":["Flying Knee","PiercingWail","Acrobatics"],"picked":"SKIP","floor":12},{"not_picked":["Night Terror","Caltrops"],"picked":"Endless Agony","floor":14},{"not_picked":["Storm of Steel","Grand Finale"],"picked":"Bullet Time","floor":16},{"not_picked":["Sucker Punch","Endless Agony","Deadly Poison"],"picked":"SKIP","floor":18},{"not_picked":["Deflect","Predator"],"picked":"Blade Dance+1","floor":20},{"not_picked":["Blade Dance","Heel Hook"],"picked":"Deflect","floor":23},{"not_picked":["Acrobatics","Backflip","Slice"],"picked":"SKIP","floor":24},{"not_picked":["Acrobatics","Dagger Spray"],"picked":"Accuracy","floor":28},{"not_picked":["Acrobatics","Expertise","Predator"],"picked":"SKIP","floor":30},{"not_picked":["Deadly Poison","Adrenaline"],"picked":"Calculated Gamble","floor":31},{"not_picked":["Envenom","Burst"],"picked":"Storm of Steel","floor":33},{"not_picked":["Underhanded Strike+1","Quick Slash"],"picked":"Backflip+1","floor":35},{"not_picked":["Outmaneuver+1","Reflex","Backflip"],"picked":"SKIP","floor":37},{"not_picked":["Outmaneuver","Deadly Poison","Infinite Blades"],"picked":"SKIP","floor":38},{"not_picked":["Underhanded Strike","Slice"],"picked":"PiercingWail","floor":40},{"not_picked":["Burst","Flying Knee"],"picked":"Choke+1","floor":41},{"not_picked":["Crippling Poison","Outmaneuver","Well Laid Plans"],"picked":"SKIP","floor":44},{"not_picked":["Quick Slash","Eviscerate","Dodge and Roll"],"picked":"SKIP","floor":45},{"not_picked":["Poisoned Stab","Deadly Poison+1","Endless Agony"],"picked":"SKIP","floor":47},{"not_picked":["Deadly Poison","Acrobatics","A Thousand Cuts"],"picked":"SKIP","floor":48},{"not_picked":["Setup+1","Quick Slash","Distraction"],"picked":"SKIP","floor":55}],"player_experience":2355044,"relics_obtained":[{"floor":6,"key":"Tough Bandages"},{"floor":9,"key":"Dead Branch"},{"floor":14,"key":"StrikeDummy"},{"floor":23,"key":"Ornamental Fan"},{"floor":26,"key":"Mercury Hourglass"},{"floor":31,"key":"Orichalcum"},{"floor":41,"key":"Regal Pillow"},{"floor":44,"key":"Sundial"},{"floor":46,"key":"Ice Cream"},{"floor":48,"key":"MealTicket"},{"floor":55,"key":"Du-Vu Doll"}],"event_choices":[{"damage_healed":0,"gold_gain":0,"player_choice":"Donut","damage_taken":0,"max_hp_gain":5,"max_hp_loss":0,"event_name":"Big Fish","floor":3,"gold_loss":0},{"cards_removed":["Strike_G"],"damage_healed":0,"gold_gain":0,"player_choice":"Card Removal","damage_taken":7,"max_hp_gain":0,"max_hp_loss":0,"event_name":"Golden Wing","floor":8,"gold_loss":0},{"damage_healed":0,"gold_gain":0,"player_choice":"Ignored","damage_taken":0,"max_hp_gain":0,"max_hp_loss":0,"event_name":"Liars Game","floor":11,"gold_loss":0},{"cards_removed":["Strike_G"],"damage_healed":0,"gold_gain":0,"player_choice":"Gave Gold","damage_taken":0,"max_hp_gain":0,"max_hp_loss":0,"event_name":"Beggar","floor":19,"gold_loss":75},{"damage_healed":0,"gold_gain":0,"player_choice":"Ignored","damage_taken":0,"max_hp_gain":0,"max_hp_loss":0,"event_name":"Cursed Tome","floor":21,"gold_loss":0},{"damage_healed":0,"gold_gain":0,"player_choice":"Max HP","damage_taken":0,"max_hp_gain":0,"max_hp_loss":4,"event_name":"Winding Halls","floor":36,"gold_loss":0},{"damage_healed":0,"gold_gain":0,"player_choice":"Ignored","damage_taken":0,"max_hp_gain":0,"max_hp_loss":0,"event_name":"Tomb of Lord Red Mask","floor":39,"gold_loss":0}],"is_beta":true,"boss_relics":[{"not_picked":["Coffee Dripper","Astrolabe"],"picked":"WristBlade"},{"not_picked":["Empty Cage","Velvet Choker"],"picked":"Fusion Hammer"}],"items_purged_floors":[],"is_endless":false,"potions_floor_spawned":[1,5,12,23,30,33,41,45,47],"killed_by":"The Heart","ascension_level":20}}