{"host":"yq854828l1wg20je","time":1611885238,"event":{"mods":["AchievementEnabler","BaseMod","Colored Powertips","Downfall","Hubris","Minty Spire (QoL Compilation)","Quick Restart","READ ME - Snecko Mod","Replay The Spire","StSLib","The Construct","The Cursed","The Disciple","The Senshi","The Servant 0.9.4"],"gold_per_floor":[116,128,128,138,156,156,184,184,211,221,221,233,268,112,112,247,247,291,291,62,96,96,159,196,212,212],"floor_reached":25,"language":"ENG","playtime":2706,"items_purged":["Delirium"],"score":258,"play_id":"f26ab83c-c17a-4aba-96c0-38f9b3bcf921","local_time":"20210128205357","is_ascension_mode":false,"campfire_choices":[{"data":"Quick Slash","floor":6,"key":"SMITH"},{"floor":8,"key":"REST"},{"floor":15,"key":"DIG"}],"circlet_count":0,"master_deck":["Defend_G","Defend_G","Defend_G","Defend_G","Survivor","Neutralize","Blade Dance","PiercingWail","Quick Slash","Quick Slash+1","Deflect","Predator","Backflip","Blade Dance","Finisher","After Image","Poisoned Stab","ReplayTheSpireMod:Scrap Shanks+1","Enlightenment","Enlightenment","Underhanded Strike","Bite","Bite","Bite","Bite","Bite","Predator","Infinite Blades"],"relics":["Ring of the Snake","Replay:Rubber Ducky","Snake Skull","Ring of Fangs","ReplayTheSpireMod:Ring of Addiction","Chameleon Ring","Potion Belt","Replay:Bandana","Blue Doll","construct:WeddingRing","Membership Card","Bag of Marbles"],"acts_visited":["Exordium","TheCity"],"potions_floor_usage":[13,16,21,23,24,24,25],"damage_taken":[{"damage":1,"enemies":"Cultist","floor":1,"turns":5},{"damage":0,"enemies":"Small Slimes","floor":2,"turns":4},{"damage":0,"enemies":"Jaw Worm","floor":4,"turns":4},{"damage":16,"enemies":"Lots of Slimes","floor":5,"turns":6},{"damage":19,"enemies":"Replay:BlueRogue","floor":7,"turns":6},{"damage":1,"enemies":"2 Fungi Beasts","floor":10,"turns":3},{"damage":2,"enemies":"Looter","floor":12,"turns":2},{"damage":43,"enemies":"Gremlin Nob","floor":13,"turns":6},{"damage":7,"enemies":"Slime Boss","floor":16,"turns":9},{"damage":3,"enemies":"Chosen","floor":18,"turns":4},{"damage":17,"enemies":"Shell Parasite","floor":21,"turns":11},{"damage":38,"enemies":"Replay:Snechameleon","floor":23,"turns":4},{"damage":24,"enemies":"Chosen and Byrds","floor":24,"turns":7},{"damage":12,"enemies":"3 Cultists","floor":25,"turns":4}],"seed_played":"-1907758152193772346","potions_obtained":[{"floor":4,"key":"Flashbang"},{"floor":5,"key":"Dexterity Potion"},{"floor":11,"key":"Swift Potion"},{"floor":11,"key":"Weak Potion"},{"floor":11,"key":"FearPotion"},{"floor":13,"key":"Milkshake"},{"floor":21,"key":"DuplicationPotion"},{"floor":23,"key":"SteroidPotion"},{"floor":24,"key":"champ:CounterPotion"}],"is_trial":false,"path_per_floor":["M","M","?","M","M","R","E","R","T","M","?","M","E","$","R","B",null,"M","?","$","M","?","E","M","M"],"character_chosen":"THE_SILENT","items_purchased":["Finisher","ReplayTheSpireMod:Scrap Shanks+1","Membership Card","Enlightenment"],"campfire_rested":1,"item_purchase_floors":[14,20,20,20],"current_hp_per_floor":[76,76,76,76,60,60,41,64,64,63,63,61,18,18,18,11,77,74,74,74,57,52,20,8,0,0],"gold":212,"neow_bonus":"TEN_PERCENT_HP_BONUS","is_daily":false,"chose_seed":false,"campfire_upgraded":1,"win_rate":0.0,"timestamp":1611885237,"path_taken":["M","?","?","?","?","R","E","R","T","M","?","M","E","?","R","BOSS","M","?","$","M","?","E","M","M"],"items_purchased_type":["Card","Card","Relic","Card"],"build_version":"2020-12-22","purchased_purges":1,"victory":false,"max_hp_per_floor":[77,77,77,77,77,77,77,77,77,77,77,77,77,77,77,77,77,77,77,75,75,52,52,52,52,52],"card_choices":[{"not_picked":["Prepared","Draining Mist"],"picked":"Blade Dance","floor":1},{"not_picked":["Deflect","hubris:SlightOfHand"],"picked":"PiercingWail","floor":2},{"not_picked":["ReplayTheSpireMod:Speed Training","Acrobatics"],"picked":"Quick Slash","floor":4},{"not_picked":["Prepared","Acrobatics"],"picked":"Quick Slash","floor":5},{"not_picked":["Reflex","PiercingWail"],"picked":"Deflect","floor":7},{"not_picked":["Flying Knee","Sucker Punch"],"picked":"Predator","floor":10},{"not_picked":["Skewer","Underhanded Strike"],"picked":"Backflip","floor":12},{"not_picked":["Quick Slash","PiercingWail"],"picked":"Blade Dance","floor":13},{"not_picked":["Wraith Form v2","ReplayTheSpireMod:From All Sides"],"picked":"After Image","floor":16},{"not_picked":["Bouncing Flask","ReplayTheSpireMod:Scrap Shanks"],"picked":"Poisoned Stab","floor":18},{"not_picked":["Blur","Prepared"],"picked":"Underhanded Strike","floor":21},{"not_picked":["Masterful Stab","Envenom"],"picked":"Predator","floor":23},{"not_picked":["PiercingWail","Deflect"],"picked":"Infinite Blades","floor":24}],"player_experience":22527,"relics_obtained":[{"floor":7,"key":"Replay:Rubber Ducky"},{"floor":9,"key":"Snake Skull"},{"floor":11,"key":"Ring of Fangs"},{"floor":11,"key":"ReplayTheSpireMod:Ring of Addiction"},{"floor":11,"key":"Chameleon Ring"},{"floor":11,"key":"Potion Belt"},{"floor":13,"key":"Replay:Bandana"},{"floor":15,"key":"Blue Doll"},{"floor":23,"key":"Bag of Marbles"}],"event_choices":[{"cards_removed":["Defend_G"],"damage_healed":0,"gold_gain":0,"player_choice":"Offered Basic","damage_taken":0,"max_hp_gain":0,"max_hp_loss":0,"event_name":"Bonfire Elementals","floor":3,"gold_loss":0},{"damage_healed":0,"gold_gain":0,"player_choice":"Ignored","damage_taken":0,"max_hp_gain":0,"max_hp_loss":0,"event_name":"Ghosts","floor":19,"gold_loss":0},{"damage_healed":0,"gold_gain":0,"player_choice":"Became a vampire","damage_taken":0,"max_hp_gain":0,"max_hp_loss":23,"event_name":"Vampires","floor":22,"gold_loss":0,"cards_obtained":["Bite","Bite","Bite","Bite","Bite"]}],"is_beta":false,"boss_relics":[{"not_picked":["hubris:RunicObelisk","Black Star"],"picked":"construct:WeddingRing"}],"items_purged_floors":[14],"is_endless":false,"potions_floor_spawned":[4,5,12,13,21,23,24],"killed_by":"3 Cultists","ascension_level":0}}