{"host":"qj91dvco5uhu9oti","time":1611951153,"event":{"mods":["BaseMod","Colored Map","Keyboard Shortcuts","Minty Spire (QoL Compilation)","Permanent Neow","Relic Stats","StSLib","SuperFastMode","everything is the same but u backflip on backflip"],"gold_per_floor":[117,32,44,119,69,69,16,16,16,30,30,60,60,71,71,71,71],"floor_reached":16,"language":"KOR","playtime":361,"items_purged":[],"score":98,"play_id":"b6dbdf1f-eaa2-4711-ad62-f0ac54a2f424","local_time":"20210130051233","is_ascension_mode":false,"campfire_choices":[{"data":"Prepared","floor":6.0,"key":"SMITH"},{"data":"Prepared","floor":8.0,"key":"SMITH"},{"data":"Neutralize","floor":11.0,"key":"SMITH"},{"data":"Survivor","floor":13,"key":"SMITH"},{"floor":15,"key":"RECALL"}],"circlet_count":0,"master_deck":["Strike_G","Strike_G","Strike_G","Strike_G","Defend_G","Defend_G","Defend_G","Defend_G","Defend_G","Survivor+1","Neutralize+1","Prepared+1","Prepared+1","A Thousand Cuts+1"],"relics":["Ring of the Snake","NeowsBlessing","Snake Skull","White Beast Statue","Bottled Tornado"],"acts_visited":["Exordium"],"potions_floor_usage":[],"damage_taken":[{"damage":0.0,"enemies":"Jaw Worm","floor":1.0,"turns":1.0},{"damage":0.0,"enemies":"Cultist","floor":3.0,"turns":1.0},{"damage":0.0,"enemies":"Small Slimes","floor":10.0,"turns":1.0},{"damage":44.0,"enemies":"3 Sentries","floor":12.0,"turns":12.0},{"damage":4,"enemies":"Looter","floor":14,"turns":4},{"damage":12,"enemies":"Hexaghost","floor":16,"turns":14}],"seed_played":"-8491288006076292145","potions_obtained":[{"floor":10.0,"key":"SkillPotion"},{"floor":12,"key":"GamblersBrew"},{"floor":14,"key":"SkillPotion"}],"is_trial":false,"path_per_floor":["M","?","M","?","?","R","$","R","T","M","R","E","R","M","R","B"],"character_chosen":"THE_SILENT","items_purchased":["Prepared"],"campfire_rested":0,"item_purchase_floors":[7],"current_hp_per_floor":[70,70,70,59,59,59,59,59,59,59,59,15,15,11,11,0,0],"gold":71,"neow_bonus":"THREE_ENEMY_KILL","is_daily":false,"chose_seed":false,"campfire_upgraded":4,"win_rate":0.0,"timestamp":1611951153,"path_taken":["M","?","?","?","?","R","$","R","T","M","R","E","R","M","R","BOSS"],"items_purchased_type":["Card"],"build_version":"2020-12-22","purchased_purges":0,"victory":false,"max_hp_per_floor":[70,70,70,70,70,70,70,70,70,70,70,70,70,70,70,70,70],"relic_stats":{"counters":[6,33],"Snake Skull":[0],"obtain_stats":[{"NeowsBlessing":0,"Snake Skull":2,"Bottled Tornado":12,"White Beast Statue":9,"Ring of the Snake":0},{"NeowsBlessing":0,"Snake Skull":1,"Bottled Tornado":4,"White Beast Statue":2,"Ring of the Snake":0},{"NeowsBlessing":0,"Snake Skull":1,"Bottled Tornado":15,"White Beast Statue":2,"Ring of the Snake":0}],"Ring of the Snake":[12]},"card_choices":[{"not_picked":["Dodge and Roll","Sucker Punch","Choke"],"picked":"SKIP","floor":1.0},{"not_picked":["Underhanded Strike","Dagger Throw"],"picked":"Prepared","floor":3.0},{"not_picked":["Dagger Throw","Poisoned Stab","Skewer"],"picked":"SKIP","floor":10.0},{"not_picked":["Flying Knee","Finisher","Catalyst"],"picked":"SKIP","floor":12},{"not_picked":["Slice","All Out Attack","Dagger Spray"],"picked":"SKIP","floor":14}],"player_experience":353358,"relics_obtained":[{"floor":9.0,"key":"White Beast Statue"},{"floor":12,"key":"Bottled Tornado"}],"event_choices":[{"damage_healed":0.0,"max_hp_gain":0.0,"max_hp_loss":0.0,"gold_gain":0.0,"event_name":"WeMeetAgain","player_choice":"Paid Gold","floor":2.0,"gold_loss":85.0,"damage_taken":0.0,"relics_obtained":["Snake Skull"]},{"damage_healed":0.0,"max_hp_gain":0.0,"max_hp_loss":0.0,"gold_gain":75.0,"event_name":"World of Goop","player_choice":"Gather Gold","floor":4.0,"gold_loss":0.0,"damage_taken":11.0},{"cards_removed":["Strike_G"],"damage_healed":0.0,"max_hp_gain":0.0,"max_hp_loss":0.0,"gold_gain":0.0,"event_name":"The Cleric","player_choice":"Card Removal","floor":5.0,"gold_loss":50.0,"damage_taken":0.0}],"is_beta":false,"boss_relics":[],"items_purged_floors":[],"is_endless":false,"potions_floor_spawned":[10,12,14],"killed_by":"Hexaghost","ascension_level":0}}