{"host":"95i1gxnztdrdyvhi","time":1611903812,"event":{"mods":["AchievementEnabler","Act Like it!","BaseMod","Downfall","Minty Spire (QoL Compilation)","Quick Restart","StSLib"],"gold_per_floor":[0,19,19,32,49,60,60,93,93,109,9,9,38,50,69,164,164,64,83,83,99,118,28,28,13,13,45,275,295,314,331,351,454,454,354,372,372,385,385,400,470,487,497,497,497,513,542,642,659,659,659,659],"floor_reached":50,"language":"ENG","playtime":3178,"items_purged":["bronze:Strike","bronze:Strike"],"score":637,"play_id":"499ea737-6c2f-4d9b-ad33-7aeaae2c6acf","local_time":"20210129070332","is_ascension_mode":false,"campfire_choices":[{"data":"Apotheosis","floor":1,"key":"SMITH"},{"floor":9,"key":"RECALL"},{"floor":11,"key":"DIG"},{"floor":18,"key":"DIG"},{"floor":26,"key":"DIG"},{"floor":35,"key":"DIG"},{"floor":45,"key":"DIG"}],"circlet_count":0,"master_deck":["bronze:Strike","bronze:Defend","bronze:Defend","bronze:Defend","bronze:Replicate","bronze:Goto","Apotheosis+1","bronze:Constructor","bronze:DazingPulse","bronze:Separator","bronze:Philosophize","bronze:FollowUp","bronze:CleanCode","bronze:MaxOutput+1","bronze:ClassDefault+1","bronze:ItsAFeature+1","bronze:HardenedForm","bronze:Repulsor+1","bronze:HardenedForm"],"relics":["bronze:BronzeCore","Shovel","downfall:HeartBlessingGreen","hexamod:Sixitude","Mummified Hand","downfall:HeartBlessingRed","Pen Nib","Anchor","Bronze Scales","Guardian:PocketSentry","SacredBark","downfall:HeartBlessingBlue","Orichalcum","Bottled Tornado","Gremlin Horn","hexamod:BolsterEngine","White Beast Statue"],"acts_visited":["Exordium","TheCity","TheBeyond"],"potions_floor_usage":[27],"damage_taken":[{"damage":1,"enemies":"2 Louse","floor":2,"turns":3},{"damage":0,"enemies":"2 Louse","floor":3,"turns":3},{"damage":1,"enemies":"Jaw Worm","floor":4,"turns":2},{"damage":1,"enemies":"Cultist","floor":5,"turns":4},{"damage":0,"enemies":"Red Slaver","floor":6,"turns":2},{"damage":18,"enemies":"Gremlin Nob","floor":8,"turns":4},{"damage":0,"enemies":"3 Louse","floor":10,"turns":4},{"damage":1,"enemies":"3 Sentries","floor":13,"turns":6},{"damage":4,"enemies":"Exordium Wildlife","floor":14,"turns":3},{"damage":0,"enemies":"Lots of Slimes","floor":15,"turns":3},{"damage":26,"enemies":"WA_ARCHETYPE_RETAIN","floor":16,"turns":8},{"damage":1,"enemies":"Chosen","floor":19,"turns":4},{"damage":1,"enemies":"Shelled Parasite and Fungi","floor":21,"turns":5},{"damage":0,"enemies":"Cultist and Chosen","floor":22,"turns":6},{"damage":0,"enemies":"downfall:FleeingMerchant","floor":23,"turns":4},{"damage":0,"enemies":"downfall:FleeingMerchant","floor":25,"turns":4},{"damage":0,"enemies":"Book of Stabbing","floor":27,"turns":3},{"damage":2,"enemies":"downfall:FleeingMerchant","floor":28,"turns":4},{"damage":9,"enemies":"Centurion and Healer","floor":29,"turns":4},{"damage":12,"enemies":"Snake Plant","floor":30,"turns":4},{"damage":1,"enemies":"Snecko","floor":31,"turns":5},{"damage":4,"enemies":"Centurion and Healer","floor":32,"turns":5},{"damage":0,"enemies":"DF_ARCHETYPE_CLAW","floor":33,"turns":6},{"damage":6,"enemies":"Orb Walker","floor":36,"turns":4},{"damage":1,"enemies":"3 Darklings","floor":38,"turns":5},{"damage":0,"enemies":"4 Shapes","floor":40,"turns":6},{"damage":18,"enemies":"Transient","floor":42,"turns":5},{"damage":19,"enemies":"Maw","floor":43,"turns":6},{"damage":0,"enemies":"Writhing Mass","floor":46,"turns":4},{"damage":1,"enemies":"Reptomancer","floor":47,"turns":5},{"damage":0,"enemies":"downfall:LadyInBlue","floor":48,"turns":5},{"damage":12,"enemies":"3 Darklings","floor":49,"turns":6},{"damage":53,"enemies":"IC_BLOCK_ARCHETYPE","floor":50,"turns":2}],"seed_played":"1524952911724679615","potions_obtained":[{"floor":2,"key":"bronze:BurnAndBuffPotion"},{"floor":10,"key":"BlessingOfTheForge"},{"floor":13,"key":"EssenceOfSteel"},{"floor":27,"key":"Fruit Juice"},{"floor":30,"key":"bronze:CleanCodePotion"},{"floor":47,"key":"bronze:BuildAFunctionPotion"}],"is_trial":false,"path_per_floor":["R","M","?","M","M","M","T","E","R","M","R","?","E","M","M","B",null,"R","M","?","M","M","$","T","$","R","E","$","M","M","M","M","B",null,"R","M","?","M","?","M","T","M","M","?","R","M","E","?","M","B"],"character_chosen":"THE_AUTOMATON","items_purchased":[],"campfire_rested":0,"item_purchase_floors":[],"current_hp_per_floor":[70,69,69,68,67,67,67,49,49,49,49,54,53,49,49,23,75,75,74,74,73,73,73,73,73,73,78,76,67,55,54,50,50,80,90,84,84,83,83,83,83,65,46,46,46,46,45,45,33,0,0,0],"gold":659,"neow_bonus":"RANDOM_COLORLESS_2","is_daily":false,"chose_seed":false,"campfire_upgraded":1,"win_rate":0.0,"timestamp":1611903812,"path_taken":["R","M","?","M","M","M","T","E","R","M","R","?","E","M","M","BOSS","R","M","?","M","?","$","T","$","R","E","?","M","M","M","M","BOSS","R","M","?","?","?","M","T","M","?","?","R","M","E","?","M","BOSS"],"items_purchased_type":[],"build_version":"2020-12-22","purchased_purges":2,"victory":false,"max_hp_per_floor":[70,70,70,70,70,70,70,70,70,70,70,75,75,75,75,75,75,75,75,75,75,75,75,75,75,75,80,80,80,80,80,80,80,80,90,90,90,90,90,90,90,90,90,90,90,90,90,90,90,90,90,90],"card_choices":[{"not_picked":["Secret Technique","Metamorphosis"],"picked":"Apotheosis","floor":0},{"not_picked":["bronze:CutThrough","bronze:Iterate"],"picked":"bronze:Constructor","floor":2},{"not_picked":[],"picked":"bronze:DazingPulse","floor":3},{"not_picked":["bronze:Repulsor","bronze:Frontload"],"picked":"bronze:Separator","floor":3},{"not_picked":["bronze:Constructor","bronze:Separator","bronze:BuggyMess"],"picked":"SKIP","floor":4},{"not_picked":["bronze:Shield","bronze:Repair","bronze:RecursiveStrike"],"picked":"SKIP","floor":5},{"not_picked":["bronze:Backtrace","bronze:Invalidate"],"picked":"bronze:Philosophize","floor":6},{"not_picked":["bronze:DelayedGuard","bronze:Return","bronze:DarkDash"],"picked":"SKIP","floor":8},{"not_picked":["bronze:Deprecate","bronze:DarkDash"],"picked":"bronze:FollowUp","floor":10},{"not_picked":["bronze:Iterate","bronze:Branch","bronze:WildBeam"],"picked":"SKIP","floor":13},{"not_picked":["bronze:Safeguard","bronze:Invalidate"],"picked":"bronze:CleanCode","floor":14},{"not_picked":["bronze:Separator","bronze:Frontload","bronze:OilSpill"],"picked":"SKIP","floor":15},{"not_picked":["bronze:Boost+1","bronze:OilSpill"],"picked":"bronze:MaxOutput+1","floor":19},{"not_picked":["bronze:DelayedGuard","bronze:DarkDash","bronze:Constructor+1"],"picked":"SKIP","floor":21},{"not_picked":["bronze:Overheat+1","bronze:Branch+1","bronze:Invalidate+1"],"picked":"SKIP","floor":22},{"not_picked":["bronze:WildBeam+1","bronze:Shield","bronze:ClassDefault"],"picked":"SKIP","floor":23},{"not_picked":["bronze:ItsAFeature","bronze:Turbo","bronze:DarkDash"],"picked":"SKIP","floor":25},{"not_picked":["bronze:Allocate","bronze:Boost+1","bronze:Iterate+1"],"picked":"SKIP","floor":27},{"not_picked":["bronze:Shield","bronze:Invalidate","bronze:WildBeam+1"],"picked":"SKIP","floor":28},{"not_picked":["bronze:SpaghettiCode","bronze:WildBeam+1","bronze:CloningBeam+1"],"picked":"SKIP","floor":29},{"not_picked":["bronze:WhirlingStrike","bronze:Iterate"],"picked":"bronze:ClassDefault+1","floor":30},{"not_picked":["bronze:BronzeArmor","bronze:DigitalCarnage+1"],"picked":"bronze:ItsAFeature+1","floor":31},{"not_picked":["bronze:DigitalCarnage","bronze:Invalidate","bronze:DelayedGuard"],"picked":"SKIP","floor":32},{"not_picked":["bronze:FindAndReplace","bronze:AlphaBuild"],"picked":"bronze:HardenedForm","floor":33},{"not_picked":["bronze:Return","bronze:DelayedSlice"],"picked":"bronze:Repulsor","floor":36},{"not_picked":["bronze:NullPointer+1","bronze:Shield","bronze:Branch"],"picked":"SKIP","floor":38},{"not_picked":["bronze:DelayedGuard+1","bronze:Shield+1","bronze:BronzeOrb+1"],"picked":"SKIP","floor":40},{"not_picked":["bronze:WildBeam+1","bronze:Deprecate"],"picked":"bronze:HardenedForm","floor":42},{"not_picked":["bronze:ItsAFeature","bronze:Frontload+1","bronze:Invalidate+1"],"picked":"SKIP","floor":43},{"not_picked":["bronze:FineTuning+1","bronze:ChildClass+1","bronze:Iterate+1"],"picked":"SKIP","floor":46},{"not_picked":["bronze:DelayedSlice","bronze:Repair","bronze:HyperBeam"],"picked":"SKIP","floor":47},{"not_picked":["bronze:Deprecate+1","bronze:BitShift+1","bronze:DarkDash"],"picked":"SKIP","floor":49}],"player_experience":842450,"relics_obtained":[{"floor":8,"key":"Shovel"},{"floor":11,"key":"hexamod:Sixitude"},{"floor":13,"key":"Mummified Hand"},{"floor":18,"key":"Pen Nib"},{"floor":24,"key":"Anchor"},{"floor":26,"key":"Bronze Scales"},{"floor":27,"key":"Guardian:PocketSentry"},{"floor":35,"key":"Orichalcum"},{"floor":41,"key":"Bottled Tornado"},{"floor":45,"key":"Gremlin Horn"},{"floor":47,"key":"hexamod:BolsterEngine"},{"floor":48,"key":"White Beast Statue"}],"event_choices":[{"damage_healed":0,"gold_gain":0,"player_choice":"Donut","damage_taken":0,"max_hp_gain":5,"max_hp_loss":0,"event_name":"Big Fish","floor":12,"gold_loss":0},{"cards_removed":["bronze:Strike"],"damage_healed":0,"gold_gain":0,"player_choice":"Offered Basic","damage_taken":0,"max_hp_gain":0,"max_hp_loss":0,"event_name":"Bonfire Elementals","floor":20,"gold_loss":0},{"damage_healed":0,"gold_gain":0,"player_choice":"Ignored","damage_taken":0,"max_hp_gain":0,"max_hp_loss":0,"event_name":"NoteForYourself","floor":37,"gold_loss":0},{"cards_removed":["bronze:Defend"],"damage_healed":0,"gold_gain":0,"player_choice":"Removed Skill","damage_taken":0,"max_hp_gain":0,"max_hp_loss":0,"event_name":"Falling","floor":44,"gold_loss":0}],"is_beta":false,"boss_relics":[{"not_picked":["Calling Bell","Fusion Hammer","bronze:MakeshiftBattery"]},{"not_picked":["Velvet Choker","Snecko Eye"],"picked":"SacredBark"}],"items_purged_floors":[23,28],"is_endless":false,"potions_floor_spawned":[2,10,13,14,16,27,30,31,32,33,36,43,46,47,49],"killed_by":"IC_BLOCK_ARCHETYPE","ascension_level":0}}