{"host":"cjhtzh7tp54jdfyv","time":1611905520,"event":{"mods":["AchievementEnabler","BaseMod","Colored Map","Colored Powertips","Curses Come First","DeckTracker","Minty Spire (QoL Compilation)","RNG Fix","Relic Sorter","Relic Stats","StSLib","UnlockEverythingMod","ojb\u0027s Better Paths Mod","ojb\u0027s Info Mod"],"gold_per_floor":[367,377,387,399,17,51,51,85,85,85,119,135,135,168,168,245,245,261,261,274,292,311,311,345,91,163,163,163,88,120,80,80,151,151,168,222,222,122,133,133,158,158,206,235,235,261,276,288,288,288,288,288,288,2,28,28],"floor_reached":57,"language":"ENG","playtime":8297,"items_purged":["Decay","Bite+1","Bite+1"],"score":2902,"play_id":"c5b3350c-3547-4296-bc34-ff637509b6cd","local_time":"20210129023200","is_ascension_mode":true,"campfire_choices":[{"data":"Envenom","floor":7.0,"key":"SMITH"},{"floor":15.0,"key":"REST"},{"data":"Ghostly","floor":23.0,"key":"SMITH"},{"data":"Burst","floor":28.0,"key":"SMITH"},{"data":"Tactician","floor":32.0,"key":"SMITH"},{"data":"Catalyst","floor":40.0,"key":"SMITH"},{"floor":42.0,"key":"RECALL"},{"data":"Wraith Form v2","floor":49.0,"key":"SMITH"},{"data":"Ghostly","floor":53.0,"key":"SMITH"}],"circlet_count":0,"master_deck":["AscendersBane","Defend_G","Defend_G","Defend_G","Defend_G","Defend_G","Survivor","Neutralize","Endless Agony","Noxious Fumes","Adrenaline","Finisher","Acrobatics","Underhanded Strike","Envenom+1","Tactician+1","Blade Dance","Backstab+1","Burst+1","Acrobatics","Ghostly+1","Ghostly+1","Ghostly","Blade Dance","Acrobatics","Backflip+1","Leg Sweep","Ghostly+1","Dramatic Entrance+1","Bite+1","Bite+1","Blade Dance","Wraith Form v2+1","Acrobatics","Underhanded Strike+1","PanicButton","PanicButton","Sadistic Nature","Catalyst+1","Concentrate","Prepared","PiercingWail","Venomology","Outmaneuver+1"],"relics":["Ring of the Snake","Happy Flower","Potion Belt","Letter Opener","Lizard Tail","Omamori","WarpedTongs","Juzu Bracelet","Molten Egg 2","Runic Pyramid","Centennial Puzzle","DollysMirror","Kunai","HoveringKite","Calipers","Tingsha","Torii","White Beast Statue","Snake Skull","Pocketwatch"],"acts_visited":["Exordium","TheCity","TheBeyond","TheEnding"],"potions_floor_usage":[56,56,56,56],"damage_taken":[{"damage":6.0,"enemies":"Jaw Worm","floor":1.0,"turns":7.0},{"damage":1.0,"enemies":"Cultist","floor":2.0,"turns":5.0},{"damage":5.0,"enemies":"2 Louse","floor":3.0,"turns":3.0},{"damage":0.0,"enemies":"Gremlin Gang","floor":4.0,"turns":7.0},{"damage":6.0,"enemies":"Gremlin Nob","floor":6.0,"turns":3.0},{"damage":6.0,"enemies":"Lagavulin","floor":8.0,"turns":5.0},{"damage":19.0,"enemies":"3 Sentries","floor":11.0,"turns":6.0},{"damage":7.0,"enemies":"2 Fungi Beasts","floor":12.0,"turns":3.0},{"damage":0.0,"enemies":"Gremlin Nob","floor":14.0,"turns":2.0},{"damage":14.0,"enemies":"The Guardian","floor":16.0,"turns":10.0},{"damage":6.0,"enemies":"2 Thieves","floor":18.0,"turns":3.0},{"damage":0.0,"enemies":"Spheric Guardian","floor":20.0,"turns":3.0},{"damage":0.0,"enemies":"Snake Plant","floor":21.0,"turns":3.0},{"damage":0.0,"enemies":"Chosen and Byrds","floor":22.0,"turns":4.0},{"damage":3.0,"enemies":"Book of Stabbing","floor":24.0,"turns":3.0},{"damage":5.0,"enemies":"Gremlin Leader","floor":30.0,"turns":6.0},{"damage":2.0,"enemies":"Champ","floor":33.0,"turns":11.0},{"damage":0.0,"enemies":"3 Darklings","floor":35.0,"turns":7.0},{"damage":9.0,"enemies":"2 Orb Walkers","floor":36.0,"turns":6.0},{"damage":0.0,"enemies":"3 Shapes","floor":39.0,"turns":4.0},{"damage":0.0,"enemies":"Mind Bloom Boss Battle","floor":41.0,"turns":6.0},{"damage":0.0,"enemies":"Reptomancer","floor":44.0,"turns":7.0},{"damage":1.0,"enemies":"Giant Head","floor":46.0,"turns":9.0},{"damage":0.0,"enemies":"Transient","floor":47.0,"turns":6.0},{"damage":0.0,"enemies":"4 Shapes","floor":48.0,"turns":3.0},{"damage":40.0,"enemies":"Time Eater","floor":50.0,"turns":16.0},{"damage":8.0,"enemies":"Donu and Deca","floor":51.0,"turns":14.0},{"damage":13.0,"enemies":"Shield and Spear","floor":55.0,"turns":12.0},{"damage":19,"enemies":"The Heart","floor":56,"turns":8}],"seed_played":"-6394167929547319595","potions_obtained":[{"floor":2.0,"key":"SmokeBomb"},{"floor":6.0,"key":"Dexterity Potion"},{"floor":8.0,"key":"Poison Potion"},{"floor":12.0,"key":"CunningPotion"},{"floor":14.0,"key":"Explosive Potion"},{"floor":18.0,"key":"ColorlessPotion"},{"floor":22.0,"key":"SkillPotion"},{"floor":31.0,"key":"Fruit Juice"},{"floor":31.0,"key":"SteroidPotion"},{"floor":31.0,"key":"PowerPotion"},{"floor":39.0,"key":"CunningPotion"},{"floor":44.0,"key":"PowerPotion"},{"floor":47.0,"key":"PowerPotion"},{"floor":48.0,"key":"DistilledChaos"},{"floor":55.0,"key":"Ancient Potion"}],"is_trial":false,"path_per_floor":["M","M","M","M","$","E","R","E","T","?","E","M","?","E","R","B",null,"M","?","M","M","M","R","E","$","T","?","R","?","E","?","R","B",null,"M","?","?","$","M","R","?","R","T","E","?","E","M","M","R","B","B",null,"R","$","E","B",null],"character_chosen":"THE_SILENT","items_purchased":["Potion Belt","AttackPotion","Acrobatics","Underhanded Strike","DollysMirror","Dramatic Entrance+1","Snake Skull"],"campfire_rested":1,"item_purchase_floors":[5,5,5,5,25,25,54],"current_hp_per_floor":[53,52,47,47,47,41,41,35,35,35,16,9,2,2,21,7,51,45,33,33,33,33,33,30,30,30,23,23,23,23,28,28,27,28,28,28,18,18,27,27,28,28,28,28,28,28,28,28,28,12,28,28,28,28,28,15],"gold":28,"neow_bonus":"TWO_FIFTY_GOLD","is_daily":false,"chose_seed":false,"campfire_upgraded":7,"win_rate":0.0,"timestamp":1611905520,"path_taken":["M","M","M","M","$","E","R","E","T","?","E","M","?","E","R","BOSS","M","?","M","M","M","R","E","$","T","?","R","?","E","?","R","BOSS","M","?","?","$","M","R","?","R","T","E","?","E","M","M","R","BOSS","BOSS","R","$","E","BOSS"],"items_purchased_type":["Relic","Potion","Card","Card","Relic","Card","Relic"],"build_version":"2020-12-22","purchased_purges":3,"victory":true,"max_hp_per_floor":[66,66,66,66,66,66,66,66,66,66,66,66,66,66,66,66,66,66,33,33,33,33,33,33,33,33,23,23,23,23,28,28,28,28,28,28,28,28,28,28,28,28,28,28,28,28,28,28,28,28,28,28,28,28,28,28],"relic_stats":{"Happy Flower":[36],"Torii":2,"counters":[29,182],"HoveringKite":[56],"Tingsha":[230],"Snake Skull":[28],"Juzu Bracelet":2,"Letter Opener":[604],"WarpedTongs":[152],"Lizard Tail":0,"Centennial Puzzle":[24],"Kunai":[79],"obtain_stats":[{"Potion Belt":5,"Calipers":36,"Happy Flower":30,"Torii":44,"HoveringKite":34,"Tingsha":41,"Snake Skull":54,"Omamori":9,"Juzu Bracelet":11,"Letter Opener":6,"White Beast Statue":46,"WarpedTongs":10,"Lizard Tail":8,"Centennial Puzzle":24,"DollysMirror":25,"Molten Egg 2":14,"Kunai":26,"Ring of the Snake":0,"Runic Pyramid":17,"Pocketwatch":55},{"Potion Belt":4,"Calipers":19,"Happy Flower":16,"Torii":22,"HoveringKite":17,"Tingsha":21,"Snake Skull":27,"Omamori":6,"Juzu Bracelet":7,"Letter Opener":5,"White Beast Statue":23,"WarpedTongs":6,"Lizard Tail":6,"Centennial Puzzle":15,"DollysMirror":15,"Molten Egg 2":9,"Kunai":15,"Ring of the Snake":0,"Runic Pyramid":10,"Pocketwatch":28},{"Potion Belt":22,"Calipers":97,"Happy Flower":73,"Torii":114,"HoveringKite":84,"Tingsha":107,"Snake Skull":162,"Omamori":30,"Juzu Bracelet":36,"Letter Opener":25,"White Beast Statue":123,"WarpedTongs":30,"Lizard Tail":30,"Centennial Puzzle":67,"DollysMirror":67,"Molten Egg 2":41,"Kunai":67,"Ring of the Snake":0,"Runic Pyramid":51,"Pocketwatch":174}],"Ring of the Snake":[61],"Pocketwatch":[1]},"card_choices":[{"not_picked":["Finisher","Underhanded Strike"],"picked":"Endless Agony","floor":1.0},{"not_picked":["Dodge and Roll","Cloak And Dagger"],"picked":"Noxious Fumes","floor":2.0},{"not_picked":["Bane","Flechettes"],"picked":"Adrenaline","floor":3.0},{"not_picked":["Catalyst","Sucker Punch"],"picked":"Finisher","floor":4.0},{"not_picked":["Outmaneuver","Dagger Throw"],"picked":"Envenom","floor":6.0},{"not_picked":["PiercingWail","Heel Hook","Flechettes"],"picked":"SKIP","floor":8.0},{"not_picked":["Blur","Deadly Poison"],"picked":"Tactician","floor":11.0},{"not_picked":["Dagger Spray","All Out Attack"],"picked":"Blade Dance","floor":12.0},{"not_picked":["Caltrops","Acrobatics"],"picked":"Backstab+1","floor":14.0},{"not_picked":["Adrenaline","Grand Finale+1"],"picked":"Burst","floor":16.0},{"not_picked":["Choke+1","Infinite Blades"],"picked":"Acrobatics","floor":18.0},{"not_picked":["Eviscerate+1","Finisher+1"],"picked":"Blade Dance","floor":20.0},{"not_picked":["Bane+1","Flying Knee+1"],"picked":"Acrobatics","floor":21.0},{"not_picked":["Poisoned Stab+1","Finisher+1"],"picked":"Backflip+1","floor":22.0},{"not_picked":["Setup","Dodge and Roll"],"picked":"Leg Sweep","floor":24.0},{"not_picked":["Bane+1","Quick Slash+1"],"picked":"Blade Dance","floor":30.0},{"not_picked":["Die Die Die+1","Bullet Time"],"picked":"Wraith Form v2","floor":33.0},{"not_picked":["Dash+1","Blur"],"picked":"Acrobatics","floor":35.0},{"not_picked":["Poisoned Stab+1","Dagger Spray+1"],"picked":"Underhanded Strike+1","floor":36.0},{"not_picked":["Forethought","Impatience"],"picked":"PanicButton","floor":37.0},{"not_picked":["Blind","Purity"],"picked":"PanicButton","floor":37.0},{"not_picked":["HandOfGreed+1","Enlightenment"],"picked":"Sadistic Nature","floor":37.0},{"not_picked":["Eviscerate+1","Dagger Spray+1"],"picked":"Catalyst","floor":39.0},{"not_picked":["Dagger Spray+1","Endless Agony+1","Bane+1"],"picked":"SKIP","floor":44.0},{"not_picked":["Dash+1","Leg Sweep"],"picked":"Prepared","floor":46.0},{"not_picked":["Dagger Throw+1","Blade Dance"],"picked":"PiercingWail","floor":47.0},{"not_picked":["Bane+1","All Out Attack+1"],"picked":"Venomology","floor":48.0},{"not_picked":["PiercingWail","Cloak And Dagger"],"picked":"Outmaneuver+1","floor":55.0}],"player_experience":4575214,"relics_obtained":[{"floor":6.0,"key":"Letter Opener"},{"floor":8.0,"key":"Lizard Tail"},{"floor":9.0,"key":"Omamori"},{"floor":11.0,"key":"Juzu Bracelet"},{"floor":14.0,"key":"Molten Egg 2"},{"floor":24.0,"key":"Centennial Puzzle"},{"floor":26.0,"key":"Kunai"},{"floor":30.0,"key":"Happy Flower"},{"floor":36.0,"key":"Calipers"},{"floor":41.0,"key":"Tingsha"},{"floor":44.0,"key":"Torii"},{"floor":46.0,"key":"White Beast Statue"},{"floor":55.0,"key":"Pocketwatch"}],"event_choices":[{"damage_healed":0.0,"max_hp_gain":0.0,"max_hp_loss":0.0,"gold_gain":0.0,"event_name":"Accursed Blacksmith","player_choice":"Rummage","floor":10.0,"gold_loss":0.0,"damage_taken":0.0,"relics_obtained":["WarpedTongs"],"cards_obtained":["Pain"]},{"cards_removed":["Strike_G"],"damage_healed":0.0,"max_hp_gain":0.0,"max_hp_loss":0.0,"gold_gain":0.0,"event_name":"Golden Wing","player_choice":"Card Removal","floor":13.0,"gold_loss":0.0,"damage_taken":7.0},{"damage_healed":0.0,"max_hp_gain":0.0,"max_hp_loss":33.0,"gold_gain":0.0,"event_name":"Ghosts","player_choice":"Became a Ghost","floor":19.0,"gold_loss":0.0,"damage_taken":0.0,"cards_obtained":["Ghostly","Ghostly","Ghostly"]},{"damage_healed":0.0,"max_hp_gain":0.0,"max_hp_loss":10.0,"gold_gain":0.0,"event_name":"Vampires","player_choice":"Became a vampire","floor":27.0,"gold_loss":0.0,"damage_taken":0.0,"cards_obtained":["Bite","Bite","Bite","Bite","Bite"]},{"cards_removed":["Bite"],"damage_healed":0.0,"max_hp_gain":0.0,"max_hp_loss":0.0,"gold_gain":0.0,"event_name":"Beggar","player_choice":"Gave Gold","floor":29.0,"gold_loss":75.0,"damage_taken":0.0},{"damage_healed":0.0,"max_hp_gain":0.0,"max_hp_loss":0.0,"gold_gain":0.0,"event_name":"The Woman in Blue","player_choice":"Bought 3 Potions","floor":31.0,"gold_loss":0.0,"damage_taken":0.0},{"damage_healed":0.0,"max_hp_gain":0.0,"max_hp_loss":0.0,"gold_gain":0.0,"event_name":"Mysterious Sphere","player_choice":"Fight","floor":36.0,"gold_loss":0.0,"damage_taken":0.0},{"damage_healed":0.0,"max_hp_gain":0.0,"max_hp_loss":0.0,"gold_gain":0.0,"event_name":"SensoryStone","player_choice":"Memory 3","floor":37.0,"gold_loss":0.0,"damage_taken":10.0},{"damage_healed":0.0,"max_hp_gain":0.0,"max_hp_loss":0.0,"gold_gain":0.0,"event_name":"MindBloom","player_choice":"Fight","floor":41.0,"gold_loss":0.0,"damage_taken":0.0},{"damage_healed":0.0,"max_hp_gain":0.0,"max_hp_loss":0.0,"gold_gain":0.0,"event_name":"Match and Keep!","player_choice":"1 cards matched","floor":45.0,"gold_loss":0.0,"damage_taken":0.0,"cards_obtained":["Concentrate"]}],"is_beta":false,"boss_relics":[{"not_picked":["Ectoplasm","Fusion Hammer"],"picked":"Runic Pyramid"},{"not_picked":["Tiny House","Black Star"],"picked":"HoveringKite"}],"items_purged_floors":[5,38,54],"is_endless":false,"potions_floor_spawned":[2,6,8,12,14,18,22,39,44,46,47,48,55],"ascension_level":20}}