{"host":"clf2hd4adhiiw0zf","time":1611879991,"event":{"mods":["AchievementEnabler","BaseMod","Beaked The Cultist","Bestiary","Dark Map","Downfall","Gremlin Mod","Hermit","Jorbs\u0027s Wanderer Trilogy","Marisa????????","Minty Spire (QoL Compilation)","Shop Mod","StSLib","The Cursed","The Servant 0.9.4","Wide Potions"],"gold_per_floor":[99,112,97,197,254,254,254,288,298,309,329,360,360,535,546,546,546,546],"floor_reached":16,"language":"ENG","playtime":628,"items_purged":[],"score":110,"play_id":"d086bc6c-dc11-4d6b-a199-388305012338","local_time":"20210128172631","is_ascension_mode":false,"campfire_choices":[{"floor":13,"key":"RECALL"}],"circlet_count":0,"master_deck":["sneckomod:Strike","sneckomod:Strike","sneckomod:Strike","sneckomod:Defend","sneckomod:Defend","sneckomod:Defend","sneckomod:TailWhip","sneckomod:SnekBite","sneckomod:Unknown","sneckomod:DangerNoodle","Exhume","sneckomod:UnknownBlock","sneckomod:Unknown2Cost","sneckomod:DiceBlock","sneckomod:UnknownClassRED","sneckomod:ImprovisedAttack","sneckomod:UnknownUncommonPower","sneckomod:UnknownDraw","sneckomod:UnknownRarePower","sneckomod:UnlimitedRolls","Doubt","sneckomod:ImprovisedGuard"],"relics":["sneckomod:SneckoSoul","Guardian:GemstoneGun","sneckomod:SneckoCommon","Peace Pipe","Blood Vial"],"acts_visited":["Exordium"],"potions_floor_usage":[12,16],"damage_taken":[{"damage":0,"enemies":"Small Slimes","floor":2,"turns":2},{"damage":5,"enemies":"downfall:FleeingMerchant","floor":3,"turns":4},{"damage":14,"enemies":"Lagavulin Event","floor":5,"turns":4},{"damage":32,"enemies":"3 Sentries","floor":8,"turns":8},{"damage":0,"enemies":"Jaw Worm","floor":9,"turns":1},{"damage":0,"enemies":"Cultist","floor":10,"turns":2},{"damage":0,"enemies":"3 Louse","floor":11,"turns":2},{"damage":3,"enemies":"Gremlin Nob","floor":12,"turns":3},{"damage":10,"enemies":"Large Slime","floor":15,"turns":5},{"damage":3,"enemies":"SI_SHIV_ARCHETYPE","floor":16,"turns":2}],"seed_played":"670002794483752490","potions_obtained":[{"floor":5,"key":"Energy Potion"},{"floor":11,"key":"SkillPotion"}],"is_trial":false,"path_per_floor":["R","M","$","?","?","?","T","E","M","M","M","E","R","?","M","B"],"character_chosen":"THE_SNECKO","items_purchased":[],"campfire_rested":0,"item_purchase_floors":[],"current_hp_per_floor":[63,63,58,58,44,44,44,12,12,12,12,9,9,9,1,0,0,0],"gold":546,"neow_bonus":"THREE_RARE_CARDS","is_daily":false,"chose_seed":false,"campfire_upgraded":0,"win_rate":0.0,"timestamp":1611879991,"path_taken":["R","M","$","?","?","?","T","E","?","M","M","E","R","?","M","BOSS"],"items_purchased_type":[],"build_version":"2020-12-22","purchased_purges":0,"victory":false,"max_hp_per_floor":[90,90,90,90,90,90,90,90,90,90,90,90,90,90,90,90,90],"card_choices":[{"not_picked":["sneckomod:UnlimitedRolls","sneckomod:SerpentMind"],"picked":"sneckomod:DangerNoodle","floor":0},{"not_picked":["sneckomod:Unknown1Cost","sneckomod:SlitherStrike"],"picked":"sneckomod:UnknownBlock","floor":2},{"not_picked":["sneckomod:UnknownDraw","sneckomod:UnknownCommonSkill"],"picked":"sneckomod:Unknown2Cost","floor":3},{"not_picked":["sneckomod:QuickBite","sneckomod:MasterEye"],"picked":"sneckomod:DiceBlock","floor":5},{"not_picked":["sneckomod:DiceCrush","sneckomod:CheapStock"],"picked":"sneckomod:ImprovisedAttack","floor":8},{"not_picked":["sneckomod:SoulRoll","sneckomod:Nope"],"picked":"sneckomod:UnknownUncommonPower","floor":9},{"not_picked":["sneckomod:UnknownBlock","sneckomod:QuickMove"],"picked":"sneckomod:UnknownDraw","floor":10},{"not_picked":["sneckomod:QuickMove","sneckomod:UnknownUncommonPower"],"picked":"sneckomod:UnknownRarePower","floor":11},{"not_picked":["sneckomod:QuickBite","sneckomod:CheapStock"],"picked":"sneckomod:UnlimitedRolls","floor":12},{"not_picked":["sneckomod:UnknownUncommonAttack","sneckomod:Unknown1Cost"],"picked":"sneckomod:ImprovisedGuard","floor":15}],"player_experience":146374,"relics_obtained":[{"floor":7,"key":"sneckomod:SneckoCommon"},{"floor":8,"key":"Peace Pipe"},{"floor":12,"key":"Blood Vial"}],"event_choices":[],"is_beta":false,"boss_relics":[],"items_purged_floors":[],"is_endless":false,"potions_floor_spawned":[5,9,11],"killed_by":"SI_SHIV_ARCHETYPE","ascension_level":0}}