{"host":"Qube","time":1611887223,"event":{"mods":["AchievementEnabler","BaseMod","Colored Map","Colored Powertips","Highlight Path","Minty Spire (QoL Compilation)","Permanent Neow","Quick Restart","Random Character Button","StSLib"],"gold_per_floor":[113,113,113,127,127,154,154,167,167,201,201,151,186,202,202,307,307,317,227,239,253,266,294,294,327,327,16,33,33,33,50,50,152,152,172,172,172,187,206,206,236,236,236,262,262,279,309,325,325,325],"floor_reached":51,"language":"ENG","playtime":3620,"items_purged":[],"score":807,"play_id":"ab4bd880-66ac-430d-98fb-fea3ae27af3c","local_time":"20210128182703","is_ascension_mode":true,"campfire_choices":[{"data":"Hologram","floor":7.0,"key":"SMITH"},{"floor":11.0,"key":"REST"},{"data":"Sunder","floor":15.0,"key":"SMITH"},{"data":"FTL","floor":24.0,"key":"SMITH"},{"data":"Recycle","floor":29.0,"key":"SMITH"},{"data":"Multi-Cast","floor":32.0,"key":"SMITH"},{"data":"Echo Form","floor":40.0,"key":"SMITH"},{"data":"Skim","floor":42.0,"key":"SMITH"},{"data":"Madness","floor":45.0,"key":"SMITH"},{"data":"Electrodynamics","floor":49.0,"key":"SMITH"}],"circlet_count":0,"master_deck":["Strike_B+1","Defend_B","Defend_B","Defend_B","Zap+1","Dualcast","Tempest+1","Gash","Hologram+1","Reinforced Body","Recycle+1","Sunder+1","Go for the Eyes","Electrodynamics+1","Ball Lightning","Auto Shields","Gash+1","FTL+1","Gash+1","Multi-Cast+1","Echo Form+1","Madness+1","Skim+1","White Noise+1","Sweeping Beam+1","Parasite","Undo"],"relics":["Empty Cage","TungstenRod","Nunchaku","Sundial","Meat on the Bone","Matryoshka","Black Star","Bird Faced Urn","Art of War","Mango","Pantograph","Oddly Smooth Stone","WingedGreaves","Sozu","StrikeDummy","Cables","Lantern","Kunai","Bottled Tornado","White Beast Statue","Eternal Feather","Happy Flower"],"acts_visited":["Exordium","TheCity","TheBeyond"],"potions_floor_usage":[],"damage_taken":[{"damage":1.0,"enemies":"Jaw Worm","floor":1.0,"turns":4.0},{"damage":2.0,"enemies":"2 Louse","floor":4.0,"turns":2.0},{"damage":15.0,"enemies":"Gremlin Nob","floor":6.0,"turns":3.0},{"damage":0.0,"enemies":"Small Slimes","floor":8.0,"turns":2.0},{"damage":26.0,"enemies":"3 Sentries","floor":10.0,"turns":6.0},{"damage":3.0,"enemies":"Lagavulin","floor":13.0,"turns":6.0},{"damage":4.0,"enemies":"Exordium Wildlife","floor":14.0,"turns":3.0},{"damage":29.0,"enemies":"Slime Boss","floor":16.0,"turns":7.0},{"damage":6.0,"enemies":"Shell Parasite","floor":18.0,"turns":5.0},{"damage":9.0,"enemies":"Spheric Guardian","floor":20.0,"turns":3.0},{"damage":10.0,"enemies":"Snake Plant","floor":21.0,"turns":4.0},{"damage":0.0,"enemies":"Chosen and Byrds","floor":22.0,"turns":4.0},{"damage":25.0,"enemies":"Book of Stabbing","floor":23.0,"turns":5.0},{"damage":20.0,"enemies":"Slavers","floor":25.0,"turns":5.0},{"damage":10.0,"enemies":"Sentry and Sphere","floor":28.0,"turns":5.0},{"damage":9.0,"enemies":"Snake Plant","floor":31.0,"turns":5.0},{"damage":34.0,"enemies":"Automaton","floor":33.0,"turns":10.0},{"damage":4.0,"enemies":"3 Darklings","floor":35.0,"turns":5.0},{"damage":9.0,"enemies":"Orb Walker","floor":38.0,"turns":3.0},{"damage":5.0,"enemies":"Spire Growth","floor":39.0,"turns":4.0},{"damage":29.0,"enemies":"Giant Head","floor":41.0,"turns":7.0},{"damage":32.0,"enemies":"Reptomancer","floor":44.0,"turns":6.0},{"damage":3.0,"enemies":"Writhing Mass","floor":46.0,"turns":4.0},{"damage":14.0,"enemies":"Giant Head","floor":47.0,"turns":8.0},{"damage":10.0,"enemies":"Sphere and 2 Shapes","floor":48.0,"turns":2.0},{"damage":92.0,"enemies":"Awakened One","floor":50.0,"turns":10.0}],"seed_played":"9222068676914182511","potions_obtained":[{"floor":1.0,"key":"PowerPotion"},{"floor":6.0,"key":"Explosive Potion"},{"floor":16.0,"key":"GamblersBrew"},{"floor":20.0,"key":"DistilledChaos"},{"floor":22.0,"key":"SteroidPotion"},{"floor":28.0,"key":"Fire Potion"},{"floor":31.0,"key":"LiquidMemories"},{"floor":33.0,"key":"FearPotion"}],"is_trial":false,"path_per_floor":["M","?","?","M","T","E","R","M","T","E","R","?","E","M","R","B",null,"M","?","M","M","M","E","R","E","T","$","M","R","?","M","R","B",null,"M","?","?","M","M","R","E","R","T","E","R","M","E","M","R","B",null],"character_chosen":"DEFECT","items_purchased":["WingedGreaves"],"campfire_rested":1,"item_purchase_floors":[27],"current_hp_per_floor":[74,59,64,62,62,47,47,47,47,21,45,45,42,50,50,33,80,74,74,65,55,55,42,42,50,50,50,54,54,54,57,57,50,94,90,90,90,81,80,80,59,59,59,45,45,50,56,50,65,28],"gold":325,"neow_bonus":"BOSS_RELIC","is_daily":false,"chose_seed":false,"campfire_upgraded":9,"win_rate":0.0,"timestamp":1611887223,"path_taken":["M","?","?","M","?","E","R","M","T","E","R","?","E","M","R","BOSS","M","?","?","M","M","E","R","E","T","$","M","R","?","?","R","BOSS","M","?","?","?","M","R","E","R","T","E","R","M","E","M","R","BOSS"],"items_purchased_type":["Relic"],"build_version":"2020-12-18","purchased_purges":0,"victory":true,"max_hp_per_floor":[75,75,80,80,80,80,80,80,80,80,80,80,80,80,80,80,80,80,80,80,80,80,80,80,94,94,94,94,94,94,94,94,94,94,94,94,94,94,94,94,94,94,94,94,94,94,94,94,94,94],"card_choices":[{"not_picked":["Reprogram","Turbo"],"picked":"Tempest","floor":1.0},{"not_picked":["Hello World","Hologram"],"picked":"Gash","floor":4.0},{"not_picked":["Go for the Eyes","Turbo"],"picked":"Hologram","floor":6.0},{"not_picked":["Redo","Ball Lightning"],"picked":"Reinforced Body","floor":8.0},{"not_picked":["Loop","Rip and Tear"],"picked":"Recycle","floor":10.0},{"not_picked":["Force Field","Sweeping Beam"],"picked":"Sunder","floor":13.0},{"not_picked":["Turbo","Stack"],"picked":"Go for the Eyes","floor":14.0},{"not_picked":["Machine Learning","All For One"],"picked":"Electrodynamics","floor":16.0},{"not_picked":["Go for the Eyes","Cold Snap"],"picked":"Ball Lightning","floor":18.0},{"not_picked":["Turbo","Streamline"],"picked":"Auto Shields","floor":20.0},{"not_picked":["Lockon","Stack","Sunder"],"picked":"SKIP","floor":21.0},{"not_picked":["Compile Driver+1","Chill"],"picked":"Gash+1","floor":22.0},{"not_picked":["Turbo+1","Auto Shields"],"picked":"FTL","floor":23.0},{"not_picked":["Force Field","Consume+1","Doom and Gloom+1"],"picked":"SKIP","floor":25.0},{"not_picked":["Cold Snap","Consume","Sweeping Beam"],"picked":"SKIP","floor":28.0},{"not_picked":["Stack+1","Streamline"],"picked":"Multi-Cast","floor":31.0},{"not_picked":["Reboot","Machine Learning"],"picked":"Echo Form","floor":33.0},{"not_picked":["Barrage+1","Consume","FTL+1"],"picked":"SKIP","floor":35.0},{"not_picked":["Master of Strategy","Flash of Steel"],"picked":"Madness","floor":36.0},{"not_picked":["Blizzard","Coolheaded+1"],"picked":"Skim","floor":38.0},{"not_picked":["Stack+1","Aggregate"],"picked":"White Noise+1","floor":39.0},{"not_picked":["FTL","Defragment","Lockon+1"],"picked":"SKIP","floor":41.0},{"not_picked":["Redo+1","Static Discharge"],"picked":"Sweeping Beam+1","floor":44.0},{"not_picked":["Steam+1","Beam Cell+1"],"picked":"Undo","floor":46.0},{"not_picked":["Redo+1","Steam Power+1","Leap"],"picked":"SKIP","floor":47.0},{"not_picked":["Ball Lightning","Chaos","Tempest"],"picked":"SKIP","floor":48.0}],"player_experience":1003763,"relics_obtained":[{"floor":5.0,"key":"TungstenRod"},{"floor":6.0,"key":"Nunchaku"},{"floor":9.0,"key":"Sundial"},{"floor":10.0,"key":"Meat on the Bone"},{"floor":13.0,"key":"Matryoshka"},{"floor":23.0,"key":"Bird Faced Urn"},{"floor":23.0,"key":"Art of War"},{"floor":25.0,"key":"Mango"},{"floor":25.0,"key":"Pantograph"},{"floor":26.0,"key":"Oddly Smooth Stone"},{"floor":41.0,"key":"StrikeDummy"},{"floor":41.0,"key":"Cables"},{"floor":43.0,"key":"Lantern"},{"floor":43.0,"key":"Kunai"},{"floor":44.0,"key":"Bottled Tornado"},{"floor":44.0,"key":"White Beast Statue"},{"floor":47.0,"key":"Eternal Feather"},{"floor":47.0,"key":"Happy Flower"}],"event_choices":[{"damage_healed":0.0,"max_hp_gain":0.0,"max_hp_loss":0.0,"gold_gain":0.0,"event_name":"Shining Light","player_choice":"Entered Light","floor":2.0,"gold_loss":0.0,"damage_taken":15.0,"cards_upgraded":["Tempest","Zap"]},{"damage_healed":0.0,"max_hp_gain":5.0,"max_hp_loss":0.0,"gold_gain":0.0,"event_name":"Big Fish","player_choice":"Donut","floor":3.0,"gold_loss":0.0,"damage_taken":0.0},{"cards_removed":["Strike_B"],"damage_healed":0.0,"max_hp_gain":0.0,"max_hp_loss":0.0,"gold_gain":0.0,"event_name":"The Cleric","player_choice":"Card Removal","floor":12.0,"gold_loss":50.0,"damage_taken":0.0},{"cards_removed":["Strike_B"],"damage_healed":0.0,"max_hp_gain":0.0,"max_hp_loss":0.0,"gold_gain":0.0,"event_name":"Designer","player_choice":"Upgrade and Remove","floor":19.0,"gold_loss":90.0,"damage_taken":0.0,"cards_upgraded":["Strike_B"]},{"damage_healed":0.0,"max_hp_gain":0.0,"max_hp_loss":0.0,"gold_gain":0.0,"event_name":"Duplicator","player_choice":"Copied","floor":30.0,"gold_loss":0.0,"damage_taken":0.0,"cards_obtained":["Gash"]},{"damage_healed":0.0,"max_hp_gain":0.0,"max_hp_loss":0.0,"gold_gain":0.0,"event_name":"SensoryStone","player_choice":"Memory 1","floor":36.0,"gold_loss":0.0,"damage_taken":0.0},{"damage_healed":0.0,"max_hp_gain":0.0,"max_hp_loss":0.0,"gold_gain":0.0,"event_name":"Lab","player_choice":"Got Potions","floor":37.0,"gold_loss":0.0,"damage_taken":0.0}],"is_beta":true,"boss_relics":[{"not_picked":["Astrolabe","Pandora\u0027s Box"],"picked":"Black Star"},{"not_picked":["Tiny House","Calling Bell"],"picked":"Sozu"}],"items_purged_floors":[],"is_endless":false,"potions_floor_spawned":[1,6,16,20,22,28,31,33,35,39,46,47,48],"ascension_level":1}}