{"host":"KYO","time":1611921402,"event":{"mods":["ATMod(阿瑾Mod)","BaseMod","Minty Spire (QoL Compilation)","Permanent Neow","Replay The Spire","Shop Mod","StSLib","SuperFastMode","TestMod","[IsaacMod]以撒尖塔","【遗物卡牌】REMEMod"],"gold_per_floor":[112,112,112,112,112,112,139,139,164,199,199,209,220,251,251,380,380,405,405,419,334,365,396,423,461,487,333,362,390,440,440,440,440,440],"floor_reached":33,"language":"ZHS","playtime":1093,"items_purged":["Defend_G"],"score":1056,"play_id":"7caf229e-90dc-4879-8807-6156e18b9f18","local_time":"20210129195642","is_ascension_mode":true,"campfire_choices":[{"data":"Neutralize","floor":6.0,"key":"SMITH"},{"data":"Poisoned Stab","floor":8.0,"key":"SMITH"},{"data":"Survivor","floor":15.0,"key":"SMITH"},{"data":"Defend_G","floor":32.0,"key":"PURGE"}],"circlet_count":0,"master_deck":["AscendersBane","Strike_G+1","Strike_G+1","Strike_G+1","Strike_G+1","Strike_G+1","Defend_G+1","Defend_G+1","Defend_G","Survivor+1","Neutralize+1","AT_FamilyPortrait+1","Poisoned Stab+1","Malaise+1"],"relics":["HushsDoor","AT_ATBox","REME_ComplimentaryCards","testmod-TestBox","MoneyPower","testmod-AscensionHeart","Ring of Peace","Ring of Fury","ReplayTheSpireMod:TigerMarble","testmod-OneHitWonder","HornCleat","ChampionBelt","GuppysCollar","GuppysHead","StrikeDummy","Boot","PreservedInsect","Red Mask","ReplayTheSpireMod:Lightbulb","MerchantsRug","Chemical X","Golden Egg","BookOfRevelations","AT_ATBox"],"acts_visited":["Exordium","TheCity"],"potions_floor_usage":[33],"damage_taken":[{"damage":0.0,"enemies":"2 Louse","floor":1.0,"turns":4.0},{"damage":4.0,"enemies":"Gremlin Nob","floor":7.0,"turns":3.0},{"damage":2.0,"enemies":"Lagavulin","floor":10.0,"turns":5.0},{"damage":0.0,"enemies":"Jaw Worm","floor":12.0,"turns":1.0},{"damage":0.0,"enemies":"Small Slimes","floor":13.0,"turns":2.0},{"damage":0.0,"enemies":"Gremlin Nob","floor":14.0,"turns":4.0},{"damage":0.0,"enemies":"The Guardian","floor":16.0,"turns":11.0},{"damage":22.0,"enemies":"REME_1_Revenger","floor":18.0,"turns":4.0},{"damage":0.0,"enemies":"3 Byrds","floor":20.0,"turns":4.0},{"damage":0.0,"enemies":"Masked Bandits","floor":22.0,"turns":2.0},{"damage":0.0,"enemies":"Slavers","floor":23.0,"turns":1.0},{"damage":6.0,"enemies":"Book of Stabbing","floor":24.0,"turns":3.0},{"damage":0.0,"enemies":"Slavers","floor":28.0,"turns":3.0},{"damage":0.0,"enemies":"Gremlin Leader","floor":29.0,"turns":4.0},{"damage":38,"enemies":"Collector","floor":33,"turns":8}],"seed_played":"3308909462203039249","potions_obtained":[{"floor":1.0,"key":"Block Potion"},{"floor":10.0,"key":"Ancient Potion"},{"floor":14.0,"key":"Adrenaline Potion"},{"floor":23.0,"key":"Milkshake"},{"floor":29.0,"key":"Adrenaline Potion"}],"is_trial":false,"path_per_floor":["M","?","?","?","$","R","E","R","T","E","?","M","M","E","R","B",null,"M","?","M","?","?","M","E","$","T","$","M","E","?","?","R","B"],"character_chosen":"THE_SILENT","items_purchased":["GuppysCollar","GuppysHead","MerchantsRug","Chemical X"],"campfire_rested":0,"item_purchase_floors":[17,17,25,27],"current_hp_per_floor":[60,60,57,57,57,57,55,55,55,55,55,56,57,59,59,71,51,30,30,31,31,32,34,30,30,30,30,32,34,34,34,34,1,1],"gold":440,"neow_bonus":"BOSS_RELIC","is_daily":false,"chose_seed":false,"campfire_upgraded":3,"win_rate":0.0,"timestamp":1611921402,"path_taken":["M","?","?","?","?","R","E","R","T","E","?","M","M","E","R","BOSS","M","?","M","?","?","M","E","$","T","$","?","E","?","?","R","BOSS"],"items_purchased_type":["Relic","Relic","Relic","Relic"],"build_version":"2020-12-18","purchased_purges":1,"victory":false,"max_hp_per_floor":[66,66,66,66,66,66,67,67,67,68,68,68,68,69,69,74,51,52,52,52,52,52,53,54,54,54,54,55,56,56,56,56,56,56],"card_choices":[{"not_picked":["Slice","Hidden Blade"],"picked":"Poisoned Stab","floor":1.0},{"not_picked":["Wraith Form v2","Phantasmal Killer","ReplayTheSpireMod:Necrosis"],"picked":"SKIP","floor":7.0},{"not_picked":["Storm of Steel","Storm of Steel","Malaise"],"picked":"SKIP","floor":10.0},{"not_picked":["AT_ThistleTea","Dagger Spray","Bane"],"picked":"SKIP","floor":12.0},{"not_picked":["Quick Slash","Slice","Fluid Movement"],"picked":"SKIP","floor":13.0},{"not_picked":["Wraith Form v2","Die Die Die","ReplayTheSpireMod:Necrosis"],"picked":"SKIP","floor":14.0},{"not_picked":["ReplayTheSpireMod:From All Sides","Poison Darts"],"picked":"Atom Bomb","floor":16.0},{"not_picked":["REME_ShadowForm","Corpse Explosion","Tools of the Trade"],"picked":"SKIP","floor":18.0},{"not_picked":["Flying Knee+1","Underhanded Strike","Bane"],"picked":"SKIP","floor":20.0},{"not_picked":["Phantasmal Killer","REME_CopyPotion","AT_MyraUnstableElement"],"picked":"SKIP","floor":23.0},{"not_picked":["Poison Darts","Die Die Die"],"picked":"Atom Bomb","floor":24.0},{"not_picked":["Venomology","Night Terror"],"picked":"Malaise","floor":28.0},{"not_picked":["REME_LeechingPoison","Glass Knife","Storm of Steel"],"picked":"SKIP","floor":29.0}],"player_experience":701167,"relics_obtained":[{"floor":4.0,"key":"Ring of Peace"},{"floor":4.0,"key":"Ring of Fury"},{"floor":7.0,"key":"Replay:Bottled Eggs"},{"floor":9.0,"key":"ReplayTheSpireMod:TigerMarble"},{"floor":10.0,"key":"testmod-OneHitWonder"},{"floor":14.0,"key":"HornCleat"},{"floor":18.0,"key":"StrikeDummy"},{"floor":22.0,"key":"Red Mask"},{"floor":23.0,"key":"War Paint"},{"floor":24.0,"key":"ReplayTheSpireMod:Lightbulb"},{"floor":28.0,"key":"Golden Egg"},{"floor":29.0,"key":"BookOfRevelations"}],"event_choices":[{"damage_healed":0.0,"max_hp_gain":0.0,"max_hp_loss":0.0,"gold_gain":0.0,"event_name":"The Cleric","player_choice":"Leave","floor":2.0,"gold_loss":0.0,"damage_taken":0.0},{"damage_healed":0.0,"max_hp_gain":0.0,"max_hp_loss":0.0,"gold_gain":0.0,"event_name":"Match and Keep!","player_choice":"0 cards matched","floor":11.0,"gold_loss":0.0,"damage_taken":0.0,"cards_obtained":[]},{"damage_healed":0.0,"max_hp_gain":0.0,"max_hp_loss":0.0,"gold_gain":0.0,"event_name":"Addict","player_choice":"Obtained Relic","floor":21.0,"gold_loss":85.0,"damage_taken":0.0,"relics_obtained":["PreservedInsect"]},{"damage_healed":0.0,"max_hp_gain":0.0,"max_hp_loss":0.0,"gold_gain":0.0,"event_name":"Masked Bandits","player_choice":"Fought Bandits","floor":22.0,"gold_loss":0.0,"damage_taken":0.0},{"damage_healed":0.0,"max_hp_gain":0.0,"max_hp_loss":0.0,"gold_gain":50.0,"event_name":"Nest","player_choice":"Stole From Cult","floor":30.0,"gold_loss":0.0,"damage_taken":0.0},{"damage_healed":0.0,"max_hp_gain":0.0,"max_hp_loss":0.0,"gold_gain":0.0,"event_name":"给自己的盒子","player_choice":"Swap Relic","floor":31.0,"relics_lost":["War Paint"],"gold_loss":0.0,"damage_taken":0.0,"relics_obtained":["AT_ATBox"]}],"is_beta":true,"boss_relics":[{"not_picked":["Fusion Hammer","Runic Dome"],"picked":"ChampionBelt"},{"not_picked":[]}],"items_purged_floors":[25],"is_endless":false,"potions_floor_spawned":[1,10,14,23,29],"killed_by":"Collector","ascension_level":20}}