{"host":"0ricjaa7rfq9v76t","time":1611900060,"event":{"mods":["AchievementEnabler","Aspiration","BaseMod","Better Altar","Better Match","Better Sensory Stone","Better Skull","Better Vampires","BetterRewards","Colored Powertips","Downfall","Energized Spire","Highlight Path","Hubris","Infinite Spire","Minty Spire (QoL Compilation)","Quick Restart","Rare Cards Sparkle","Relic Sorter","Reliquary","Replay The Spire","StSLib","SuperFastMode","Synergy Search","The Cursed","The Disciple","The Jungle","The Marked","The Mystic","Uncapped"],"gold_per_floor":[112,131,161,161,177,177,212,212,265,318,328,356,369,385,385,489,489,500,520,520,520,539,539,568,568,593,47,47,159,159,170,170,265,265,278,278,295,308,308,308,8,8,8,8,20,40,71,92,92,114,114],"floor_reached":50,"language":"ENG","playtime":2790,"items_purged":["Strike_B","Defend_B"],"score":579,"play_id":"19be9ab4-38fe-4297-bed8-8c3e0488e2cd","local_time":"20210129140100","is_ascension_mode":false,"campfire_choices":[{"data":"Conserve Battery","floor":6.0,"key":"SMITH"},{"floor":15.0,"key":"REST"},{"floor":23.0,"key":"REST"},{"data":"hubris:Rewind","floor":30.0,"key":"SMITH"},{"floor":32.0,"key":"REST"},{"floor":40.0,"key":"REST"},{"floor":49.0,"key":"REST"}],"circlet_count":0,"master_deck":["Strike_B","Strike_B","Strike_B","Defend_B","Defend_B","Defend_B","Zap","Dualcast","Conserve Battery+1","Streamline+1","Gash","Storm","Heatsinks","Turbo","Storm","Leap","hubris:DoWhile","hubris:PowerSurge","Electrodynamics","Turbo","Gash+1","White Noise","hubris:Rewind+1","Scrape+1","Gash+1","Conserve Battery","Machine Learning","Turbo+1","hubris:PowerSurge","hubris:Fate","CommonCold","Gash","Time Bomb+1"],"relics":["Cracked Core","hubris:Icosahedron","infinitespire:Lychee Nut","infinitespire:PuzzleCube","Dream Catcher","Replay:Antivirus Software","reliquary:SharkskinSheath","aspiration:FetidBarrel","ReplayTheSpireMod:TigerMarble","Nunchaku","reliquary:TuningFork","Symbiotic Virus","Runic Capacitor","hubris:Backtick","Mummified Hand","hubris:EmptyBottle","Darkstone Periapt","Replay:Bandana"],"acts_visited":["Exordium","TheCity","TheBeyond"],"potions_floor_usage":[50,50,50],"damage_taken":[{"damage":7.0,"enemies":"Jaw Worm","floor":1.0,"turns":5.0},{"damage":0.0,"enemies":"2 Louse","floor":2.0,"turns":3.0},{"damage":1.0,"enemies":"Cultist","floor":5.0,"turns":3.0},{"damage":25.0,"enemies":"3 Sentries","floor":7.0,"turns":7.0},{"damage":0.0,"enemies":"Looter","floor":11.0,"turns":3.0},{"damage":7.0,"enemies":"Replay:BlueRogue","floor":12.0,"turns":6.0},{"damage":14.0,"enemies":"Exordium Wildlife","floor":13.0,"turns":4.0},{"damage":0.0,"enemies":"3 Louse","floor":14.0,"turns":2.0},{"damage":34.0,"enemies":"The Guardian","floor":16.0,"turns":6.0},{"damage":5.0,"enemies":"2 Thieves","floor":18.0,"turns":3.0},{"damage":3.0,"enemies":"Shell Parasite","floor":19.0,"turns":4.0},{"damage":23.0,"enemies":"Centurion and Healer","floor":22.0,"turns":4.0},{"damage":13.0,"enemies":"Gremlin Leader","floor":24.0,"turns":5.0},{"damage":9.0,"enemies":"Cultist and Chosen","floor":29.0,"turns":5.0},{"damage":23.0,"enemies":"Snake Plant","floor":31.0,"turns":4.0},{"damage":7.0,"enemies":"Collector","floor":33.0,"turns":7.0},{"damage":0.0,"enemies":"Orb Walker","floor":35.0,"turns":3.0},{"damage":24.0,"enemies":"3 Darklings","floor":37.0,"turns":4.0},{"damage":23.0,"enemies":"4 Shapes","floor":38.0,"turns":4.0},{"damage":0.0,"enemies":"Maw","floor":45.0,"turns":4.0},{"damage":17.0,"enemies":"3 Darklings","floor":46.0,"turns":4.0},{"damage":5.0,"enemies":"Giant Head","floor":47.0,"turns":5.0},{"damage":0.0,"enemies":"4 Shapes","floor":48.0,"turns":4.0},{"damage":51,"enemies":"Awakened One","floor":50,"turns":3}],"seed_played":"-1489511620278555081","potions_obtained":[{"floor":5.0,"key":"Elixir"},{"floor":7.0,"key":"champ:CounterPotion"},{"floor":11.0,"key":"SkillPotion"},{"floor":14.0,"key":"PotionOfCapacity"},{"floor":16.0,"key":"FocusPotion"},{"floor":22.0,"key":"Regen Potion"},{"floor":35.0,"key":"Dexterity Potion"},{"floor":37.0,"key":"champ:CounterPotion"}],"is_trial":false,"path_per_floor":["M","M","?","?","M","R","E","?","T","T","M","E","M","M","R","B",null,"M","M","?","AVR","M","R","E","?","T","$","$","M","R","M","R","B",null,"M","?","M","M","?","R","$","?","T","?","M","M","E","M","R","B"],"character_chosen":"DEFECT","items_purchased":["Conserve Battery","reliquary:TuningFork","Symbiotic Virus","Runic Capacitor","hubris:PowerSurge","hubris:EmptyBottle"],"campfire_rested":5,"item_purchase_floors":[0,27,27,27,41,41],"current_hp_per_floor":[68,68,38,38,42,42,23,23,23,23,28,27,19,22,38,10,56,51,54,54,54,34,50,44,44,44,44,44,41,41,34,50,49,56,56,56,35,18,18,34,34,19,19,25,31,20,21,27,45,0,0],"gold":114,"neow_bonus":"","is_daily":false,"chose_seed":false,"campfire_upgraded":2,"win_rate":0.0,"timestamp":1611900060,"path_taken":["M","M","?","?","?","R","E","?","T","?","M","E","M","M","R","BOSS","M","M","?","AVR","?","R","E","?","T","?","$","?","R","M","R","BOSS","M","?","?","M","?","R","?","?","T","?","?","M","E","M","R","BOSS"],"items_purchased_type":["Card","Relic","Relic","Relic","Card","Relic"],"build_version":"2020-12-22","purchased_purges":2,"victory":false,"max_hp_per_floor":[75,75,56,56,56,56,56,56,56,56,56,56,56,56,56,56,56,56,56,56,56,56,56,56,56,56,56,56,56,56,56,56,56,56,56,56,56,56,56,56,56,56,56,62,62,62,62,62,62,62,62],"card_choices":[{"not_picked":["Coolheaded","Steam"],"picked":"Streamline","floor":1.0},{"not_picked":["Ball Lightning","BootSequence"],"picked":"Gash","floor":2.0},{"not_picked":["Leap","Streamline"],"picked":"Storm","floor":5.0},{"not_picked":["Beam Cell","BootSequence"],"picked":"Heatsinks","floor":7.0},{"not_picked":["hubris:Ukulele","Barrage"],"picked":"Turbo","floor":11.0},{"not_picked":["Coolheaded","BootSequence"],"picked":"Storm","floor":12.0},{"not_picked":["BasicCrystalCard","Compile Driver"],"picked":"Leap","floor":13.0},{"not_picked":["Stack","ReplayTheSpireMod:Repulse"],"picked":"hubris:DoWhile","floor":14.0},{"not_picked":["Coolheaded","Leap"],"picked":"hubris:PowerSurge","floor":15.0},{"not_picked":["Creative AI","ReplayTheSpireMod:Fabricate Wheel"],"picked":"Electrodynamics","floor":16.0},{"not_picked":["Crystallizer","ReplayTheSpireMod:Calculation Training"],"picked":"Turbo","floor":18.0},{"not_picked":["Doom and Gloom","Amplify"],"picked":"Gash+1","floor":19.0},{"not_picked":["Leap","Hologram","Turbo"],"picked":"SKIP","floor":22.0},{"not_picked":["Conserve Battery","Beam Cell"],"picked":"Scrape+1","floor":23.0},{"not_picked":["hubris:SpecializedCircuitry","Redo","Go for the Eyes"],"picked":"SKIP","floor":24.0},{"not_picked":["Streamline","ReplaySort","Beam Cell"],"picked":"SKIP","floor":29.0},{"not_picked":["Beam Cell","Fusion"],"picked":"Gash+1","floor":31.0},{"not_picked":["Multi-Cast","Time Bomb"],"picked":"Conserve Battery","floor":32.0},{"not_picked":["hubris:SpecializedCircuitry","Seek"],"picked":"Machine Learning","floor":33.0},{"not_picked":["Reprogram","Hologram+1","BasicCrystalCard+1"],"picked":"SKIP","floor":35.0},{"not_picked":["BasicCrystalCard+1","Panic Button","FIFO Queue"],"picked":"SKIP","floor":37.0},{"not_picked":["Lockon","BasicCrystalCard+1","Coolheaded"],"picked":"SKIP","floor":38.0},{"not_picked":["Lockon","BasicCrystalCard+1","Coolheaded"],"picked":"SKIP","floor":38.0},{"not_picked":["Streamline","Stack+1"],"picked":"Turbo+1","floor":40.0},{"not_picked":["infinitespire:UltimateForm","hubris:Rewind"],"picked":"hubris:Fate","floor":42.0},{"not_picked":["Steam","Conserve Battery+1"],"picked":"Gash","floor":45.0},{"not_picked":["Turbo","Ball Lightning"],"picked":"Time Bomb+1","floor":46.0},{"not_picked":["aspiration:Polymerization","White Noise","Steam Power"],"picked":"SKIP","floor":47.0},{"not_picked":["Beam Cell","Barrage","Rebound"],"picked":"SKIP","floor":48.0}],"player_experience":243458,"relics_obtained":[{"floor":3.0,"key":"infinitespire:Lychee Nut"},{"floor":7.0,"key":"infinitespire:PuzzleCube"},{"floor":9.0,"key":"Dream Catcher"},{"floor":10.0,"key":"Replay:Antivirus Software"},{"floor":12.0,"key":"reliquary:SharkskinSheath"},{"floor":24.0,"key":"ReplayTheSpireMod:TigerMarble"},{"floor":26.0,"key":"Nunchaku"},{"floor":43.0,"key":"Darkstone Periapt"},{"floor":47.0,"key":"Replay:Bandana"}],"event_choices":[{"damage_healed":0.0,"max_hp_gain":0.0,"max_hp_loss":0.0,"gold_gain":0.0,"event_name":"Upgrade Shrine","player_choice":"Upgraded","floor":4.0,"gold_loss":0.0,"damage_taken":0.0,"cards_upgraded":["Streamline"]},{"damage_healed":0.0,"max_hp_gain":0.0,"max_hp_loss":0.0,"gold_gain":0.0,"event_name":"The Library","player_choice":"Read","floor":20.0,"gold_loss":0.0,"damage_taken":0.0,"cards_obtained":["White Noise"]},{"damage_healed":0.0,"max_hp_gain":0.0,"max_hp_loss":0.0,"gold_gain":0.0,"event_name":"Ghosts","player_choice":"Ignored","floor":25.0,"gold_loss":0.0,"damage_taken":0.0},{"damage_healed":0.0,"max_hp_gain":0.0,"max_hp_loss":0.0,"gold_gain":3.0,"event_name":"betterStone:BetterStone","player_choice":"1","floor":39.0,"gold_loss":0.0,"damage_taken":0.0}],"is_beta":false,"boss_relics":[{"not_picked":["Velvet Choker","Cursed Key","hubris:CrackedHourglass"]},{"not_picked":["aspiration:BursterCore","energizedSpire:UnstableMolecules"],"picked":"hubris:Backtick"}],"items_purged_floors":[21,41],"is_endless":false,"potions_floor_spawned":[5,7,11,14,16,22,24,29,35,37,45],"killed_by":"Awakened One","ascension_level":0}}