{"host":"o3n4et6u1y1w2h5j","time":1611893352,"event":{"mods":["AchievementEnabler","BaseMod","Minty Spire (QoL Compilation)","StSLib"],"gold_per_floor":[217,34,34,45,55,84,103,115,115,147,147,174,58,77,77,173,173,190,105,105,118,138,165,184,184,184],"floor_reached":25,"language":"ENG","playtime":1567,"items_purged":["Strike_G"],"score":325,"play_id":"843c415c-2b44-4cef-a807-336720e079fc","local_time":"20210128200912","is_ascension_mode":true,"campfire_choices":[{"floor":11,"key":"REST"},{"data":"Bouncing Flask","floor":15,"key":"SMITH"}],"circlet_count":0,"master_deck":["Strike_G","Strike_G","Strike_G","Strike_G","Defend_G","Defend_G","Defend_G","Defend_G","Defend_G","Survivor","Neutralize","Dagger Throw","PiercingWail","Acrobatics","Neutralize","Well Laid Plans","Blur","Deadly Poison","Bouncing Flask+1","Poisoned Stab","After Image","Backflip+1","Caltrops"],"relics":["Ring of the Snake","Membership Card","Bronze Scales","Oddly Smooth Stone","Ancient Tea Set","Eternal Feather","TwistedFunnel","Runic Pyramid","Nloth\u0027s Gift","Bag of Marbles"],"acts_visited":["Exordium","TheCity"],"potions_floor_usage":[6,10,12,22,23],"damage_taken":[{"damage":13,"enemies":"Jaw Worm","floor":1,"turns":7},{"damage":0,"enemies":"Cultist","floor":4,"turns":3},{"damage":0,"enemies":"Small Slimes","floor":5,"turns":3},{"damage":17,"enemies":"Gremlin Nob","floor":6,"turns":4},{"damage":18,"enemies":"Gremlin Gang","floor":7,"turns":4},{"damage":1,"enemies":"Lots of Slimes","floor":8,"turns":5},{"damage":4,"enemies":"Lagavulin","floor":10,"turns":6},{"damage":2,"enemies":"Gremlin Nob","floor":12,"turns":3},{"damage":0,"enemies":"Looter","floor":14,"turns":2},{"damage":0,"enemies":"Hexaghost","floor":16,"turns":8},{"damage":8,"enemies":"Shell Parasite","floor":18,"turns":5},{"damage":0,"enemies":"Spheric Guardian","floor":21,"turns":3},{"damage":0,"enemies":"3 Cultists","floor":22,"turns":5},{"damage":44,"enemies":"Gremlin Leader","floor":23,"turns":7},{"damage":0,"enemies":"Cultist and Chosen","floor":24,"turns":6},{"damage":18,"enemies":"Snecko","floor":25,"turns":2}],"seed_played":"-5740660611109253251","potions_obtained":[{"floor":4,"key":"Fire Potion"},{"floor":8,"key":"GhostInAJar"},{"floor":10,"key":"Fire Potion"},{"floor":14,"key":"Strength Potion"},{"floor":16,"key":"ColorlessPotion"},{"floor":21,"key":"FearPotion"},{"floor":22,"key":"DistilledChaos"}],"is_trial":false,"path_per_floor":["M","$","?","M","M","E","M","M","T","E","R","E","$","M","R","B",null,"M","?","?","M","M","E","M","M"],"character_chosen":"THE_SILENT","items_purchased":["PiercingWail","Membership Card","TwistedFunnel"],"campfire_rested":1,"item_purchase_floors":[2,2,13],"current_hp_per_floor":[57,57,57,57,57,40,22,21,21,17,38,36,36,36,48,48,70,62,62,62,62,62,18,18,0,0],"gold":184,"neow_bonus":"HUNDRED_GOLD","is_daily":false,"chose_seed":false,"campfire_upgraded":1,"win_rate":0.0,"timestamp":1611893352,"path_taken":["M","$","?","M","?","E","M","M","T","E","R","E","$","M","R","BOSS","M","?","?","M","M","E","?","M"],"items_purchased_type":["Card","Relic","Relic"],"build_version":"2020-12-22","purchased_purges":1,"victory":false,"max_hp_per_floor":[70,70,70,70,70,70,70,70,70,70,70,70,70,70,70,70,70,70,70,70,70,70,70,70,70,70],"card_choices":[{"not_picked":["Slice","Accuracy"],"picked":"Dagger Throw","floor":1},{"not_picked":["Backflip","PiercingWail"],"picked":"Well Laid Plans","floor":4},{"not_picked":["PiercingWail","Distraction","Infinite Blades"],"picked":"SKIP","floor":5},{"not_picked":["Bane","All Out Attack"],"picked":"Blur","floor":6},{"not_picked":["Cloak And Dagger","Sucker Punch"],"picked":"Deadly Poison","floor":7},{"not_picked":["Underhanded Strike","Dodge and Roll"],"picked":"Bouncing Flask","floor":8},{"not_picked":["PiercingWail","Flying Knee","Endless Agony"],"picked":"SKIP","floor":10},{"not_picked":["Skewer","Phantasmal Killer"],"picked":"Poisoned Stab","floor":12},{"not_picked":["Cloak And Dagger","Slice","Flying Knee"],"picked":"SKIP","floor":14},{"not_picked":["Die Die Die","A Thousand Cuts"],"picked":"After Image","floor":16},{"not_picked":["Slice","Flying Knee"],"picked":"Backflip+1","floor":18},{"not_picked":["Well Laid Plans","Sucker Punch"],"picked":"Caltrops","floor":21},{"not_picked":["Leg Sweep+1","Bouncing Flask","Slice+1"],"picked":"SKIP","floor":22},{"not_picked":["Prepared","Acrobatics+1","Masterful Stab"],"picked":"SKIP","floor":23},{"not_picked":["Night Terror","Dodge and Roll","Dagger Spray"],"picked":"SKIP","floor":24}],"player_experience":40019,"relics_obtained":[{"floor":6,"key":"Bronze Scales"},{"floor":9,"key":"Oddly Smooth Stone"},{"floor":10,"key":"Ancient Tea Set"},{"floor":12,"key":"Eternal Feather"},{"floor":23,"key":"Bag of Marbles"}],"event_choices":[{"damage_healed":0,"gold_gain":0,"player_choice":"2 cards matched","damage_taken":0,"max_hp_gain":0,"max_hp_loss":0,"event_name":"Match and Keep!","floor":3,"gold_loss":0,"cards_obtained":["Acrobatics","Neutralize"]},{"damage_healed":0,"gold_gain":0,"player_choice":"Obtained Relic","damage_taken":0,"relics_obtained":["Shuriken"],"max_hp_gain":0,"max_hp_loss":0,"event_name":"Addict","floor":19,"gold_loss":85},{"damage_healed":0,"gold_gain":0,"player_choice":"Traded Relic","damage_taken":0,"relics_obtained":["Nloth\u0027s Gift"],"max_hp_gain":0,"max_hp_loss":0,"event_name":"N\u0027loth","floor":20,"relics_lost":["Shuriken"],"gold_loss":0}],"is_beta":false,"boss_relics":[{"not_picked":["Ectoplasm","Philosopher\u0027s Stone"],"picked":"Runic Pyramid"}],"items_purged_floors":[13],"is_endless":false,"potions_floor_spawned":[4,8,10,14,16,21,22],"killed_by":"Snecko","ascension_level":2}}