{"host":"4u4xibnmtqpdl4qa","time":1611879986,"event":{"mods":["2.2 Compatiblity","AchievementEnabler","BaseMod","Colored Map","Colored Powertips","Curses Come First","DeckTracker","Highlight Path","Minty Spire (QoL Compilation)","Quick Restart","Rare Cards Sparkle","Relic Stats","Slay-I","StSLib","SuperFastMode","Waifu the Spire"],"gold_per_floor":[118,131,148,148,148,148,148,484,507,551,571,571,595,619,619,745,745,765,212,228,228,253,253,268,268,268,268,311,311,334,353,353,353,353],"floor_reached":33,"language":"ENG","playtime":1654,"items_purged":[],"score":307,"play_id":"c75d2d51-ac2e-433c-b921-2edda3d96f84","local_time":"20210129012626","is_ascension_mode":true,"campfire_choices":[{"floor":6.0,"key":"REST"},{"floor":12,"key":"REST"},{"floor":15,"key":"REST"},{"floor":23,"key":"REST"},{"floor":25,"key":"REST"},{"data":"Demon Form","floor":29,"key":"SMITH"},{"floor":32,"key":"REST"}],"circlet_count":0,"master_deck":["Defend_R","Defend_R","Defend_R","Bash","Pommel Strike+1","Flex","True Grit","Inflame","Heavy Blade","Metallicize","Cleave","Demon Form+1","Double Tap+1","Dropkick+1","Heavy Blade+1","Feel No Pain+1","Dark Embrace","True Grit","Pummel","Spot Weakness","Metallicize","Impervious","Seeing Red"],"relics":["Empty Cage","Golden Idol","Girya","Old Coin","Bag of Marbles","Red Skull","Astrolabe","Vajra","HandDrill","Mango","Lantern","MealTicket"],"acts_visited":["Exordium","TheCity"],"potions_floor_usage":[11,14,24,28,28],"damage_taken":[{"damage":1.0,"enemies":"Cultist","floor":1.0,"turns":4.0},{"damage":0.0,"enemies":"2 Louse","floor":2.0,"turns":3.0},{"damage":2.0,"enemies":"Jaw Worm","floor":3.0,"turns":3.0},{"damage":17.0,"enemies":"Gremlin Nob","floor":8.0,"turns":4.0},{"damage":32,"enemies":"3 Sentries","floor":10,"turns":11},{"damage":0,"enemies":"Gremlin Gang","floor":11,"turns":3},{"damage":13,"enemies":"Red Slaver","floor":13,"turns":4},{"damage":12,"enemies":"Lots of Slimes","floor":14,"turns":4},{"damage":34,"enemies":"Hexaghost","floor":16,"turns":8},{"damage":22,"enemies":"2 Thieves","floor":18,"turns":3},{"damage":11,"enemies":"3 Byrds","floor":20,"turns":6},{"damage":41,"enemies":"Snecko","floor":22,"turns":5},{"damage":12,"enemies":"Snake Plant","floor":24,"turns":2},{"damage":11,"enemies":"Gremlin Leader","floor":28,"turns":6},{"damage":43,"enemies":"3 Cultists","floor":30,"turns":7},{"damage":19,"enemies":"Centurion and Healer","floor":31,"turns":5},{"damage":69,"enemies":"Collector","floor":33,"turns":5}],"seed_played":"4510811535214879484","potions_obtained":[{"floor":2.0,"key":"SpeedPotion"},{"floor":10,"key":"Explosive Potion"},{"floor":13,"key":"FairyPotion"},{"floor":14,"key":"Ancient Potion"},{"floor":22,"key":"EssenceOfSteel"},{"floor":24,"key":"Block Potion"}],"is_trial":false,"path_per_floor":["M","M","M","?","?","R","T","E","T","E","M","R","M","M","R","B",null,"M","$","M","T","M","R","M","R","T","?","E","R","M","M","R","B"],"character_chosen":"IRONCLAD","items_purchased":["Vajra","Dark Embrace","CultistPotion","HandDrill","True Grit","Pummel"],"campfire_rested":6,"item_purchase_floors":[19,19,19,19,19,19],"current_hp_per_floor":[79,79,77,61,41,65,65,48,48,16,16,40,27,15,39,5,80,58,58,47,61,20,48,36,64,64,64,53,53,10,19,47,0,0],"gold":353,"neow_bonus":"BOSS_RELIC","is_daily":false,"chose_seed":false,"campfire_upgraded":1,"win_rate":0.0,"timestamp":1611879986,"path_taken":["M","?","M","?","?","R","?","E","T","E","?","R","M","M","R","BOSS","M","$","M","?","?","R","M","R","T","?","E","R","?","M","R","BOSS"],"items_purchased_type":["Relic","Card","Potion","Relic","Card","Card"],"build_version":"2020-12-22","purchased_purges":0,"victory":false,"max_hp_per_floor":[80,80,80,80,80,80,80,80,80,80,80,80,80,80,80,80,80,80,80,80,94,94,94,94,94,94,94,94,94,94,94,94,94,94],"relic_stats":{"counters":[17,83],"Golden Idol":88,"Astrolabe":["Double Tap","Dropkick","Heavy Blade"],"MealTicket":0,"HandDrill":[8],"obtain_stats":[{"Girya":7,"Lantern":26,"Golden Idol":5,"Astrolabe":17,"Vajra":19,"Mango":21,"Empty Cage":0,"Burning Blood":0,"Old Coin":8,"MealTicket":28,"Bag of Marbles":9,"HandDrill":19,"Red Skull":10},{"Girya":3,"Lantern":13,"Golden Idol":3,"Astrolabe":9,"Vajra":10,"Mango":11,"Empty Cage":0,"Burning Blood":0,"Old Coin":4,"MealTicket":14,"Bag of Marbles":4,"HandDrill":10,"Red Skull":5},{"Girya":10,"Lantern":60,"Golden Idol":10,"Astrolabe":44,"Vajra":47,"Mango":53,"Empty Cage":0,"Burning Blood":0,"Old Coin":14,"MealTicket":66,"Bag of Marbles":14,"HandDrill":47,"Red Skull":25}]},"card_choices":[{"not_picked":["Clash","Iron Wave"],"picked":"Pommel Strike","floor":1.0},{"not_picked":["Sever Soul","Iron Wave"],"picked":"Flex","floor":2.0},{"not_picked":["Twin Strike","Body Slam"],"picked":"True Grit","floor":3.0},{"not_picked":["True Grit","Headbutt","Heavy Blade"],"picked":"SKIP","floor":8.0},{"not_picked":["Perfected Strike","Havoc"],"picked":"Inflame","floor":10},{"not_picked":["Twin Strike","Wild Strike"],"picked":"Heavy Blade","floor":11},{"not_picked":["Dual Wield","Shrug It Off"],"picked":"Metallicize","floor":13},{"not_picked":["Rampage","Blood for Blood"],"picked":"Cleave","floor":14},{"not_picked":["Immolate","Double Tap"],"picked":"Demon Form","floor":16},{"not_picked":["Shrug It Off","Clash+1"],"picked":"Feel No Pain+1","floor":18},{"not_picked":["Battle Trance","Uppercut"],"picked":"Spot Weakness","floor":20},{"not_picked":["Havoc","Twin Strike+1"],"picked":"Metallicize","floor":22},{"not_picked":["Twin Strike","True Grit"],"picked":"Impervious","floor":24},{"not_picked":["Double Tap","Clothesline","Warcry+1"],"picked":"SKIP","floor":28},{"not_picked":["Body Slam+1","Anger"],"picked":"Seeing Red","floor":30},{"not_picked":["Sword Boomerang","Feel No Pain","Fire Breathing+1"],"picked":"SKIP","floor":31}],"player_experience":149740,"relics_obtained":[{"floor":7.0,"key":"Girya"},{"floor":8.0,"key":"Old Coin"},{"floor":9.0,"key":"Bag of Marbles"},{"floor":10,"key":"Red Skull"},{"floor":21,"key":"Mango"},{"floor":26,"key":"Lantern"},{"floor":28,"key":"MealTicket"}],"event_choices":[{"damage_healed":0.0,"max_hp_gain":0.0,"max_hp_loss":0.0,"gold_gain":0.0,"event_name":"Shining Light","player_choice":"Entered Light","floor":4.0,"gold_loss":0.0,"damage_taken":16.0,"cards_upgraded":["Pommel Strike","Strike_R"]},{"damage_healed":0.0,"max_hp_gain":0.0,"max_hp_loss":0.0,"gold_gain":0.0,"event_name":"Golden Idol","player_choice":"Take Damage","floor":5.0,"gold_loss":0.0,"damage_taken":20.0,"relics_obtained":["Golden Idol"]},{"cards_removed":["Strike_R"],"damage_healed":0,"gold_gain":0,"player_choice":"Offered Basic","damage_taken":0,"max_hp_gain":0,"max_hp_loss":0,"event_name":"Bonfire Elementals","floor":27,"gold_loss":0}],"is_beta":false,"boss_relics":[{"not_picked":["Black Star","Sozu"],"picked":"Astrolabe"}],"items_purged_floors":[],"is_endless":false,"potions_floor_spawned":[2,10,13,14,22,24],"killed_by":"Collector","ascension_level":2}}