{"host":"ndpbn7fqb3wjbd7p","time":1611906382,"event":{"mods":["AchievementEnabler","Act Like it!","AlwaysNeverKeys","BaseMod","Better Vampires","Block Reminder","Colored Powertips","DeckTracker","Defuse TimeMaze Blight","Friendly Minions","Hallownest","Hermit","Highlight Path","MarisaÅiñ∂âJÅ@ñÇóùçπÅj","Minty Spire (QoL Compilation)","Permanent Neow","Shade Mod","StSLib","SuperFastMode","Synergy Search","The Mystic","Unceasing Turn Reminder","Wandering Minibosses","egg"],"gold_per_floor":[109,109,34,49,49,49,63,63,143,168,118,118,153,166,166,285,285,305,305,338,153,169,169,44,44,118,118,118,136,136,154,154,273,273,289,289,27,46,46,46,82,304,352,396,396,396,294,2,2,2],"floor_reached":51,"language":"ENG","playtime":2750,"items_purged":["mysticmod:Defend_Mystic","mysticmod:Defend_Mystic","mysticmod:Strike_Mystic","mysticmod:Strike_Mystic"],"score":863,"play_id":"59ea70f3-82fb-4622-9f0e-42b45c6b8b3a","local_time":"20210129084622","is_ascension_mode":true,"campfire_choices":[{"data":"mysticmod:HeavyStrike","floor":6,"key":"SMITH"},{"data":"mysticmod:Dedication","floor":8,"key":"SMITH"},{"data":"mysticmod:Dedication+1","floor":12,"key":"SMITH"},{"data":"mysticmod:Natural20","floor":15,"key":"SMITH"},{"data":"mysticmod:Spellstrike","floor":23,"key":"SMITH"},{"data":"mysticmod:SuddenClarity","floor":25,"key":"SMITH"},{"data":"mysticmod:Dedication+2","floor":28,"key":"SMITH"},{"floor":30,"key":"REST"},{"data":"mysticmod:Lunge","floor":32,"key":"SMITH"},{"data":"mysticmod:Dedication+3","floor":40,"key":"SMITH"},{"data":"mysticmod:Dedication+4","floor":45,"key":"SMITH"},{"data":"mysticmod:Dedication+6","floor":49,"key":"SMITH"}],"circlet_count":0,"master_deck":["mysticmod:ArcaneDodge+1","mysticmod:ShockingGrasp+1","mysticmod:GeminiForm+1","mysticmod:EarthenWall+1","mysticmod:Dedication+7","mysticmod:HeavyStrike+1","mysticmod:SuddenClarity+1","mysticmod:Natural20+1","mysticmod:Spellstrike+1","Necronomicurse","mysticmod:PunishingArmor+1","Finesse+1","mysticmod:Lunge+1","mysticmod:ComboCaster+1","Madness+1","Madness+1","mysticmod:ArcaneAccuracy","mysticmod:ComboCaster"],"relics":["mysticmod:SpellBook","Golden Idol","Kunai","Odd Mushroom","Empty Cage","Necronomicon","Red Mask","Matryoshka","Busted Crown","Membership Card","Mummified Hand","Nunchaku","Boot","Smiling Mask","Mark of the Bloom","Strange Spoon","Shuriken","Pen Nib"],"acts_visited":["Exordium","TheCity","TheBeyond"],"potions_floor_usage":[16,16,20,33,46,50,50,50],"damage_taken":[{"damage":0,"enemies":"Small Slimes","floor":1,"turns":6},{"damage":0,"enemies":"Jaw Worm","floor":4,"turns":4},{"damage":6,"enemies":"Cultist","floor":7,"turns":6},{"damage":16,"enemies":"3 Louse","floor":10,"turns":4},{"damage":12,"enemies":"The Mushroom Lair","floor":13,"turns":7},{"damage":1,"enemies":"Blue Slaver","floor":14,"turns":3},{"damage":9,"enemies":"The Guardian","floor":16,"turns":10},{"damage":24,"enemies":"Shell Parasite","floor":18,"turns":11},{"damage":14,"enemies":"Masked Bandits","floor":20,"turns":8},{"damage":0,"enemies":"Chosen","floor":22,"turns":4},{"damage":12,"enemies":"3 Cultists","floor":29,"turns":5},{"damage":0,"enemies":"Snecko","floor":31,"turns":1},{"damage":5,"enemies":"Automaton","floor":33,"turns":4},{"damage":25,"enemies":"3 Darklings","floor":35,"turns":6},{"damage":1,"enemies":"Orb Walker","floor":38,"turns":2},{"damage":0,"enemies":"Nemesis","floor":41,"turns":9},{"damage":0,"enemies":"Reptomancer","floor":44,"turns":1},{"damage":0,"enemies":"Awakened One","floor":50,"turns":6}],"seed_played":"-6380971873388445419","potions_obtained":[{"floor":10,"key":"DuplicationPotion"},{"floor":14,"key":"Ancient Potion"},{"floor":16,"key":"Ancient Potion"},{"floor":29,"key":"DuplicationPotion"},{"floor":33,"key":"SkillPotion"},{"floor":35,"key":"Regen Potion"},{"floor":44,"key":"Fruit Juice"}],"is_trial":false,"path_per_floor":["M","?","$","M","?","R","M","R","T","M","?","R","?","M","R","B",null,"M","?","?","$","M","R","$","R","T","?","R","M","R","M","R","B",null,"M","?","$","M","?","R","E","?","T","E","R","?","$","$","R","B",null],"character_chosen":"MYSTIC_CLASS","items_purchased":["Finesse","Membership Card","mysticmod:ComboCaster","mysticmod:ArcaneAccuracy","DuplicationPotion","BlessingOfTheForge","Strange Spoon","mysticmod:ComboCaster","Shuriken","Pen Nib"],"campfire_rested":1,"item_purchase_floors":[21,37,37,47,47,47,48,48,48,48],"current_hp_per_floor":[77,71,71,71,71,71,65,65,65,49,49,49,37,36,36,27,71,47,31,17,17,17,17,17,17,17,17,17,5,26,26,26,21,71,46,46,46,45,36,36,36,36,36,36,36,41,41,41,41,41],"gold":2,"neow_bonus":"ONE_RANDOM_RARE_CARD","is_daily":false,"chose_seed":false,"campfire_upgraded":11,"win_rate":0.0,"timestamp":1611906382,"path_taken":["M","?","$","M","?","R","?","R","T","M","?","R","?","M","R","BOSS","M","?","?","$","M","R","$","R","T","?","R","M","R","M","R","BOSS","M","?","$","M","?","R","E","?","T","E","R","?","?","$","R","BOSS"],"items_purchased_type":["Card","Relic","Card","Card","Potion","Potion","Relic","Card","Relic","Relic"],"build_version":"2020-12-22","purchased_purges":4,"victory":true,"max_hp_per_floor":[77,71,71,71,71,71,71,71,71,71,71,71,71,71,71,71,71,71,71,71,71,71,71,71,71,71,71,71,71,71,71,71,71,71,71,71,71,71,71,71,71,71,71,71,71,76,76,76,76,76],"card_choices":[{"not_picked":["mysticmod:CorrosiveTouch","mysticmod:BladeMaster"],"picked":"mysticmod:EarthenWall","floor":1},{"not_picked":["mysticmod:Riposte","mysticmod:VorpalThrust"],"picked":"mysticmod:Dedication","floor":4},{"not_picked":["mysticmod:LightningBolt","mysticmod:BulkUp"],"picked":"mysticmod:SuddenClarity","floor":7},{"not_picked":["mysticmod:PowerAttack","mysticmod:IllusionOfCalm","mysticmod:Daze"],"picked":"SKIP","floor":10},{"not_picked":["mysticmod:PureInstinct","mysticmod:Probe"],"picked":"mysticmod:Natural20","floor":14},{"not_picked":["mysticmod:Natural20","mysticmod:KnowledgePool"],"picked":"mysticmod:Spellstrike","floor":16},{"not_picked":["mysticmod:BulkUp","mysticmod:Riposte","mysticmod:CorrosiveTouch"],"picked":"SKIP","floor":18},{"not_picked":["mysticmod:BulkUp","mysticmod:HunkerDown"],"picked":"mysticmod:PunishingArmor+1","floor":20},{"not_picked":["mysticmod:Probe+1","mysticmod:Snowball","mysticmod:EarthenWall"],"picked":"SKIP","floor":22},{"not_picked":["mysticmod:Stoneskin+1","mysticmod:TomeOfSpells"],"picked":"mysticmod:Lunge","floor":29},{"not_picked":["mysticmod:Flourish+1","mysticmod:CorrosiveTouch","mysticmod:ComponentsPouch"],"picked":"SKIP","floor":31},{"not_picked":["mysticmod:AllIn+1"],"picked":"SKIP","floor":35},{"not_picked":["mysticmod:Sideswipe+1"],"picked":"SKIP","floor":38},{"not_picked":["mysticmod:EnergizedRift+1"],"picked":"SKIP","floor":41},{"not_picked":["mysticmod:PowerSlash+1"],"picked":"SKIP","floor":44}],"player_experience":1213860,"relics_obtained":[{"floor":9,"key":"Kunai"},{"floor":13,"key":"Odd Mushroom"},{"floor":19,"key":"Necronomicon"},{"floor":20,"key":"Red Mask"},{"floor":26,"key":"Matryoshka"},{"floor":41,"key":"Mummified Hand"},{"floor":43,"key":"Nunchaku"},{"floor":43,"key":"Boot"},{"floor":44,"key":"Smiling Mask"}],"event_choices":[{"damage_healed":0,"gold_gain":0,"player_choice":"Lose Max HP","damage_taken":0,"relics_obtained":["Golden Idol"],"max_hp_gain":0,"max_hp_loss":6,"event_name":"Golden Idol","floor":2,"gold_loss":0},{"damage_healed":0,"gold_gain":0,"cards_transformed":["mysticmod:Strike_Mystic"],"player_choice":"Transformed","damage_taken":0,"max_hp_gain":0,"max_hp_loss":0,"event_name":"Transmorgrifier","floor":5,"gold_loss":0,"cards_obtained":["mysticmod:HeavyStrike"]},{"cards_removed":["mysticmod:Defend_Mystic"],"damage_healed":0,"gold_gain":0,"player_choice":"Card Removal","damage_taken":0,"max_hp_gain":0,"max_hp_loss":0,"event_name":"The Cleric","floor":11,"gold_loss":50},{"damage_healed":0,"gold_gain":0,"player_choice":"Fought Mushrooms","damage_taken":0,"max_hp_gain":0,"max_hp_loss":0,"event_name":"Mushrooms","floor":13,"gold_loss":0},{"damage_healed":0,"gold_gain":0,"player_choice":"Obtained Book","damage_taken":16,"max_hp_gain":0,"max_hp_loss":0,"event_name":"Cursed Tome","floor":19,"gold_loss":0},{"damage_healed":0,"gold_gain":0,"player_choice":"Fought Bandits","damage_taken":0,"max_hp_gain":0,"max_hp_loss":0,"event_name":"Masked Bandits","floor":20,"gold_loss":0},{"damage_healed":0,"gold_gain":0,"player_choice":"Copied","damage_taken":0,"max_hp_gain":0,"max_hp_loss":0,"event_name":"Duplicator","floor":27,"gold_loss":0,"cards_obtained":["mysticmod:HeavyStrike"]},{"cards_removed":["mysticmod:HeavyStrike"],"damage_healed":0,"gold_gain":0,"player_choice":"Removed Attack","damage_taken":0,"max_hp_gain":0,"max_hp_loss":0,"event_name":"Falling","floor":36,"gold_loss":0},{"damage_healed":0,"gold_gain":0,"player_choice":"Embrace Madness","damage_taken":9,"max_hp_gain":0,"max_hp_loss":0,"event_name":"Winding Halls","floor":39,"gold_loss":0,"cards_obtained":["Madness","Madness"]},{"damage_healed":0,"gold_gain":222,"player_choice":"Wore Mask","damage_taken":0,"max_hp_gain":0,"max_hp_loss":0,"event_name":"Tomb of Lord Red Mask","floor":42,"gold_loss":0},{"damage_healed":0,"gold_gain":0,"player_choice":"Upgrade","damage_taken":0,"relics_obtained":["Mark of the Bloom"],"max_hp_gain":0,"max_hp_loss":0,"event_name":"MindBloom","floor":46,"gold_loss":0,"cards_upgraded":["mysticmod:ArcaneDodge","mysticmod:ShockingGrasp","mysticmod:GeminiForm","mysticmod:EarthenWall","mysticmod:Dedication","Finesse","mysticmod:ComboCaster","Madness","Madness"]}],"is_beta":false,"boss_relics":[{"not_picked":["SacredBark","Ectoplasm"],"picked":"Empty Cage"},{"not_picked":["Runic Pyramid","Snecko Eye"],"picked":"Busted Crown"}],"items_purged_floors":[3,21,24,37],"is_endless":false,"potions_floor_spawned":[10,14,16,29,33,35,44],"ascension_level":2}}