{"host":"osk2oboccoevp2u5","time":1611889298,"event":{"mods":["AchievementEnabler","Alarm Clock","BaseMod","Colored Powertips","Disable Question Mark Monsters","Displayed Cursed Tome","Hermit","Key Reminder","Minty Spire (QoL Compilation)","Potion Indicator Mod","Quick Restart","Rare Cards Sparkle","Reorder Act Four","StSLib","Useless Jewels Mod"],"gold_per_floor":[119,130,130,205,205,231,231,245,292,17,31,31,31,46,46,146,196,210,120,20,30,40,40,40,40],"floor_reached":24,"language":"ENG","playtime":2302,"items_purged":["hermit:Strike_Hermit","hermit:Strike_Hermit"],"score":254,"play_id":"f70069c8-daf5-4d38-9118-002b47f764e3","local_time":"20210128230138","is_ascension_mode":true,"campfire_choices":[{"data":"hermit:Malice","floor":7,"key":"SMITH"},{"data":"hermit:Vantage","floor":13,"key":"SMITH"},{"data":"hermit:Roulette","floor":15,"key":"SMITH"},{"floor":23,"key":"REST"}],"circlet_count":0,"master_deck":["hermit:Defend_Hermit","hermit:Defend_Hermit","hermit:Defend_Hermit+1","hermit:Defend_Hermit","hermit:Snapshot","hermit:Covet","hermit:Roulette+1","hermit:Feint","hermit:Malice+1","hermit:Dive","hermit:Feint+1","hermit:Vantage+1","hermit:ShadowCloak+1","hermit:FatalDesire+1","hermit:WideOpen","hermit:ShadowCloak+1"],"relics":["hermit:Momento","NeowsBlessing","Toy Ornithopter","Boot","Strawberry","Frozen Egg 2","Tiny House"],"acts_visited":["Exordium","TheCity"],"potions_floor_usage":[11,16,18,22,24],"damage_taken":[{"damage":0,"enemies":"2 Louse","floor":1,"turns":1},{"damage":0,"enemies":"Small Slimes","floor":2,"turns":1},{"damage":0,"enemies":"Gremlin Nob","floor":6,"turns":1},{"damage":2,"enemies":"Jaw Worm","floor":8,"turns":3},{"damage":5,"enemies":"Exordium Thugs","floor":11,"turns":7},{"damage":4,"enemies":"Red Slaver","floor":14,"turns":6},{"damage":138,"enemies":"Slime Boss","floor":16,"turns":20},{"damage":0,"enemies":"Chosen","floor":18,"turns":5},{"damage":5,"enemies":"Shell Parasite","floor":21,"turns":11},{"damage":72,"enemies":"3 Cultists","floor":22,"turns":7},{"damage":13,"enemies":"Cultist and Chosen","floor":24,"turns":6}],"seed_played":"-4867244940027188631","potions_obtained":[{"floor":2,"key":"LiquidMemories"},{"floor":6,"key":"Regen Potion"},{"floor":17,"key":"Weak Potion"},{"floor":18,"key":"LiquidMemories"},{"floor":22,"key":"LiquidMemories"}],"is_trial":false,"path_per_floor":["M","M","?","?","?","E","R","M","T","$","M","?","R","M","R","B",null,"M","?","$","M","M","R","M"],"character_chosen":"HERMIT","items_purchased":["Strawberry","hermit:Feint"],"campfire_rested":1,"item_purchase_floors":[10,10],"current_hp_per_floor":[75,75,75,64,64,64,64,62,62,69,69,66,66,62,62,20,87,87,87,87,82,15,41,33,33],"gold":40,"neow_bonus":"THREE_ENEMY_KILL","is_daily":false,"chose_seed":false,"campfire_upgraded":3,"win_rate":0.0,"timestamp":1611889298,"path_taken":["M","M","?","?","?","E","R","M","T","$","M","?","R","?","R","BOSS","M","?","$","?","M","R","M"],"items_purchased_type":["Relic","Card"],"build_version":"2020-12-22","purchased_purges":2,"victory":false,"max_hp_per_floor":[75,75,75,75,75,75,75,75,75,82,82,82,82,82,82,82,87,87,87,87,87,87,87,87,87],"card_choices":[{"not_picked":["hermit:Misfire","hermit:Snipe"],"picked":"hermit:Roulette","floor":1},{"not_picked":["hermit:Ricochet","hermit:Desperado"],"picked":"hermit:Feint","floor":2},{"not_picked":["hermit:TrackingShot","hermit:Shortfuse"],"picked":"hermit:Malice","floor":6},{"not_picked":["hermit:HoleUp","hermit:Roulette"],"picked":"hermit:Dive","floor":8},{"not_picked":["hermit:LoneWolf","hermit:Coalescence"],"picked":"hermit:Vantage","floor":11},{"not_picked":["hermit:Roulette","hermit:HighNoon+1"],"picked":"hermit:ShadowCloak+1","floor":14},{"not_picked":["hermit:BlackWind","hermit:FinalCanter"],"picked":"hermit:FatalDesire+1","floor":16},{"not_picked":["hermit:GhostlyPresence","hermit:HoleUp"],"picked":"hermit:WideOpen","floor":17},{"not_picked":["hermit:TakeCover","hermit:BodyArmor","hermit:ItchyTrigger+1"],"picked":"SKIP","floor":18},{"not_picked":["hermit:Grudge","hermit:Feint"],"picked":"hermit:ShadowCloak+1","floor":21},{"not_picked":["hermit:Manifest+1","hermit:Ricochet","hermit:Roulette"],"picked":"SKIP","floor":22}],"player_experience":961547,"relics_obtained":[{"floor":6,"key":"Toy Ornithopter"},{"floor":9,"key":"Boot"}],"event_choices":[{"damage_healed":0,"gold_gain":0,"player_choice":"Ignored","damage_taken":0,"max_hp_gain":0,"max_hp_loss":0,"event_name":"Liars Game","floor":3,"gold_loss":0},{"damage_healed":0,"gold_gain":75,"player_choice":"Gather Gold","damage_taken":11,"max_hp_gain":0,"max_hp_loss":0,"event_name":"World of Goop","floor":4,"gold_loss":0},{"cards_removed":["hermit:Strike_Hermit"],"damage_healed":0,"gold_gain":0,"player_choice":"Forget","damage_taken":0,"max_hp_gain":0,"max_hp_loss":0,"event_name":"Living Wall","floor":5,"gold_loss":0},{"damage_healed":0,"gold_gain":0,"player_choice":"Success","damage_taken":3,"relics_obtained":["Frozen Egg 2"],"max_hp_gain":0,"max_hp_loss":0,"event_name":"Scrap Ooze","floor":12,"gold_loss":0},{"cards_removed":["hermit:Strike_Hermit"],"damage_healed":0,"gold_gain":0,"player_choice":"Upgrade and Remove","damage_taken":0,"max_hp_gain":0,"max_hp_loss":0,"event_name":"Designer","floor":19,"gold_loss":90,"cards_upgraded":["hermit:Defend_Hermit"]}],"is_beta":false,"boss_relics":[{"not_picked":["Pandora\u0027s Box","hermit:ClaspedLocket"],"picked":"Tiny House"}],"items_purged_floors":[10,20],"is_endless":false,"potions_floor_spawned":[2,6,18,22],"killed_by":"Cultist and Chosen","ascension_level":3}}