{"host":"o3b7ow6d1xe49css","time":1611903701,"event":{"mods":["Act Like it!","Aspiration","BaseMod","Bestiary","Better Altar","Better Match","Better Note","Better Sensory Stone","Better Skull","Better Third Choice","Colored Powertips","Conspire","Energized Spire","Force Act Four","GifTheSpireLib","Halation","Hermit","Hubris","Infinite Spire","Lobotomy","Minty Spire (QoL Compilation)","Quick Restart","Relic Filter Mod","Reliquary","Replay The Spire","Spicy Shops","Spikes Relics","Spire Arcade","StSLib","Stuff the Spire","The Blue Laboratory","Wandering Minibosses"],"gold_per_floor":[115,127,146,146,146,172,172,199,246,24,24,24],"floor_reached":11,"language":"ENG","playtime":318,"items_purged":[],"score":101,"play_id":"1e7c2d04-0a32-4d82-9447-62425dc894eb","local_time":"20210128220141","daily_mods":["Heirloom","Flight"],"is_ascension_mode":true,"campfire_choices":[{"data":"BattleHymn","floor":7,"key":"SMITH"}],"circlet_count":0,"master_deck":["Strike_P","Strike_P","Strike_P","Strike_P","Defend_P","Defend_P","Defend_P","Defend_P","Eruption","Vigilance","UniverseFragment","BowlingBash","BattleHymn+1","Indignation"],"relics":["PureWater","Ring of Chaos","hubris:MedicalManual","CogitoBucket","Bag of Marbles","RollingBoulder","Juzu Bracelet","SnailShell","Replay:Wax Seal"],"acts_visited":["Exordium"],"potions_floor_usage":[],"damage_taken":[{"damage":14,"enemies":"Small Slimes","floor":1,"turns":3},{"damage":0,"enemies":"Cultist","floor":2,"turns":3},{"damage":12,"enemies":"Jaw Worm","floor":3,"turns":5},{"damage":40,"enemies":"Gremlin Nob","floor":6,"turns":3},{"damage":5,"enemies":"3 Sentries","floor":8,"turns":4},{"damage":29,"enemies":"Gremlin Nob","floor":11,"turns":2}],"seed_played":"-1949076466043364076","potions_obtained":[{"floor":3,"key":"Energy Potion"},{"floor":6,"key":"blueLaboratory:RememoryPotion"}],"is_trial":true,"path_per_floor":["M","M","M","?","$","E","R","E","T","$","E"],"character_chosen":"WATCHER","items_purchased":["SnailShell","Replay:Wax Seal"],"campfire_rested":0,"item_purchase_floors":[10,10],"current_hp_per_floor":[58,58,46,46,46,6,6,1,1,1,0,0],"gold":24,"neow_bonus":"","is_daily":false,"chose_seed":false,"campfire_upgraded":1,"win_rate":0.0,"timestamp":1611903701,"path_taken":["M","M","M","?","$","E","R","E","T","?","E"],"items_purchased_type":["Relic","Relic"],"build_version":"2020-12-22","purchased_purges":0,"victory":false,"max_hp_per_floor":[72,72,72,72,72,72,72,72,72,72,72,72],"card_choices":[{"not_picked":["MeatLantern","BeautyBeast","VoidDream"],"picked":"Singing Bowl","floor":1},{"not_picked":["GalaxyChild","VoidDream"],"picked":"UniverseFragment","floor":1},{"not_picked":["Halt","ClearTheMind"],"picked":"BowlingBash","floor":1},{"not_picked":["PathToVictory","BowlingBash"],"picked":"BattleHymn","floor":2},{"not_picked":["Porccubus","VoidDream","OSAHOGD"],"picked":"Singing Bowl","floor":2},{"not_picked":["BlackSwan","LittleHelper","PunishingBird"],"picked":"Singing Bowl","floor":3},{"not_picked":["SashWhip","Swivel"],"picked":"Indignation","floor":3},{"not_picked":["SpiderBud","SnowQueen","Murderer"],"picked":"Singing Bowl","floor":6},{"not_picked":["WreathOfFlame","TalkToTheHand","FollowUp"],"picked":"SKIP","floor":6},{"not_picked":["BigBird","DreamingCurrent","Wellcheers"],"picked":"Singing Bowl","floor":8},{"not_picked":["SashWhip","FollowUp","EmptyMind"],"picked":"SKIP","floor":8}],"player_experience":1881244,"relics_obtained":[{"floor":6,"key":"Bag of Marbles"},{"floor":8,"key":"RollingBoulder"},{"floor":9,"key":"Juzu Bracelet"}],"event_choices":[{"damage_healed":0,"gold_gain":0,"player_choice":"Bought 0 Potions","damage_taken":0,"max_hp_gain":0,"max_hp_loss":0,"event_name":"The Woman in Blue","floor":4,"gold_loss":0}],"is_beta":false,"boss_relics":[],"items_purged_floors":[],"is_endless":false,"potions_floor_spawned":[3,6],"killed_by":"Gremlin Nob","ascension_level":5}}