{"host":"uq4ng344qg9ygyoi","time":1611918316,"event":{"mods":["BaseMod","Minty Spire (QoL Compilation)","Quick Restart","Shop Mod","StSLib","[IsaacMod]ÒÔÈö¼âËþ"],"gold_per_floor":[11,11,30,44,44,72,72,105,180,205,224,224,247,288,288,409,409,427,427,490,46,126,206,206,240,240,272,272,15,75,105,105,263,263,305,638,462,489,502,502,522,522,522,556,620,620,620,647,647,717],"floor_reached":51,"language":"ZHS","playtime":2621,"items_purged":["Decay","Strike_R","Strike_R"],"score":1059,"play_id":"8331ddaa-60cd-4c10-b412-6f886375ca0b","local_time":"20210129190516","is_ascension_mode":true,"campfire_choices":[{"data":"Shrug It Off","floor":7.0,"key":"SMITH"},{"data":"Spot Weakness","floor":15.0,"key":"SMITH"},{"floor":24.0,"key":"REST"},{"floor":28.0,"key":"REST"},{"data":"Armaments","floor":32.0,"key":"SMITH"},{"data":"Limit Break","floor":40.0,"key":"SMITH"},{"data":"Feed","floor":42.0,"key":"SMITH"},{"floor":47,"key":"REST"},{"floor":49,"key":"REST"}],"circlet_count":0,"master_deck":["Defend_R","Defend_R","Defend_R+1","Defend_R","Bash","Headbutt","Thunderclap","Shrug It Off+1","Pummel","Inflame","Heavy Blade","Spot Weakness+1","Double Tap","Bloodletting+1","Shrug It Off+1","Limit Break+1","Seeing Red+1","Enlightenment","Mayhem","Cleave+1","Armaments+1","Feed+1","Parasite","Battle Trance+1"],"relics":["Burning Blood","HushsDoor","Leech","CaptainsWheel","Mummified Hand","Turnip","GuppysTail","GuppysHairball","Shuriken","SalivaCoin","MerchantsRug","PunchingBag","Toy Ornithopter","Kunai","BFFS","Black Star","Gambling Chip","HornCleat","PreservedInsect"],"acts_visited":["Exordium","TheBeyond"],"potions_floor_usage":[45,46],"damage_taken":[{"damage":6.0,"enemies":"2 Louse","floor":1.0,"turns":3.0},{"damage":6.0,"enemies":"Cultist","floor":3.0,"turns":3.0},{"damage":0.0,"enemies":"Jaw Worm","floor":4.0,"turns":3.0},{"damage":50.0,"enemies":"Lagavulin","floor":6.0,"turns":6.0},{"damage":8.0,"enemies":"Gremlin Nob","floor":8.0,"turns":3.0},{"damage":0.0,"enemies":"3 Sentries","floor":10.0,"turns":1.0},{"damage":7.0,"enemies":"3 Louse","floor":11.0,"turns":2.0},{"damage":17.0,"enemies":"Exordium Wildlife","floor":13.0,"turns":2.0},{"damage":19.0,"enemies":"Lagavulin","floor":14.0,"turns":7.0},{"damage":11.0,"enemies":"Slime Boss","floor":16.0,"turns":8.0},{"damage":27.0,"enemies":"3 Byrds","floor":18.0,"turns":4.0},{"damage":12.0,"enemies":"Hiden Room Battle","floor":20.0,"turns":4.0},{"damage":34.0,"enemies":"Slavers","floor":23.0,"turns":6.0},{"damage":12.0,"enemies":"Chosen","floor":25.0,"turns":4.0},{"damage":7.0,"enemies":"Snake Plant","floor":27.0,"turns":4.0},{"damage":30.0,"enemies":"Shelled Parasite and Fungi","floor":30.0,"turns":3.0},{"damage":1.0,"enemies":"3 Cultists","floor":31.0,"turns":3.0},{"damage":46.0,"enemies":"Automaton","floor":33.0,"turns":7.0},{"damage":14.0,"enemies":"3 Darklings","floor":35.0,"turns":4.0},{"damage":7.0,"enemies":"3 Shapes","floor":38.0,"turns":4.0},{"damage":0.0,"enemies":"Writhing Mass","floor":39.0,"turns":3.0},{"damage":1.0,"enemies":"Transient","floor":41.0,"turns":5.0},{"damage":19.0,"enemies":"Maw","floor":44.0,"turns":5.0},{"damage":73,"enemies":"Giant Head","floor":45,"turns":8},{"damage":0,"enemies":"Spire Growth","floor":46,"turns":2},{"damage":6,"enemies":"Sphere and 2 Shapes","floor":48,"turns":4},{"damage":58,"enemies":"Time Eater","floor":50,"turns":8}],"seed_played":"-944543359456789757","potions_obtained":[{"floor":3.0,"key":"DistilledChaos"},{"floor":4.0,"key":"FairyPotion"},{"floor":10.0,"key":"Fire Potion"},{"floor":11.0,"key":"EntropicBrew"},{"floor":13.0,"key":"FearPotion"},{"floor":14.0,"key":"Explosive Potion"},{"floor":20.0,"key":"SteroidPotion"},{"floor":23.0,"key":"SteroidPotion"},{"floor":25.0,"key":"Ancient Potion"},{"floor":33.0,"key":"SmokeBomb"},{"floor":38.0,"key":"BloodPotion"},{"floor":39.0,"key":"ColorlessPotion"},{"floor":44.0,"key":"BloodPotion"}],"is_trial":false,"path_per_floor":["M","?","M","M","$","E","R","E","T","E","M","?","M","E","R","B",null,"M","?","?","$","T","E","R","M","T","M","R","$","M","M","R","B",null,"M","?","$","M","M","R","M","R","T","M","E","M","R","M","R","B",null],"character_chosen":"IRONCLAD","items_purchased":["GuppysTail","GuppysHairball","Limit Break","MerchantsRug","Enlightenment","Mayhem","War Paint","BFFS","Regen Potion","SkillPotion"],"campfire_rested":4,"item_purchase_floors":[17,17,17,21,21,21,21,29,29,37],"current_hp_per_floor":[74,74,76,80,80,39,39,40,40,46,47,47,37,30,30,31,50,32,16,13,13,13,15,31,28,28,35,51,51,29,51,51,17,46,42,42,42,48,60,60,60,60,60,52,8,20,38,41,59,13],"gold":717,"neow_bonus":"ONE_RARE_RELIC","is_daily":false,"chose_seed":false,"campfire_upgraded":5,"win_rate":0.0,"timestamp":1611918316,"path_taken":["M","?","?","M","?","E","R","E","T","E","M","?","?","E","R","BOSS","M","?","?","$","?","E","R","M","T","M","R","$","M","M","R","BOSS","M","?","$","M","M","R","M","R","T","M","E","M","R","M","R","BOSS"],"items_purchased_type":["Relic","Relic","Card","Relic","Card","Card","Relic","Relic","Potion","Potion"],"build_version":"2020-12-22","purchased_purges":3,"victory":true,"max_hp_per_floor":[80,80,80,80,80,80,80,80,80,80,80,80,80,80,80,80,56,56,56,56,56,56,56,56,56,56,56,56,56,56,56,56,56,56,56,56,56,60,60,60,60,60,60,60,60,60,60,60,60,60],"card_choices":[{"not_picked":[],"picked":"Bomb","floor":0.0},{"not_picked":["Flex","Dual Wield"],"picked":"Headbutt","floor":1.0},{"not_picked":["Clash","Clothesline"],"picked":"Bomb","floor":3.0},{"not_picked":["Flame Barrier","Intimidate"],"picked":"Thunderclap","floor":4.0},{"not_picked":["Bloodletting","Heavy Blade"],"picked":"Shrug It Off","floor":6.0},{"not_picked":["Pommel Strike","Reckless Charge"],"picked":"Pummel","floor":8.0},{"not_picked":["Second Wind","Fire Breathing"],"picked":"Inflame","floor":10.0},{"not_picked":["Ghostly Armor","Pommel Strike","Carnage"],"picked":"SKIP","floor":11.0},{"not_picked":["Dual Wield","Searing Blow"],"picked":"Heavy Blade","floor":13.0},{"not_picked":["Second Wind","Barricade"],"picked":"Spot Weakness","floor":14.0},{"not_picked":["Corruption","Juggernaut"],"picked":"Double Tap","floor":16.0},{"not_picked":["Anger+1","Pommel Strike","Fire Breathing"],"picked":"SKIP","floor":18.0},{"not_picked":["Heavy Blade+1","Body Slam+1"],"picked":"Seeing Red","floor":20.0},{"not_picked":["Sentinel","Ghostly Armor+1","Flex"],"picked":"SKIP","floor":23.0},{"not_picked":["Sever Soul","Clothesline"],"picked":"Cleave+1","floor":25.0},{"not_picked":["Rupture","True Grit","Flame Barrier"],"picked":"SKIP","floor":27.0},{"not_picked":["Sever Soul+1","Spot Weakness"],"picked":"Armaments","floor":30.0},{"not_picked":["Burning Pact","Heavy Blade","Power Through"],"picked":"SKIP","floor":31.0},{"not_picked":["Corruption","Fiend Fire"],"picked":"Feed","floor":33.0},{"not_picked":["Clothesline","True Grit+1","Havoc+1"],"picked":"SKIP","floor":35.0},{"not_picked":["Flex","Clash+1","Twin Strike+1"],"picked":"SKIP","floor":38.0},{"not_picked":["Sword Boomerang","Perfected Strike","Power Through"],"picked":"SKIP","floor":39.0},{"not_picked":["Spot Weakness","Power Through+1","Havoc+1"],"picked":"SKIP","floor":41.0},{"not_picked":["Dual Wield+1","Headbutt+1","Sever Soul"],"picked":"SKIP","floor":44.0},{"not_picked":["Reckless Charge+1","Evolve+1"],"picked":"Battle Trance+1","floor":45},{"not_picked":["Wild Strike","Havoc+1","Clothesline+1"],"picked":"SKIP","floor":48}],"player_experience":480086,"relics_obtained":[{"floor":6.0,"key":"ForgetMeNow"},{"floor":8.0,"key":"CaptainsWheel"},{"floor":9.0,"key":"Mummified Hand"},{"floor":10.0,"key":"Turnip"},{"floor":14.0,"key":"Blue Candle"},{"floor":19.0,"key":"Nilry\u0027s Codex"},{"floor":20.0,"key":"Shuriken"},{"floor":20.0,"key":"SalivaCoin"},{"floor":22.0,"key":"PunchingBag"},{"floor":23.0,"key":"Toy Ornithopter"},{"floor":26.0,"key":"Kunai"},{"floor":43.0,"key":"Gambling Chip"},{"floor":45,"key":"HornCleat"},{"floor":45,"key":"PreservedInsect"}],"event_choices":[{"cards_removed":["Strike_R"],"damage_healed":0.0,"max_hp_gain":0.0,"max_hp_loss":0.0,"gold_gain":0.0,"event_name":"Living Wall","player_choice":"Forget","floor":2.0,"gold_loss":0.0,"damage_taken":0.0},{"damage_healed":0.0,"max_hp_gain":0.0,"max_hp_loss":0.0,"gold_gain":0.0,"event_name":"Golden Idol","player_choice":"Take Wound","floor":12.0,"gold_loss":0.0,"damage_taken":0.0,"relics_obtained":["Golden Idol"],"cards_obtained":["Injury"]},{"damage_healed":0.0,"max_hp_gain":0.0,"max_hp_loss":0.0,"gold_gain":0.0,"event_name":"Cursed Tome","player_choice":"Obtained Book","floor":19.0,"gold_loss":0.0,"damage_taken":16.0},{"damage_healed":0.0,"max_hp_gain":0.0,"max_hp_loss":0.0,"gold_gain":0.0,"event_name":"HidenRoomEvent","player_choice":"Fight","floor":20.0,"gold_loss":0.0,"damage_taken":0.0},{"damage_healed":0.0,"max_hp_gain":0.0,"max_hp_loss":0.0,"gold_gain":333.0,"event_name":"The Moai Head","player_choice":"Gave Idol","floor":36.0,"relics_lost":["Golden Idol"],"gold_loss":0.0,"damage_taken":0.0}],"is_beta":false,"boss_relics":[{"not_picked":["SlaversCollar","Tiny House"],"picked":"Astrolabe"},{"not_picked":["SacredBark","Snecko Eye"],"picked":"Black Star"},{"not_picked":[]}],"items_purged_floors":[21,29,37],"is_endless":false,"potions_floor_spawned":[3,4,10,11,13,14,20,23,25,33,38,39,41,44,46],"ascension_level":7}}