{"host":"zkayvxppza5j985o","time":1611935406,"event":{"mods":["AchievementEnabler","BaseMod","Better Vampires","Colored Map","Colored Powertips","Minty Spire (QoL Compilation)","StSLib"],"gold_per_floor":[111,111,128,139,152,152,186,186],"floor_reached":7,"language":"ZHS","playtime":245,"items_purged":[],"score":53,"play_id":"757dbf6b-6522-4156-88c2-39473318a5b1","local_time":"20210129235006","is_ascension_mode":false,"campfire_choices":[{"data":"Armaments","floor":6,"key":"SMITH"}],"circlet_count":0,"master_deck":["Strike_R","Strike_R","Strike_R","Strike_R","Defend_R","Defend_R","Defend_R","Defend_R","Bash","Thunderclap","Rage","True Grit","Sword Boomerang","Armaments+1","Feed"],"relics":["Velvet Choker","Happy Flower"],"acts_visited":["Exordium"],"potions_floor_usage":[7,7],"damage_taken":[{"damage":7,"enemies":"Small Slimes","floor":1,"turns":3},{"damage":1,"enemies":"Jaw Worm","floor":3,"turns":3},{"damage":6,"enemies":"Cultist","floor":4,"turns":3},{"damage":2,"enemies":"Blue Slaver","floor":5,"turns":4},{"damage":1,"enemies":"3 Sentries","floor":7,"turns":4}],"seed_played":"810310656833306918","potions_obtained":[{"floor":3,"key":"PowerPotion"},{"floor":4,"key":"Block Potion"}],"is_trial":false,"path_per_floor":["M","?","M","M","M","R","E"],"character_chosen":"IRONCLAD","items_purchased":[],"campfire_rested":0,"item_purchase_floors":[],"current_hp_per_floor":[73,73,72,66,64,64,63,63],"gold":186,"neow_bonus":"BOSS_RELIC","is_daily":false,"chose_seed":false,"campfire_upgraded":1,"win_rate":0.0,"timestamp":1611935406,"path_taken":["M","?","M","M","M","R","E"],"items_purchased_type":[],"build_version":"2020-12-22","purchased_purges":0,"victory":false,"max_hp_per_floor":[80,80,80,80,80,80,80,80],"card_choices":[{"not_picked":["Reckless Charge","Seeing Red"],"picked":"Thunderclap","floor":1},{"not_picked":["Twin Strike","Flex"],"picked":"True Grit","floor":3},{"not_picked":["Combust","Sever Soul"],"picked":"Sword Boomerang","floor":4},{"not_picked":["Intimidate","Warcry"],"picked":"Armaments","floor":5},{"not_picked":["Clothesline","Corruption"],"picked":"Feed","floor":7}],"player_experience":92366,"relics_obtained":[{"floor":7,"key":"Happy Flower"}],"event_choices":[{"damage_healed":0,"gold_gain":0,"cards_transformed":["Strike_R"],"player_choice":"Change","damage_taken":0,"max_hp_gain":0,"max_hp_loss":0,"event_name":"Living Wall","floor":2,"gold_loss":0,"cards_obtained":["Rage"]}],"is_beta":false,"boss_relics":[],"items_purged_floors":[],"is_endless":false,"potions_floor_spawned":[3,4],"killed_by":"3 Sentries","ascension_level":0}}