{"host":"mnpd8gh7cwxsn5kh","time":1611919850,"event":{"mods":["BaseMod","Bestiary","Block Reminder","Colored Map","Colored Powertips","Highlight Path","Minty Spire (QoL Compilation)","Relic Sorter","Relic Stats"],"gold_per_floor":[116,89,89,89,89,117,117,131,131,151,151,186,186,117,117,212,212,225,225,240,250,250,250,281,291,291,326,338,408,408,426,426,530,580,595,595,615,143,143,169,169,195,195,230,243,45,65,84,84,84],"floor_reached":51,"language":"ENG","playtime":7875,"items_purged":[],"score":1050,"play_id":"4c02c6de-c102-4fef-818d-44f8eb111a9d","local_time":"20210129123050","is_ascension_mode":true,"campfire_choices":[{"data":"Halt","floor":11,"key":"SMITH"},{"data":"ThirdEye","floor":13,"key":"SMITH"},{"data":"Evaluate","floor":15,"key":"SMITH"},{"floor":23,"key":"RECALL"},{"floor":32,"key":"DIG"},{"floor":49,"key":"REST"}],"circlet_count":0,"master_deck":["Strike_P+1","Strike_P+1","Strike_P+1","Strike_P+1","Defend_P+1","Defend_P+1","Defend_P+1","Eruption+1","Vigilance+1","Tantrum","Protect+1","ThirdEye+1","Halt+1","Wireheading","FlurryOfBlows","Evaluate+1","FlurryOfBlows+1","SpiritShield+1","EmptyBody+1","CrushJoints","Protect+1","ReachHeaven","SashWhip","Meditate","ClearTheMind","Scrawl","Perseverance","Vault","InnerPeace","Nirvana","Perseverance","ReachHeaven","FollowUp","Tantrum","BattleHymn","FearNoEvil","JustLucky+1","SandsOfTime"],"relics":["SlaversCollar","Boot","War Paint","Omamori","Pear","Fusion Hammer","Bottled Lightning","Shovel","Kunai","The Courier","StoneCalendar","Tiny House","HornCleat","Orichalcum","Incense Burner","Art of War","Yang"],"acts_visited":["Exordium","TheCity","TheBeyond"],"potions_floor_usage":[8,20,33,33,33,47,48,50,50],"damage_taken":[{"damage":0,"enemies":"Small Slimes","floor":1,"turns":3},{"damage":27,"enemies":"Lagavulin","floor":6,"turns":11},{"damage":3,"enemies":"2 Louse","floor":8,"turns":2},{"damage":0,"enemies":"Cultist","floor":10,"turns":2},{"damage":3,"enemies":"3 Sentries","floor":12,"turns":6},{"damage":0,"enemies":"Slime Boss","floor":16,"turns":6},{"damage":0,"enemies":"3 Byrds","floor":18,"turns":5},{"damage":1,"enemies":"Spheric Guardian","floor":20,"turns":6},{"damage":2,"enemies":"Snake Plant","floor":21,"turns":4},{"damage":23,"enemies":"Slavers","floor":24,"turns":12},{"damage":1,"enemies":"3 Cultists","floor":25,"turns":6},{"damage":3,"enemies":"Book of Stabbing","floor":27,"turns":4},{"damage":0,"enemies":"Centurion and Healer","floor":28,"turns":5},{"damage":5,"enemies":"Snake Plant","floor":31,"turns":4},{"damage":9,"enemies":"Champ","floor":33,"turns":8},{"damage":0,"enemies":"3 Darklings","floor":35,"turns":6},{"damage":0,"enemies":"Orb Walker","floor":37,"turns":5},{"damage":2,"enemies":"Nemesis","floor":40,"turns":5},{"damage":0,"enemies":"Reptomancer","floor":42,"turns":8},{"damage":0,"enemies":"Giant Head","floor":44,"turns":7},{"damage":1,"enemies":"3 Darklings","floor":45,"turns":7},{"damage":10,"enemies":"Writhing Mass","floor":47,"turns":6},{"damage":23,"enemies":"Sphere and 2 Shapes","floor":48,"turns":6},{"damage":25,"enemies":"Awakened One","floor":50,"turns":9}],"seed_played":"7765761060943639361","potions_obtained":[{"floor":6,"key":"Fruit Juice"},{"floor":16,"key":"GamblersBrew"},{"floor":21,"key":"BlessingOfTheForge"},{"floor":24,"key":"SneckoOil"},{"floor":28,"key":"Strength Potion"},{"floor":31,"key":"SteroidPotion"},{"floor":34,"key":"CultistPotion"},{"floor":35,"key":"StancePotion"},{"floor":47,"key":"Explosive Potion"}],"is_trial":false,"path_per_floor":["M","$","?","?","?","E","T","M","T","M","R","E","R","$","R","B",null,"M","?","M","M","?","R","E","M","T","E","M","T","?","M","R","B",null,"M","?","M","$","?","E","?","E","T","E","M","$","M","M","R","B",null],"character_chosen":"WATCHER","items_purchased":["Protect","Evaluate","FlurryOfBlows","ReachHeaven","FollowUp","Tantrum","HornCleat","DuplicationPotion","Ambrosia","Yang"],"campfire_rested":1,"item_purchase_floors":[2,14,14,38,38,38,38,38,38,46],"current_hp_per_floor":[72,72,72,72,58,31,31,33,33,33,33,40,40,40,40,40,87,87,87,86,84,84,84,61,60,60,57,57,57,57,52,52,43,92,92,92,92,92,92,90,90,90,90,90,89,89,79,56,83,58],"gold":84,"neow_bonus":"BOSS_RELIC","is_daily":false,"chose_seed":false,"campfire_upgraded":3,"win_rate":0.0,"timestamp":1611919850,"path_taken":["M","$","?","?","?","E","?","?","T","M","R","E","R","$","R","BOSS","M","?","M","M","?","R","E","?","T","E","M","?","?","M","R","BOSS","M","?","M","$","?","E","?","E","T","E","M","$","?","M","R","BOSS"],"items_purchased_type":["Card","Card","Card","Card","Card","Card","Relic","Potion","Potion","Relic"],"build_version":"2020-12-22","purchased_purges":0,"victory":true,"max_hp_per_floor":[72,72,72,72,72,72,72,77,77,77,77,87,87,87,87,87,87,87,87,87,87,87,87,87,87,87,87,87,87,87,87,87,87,92,92,92,92,92,92,92,92,92,92,92,92,92,92,92,92,92],"relic_stats":{"Shovel":1,"counters":[24,143],"StoneCalendar":[104],"Yang":[60],"Art of War":[2],"Kunai":[48],"War Paint":["Vigilance","Defend_P"],"Orichalcum":[30],"Boot":[273],"obtain_stats":[{"Pear":12,"Tiny House":34,"StoneCalendar":32,"Yang":46,"The Courier":29,"Omamori":9,"Incense Burner":42,"War Paint":7,"Orichalcum":40,"Boot":6,"SlaversCollar":0,"Shovel":26,"HornCleat":38,"Fusion Hammer":17,"Art of War":44,"Bottled Lightning":24,"Kunai":27,"PureWater":0},{"Pear":5,"Tiny House":15,"StoneCalendar":14,"Yang":21,"The Courier":13,"Omamori":3,"Incense Burner":19,"War Paint":2,"Orichalcum":18,"Boot":2,"SlaversCollar":0,"Shovel":11,"HornCleat":17,"Fusion Hammer":6,"Art of War":20,"Bottled Lightning":10,"Kunai":12,"PureWater":0},{"Pear":24,"Tiny House":84,"StoneCalendar":76,"Yang":122,"The Courier":72,"Omamori":16,"Incense Burner":108,"War Paint":14,"Orichalcum":100,"Boot":14,"SlaversCollar":0,"Shovel":63,"HornCleat":95,"Fusion Hammer":30,"Art of War":115,"Bottled Lightning":57,"Kunai":67,"PureWater":0}]},"card_choices":[{"not_picked":["FollowUp","FearNoEvil"],"picked":"Tantrum","floor":1},{"not_picked":["Prostrate","LikeWater"],"picked":"ThirdEye","floor":6},{"not_picked":["BowlingBash","Crescendo"],"picked":"Halt","floor":8},{"not_picked":["FollowUp","FearNoEvil"],"picked":"Wireheading","floor":10},{"not_picked":["SashWhip","Collect"],"picked":"FlurryOfBlows","floor":12},{"not_picked":["Ragnarok","ConjureBlade"],"picked":"SpiritShield","floor":16},{"not_picked":["FollowUp","PathToVictory"],"picked":"EmptyBody+1","floor":18},{"not_picked":["PathToVictory","BowlingBash"],"picked":"CrushJoints","floor":20},{"not_picked":["Crescendo","BowlingBash"],"picked":"Protect+1","floor":21},{"not_picked":["EmptyBody","Protect"],"picked":"ReachHeaven","floor":24},{"not_picked":["BowlingBash","Prostrate+1"],"picked":"SashWhip","floor":25},{"not_picked":["FlurryOfBlows","Halt"],"picked":"Meditate","floor":27},{"not_picked":["CrushJoints+1","FlyingSleeves+1"],"picked":"ClearTheMind","floor":28},{"not_picked":["Wish","CarveReality"],"picked":"Perseverance","floor":31},{"not_picked":["Brilliance","Establishment"],"picked":"Vault","floor":33},{"not_picked":["JustLucky+1","Swivel+1"],"picked":"InnerPeace","floor":34},{"not_picked":["Fasting2","SignatureMove"],"picked":"Nirvana","floor":35},{"not_picked":["EmptyBody","MentalFortress"],"picked":"Perseverance","floor":37},{"not_picked":["Halt","Swivel+1"],"picked":"BattleHymn","floor":40},{"not_picked":["BowlingBash","Sanctity"],"picked":"FearNoEvil","floor":42},{"not_picked":["PathToVictory+1","Wallop","CrushJoints+1"],"picked":"SKIP","floor":44},{"not_picked":["BowlingBash","SashWhip"],"picked":"JustLucky+1","floor":45},{"not_picked":["FollowUp","SashWhip"],"picked":"SandsOfTime","floor":47},{"not_picked":["Halt","JustLucky+1","CarveReality"],"picked":"SKIP","floor":48}],"player_experience":160597,"relics_obtained":[{"floor":6,"key":"Boot"},{"floor":7,"key":"War Paint"},{"floor":9,"key":"Omamori"},{"floor":12,"key":"Pear"},{"floor":24,"key":"Bottled Lightning"},{"floor":26,"key":"Shovel"},{"floor":27,"key":"Kunai"},{"floor":29,"key":"The Courier"},{"floor":32,"key":"StoneCalendar"},{"floor":40,"key":"Orichalcum"},{"floor":42,"key":"Incense Burner"},{"floor":44,"key":"Art of War"}],"event_choices":[{"damage_healed":0,"gold_gain":0,"player_choice":"Fled","damage_taken":0,"max_hp_gain":0,"max_hp_loss":0,"event_name":"Scrap Ooze","floor":3,"gold_loss":0},{"damage_healed":0,"gold_gain":0,"player_choice":"Grow","damage_taken":0,"max_hp_gain":0,"max_hp_loss":0,"event_name":"Living Wall","floor":4,"gold_loss":0,"cards_upgraded":["Eruption"]},{"damage_healed":0,"gold_gain":0,"player_choice":"Entered Light","damage_taken":14,"max_hp_gain":0,"max_hp_loss":0,"event_name":"Shining Light","floor":5,"gold_loss":0,"cards_upgraded":["Strike_P","Protect"]},{"damage_healed":0,"gold_gain":0,"player_choice":"Simplicity","damage_taken":0,"max_hp_gain":0,"max_hp_loss":0,"event_name":"Back to Basics","floor":19,"gold_loss":0,"cards_upgraded":["Strike_P","Strike_P","Strike_P","Defend_P","Defend_P","Defend_P"]},{"damage_healed":0,"gold_gain":0,"player_choice":"Upgraded","damage_taken":0,"max_hp_gain":0,"max_hp_loss":0,"event_name":"Upgrade Shrine","floor":22,"gold_loss":0,"cards_upgraded":["SpiritShield"]},{"damage_healed":0,"gold_gain":0,"player_choice":"Read","damage_taken":0,"max_hp_gain":0,"max_hp_loss":0,"event_name":"The Library","floor":30,"gold_loss":0,"cards_obtained":["Scrawl"]},{"damage_healed":0,"gold_gain":0,"player_choice":"Ignored","damage_taken":0,"max_hp_gain":0,"max_hp_loss":0,"event_name":"Tomb of Lord Red Mask","floor":36,"gold_loss":0},{"cards_removed":["Defend_P"],"damage_healed":0,"gold_gain":0,"player_choice":"Removed Skill","damage_taken":0,"max_hp_gain":0,"max_hp_loss":0,"event_name":"Falling","floor":39,"gold_loss":0},{"damage_healed":0,"gold_gain":0,"player_choice":"Bought 0 Potions","damage_taken":0,"max_hp_gain":0,"max_hp_loss":0,"event_name":"The Woman in Blue","floor":41,"gold_loss":0}],"is_beta":false,"boss_relics":[{"not_picked":["VioletLotus","Runic Dome"],"picked":"Fusion Hammer"},{"not_picked":["Runic Pyramid","Pandora\u0027s Box"],"picked":"Tiny House"}],"items_purged_floors":[],"is_endless":false,"potions_floor_spawned":[6,16,21,24,28,31,35,42,45,47],"ascension_level":4}}