{"host":"xgwtdz99zg48cmix","time":1611923738,"event":{"mods":["ATMod(°¢èªMod)","Arknights The Spire","Aspiration","BaseMod","Dota2Spire","Downfall","Marisa£¨ìFÓê¡¡Ä§ÀíÉ³£©","Minty Spire (QoL Compilation)","Quick Restart","Relic Filter Mod","Reliquary","StSLib","WarShipGirlsR/Õ½½¢ÉÙÅ®R mod","[GremlinLeader]The Maniac","[IsaacMod]ÒÔÈö¼âËþ","¡¾ÒÅÎï¿¨ÅÆ¡¿REMEMod","óô»ðÖ¸ÄÏ"],"gold_per_floor":[115,127,543,593,613,613,631,660,660,677,677,692,692,867,867,1466,1466,1485,1496,1496,1516,1527,1527,1541,1541,1565,1565,1600,1600,1615,1632,1632,2235,2235,2250,2325,2325,2345,2357,2415,2415,2446,2446,2446,2522,2534,2561,2590,2590,3090,3090,3090,3090,3120,3170],"floor_reached":56,"language":"ZHS","playtime":2461,"items_purged":["Strike_G"],"score":1434,"play_id":"52889bff-9cb8-4046-9305-db3dfcc54645","local_time":"20210129203538","is_ascension_mode":false,"campfire_choices":[{"data":"AT_FamilyPortrait","floor":6,"key":"SMITH"},{"floor":11,"key":"REST"},{"floor":13,"key":"REST"},{"data":"Acrobatics","floor":15,"key":"SMITH"},{"data":"AT_FocusSwordFire","floor":23,"key":"SMITH"},{"floor":27,"key":"RECALL"},{"floor":29,"key":"REST"},{"data":"AT_WindFlip","floor":32,"key":"SMITH"},{"data":"Concentrate","floor":41,"key":"SMITH"},{"floor":44,"key":"REST"},{"floor":49,"key":"REST"},{"floor":52,"key":"REST"}],"circlet_count":0,"master_deck":["Strike_G+1","Strike_G+1","Defend_G+1","Defend_G+1","Defend_G+1","Defend_G+1","Defend_G+1","Survivor+1","Neutralize+1","DoctorFetus+1","AT_FamilyPortrait+1","sneckomod:UnknownRarePower+1","BettingIsNotGood+1","hexamod:SixthSeal","Acrobatics+1","Eviscerate+1","After Image+1","Concentrate+1","Doubt","Die Die Die+1","AT_KneejerkReflex+1","AT_FocusSwordFire+1","AT_WindFlip+1","REME_SpectralBlade+1","REME_AllRoundStrike+1","Tactician+1","Reflex+1","After Image+1","AT_EssenceShift+1","Accuracy+1"],"relics":["Ring of the Snake","HushsDoor","MoneyPower","REME_ComplimentaryCards","AT_ATBox","MaYiHuaBei","NeowsBlessing","Question Card","Dota2Spire:ShivaGuard","reliquary:RedPaperclip","aspiration:RitualStick","reliquary:Knoch","Empty Cage","Bottled Flame","AT_SunfireAegis","Dota2Spire:MagicBottle","DeathBook","Whetstone","CatCart","War Paint","AT_EbonyIvory","Dota2Spire:PowerTreads"],"acts_visited":["Exordium","TheCity","TheBeyond","TheEnding"],"potions_floor_usage":[7,8,12,16,22,42,50,50],"damage_taken":[{"damage":0,"enemies":"Cultist","floor":1,"turns":1},{"damage":0,"enemies":"Small Slimes","floor":2,"turns":1},{"damage":0,"enemies":"Hiden Room Battle","floor":4,"turns":1},{"damage":12,"enemies":"Jaw Worm","floor":5,"turns":4},{"damage":8,"enemies":"Red Slaver","floor":7,"turns":2},{"damage":46,"enemies":"3 Sentries","floor":8,"turns":5},{"damage":3,"enemies":"Large Slime","floor":10,"turns":7},{"damage":7,"enemies":"Looter","floor":12,"turns":2},{"damage":8,"enemies":"The Guardian","floor":16,"turns":7},{"damage":0,"enemies":"Shell Parasite","floor":18,"turns":2},{"damage":0,"enemies":"Spheric Guardian","floor":19,"turns":3},{"damage":6,"enemies":"Snake Plant","floor":21,"turns":4},{"damage":6,"enemies":"Centurion and Healer","floor":22,"turns":6},{"damage":0,"enemies":"Shelled Parasite and Fungi","floor":24,"turns":1},{"damage":7,"enemies":"REME_1_Revenger","floor":28,"turns":3},{"damage":0,"enemies":"Sentry and Sphere","floor":30,"turns":3},{"damage":6,"enemies":"Centurion and Healer","floor":31,"turns":4},{"damage":0,"enemies":"Collector","floor":33,"turns":5},{"damage":0,"enemies":"3 Shapes","floor":35,"turns":4},{"damage":0,"enemies":"Hiden Room Battle","floor":36,"turns":2},{"damage":0,"enemies":"Orb Walker","floor":38,"turns":2},{"damage":6,"enemies":"Transient","floor":39,"turns":5},{"damage":3,"enemies":"Giant Head","floor":40,"turns":3},{"damage":42,"enemies":"Nemesis","floor":42,"turns":4},{"damage":3,"enemies":"Orin","floor":45,"turns":5},{"damage":9,"enemies":"Writhing Mass","floor":46,"turns":3},{"damage":0,"enemies":"Reptomancer","floor":48,"turns":2},{"damage":39,"enemies":"Awakened One","floor":50,"turns":5},{"damage":8,"enemies":"Shield and Spear","floor":54,"turns":5},{"damage":39,"enemies":"Delirium","floor":55,"turns":10}],"seed_played":"9089934408578346267","potions_obtained":[{"floor":1,"key":"Fire Potion"},{"floor":2,"key":"Strength Potion"},{"floor":10,"key":"Swift Potion"},{"floor":12,"key":"Weak Potion"},{"floor":16,"key":"Fire Potion"},{"floor":18,"key":"DistilledChaos"},{"floor":19,"key":"EssenceOfSteel"},{"floor":30,"key":"PowerPotion"},{"floor":46,"key":"ColorlessPotion"}],"is_trial":false,"path_per_floor":["M","M","$","?","M","R","M","E","T","M","R","M","R","?","R","B",null,"M","M","?","M","M","R","M","?","T","R","E","R","M","M","R","B",null,"M","?","$","M","M","E","R","E","T","R","?","M","T","E","R","B",null,"R","$","E","B",null],"character_chosen":"THE_SILENT","items_purchased":["BettingIsNotGood","REME_AllRoundStrike"],"campfire_rested":6,"item_purchase_floors":[3,34],"current_hp_per_floor":[70,70,70,70,58,58,50,4,4,1,22,15,36,36,36,28,70,70,70,70,64,64,64,64,50,50,50,43,64,70,64,64,70,60,60,60,60,60,54,51,51,21,21,39,36,37,37,37,55,26,60,60,60,52,24],"gold":3170,"neow_bonus":"THREE_ENEMY_KILL","is_daily":false,"chose_seed":false,"campfire_upgraded":5,"win_rate":0.0,"timestamp":1611923738,"path_taken":["M","?","$","?","?","R","M","E","T","M","R","M","R","?","R","BOSS","M","M","?","?","M","R","M","?","T","R","E","R","M","M","R","BOSS","M","?","?","?","M","E","R","E","T","R","?","M","?","E","R","BOSS","R","$","E","BOSS"],"items_purchased_type":["Card","Card"],"build_version":"2020-12-22","purchased_purges":1,"victory":true,"max_hp_per_floor":[70,70,70,70,70,70,70,70,70,70,70,70,70,70,70,70,70,70,70,70,70,70,70,70,70,70,70,70,70,70,70,70,70,60,60,60,60,60,60,60,60,60,60,60,60,60,60,60,60,60,60,60,60,60,60],"card_choices":[{"not_picked":[],"picked":"DoctorFetus","floor":0},{"not_picked":["REME_ShadowStrike","Setup","Blade Dance"],"picked":"SKIP","floor":1},{"not_picked":["Outmaneuver","Deadly Poison","Underhanded Strike"],"picked":"SKIP","floor":2},{"not_picked":["hexamod:SecondSeal","hexamod:ThirdSeal"],"picked":"hexamod:SixthSeal","floor":5},{"not_picked":["Accuracy","Blur","Quick Slash"],"picked":"Acrobatics","floor":5},{"not_picked":["Outmaneuver","Sucker Punch","PiercingWail"],"picked":"Eviscerate","floor":7},{"not_picked":["Poisoned Stab","Deadly Poison","Blur"],"picked":"After Image","floor":8},{"not_picked":["Outmaneuver","Cloak And Dagger","Dash","Slice"],"picked":"SKIP","floor":10},{"not_picked":["Crippling Poison","AT_ShadowStep","Dagger Spray"],"picked":"Concentrate","floor":12},{"not_picked":["Adrenaline","REME_LeechingPoison","After Image"],"picked":"Die Die Die","floor":16},{"not_picked":["Infinite Blades","Poisoned Stab","Flechettes","Noxious Fumes"],"picked":"SKIP","floor":18},{"not_picked":["Bouncing Flask","AT_TinkerSharpsword","Infinite Blades","Dodge and Roll+1"],"picked":"SKIP","floor":19},{"not_picked":["Finisher","Underhanded Strike","Footwork"],"picked":"AT_KneejerkReflex","floor":21},{"not_picked":["Flying Knee","Backflip+1","Slice"],"picked":"AT_FocusSwordFire","floor":22},{"not_picked":["Flechettes","Setup+1","Dagger Spray","Deflect"],"picked":"SKIP","floor":24},{"not_picked":["Deadly Poison","Dodge and Roll","Caltrops+1","Bane"],"picked":"SKIP","floor":28},{"not_picked":["Footwork","Flying Knee","Backflip+1"],"picked":"AT_WindFlip","floor":30},{"not_picked":["Skewer","Flechettes","Poisoned Stab+1","Setup"],"picked":"SKIP","floor":31},{"not_picked":["REME_CopyPotion","Die Die Die","After Image"],"picked":"REME_SpectralBlade","floor":33},{"not_picked":["Caltrops","Dagger Spray+1","Deadly Poison+1","Bane+1"],"picked":"SKIP","floor":35},{"not_picked":["Cloak And Dagger","AT_MyraUnstableElement","Poisoned Stab+1","Dodge and Roll+1"],"picked":"SKIP","floor":38},{"not_picked":["Crippling Poison","Escape Plan","Poisoned Stab+1"],"picked":"Tactician+1","floor":39},{"not_picked":["Choke+1","Underhanded Strike","Crippling Poison+1"],"picked":"Reflex","floor":40},{"not_picked":["Backflip","Slice","Outmaneuver"],"picked":"After Image","floor":42},{"not_picked":["Cloak And Dagger","Dodge and Roll","Dagger Throw+1"],"picked":"AT_EssenceShift","floor":45},{"not_picked":["AT_KneejerkReflex","Deflect+1","Sucker Punch","Caltrops"],"picked":"SKIP","floor":46},{"not_picked":["Sucker Punch+1","Bane+1","Wraith Form v2","Quick Slash"],"picked":"SKIP","floor":48},{"not_picked":["Dash","Sucker Punch","AT_FocusSwordFire"],"picked":"Accuracy+1","floor":54}],"player_experience":443962,"relics_obtained":[{"floor":4,"key":"Question Card"},{"floor":4,"key":"Dota2Spire:UrnOfShadows"},{"floor":8,"key":"Dota2Spire:ShivaGuard"},{"floor":9,"key":"reliquary:Firecrackers"},{"floor":28,"key":"reliquary:Knoch"},{"floor":36,"key":"Bottled Flame"},{"floor":36,"key":"AT_SunfireAegis"},{"floor":40,"key":"Dota2Spire:MagicBottle"},{"floor":42,"key":"DeathBook"},{"floor":43,"key":"Whetstone"},{"floor":45,"key":"CatCart"},{"floor":47,"key":"War Paint"},{"floor":48,"key":"AT_EbonyIvory"},{"floor":54,"key":"Dota2Spire:PowerTreads"}],"event_choices":[{"damage_healed":0,"gold_gain":0,"player_choice":"Fight","damage_taken":0,"max_hp_gain":0,"max_hp_loss":0,"event_name":"HidenRoomEvent","floor":4,"gold_loss":0},{"damage_healed":0,"gold_gain":175,"player_choice":"AGREE","damage_taken":0,"max_hp_gain":0,"max_hp_loss":0,"event_name":"Liars Game","floor":14,"gold_loss":0,"cards_obtained":["Doubt"]},{"damage_healed":0,"gold_gain":0,"player_choice":"Ignored","damage_taken":0,"max_hp_gain":0,"max_hp_loss":0,"event_name":"Vampires","floor":20,"gold_loss":0},{"damage_healed":0,"gold_gain":0,"player_choice":"Fight","damage_taken":0,"max_hp_gain":0,"max_hp_loss":0,"event_name":"HidenRoomEvent","floor":36,"gold_loss":0},{"damage_healed":0,"gold_gain":0,"player_choice":"Fight","damage_taken":0,"max_hp_gain":0,"max_hp_loss":0,"event_name":"OrinTheCat","floor":45,"gold_loss":0}],"is_beta":false,"boss_relics":[{"not_picked":["reliquary:Ember","MagicMushroom"],"picked":"reliquary:RedPaperclip"},{"not_picked":[]},{"not_picked":["REME_DuelDisc","SlaversCollar"],"picked":"Empty Cage"},{"not_picked":[]}],"items_purged_floors":[34],"is_endless":false,"potions_floor_spawned":[1,2,10,12,16,18,19,30,31,35,38,39,46,48],"ascension_level":0}}