{"host":"nwd160me4iqdtr8u","time":1611942604,"event":{"mods":["AchievementEnabler","Act Like it!","BaseMod","Colored Map","DeckTracker","Keyboard Shortcuts","Minty Spire (QoL Compilation)","Quick Restart","Rare Cards Sparkle","StSLib","SuperFastMode","everything is the same but u backflip on backflip"],"gold_per_floor":[114,39,59,59,72,72,85,120,120,45,45,77,25,36,36,36,36],"floor_reached":16,"language":"KOR","playtime":499,"items_purged":["Strike_G"],"score":193,"play_id":"40d36e24-3add-4909-b75c-8c244e338d67","local_time":"20210130025004","is_ascension_mode":true,"campfire_choices":[{"data":"Dramatic Entrance","floor":6,"key":"SMITH"},{"data":"Calculated Gamble","floor":15,"key":"SMITH"}],"circlet_count":0,"master_deck":["AscendersBane","Strike_G","Strike_G","Defend_G","Defend_G","Defend_G","Defend_G","Survivor","Neutralize","Dramatic Entrance+1","Backstab","Calculated Gamble+1","Eviscerate","Quick Slash","Acrobatics","Dash","Finisher"],"relics":["Ring of the Snake","Eternal Feather","Bottled Lightning","Mummified Hand"],"acts_visited":["Exordium"],"potions_floor_usage":[8,8,16],"damage_taken":[{"damage":0,"enemies":"2 Louse","floor":1,"turns":1},{"damage":0,"enemies":"Small Slimes","floor":3,"turns":2},{"damage":0,"enemies":"Jaw Worm","floor":5,"turns":3},{"damage":0,"enemies":"Red Slaver","floor":7,"turns":4},{"damage":11,"enemies":"Gremlin Nob","floor":8,"turns":4},{"damage":15,"enemies":"3 Sentries","floor":12,"turns":10},{"damage":0,"enemies":"Exordium Wildlife","floor":14,"turns":3},{"damage":37,"enemies":"Slime Boss","floor":16,"turns":7}],"seed_played":"3791080139904487460","potions_obtained":[{"floor":1,"key":"LiquidBronze"},{"floor":5,"key":"Energy Potion"},{"floor":7,"key":"BlessingOfTheForge"}],"is_trial":false,"path_per_floor":["M","$","M","?","M","R","M","E","T","?","?","E","$","M","R","B"],"character_chosen":"THE_SILENT","items_purchased":["AttackPotion"],"campfire_rested":0,"item_purchase_floors":[13],"current_hp_per_floor":[59,59,59,59,59,59,59,48,48,48,41,26,26,26,35,0,0],"gold":36,"neow_bonus":"RANDOM_COLORLESS","is_daily":false,"chose_seed":false,"campfire_upgraded":2,"win_rate":0.0,"timestamp":1611942604,"path_taken":["M","$","M","?","M","R","M","E","T","?","?","E","$","M","R","BOSS"],"items_purchased_type":["Potion"],"build_version":"2020-12-22","purchased_purges":1,"victory":false,"max_hp_per_floor":[66,66,66,66,66,66,66,66,66,66,66,66,66,66,66,66,66],"card_choices":[{"not_picked":["Forethought","Bandage Up"],"picked":"Dramatic Entrance","floor":0},{"not_picked":["Quick Slash","Dodge and Roll"],"picked":"Backstab","floor":1},{"not_picked":["Accuracy","All Out Attack"],"picked":"Calculated Gamble","floor":3},{"not_picked":["Concentrate","Outmaneuver","Terror"],"picked":"SKIP","floor":5},{"not_picked":["Bane","Outmaneuver"],"picked":"Quick Slash","floor":7},{"not_picked":["Well Laid Plans","Expertise"],"picked":"Acrobatics","floor":8},{"not_picked":["Distraction","Quick Slash"],"picked":"Dash","floor":12},{"not_picked":["Sucker Punch","Skewer"],"picked":"Finisher","floor":14}],"player_experience":323145,"relics_obtained":[{"floor":8,"key":"Eternal Feather"},{"floor":9,"key":"Bottled Lightning"},{"floor":12,"key":"Mummified Hand"}],"event_choices":[{"damage_healed":0,"gold_gain":0,"cards_transformed":["Strike_G"],"player_choice":"Change","damage_taken":0,"max_hp_gain":0,"max_hp_loss":0,"event_name":"Living Wall","floor":4,"gold_loss":0,"cards_obtained":["Eviscerate"]},{"cards_removed":["Defend_G"],"damage_healed":0,"gold_gain":0,"player_choice":"Card Removal","damage_taken":0,"max_hp_gain":0,"max_hp_loss":0,"event_name":"The Cleric","floor":10,"gold_loss":75},{"cards_removed":["Strike_G"],"damage_healed":0,"gold_gain":0,"player_choice":"Card Removal","damage_taken":7,"max_hp_gain":0,"max_hp_loss":0,"event_name":"Golden Wing","floor":11,"gold_loss":0}],"is_beta":false,"boss_relics":[],"items_purged_floors":[2],"is_endless":false,"potions_floor_spawned":[1,5,7],"killed_by":"Slime Boss","ascension_level":15}}