{"host":"msmkw03x1o7nq45i","time":1611922007,"event":{"mods":["AchievementEnabler","BaseMod","Bestiary","Colored Powertips","GifTheSpireLib","Highlight Path","Minty Spire (QoL Compilation)","Random Character Button","StSLib","everything is the same but u backflip on backflip"],"gold_per_floor":[111,111,129,147,160,188,5,31,58,81,81,100,133,157,157,261,261,288,22,40,49,72,114,139,177,258,286,286,298,298,298],"floor_reached":30,"language":"ENG","playtime":2401,"items_purged":[],"score":550,"play_id":"9fbc36e4-59af-4708-a16f-72ff13c874f4","local_time":"20210129140647","is_ascension_mode":true,"campfire_choices":[{"data":"TalkToTheHand","floor":11,"key":"SMITH"},{"data":"Fasting2","floor":15,"key":"SMITH"},{"data":"TalkToTheHand","floor":28,"key":"SMITH"}],"circlet_count":0,"master_deck":["AscendersBane","Strike_P","Strike_P","Strike_P","Defend_P","Eruption","Vigilance","EmptyFist","LikeWater","CutThroughFate","TalkToTheHand+1","Fasting2+1","Sanctity","Halt","EmptyMind","TalkToTheHand+1","WaveOfTheHand","Vault","CrushJoints","Indignation","FlurryOfBlows","JustLucky","Meditate","ClearTheMind","Wireheading","RitualDagger","JustLucky+1","BowlingBash+1","MentalFortress","Conclude","CutThroughFate"],"relics":["Coffee Dripper","Gremlin Horn","Ginger","Happy Flower","Kunai","CeramicFish","Pen Nib","Empty Cage","Damaru","MealTicket","InkBottle"],"acts_visited":["Exordium","TheCity"],"potions_floor_usage":[8,10,23,25,30],"damage_taken":[{"damage":0,"enemies":"Cultist","floor":1,"turns":3},{"damage":3,"enemies":"2 Louse","floor":3,"turns":2},{"damage":0,"enemies":"Small Slimes","floor":4,"turns":2},{"damage":3,"enemies":"Blue Slaver","floor":5,"turns":4},{"damage":20,"enemies":"3 Sentries","floor":6,"turns":7},{"damage":8,"enemies":"Gremlin Nob","floor":8,"turns":4},{"damage":0,"enemies":"2 Fungi Beasts","floor":10,"turns":3},{"damage":15,"enemies":"Exordium Thugs","floor":12,"turns":4},{"damage":12,"enemies":"3 Sentries","floor":13,"turns":9},{"damage":11,"enemies":"Exordium Wildlife","floor":14,"turns":4},{"damage":0,"enemies":"The Guardian","floor":16,"turns":11},{"damage":2,"enemies":"Spheric Guardian","floor":18,"turns":3},{"damage":9,"enemies":"Chosen","floor":22,"turns":4},{"damage":7,"enemies":"Slavers","floor":23,"turns":4},{"damage":13,"enemies":"Centurion and Healer","floor":24,"turns":3},{"damage":12,"enemies":"Gremlin Leader","floor":25,"turns":6},{"damage":0,"enemies":"3 Cultists","floor":27,"turns":2},{"damage":4,"enemies":"Snecko","floor":29,"turns":4},{"damage":11,"enemies":"Slavers","floor":30,"turns":1}],"seed_played":"7821266739563934187","potions_obtained":[{"floor":1,"key":"PowerPotion"},{"floor":4,"key":"BottledMiracle"},{"floor":5,"key":"FairyPotion"},{"floor":8,"key":"ColorlessPotion"},{"floor":18,"key":"Explosive Potion"},{"floor":25,"key":"BlessingOfTheForge"}],"is_trial":false,"path_per_floor":["M","T","M","M","M","E","$","E","T","M","R","M","E","M","R","B",null,"M","$","?","?","M","E","M","E","T","M","R","M","E"],"character_chosen":"WATCHER","items_purchased":["Happy Flower","Sanctity","Indignation","FlurryOfBlows","JustLucky","Meditate","ColorlessPotion"],"campfire_rested":0,"item_purchase_floors":[7,7,19,19,19,19,19],"current_hp_per_floor":[65,65,62,62,59,39,39,31,31,31,31,16,4,21,21,21,59,57,57,57,51,42,35,22,10,10,10,10,6,0,0],"gold":298,"neow_bonus":"BOSS_RELIC","is_daily":false,"chose_seed":false,"campfire_upgraded":3,"win_rate":0.0,"timestamp":1611922007,"path_taken":["M","?","M","?","M","E","$","E","T","?","R","M","E","M","R","BOSS","M","$","?","?","M","E","M","E","T","M","R","M","E"],"items_purchased_type":["Relic","Card","Card","Card","Card","Card","Potion"],"build_version":"2020-12-22","purchased_purges":0,"victory":false,"max_hp_per_floor":[72,72,72,72,72,72,72,72,72,72,72,72,72,72,72,72,72,72,72,72,72,72,72,72,72,72,72,72,72,72,72],"card_choices":[{"not_picked":["WindmillStrike","PathToVictory"],"picked":"EmptyFist","floor":1},{"not_picked":["Perseverance","ThirdEye"],"picked":"LikeWater","floor":3},{"not_picked":["Prostrate","BowlingBash"],"picked":"CutThroughFate","floor":4},{"not_picked":["Prostrate","Adaptation"],"picked":"TalkToTheHand","floor":5},{"not_picked":["FlyingSleeves","Evaluate"],"picked":"Fasting2","floor":6},{"not_picked":["Swivel","PathToVictory"],"picked":"Halt","floor":8},{"not_picked":["Prostrate","Halt"],"picked":"EmptyMind","floor":10},{"not_picked":["Protect","EmptyBody"],"picked":"TalkToTheHand","floor":12},{"not_picked":["BattleHymn","FlyingSleeves","Indignation"],"picked":"SKIP","floor":13},{"not_picked":["CutThroughFate","SignatureMove"],"picked":"WaveOfTheHand","floor":14},{"not_picked":["DevaForm","ConjureBlade"],"picked":"Vault","floor":16},{"not_picked":["InnerPeace","Swivel"],"picked":"CrushJoints","floor":18},{"not_picked":["FollowUp","FlurryOfBlows"],"picked":"JustLucky+1","floor":22},{"not_picked":["MentalFortress","JustLucky"],"picked":"BowlingBash+1","floor":23},{"not_picked":["EmptyBody","Protect+1"],"picked":"MentalFortress","floor":24},{"not_picked":["CrushJoints+1","Indignation"],"picked":"Conclude","floor":25},{"not_picked":["Consecrate","JustLucky"],"picked":"CutThroughFate","floor":27},{"not_picked":["Swivel","Evaluate","SandsOfTime"],"picked":"SKIP","floor":29}],"player_experience":433410,"relics_obtained":[{"floor":2,"key":"Gremlin Horn"},{"floor":6,"key":"Ginger"},{"floor":8,"key":"Kunai"},{"floor":9,"key":"CeramicFish"},{"floor":13,"key":"Pen Nib"},{"floor":23,"key":"Damaru"},{"floor":25,"key":"MealTicket"},{"floor":26,"key":"InkBottle"}],"event_choices":[{"damage_healed":0,"gold_gain":0,"cards_transformed":["Defend_P","Strike_P"],"player_choice":"Became Test Subject","damage_taken":0,"max_hp_gain":0,"max_hp_loss":0,"event_name":"Drug Dealer","floor":20,"gold_loss":0,"cards_obtained":["ClearTheMind","Wireheading"]},{"damage_healed":0,"gold_gain":0,"player_choice":"Joined the Cult","damage_taken":6,"max_hp_gain":0,"max_hp_loss":0,"event_name":"Nest","floor":21,"gold_loss":0,"cards_obtained":["RitualDagger"]}],"is_beta":false,"boss_relics":[{"not_picked":["Busted Crown","Runic Pyramid"],"picked":"Empty Cage"}],"items_purged_floors":[],"is_endless":false,"potions_floor_spawned":[1,4,5,8,18,22,25],"killed_by":"Slavers","ascension_level":12}}