{"host":"5ty8fyb0ngp9gspj","time":1611887708,"event":{"mods":["2.2 Compatiblity","AchievementEnabler","Act Like it!","BaseMod","Colored Map","Downfall","Minty Spire (QoL Compilation)","Rare Cards Sparkle","Relic Stats","Reliquary","StSLib","The Jungle","slay the spire mod where everything is the same but ironclad has a cowboy hat"],"gold_per_floor":[114,125,75,91,91,120,132,132,179,179,179,214,235,235,235,359,359,382,382,398,423,333,333,348,348,348],"floor_reached":25,"language":"ENG","playtime":754,"items_purged":[],"score":281,"play_id":"ca79c7ce-f480-470c-9030-47d29314bc49","local_time":"20210129133508","is_ascension_mode":true,"campfire_choices":[{"data":"Defragment","floor":8,"key":"SMITH"},{"data":"Static Discharge","floor":10,"key":"SMITH"},{"data":"Lockon","floor":15,"key":"SMITH"},{"data":"Echo Form","floor":23,"key":"SMITH"}],"circlet_count":0,"master_deck":["Defend_B","Defend_B","Defend_B","Zap","Dualcast","Ball Lightning","Cold Snap","Static Discharge+1","Defragment+1","Lockon+1","Multi-Cast","Echo Form+1","Defragment+1","Bite","Bite","Bite","Bite+1","Bite","Static Discharge","Hologram+1","Reinforced Body"],"relics":["Cracked Core","InkBottle","Golden Idol","Akabeko","sneckomod:SneckoTalon"],"acts_visited":["TheCity"],"potions_floor_usage":[6,18,25],"damage_taken":[{"damage":2,"enemies":"Jaw Worm","floor":1,"turns":4},{"damage":0,"enemies":"Small Slimes","floor":2,"turns":2},{"damage":0,"enemies":"Cultist","floor":4,"turns":3},{"damage":29,"enemies":"Lagavulin","floor":6,"turns":6},{"damage":4,"enemies":"Exordium Wildlife","floor":7,"turns":2},{"damage":14,"enemies":"3 Sentries","floor":12,"turns":4},{"damage":2,"enemies":"Blue Slaver","floor":13,"turns":3},{"damage":8,"enemies":"Hexaghost","floor":16,"turns":4},{"damage":27,"enemies":"2 Thieves","floor":18,"turns":2},{"damage":7,"enemies":"Chosen","floor":20,"turns":4},{"damage":37,"enemies":"3 Cultists","floor":21,"turns":4},{"damage":32,"enemies":"Snecko","floor":24,"turns":5},{"damage":12,"enemies":"Chosen and Byrds","floor":25,"turns":1}],"seed_played":"-4838459705390609405","potions_obtained":[{"floor":2,"key":"Energy Potion"},{"floor":4,"key":"Block Potion"},{"floor":7,"key":"Block Potion"},{"floor":13,"key":"LiquidBronze"},{"floor":18,"key":"sneckomod:MuddlingPotion"},{"floor":20,"key":"Explosive Potion"}],"is_trial":false,"path_per_floor":["M","M","?","M","?","E","M","R","T","R","?","E","M","?","R","B",null,"M","?","M","M","?","R","M","M"],"character_chosen":"DEFECT","items_purchased":[],"campfire_rested":0,"item_purchase_floors":[],"current_hp_per_floor":[80,80,80,80,82,53,49,49,49,49,49,35,33,33,33,25,76,49,49,53,24,24,24,5,0,0],"gold":348,"neow_bonus":"TEN_PERCENT_HP_BONUS","is_daily":false,"chose_seed":false,"campfire_upgraded":4,"win_rate":0.0,"timestamp":1611887708,"path_taken":["M","M","?","M","?","E","?","R","T","R","?","E","M","?","R","BOSS","M","?","M","M","?","R","M","M"],"items_purchased_type":[],"build_version":"2020-12-22","purchased_purges":0,"victory":false,"max_hp_per_floor":[82,82,82,82,82,82,82,82,82,82,76,76,76,76,76,76,76,76,53,53,53,53,53,53,53,53],"relic_stats":{"counters":[13,44],"Golden Idol":52,"obtain_stats":[{"Golden Idol":11,"Cracked Core":0,"sneckomod:SneckoTalon":17,"InkBottle":6,"Akabeko":12},{"Golden Idol":5,"Cracked Core":0,"sneckomod:SneckoTalon":8,"InkBottle":4,"Akabeko":6},{"Golden Idol":17,"Cracked Core":0,"sneckomod:SneckoTalon":28,"InkBottle":15,"Akabeko":21}],"InkBottle":[8]},"card_choices":[{"not_picked":["Compile Driver","Loop"],"picked":"Ball Lightning","floor":1},{"not_picked":["Static Discharge","Coolheaded"],"picked":"Cold Snap","floor":2},{"not_picked":["Streamline","Coolheaded"],"picked":"Static Discharge","floor":4},{"not_picked":["Streamline","Loop"],"picked":"Defragment","floor":6},{"not_picked":["Sunder","Stack","Coolheaded"],"picked":"SKIP","floor":7},{"not_picked":["Cold Snap","Stack"],"picked":"Lockon","floor":12},{"not_picked":["Recycle","Scrape","Tempest"],"picked":"SKIP","floor":13},{"not_picked":["Seek","Rainbow"],"picked":"Echo Form","floor":16},{"not_picked":["BootSequence","Hologram+1"],"picked":"Defragment+1","floor":18},{"not_picked":["Barrage","Skim"],"picked":"Static Discharge","floor":20},{"not_picked":["Leap","Sweeping Beam"],"picked":"Hologram+1","floor":21},{"not_picked":["FTL","Redo"],"picked":"Reinforced Body","floor":24}],"player_experience":451622,"relics_obtained":[{"floor":6,"key":"InkBottle"},{"floor":12,"key":"Akabeko"}],"event_choices":[{"cards_removed":["Strike_B"],"damage_healed":0,"gold_gain":0,"player_choice":"Card Removal","damage_taken":0,"max_hp_gain":0,"max_hp_loss":0,"event_name":"The Cleric","floor":3,"gold_loss":50},{"damage_healed":2,"gold_gain":0,"player_choice":"Full Heal","damage_taken":0,"max_hp_gain":0,"max_hp_loss":0,"event_name":"Wheel of Change","floor":5,"gold_loss":0},{"damage_healed":0,"gold_gain":0,"player_choice":"Lose Max HP","damage_taken":0,"relics_obtained":["Golden Idol"],"max_hp_gain":0,"max_hp_loss":6,"event_name":"Golden Idol","floor":11,"gold_loss":0},{"damage_healed":0,"gold_gain":0,"cards_transformed":["Strike_B"],"player_choice":"Change","damage_taken":0,"max_hp_gain":0,"max_hp_loss":0,"event_name":"Living Wall","floor":14,"gold_loss":0,"cards_obtained":["Multi-Cast"]},{"damage_healed":0,"gold_gain":0,"player_choice":"Became a vampire","damage_taken":0,"max_hp_gain":0,"max_hp_loss":23,"event_name":"Vampires","floor":19,"gold_loss":0,"cards_obtained":["Bite","Bite","Bite","Bite","Bite"]},{"cards_removed":["Defend_B"],"damage_healed":0,"gold_gain":0,"player_choice":"Upgrade and Remove","damage_taken":0,"max_hp_gain":0,"max_hp_loss":0,"event_name":"Designer","floor":22,"gold_loss":90,"cards_upgraded":["Bite"]}],"is_beta":false,"boss_relics":[{"not_picked":["reliquary:WritOfMandamus","Philosopher\u0027s Stone"],"picked":"sneckomod:SneckoTalon"}],"items_purged_floors":[],"is_endless":false,"potions_floor_spawned":[2,4,7,13,18,20],"killed_by":"Chosen and Byrds","ascension_level":4}}