{"host":"zwezhz46a5cjkxff","time":1611895815,"event":{"mods":["AchievementEnabler","BaseMod","Colored Map","Colored Powertips","DeckTracker","Hermit","Minty Spire (QoL Compilation)","Permanent Neow","Quick Restart","Rare Cards Sparkle","Relic Stats","Robot Space Explorer","StSLib","SuperFastMode","The Hierophant","The Servant 0.9.4","Weighted Paths","slay the spire mod where everything is the same but ironclad has a cowboy hat"],"gold_per_floor":[16,16,16,16,29,29,29,29],"floor_reached":7,"language":"ENG","playtime":153,"items_purged":[],"score":43,"play_id":"1c550cc7-6bfb-4919-878d-4bf8a4619cea","local_time":"20210128225015","is_ascension_mode":true,"campfire_choices":[{"floor":6,"key":"RECALL"}],"circlet_count":0,"master_deck":["Strike_R","Strike_R","Strike_R","Strike_R","Defend_R","Defend_R","Defend_R","Bash","Iron Wave","Pommel Strike","Regret","Pommel Strike"],"relics":["Burning Blood","Golden Idol","Mummified Hand"],"acts_visited":["Exordium"],"potions_floor_usage":[],"damage_taken":[{"damage":3,"enemies":"2 Louse","floor":1,"turns":3},{"damage":15,"enemies":"Jaw Worm","floor":4,"turns":2},{"damage":10,"enemies":"Small Slimes","floor":5,"turns":3},{"damage":55,"enemies":"Lagavulin","floor":7,"turns":5}],"seed_played":"-9098276371752356253","potions_obtained":[{"floor":5,"key":"SmokeBomb"}],"is_trial":false,"path_per_floor":["M","?","?","M","M","R","E"],"character_chosen":"IRONCLAD","items_purchased":[],"campfire_rested":0,"item_purchase_floors":[],"current_hp_per_floor":[80,60,60,51,47,47,0,0],"gold":29,"neow_bonus":"TRANSFORM_TWO_CARDS","is_daily":false,"chose_seed":false,"campfire_upgraded":0,"win_rate":0.0,"timestamp":1611895815,"path_taken":["M","?","?","M","M","R","E"],"items_purchased_type":[],"build_version":"2020-12-22","purchased_purges":0,"victory":false,"max_hp_per_floor":[80,80,80,80,80,80,80,80],"relic_stats":{"counters":[4,13],"Golden Idol":8,"Mummified Hand":[0],"obtain_stats":[{"Golden Idol":2,"Mummified Hand":3,"Burning Blood":0},{"Golden Idol":1,"Mummified Hand":1,"Burning Blood":0},{"Golden Idol":3,"Mummified Hand":3,"Burning Blood":0}],"Burning Blood":15},"card_choices":[{"not_picked":["True Grit","Rampage","Headbutt"],"picked":"SKIP","floor":1},{"not_picked":["Perfected Strike","Second Wind","Headbutt"],"picked":"SKIP","floor":4},{"not_picked":["Heavy Blade","Spot Weakness"],"picked":"Pommel Strike","floor":5}],"player_experience":42724,"relics_obtained":[],"event_choices":[{"damage_healed":0,"gold_gain":0,"player_choice":"Take Damage","damage_taken":20,"relics_obtained":["Golden Idol"],"max_hp_gain":0,"max_hp_loss":0,"event_name":"Golden Idol","floor":2,"gold_loss":0},{"damage_healed":0,"gold_gain":0,"player_choice":"Box","damage_taken":0,"relics_obtained":["Mummified Hand"],"max_hp_gain":0,"max_hp_loss":0,"event_name":"Big Fish","floor":3,"gold_loss":0,"cards_obtained":["Regret"]}],"is_beta":false,"boss_relics":[],"items_purged_floors":[],"is_endless":false,"potions_floor_spawned":[5],"killed_by":"Lagavulin","ascension_level":1}}