{"host":"8i4doyxqctgl5qb0","time":1611913240,"event":{"mods":["AchievementEnabler","BaseMod","Block Reminder","Colored Powertips","Downfall","Lobotomy","Minty Spire (QoL Compilation)","Permanent Neow","Potion Indicator Mod","Rare Cards Sparkle","StSLib","SuperFastMode","The Jungle"],"gold_per_floor":[110,285,285,299,299,299,320,320,320,320,339,339,47,67,67,198,198,222,242,167,185,3,3,39,39,39],"floor_reached":25,"language":"ZHS","playtime":666,"items_purged":["Defend_B"],"score":326,"play_id":"ca7b0c0e-8092-40e7-b6f6-93ffff15e9ee","local_time":"20210129174040","is_ascension_mode":true,"campfire_choices":[{"data":"Zap","floor":6,"key":"SMITH"},{"data":"Hologram","floor":8,"key":"SMITH"},{"data":"Chaos","floor":15,"key":"SMITH"},{"floor":23,"key":"REST"}],"circlet_count":0,"master_deck":["AscendersBane","Strike_B","Strike_B","Strike_B","Strike_B","Defend_B","Defend_B","Defend_B","Zap+1","Dualcast","Hologram+1","Self Repair","BootSequence","Chaos+1","Machine Learning","Core Surge","Steam","Conserve Battery","Go for the Eyes","Static Discharge","Creative AI"],"relics":["Cracked Core","Orichalcum","Golden Idol","WarpedTongs","Bottled Lightning","FaceOfCleric","Spirit Poop","TungstenRod","Empty Cage","Runic Capacitor","Kunai"],"acts_visited":["Exordium","TheCity"],"potions_floor_usage":[14,24,24],"damage_taken":[{"damage":5,"enemies":"Small Slimes","floor":1,"turns":3},{"damage":4,"enemies":"2 Louse","floor":4,"turns":3},{"damage":2,"enemies":"Cultist","floor":7,"turns":3},{"damage":5,"enemies":"Looter","floor":11,"turns":3},{"damage":1,"enemies":"Gremlin Gang","floor":14,"turns":3},{"damage":43,"enemies":"The Guardian","floor":16,"turns":14},{"damage":22,"enemies":"3 Byrds","floor":18,"turns":6},{"damage":24,"enemies":"2 Thieves","floor":19,"turns":4},{"damage":21,"enemies":"Shelled Parasite and Fungi","floor":21,"turns":9},{"damage":47,"enemies":"Slavers","floor":24,"turns":5},{"damage":12,"enemies":"Snake Plant","floor":25,"turns":2}],"seed_played":"-3162416004597875483","potions_obtained":[{"floor":7,"key":"Explosive Potion"},{"floor":14,"key":"FocusPotion"},{"floor":16,"key":"SpeedPotion"},{"floor":24,"key":"Fire Potion"}],"is_trial":false,"path_per_floor":["M","?","?","M","?","R","M","R","T","?","M","?","$","M","R","B",null,"M","M","$","M","$","R","E","M"],"character_chosen":"DEFECT","items_purchased":["TungstenRod","Runic Capacitor","Static Discharge"],"campfire_rested":1,"item_purchase_floors":[13,22,22],"current_hp_per_floor":[63,63,63,59,59,59,64,64,64,64,70,70,70,77,77,45,70,56,40,40,27,27,51,12,0,0],"gold":39,"neow_bonus":"RANDOM_COMMON_RELIC","is_daily":false,"chose_seed":false,"campfire_upgraded":3,"win_rate":0.0,"timestamp":1611913240,"path_taken":["M","?","?","M","?","R","?","R","T","?","?","?","?","M","R","BOSS","M","?","$","?","?","R","E","M"],"items_purchased_type":["Relic","Relic","Card"],"build_version":"2020-12-22","purchased_purges":1,"victory":false,"max_hp_per_floor":[75,75,75,75,75,75,75,75,75,75,76,76,76,77,77,78,78,79,80,80,81,81,81,82,82,82],"card_choices":[{"not_picked":["Steam Power","Gash"],"picked":"Hologram","floor":1},{"not_picked":["Redo","Sweeping Beam"],"picked":"Self Repair","floor":4},{"not_picked":["Compile Driver","Stack"],"picked":"BootSequence","floor":7},{"not_picked":["Reinforced Body","Sweeping Beam"],"picked":"Chaos","floor":11},{"not_picked":["Chaos","Gash"],"picked":"Machine Learning","floor":14},{"not_picked":["Fission","Thunder Strike"],"picked":"Core Surge","floor":16},{"not_picked":["Compile Driver","Glacier"],"picked":"Steam","floor":18},{"not_picked":["Gash","Ball Lightning+1"],"picked":"Conserve Battery","floor":19},{"not_picked":["Chill","Turbo+1"],"picked":"Go for the Eyes","floor":21},{"not_picked":["Gash","Aggregate"],"picked":"Creative AI","floor":24}],"player_experience":251847,"relics_obtained":[{"floor":9,"key":"Bottled Lightning"},{"floor":24,"key":"Kunai"}],"event_choices":[{"damage_healed":0,"gold_gain":175,"player_choice":"AGREE","damage_taken":0,"max_hp_gain":0,"max_hp_loss":0,"event_name":"Liars Game","floor":2,"gold_loss":0,"cards_obtained":["Doubt"]},{"damage_healed":0,"gold_gain":0,"player_choice":"Take Wound","damage_taken":0,"relics_obtained":["Golden Idol"],"max_hp_gain":0,"max_hp_loss":0,"event_name":"Golden Idol","floor":3,"gold_loss":0,"cards_obtained":["Injury"]},{"damage_healed":0,"gold_gain":0,"player_choice":"Rummage","damage_taken":0,"relics_obtained":["WarpedTongs"],"max_hp_gain":0,"max_hp_loss":0,"event_name":"Accursed Blacksmith","floor":5,"gold_loss":0,"cards_obtained":["Pain"]},{"damage_healed":0,"gold_gain":0,"player_choice":"Trade","damage_taken":0,"relics_obtained":["FaceOfCleric"],"max_hp_gain":0,"max_hp_loss":0,"event_name":"FaceTrader","floor":10,"gold_loss":0},{"cards_removed":["Pain"],"damage_healed":0,"gold_gain":0,"player_choice":"Offered Curse","damage_taken":0,"relics_obtained":["Spirit Poop"],"max_hp_gain":0,"max_hp_loss":0,"event_name":"Bonfire Elementals","floor":12,"gold_loss":0}],"is_beta":false,"boss_relics":[{"not_picked":["Busted Crown","Ectoplasm"],"picked":"Empty Cage"}],"items_purged_floors":[20],"is_endless":false,"potions_floor_spawned":[7,14,16,18,24],"killed_by":"Snake Plant","ascension_level":11}}