{"host":"gf8hyl7jhl0is674","time":1611886201,"event":{"mods":["2.2 Compatiblity","Act Like it!","BaseMod","Chen","Gensokyo","KinomotoSakuraMod(????)","Koishi","Marisa????????","Minty Spire (QoL Compilation)","Remilia_Scarlet Moed?????·?????3.3.5","StSLib","Waifu the Spire"],"gold_per_floor":[118,28,38,38,58,87,87,87,114,39,39,49,49,49,49,144,144,163,163,163,18,33,65,65,83,83,83,115,15,32,49,49,151,151,163,163,177,52,70,70,101,101,124,175,175,19,52,52,52,52],"floor_reached":51,"language":"ENG","playtime":6174,"items_purged":["Chen:Defend","Chen:Strike","Chen:Strike"],"score":789,"play_id":"07a3a5a4-f534-4d89-82e3-0a407f04b1c7","local_time":"20210128191001","is_ascension_mode":false,"campfire_choices":[{"data":"Chen:Flit","floor":7,"key":"SMITH"},{"data":"Chen:PounceTurnTail","floor":11,"key":"SMITH"},{"data":"Chen:UnstableBoundary","floor":15,"key":"SMITH"},{"data":"Chen:Sidestep","floor":24,"key":"SMITH"},{"data":"Chen:CurlUp","floor":27,"key":"SMITH"},{"data":"Reinforced Body","floor":32,"key":"SMITH"},{"data":"Chen:UnstableBoundary","floor":40,"key":"SMITH"},{"data":"Chen:Salvo","floor":42,"key":"SMITH"},{"data":"Chen:FlankingStrike","floor":49,"key":"SMITH"}],"circlet_count":0,"master_deck":["Chen:Strike","Chen:Strike+1","Chen:Defend","Chen:Defend","Chen:PounceTurnTail+1","Chen:GlitterPoke+1","Chen:Instinct","Chen:FollowUp","Chen:UnstableBoundary+1","Chen:Flit+1","Chen:Salvo+1","Clumsy","Chen:Stability+1","Chen:RecklessLeap+1","Reinforced Body+1","Chen:Sidestep+1","Chen:CurlUp+1","Chen:UnstableBoundary+1","Chen:StudySharpen+1","Chen:Shapeshift+1","Chen:Unpredictable+1","Chen:EmergencyEscape+1","Chen:Rush+1","Chen:ShikigamiForm","Flash of Steel","Chen:FlankingStrike+1","Chen:Sneak"],"relics":["Chen:Catnip","Happy Flower","Bag of Preparation","Eternal Feather","Mango","MealTicket","Gensokyo:NagashiBinaDoll","SlaversCollar","Gensokyo:MosesMiracle","Sling","Oddly Smooth Stone","Whetstone","HornCleat","Sozu","War Paint","Strawberry","Omamori","PreservedInsect"],"acts_visited":["Gensokyo:Gensokyo","Gensokyo:Gensokyoer","Gensokyo:Gensokyoest"],"potions_floor_usage":[16,22,23],"damage_taken":[{"damage":6,"enemies":"Gensokyo:Python","floor":1,"turns":4},{"damage":0,"enemies":"Gensokyo:3_Fairies","floor":3,"turns":5},{"damage":11,"enemies":"Gensokyo:Gryphon","floor":5,"turns":4},{"damage":21,"enemies":"Gensokyo:Cirno","floor":6,"turns":8},{"damage":0,"enemies":"Gensokyo:5_Fairies","floor":12,"turns":4},{"damage":3,"enemies":"Gensokyo:Reimu","floor":16,"turns":8},{"damage":4,"enemies":"Gensokyo:Chomper","floor":18,"turns":4},{"damage":4,"enemies":"Gensokyo:CosmicMonolith","floor":22,"turns":6},{"damage":13,"enemies":"Gensokyo:Tenshi","floor":23,"turns":4},{"damage":0,"enemies":"Gensokyo:Wraith","floor":25,"turns":4},{"damage":1,"enemies":"Gensokyo:Reisen","floor":28,"turns":6},{"damage":0,"enemies":"Gensokyo:Swordslinger","floor":30,"turns":4},{"damage":33,"enemies":"Gensokyo:Chomper_and_Gloop","floor":31,"turns":5},{"damage":17,"enemies":"Gensokyo:Eternal_Rivals","floor":33,"turns":14},{"damage":0,"enemies":"Gensokyo:3_Boulders","floor":35,"turns":8},{"damage":0,"enemies":"Gensokyo:3_Bats","floor":37,"turns":3},{"damage":0,"enemies":"Gensokyo:3_Boulders","floor":39,"turns":8},{"damage":0,"enemies":"Gensokyo:Doremy","floor":41,"turns":5},{"damage":8,"enemies":"Gensokyo:Kasen","floor":47,"turns":6},{"damage":0,"enemies":"Gensokyo:Yuyuko","floor":50,"turns":5}],"seed_played":"-1997800926422201917","potions_obtained":[{"floor":6,"key":"PowerPotion"},{"floor":12,"key":"SkillPotion"},{"floor":22,"key":"DuplicationPotion"},{"floor":23,"key":"SteroidPotion"},{"floor":28,"key":"EssenceOfSteel"},{"floor":33,"key":"GamblersBrew"}],"is_trial":false,"path_per_floor":["M","COS","M","?","M","E","R","?","T","$","R","M","?","?","R","B",null,"M","?","?","$","M","E","R","M","T","R","E","$","M","M","R","B",null,"M","?","M","$","M","R","E","R","T","T","?","$","E","?","R","B",null],"character_chosen":"CHEN","items_purchased":["Sling","Flash of Steel","Chen:FlankingStrike"],"campfire_rested":0,"item_purchase_floors":[21,46,46],"current_hp_per_floor":[71,71,71,71,60,39,48,41,41,56,62,62,62,62,71,68,91,87,87,87,91,87,74,86,86,86,91,90,91,91,58,70,53,91,91,91,91,91,91,91,91,91,98,98,98,98,90,90,98,98],"gold":52,"neow_bonus":"TEN_PERCENT_HP_BONUS","is_daily":false,"chose_seed":false,"campfire_upgraded":9,"win_rate":0.0,"timestamp":1611886201,"path_taken":["M","COS","M","?","?","E","R","?","T","$","R","M","?","?","R","BOSS","M","?","?","$","M","E","R","M","T","R","E","?","?","M","R","BOSS","M","?","M","$","M","R","E","R","T","?","?","?","E","?","R","BOSS"],"items_purchased_type":["Relic","Card","Card"],"build_version":"2020-12-22","purchased_purges":3,"victory":true,"max_hp_per_floor":[77,77,77,77,77,77,77,91,91,91,91,91,91,91,91,91,91,91,91,91,91,91,91,91,91,91,91,91,91,91,91,91,91,91,91,91,91,91,91,91,91,91,98,98,98,98,98,98,98,98],"card_choices":[{"not_picked":["Chen:RecklessLeap","Chen:SurpriseAttack"],"picked":"Chen:Instinct","floor":1},{"not_picked":["Chen:Catseye","Chen:Tear"],"picked":"Chen:FollowUp","floor":3},{"not_picked":["Chen:SelfControl","Chen:TauntHiss"],"picked":"Chen:UnstableBoundary","floor":5},{"not_picked":["Chen:Shot","Chen:SelfControl"],"picked":"Chen:Flit","floor":6},{"not_picked":["Chen:Scratch","Chen:Sidestep"],"picked":"Chen:Salvo","floor":12},{"not_picked":["Chen:Clarity","Chen:PhoenixWings"],"picked":"Chen:Stability","floor":16},{"not_picked":["Chen:Instinct","Chen:Sidestep"],"picked":"Chen:RecklessLeap","floor":18},{"not_picked":["Chen:Instinct","Chen:Barrier"],"picked":"Chen:Sidestep","floor":22},{"not_picked":["Chen:Instinct","Chen:PentagramFlight+1","Chen:Sidestep"],"picked":"SKIP","floor":23},{"not_picked":["Chen:Sidestep+1","Chen:Copycat"],"picked":"Chen:CurlUp","floor":25},{"not_picked":["Chen:Instinct+1","Chen:Spray+1","Chen:TauntHiss"],"picked":"SKIP","floor":28},{"not_picked":["Chen:Catseye","Chen:Adaptability+1"],"picked":"Chen:UnstableBoundary","floor":30},{"not_picked":["Chen:Recuperate","Chen:Barrier"],"picked":"Chen:StudySharpen+1","floor":31},{"not_picked":["Chen:CurlUp","Chen:Afterimages"],"picked":"Chen:Shapeshift","floor":33},{"not_picked":["Chen:MeditateFrenzy","Chen:Sneak"],"picked":"Chen:Unpredictable+1","floor":35},{"not_picked":["Chen:Shot","Chen:Adaptability"],"picked":"Chen:EmergencyEscape+1","floor":37},{"not_picked":["Chen:RecklessLeap","Chen:Sidestep+1"],"picked":"Chen:Rush+1","floor":39},{"not_picked":["Chen:Sneak+1","Chen:Sidestep","Chen:Assault+1"],"picked":"SKIP","floor":41},{"not_picked":["Chen:Exploit","Chen:RecklessLeap"],"picked":"Chen:Sneak","floor":47}],"player_experience":311516,"relics_obtained":[{"floor":6,"key":"Eternal Feather"},{"floor":9,"key":"MealTicket"},{"floor":23,"key":"Oddly Smooth Stone"},{"floor":25,"key":"Gensokyo:MosesMiracle"},{"floor":26,"key":"Whetstone"},{"floor":28,"key":"HornCleat"},{"floor":41,"key":"War Paint"},{"floor":43,"key":"Strawberry"},{"floor":44,"key":"Omamori"},{"floor":47,"key":"PreservedInsect"}],"event_choices":[],"is_beta":false,"boss_relics":[{"not_picked":["Busted Crown","Fusion Hammer"],"picked":"SlaversCollar"},{"not_picked":["Pandora\u0027s Box","Astrolabe"],"picked":"Sozu"}],"items_purged_floors":[10,29,38],"is_endless":false,"potions_floor_spawned":[6,12,22,23,28,33,37,41],"ascension_level":0}}