{"host":"qekv59dthhdg54sz","time":1611898169,"event":{"mods":["AchievementEnabler","BaseMod","Colored Map","DeckTracker","KOR Keyword Fix","Minty Spire (QoL Compilation)","Rare Cards Sparkle","StSLib","SuperFastMode"],"gold_per_floor":[20,20,20,95,114,114,27,52,77,77,96,96,112,112,112],"floor_reached":14,"language":"KOR","playtime":219,"items_purged":[],"score":163,"play_id":"a8b54a61-ddbb-4ab8-8622-d484e97ed475","local_time":"20210129142929","is_ascension_mode":true,"campfire_choices":[{"data":"Spot Weakness","floor":6,"key":"SMITH"},{"data":"Limit Break","floor":10,"key":"SMITH"},{"data":"Heavy Blade","floor":12,"key":"SMITH"}],"circlet_count":0,"master_deck":["AscendersBane","Strike_R","Strike_R","Defend_R","Defend_R","Defend_R","Defend_R","Bash","Sword Boomerang+1","Spot Weakness+1","Flame Barrier","Limit Break+1","Heavy Blade+1","Shrug It Off"],"relics":["Burning Blood","Anchor","Potion Belt"],"acts_visited":["Exordium"],"potions_floor_usage":[8,14],"damage_taken":[{"damage":18,"enemies":"Jaw Worm","floor":1,"turns":7},{"damage":4,"enemies":"Small Slimes","floor":5,"turns":5},{"damage":13,"enemies":"3 Sentries","floor":8,"turns":7},{"damage":1,"enemies":"Cultist","floor":11,"turns":3},{"damage":21,"enemies":"2 Fungi Beasts","floor":13,"turns":5},{"damage":24,"enemies":"Gremlin Nob","floor":14,"turns":3}],"seed_played":"5739103252589754641","potions_obtained":[{"floor":1,"key":"FearPotion"},{"floor":5,"key":"Fire Potion"},{"floor":13,"key":"DuplicationPotion"}],"is_trial":false,"path_per_floor":["M","?","?","?","M","R","$","E","T","R","M","R","M","E"],"character_chosen":"IRONCLAD","items_purchased":["Flame Barrier"],"campfire_rested":0,"item_purchase_floors":[7],"current_hp_per_floor":[56,56,49,38,40,40,40,33,33,33,38,38,23,0,0],"gold":112,"neow_bonus":"REMOVE_TWO","is_daily":false,"chose_seed":false,"campfire_upgraded":3,"win_rate":0.0,"timestamp":1611898169,"path_taken":["M","?","?","?","M","R","?","E","T","R","M","R","M","E"],"items_purchased_type":["Card"],"build_version":"2020-12-22","purchased_purges":0,"victory":false,"max_hp_per_floor":[75,75,75,75,75,75,75,75,75,75,75,75,75,75,75],"card_choices":[{"not_picked":["Metallicize","Rage"],"picked":"Sword Boomerang","floor":1},{"not_picked":["Battle Trance","Pommel Strike"],"picked":"Spot Weakness","floor":5},{"not_picked":["Power Through","True Grit"],"picked":"Limit Break","floor":8},{"not_picked":["Armaments","Sever Soul"],"picked":"Heavy Blade","floor":11},{"not_picked":["Rage","Blood for Blood"],"picked":"Shrug It Off","floor":13}],"player_experience":868239,"relics_obtained":[{"floor":8,"key":"Anchor"},{"floor":9,"key":"Potion Belt"}],"event_choices":[{"damage_healed":0,"gold_gain":0,"player_choice":"Grow","damage_taken":0,"max_hp_gain":0,"max_hp_loss":0,"event_name":"Living Wall","floor":2,"gold_loss":0,"cards_upgraded":["Sword Boomerang"]},{"cards_removed":["Strike_R"],"damage_healed":0,"gold_gain":0,"player_choice":"Card Removal","damage_taken":7,"max_hp_gain":0,"max_hp_loss":0,"event_name":"Golden Wing","floor":3,"gold_loss":0},{"damage_healed":0,"gold_gain":75,"player_choice":"Gather Gold","damage_taken":11,"max_hp_gain":0,"max_hp_loss":0,"event_name":"World of Goop","floor":4,"gold_loss":0}],"is_beta":false,"boss_relics":[],"items_purged_floors":[],"is_endless":false,"potions_floor_spawned":[1,5,13],"killed_by":"Gremlin Nob","ascension_level":17}}