{"host":"aao0nlwh912axl3t","time":1611883076,"event":{"mods":["BaseMod","Better Third Choice","Colored Powertips","Minty Spire (QoL Compilation)","Rare Cards Sparkle","StSLib"],"gold_per_floor":[19,67,31,31,31,31,49,49,95,126,140,140,160,160,160,262,262,272,212,212,228,228,228],"floor_reached":22,"language":"ENG","playtime":1531,"items_purged":[],"score":181,"play_id":"7e5fad3d-f9b9-4cd8-a8a1-03ac4e2dbf97","local_time":"20210128201756","is_ascension_mode":false,"campfire_choices":[{"floor":6,"key":"REST"},{"floor":8,"key":"REST"},{"data":"Infinite Blades","floor":12,"key":"SMITH"},{"floor":15,"key":"REST"}],"circlet_count":0,"master_deck":["Strike_G","Strike_G","Strike_G","Defend_G","Defend_G","Defend_G","Survivor","Neutralize","Predator","Heel Hook","Infinite Blades+1","Iron Wave","Dagger Spray","Blade Dance","Poisoned Stab","Poisoned Stab","A Thousand Cuts","Flying Knee+1","Choke","Infinite Blades"],"relics":["Ring of the Snake","Juzu Bracelet","betterThird:SlimedRelic","Question Card","Toy Ornithopter","Pen Nib","Bag of Marbles","Runic Pyramid","Spirit Poop"],"acts_visited":["Exordium","TheCity"],"potions_floor_usage":[16,16],"damage_taken":[{"damage":6,"enemies":"Cultist","floor":1,"turns":3},{"damage":17,"enemies":"2 Louse","floor":7,"turns":3},{"damage":30,"enemies":"3 Sentries","floor":10,"turns":6},{"damage":0,"enemies":"Jaw Worm","floor":11,"turns":3},{"damage":13,"enemies":"Lots of Slimes","floor":13,"turns":3},{"damage":39,"enemies":"Slime Boss","floor":16,"turns":8},{"damage":20,"enemies":"3 Byrds","floor":18,"turns":4},{"damage":29,"enemies":"2 Thieves","floor":21,"turns":3},{"damage":22,"enemies":"Centurion and Healer","floor":22,"turns":5}],"seed_played":"398217603819946792","potions_obtained":[{"floor":1,"key":"Poison Potion"},{"floor":10,"key":"DistilledChaos"},{"floor":16,"key":"Ancient Potion"}],"is_trial":false,"path_per_floor":["M","T","?","?","?","R","M","R","T","E","M","R","M","?","R","B",null,"M","?","?","M","M"],"character_chosen":"THE_SILENT","items_purchased":[],"campfire_rested":3,"item_purchase_floors":[],"current_hp_per_floor":[64,64,53,53,53,70,53,70,70,40,40,40,27,20,41,12,70,50,50,50,21,0,0],"gold":228,"neow_bonus":"TRANSFORM_TWO_CARDS","is_daily":false,"chose_seed":false,"campfire_upgraded":1,"win_rate":0.0,"timestamp":1611883076,"path_taken":["M","?","?","?","?","R","M","R","T","E","M","R","M","?","R","BOSS","M","?","?","M","M"],"items_purchased_type":[],"build_version":"2020-12-22","purchased_purges":0,"victory":false,"max_hp_per_floor":[70,70,70,70,70,70,70,70,70,70,70,70,70,70,70,70,70,70,70,70,70,70,70],"card_choices":[{"not_picked":["Tactician","Expertise"],"picked":"Infinite Blades","floor":1},{"not_picked":["Dodge and Roll","Heel Hook","Deflect"],"picked":"Dagger Spray","floor":7},{"not_picked":["Underhanded Strike","Deflect","Backflip"],"picked":"Blade Dance","floor":10},{"not_picked":["Underhanded Strike","Escape Plan","Acrobatics"],"picked":"Poisoned Stab","floor":11},{"not_picked":["Flying Knee","Dash","Blade Dance"],"picked":"Poisoned Stab","floor":13},{"not_picked":["Night Terror","Adrenaline","Envenom"],"picked":"A Thousand Cuts","floor":16},{"not_picked":["Dash+1","Flechettes","Dagger Spray"],"picked":"Flying Knee+1","floor":18},{"not_picked":["Blade Dance","Poisoned Stab","Dagger Throw"],"picked":"Infinite Blades","floor":21}],"player_experience":10289,"relics_obtained":[{"floor":2,"key":"Juzu Bracelet"},{"floor":9,"key":"Toy Ornithopter"},{"floor":10,"key":"Pen Nib"}],"event_choices":[{"damage_healed":0,"gold_gain":0,"player_choice":"Slimed","damage_taken":11,"max_hp_gain":0,"max_hp_loss":0,"event_name":"betterThird:BetterGoop","floor":3,"gold_loss":36},{"damage_healed":0,"gold_gain":0,"player_choice":"Box","damage_taken":0,"relics_obtained":["Question Card"],"max_hp_gain":0,"max_hp_loss":0,"event_name":"Big Fish","floor":4,"gold_loss":0,"cards_obtained":["Regret"]},{"cards_removed":["Defend_G"],"damage_healed":0,"gold_gain":0,"player_choice":"Took Card","damage_taken":0,"max_hp_gain":0,"max_hp_loss":0,"event_name":"NoteForYourself","floor":5,"gold_loss":0,"cards_obtained":["Iron Wave"]},{"damage_healed":0,"gold_gain":0,"player_choice":"Relic ","damage_taken":7,"max_hp_gain":0,"max_hp_loss":0,"event_name":"betterThird:BetterScrap","floor":14,"gold_loss":0,"cards_obtained":["Whirlwind"]},{"damage_healed":0,"gold_gain":0,"cards_transformed":["Strike_G","Regret"],"player_choice":"Transformed Cards","damage_taken":0,"max_hp_gain":0,"max_hp_loss":0,"event_name":"Designer","floor":19,"gold_loss":60,"cards_obtained":["Choke","Shame"]},{"cards_removed":["Shame"],"damage_healed":0,"gold_gain":0,"player_choice":"Offered Curse","damage_taken":0,"relics_obtained":["Spirit Poop"],"max_hp_gain":0,"max_hp_loss":0,"event_name":"Bonfire Elementals","floor":20,"gold_loss":0}],"is_beta":false,"boss_relics":[{"not_picked":["Philosopher\u0027s Stone","Runic Dome"],"picked":"Runic Pyramid"}],"items_purged_floors":[],"is_endless":false,"potions_floor_spawned":[1,10,16],"killed_by":"Centurion and Healer","ascension_level":0}}