{"host":"zk71suw73lg2r165","time":1611886080,"event":{"mods":["BaseMod","Colored Map","Minty Spire (QoL Compilation)","Permanent Neow","Relic Stats","StSLib"],"gold_per_floor":[109,109,122,47,122,156,156,188,240,253,253,4,21,53,53,132,132,132,5,5,5,5,5,5,5,5,5,5,5,5,5,5,5,5],"floor_reached":33,"language":"ENG","playtime":1181,"items_purged":["Beam Cell"],"score":696,"play_id":"c6781e68-9ccd-4d7f-a6a6-fb7a9325f9fc","local_time":"20210128210800","is_ascension_mode":true,"campfire_choices":[{"floor":7.0,"key":"REST"},{"floor":11.0,"key":"REST"},{"data":"Defragment","floor":15.0,"key":"SMITH"},{"data":"Zap","floor":23.0,"key":"SMITH"},{"data":"Capacitor","floor":27,"key":"SMITH"},{"floor":32,"key":"REST"}],"circlet_count":0,"master_deck":["AscendersBane","Zap+1","Dualcast+1","Sweeping Beam","Blizzard","Compile Driver+1","Chaos+1","Sunder+1","Loop","Ball Lightning","Glacier","Cold Snap","Core Surge","Go for the Eyes","Capacitor+1","Glacier","Defragment+1","Amplify","Steam Power","Turbo","All For One","Beam Cell","Capacitor","Multi-Cast","Compile Driver+1"],"relics":["Pandora\u0027s Box","Whetstone","TungstenRod","Vajra","DollysMirror","Anchor","Ectoplasm","Pear","Sundial","Shovel","CeramicFish"],"acts_visited":["Exordium","TheCity"],"potions_floor_usage":[25,25,25,29,31,33],"damage_taken":[{"damage":8.0,"enemies":"2 Louse","floor":1.0,"turns":2.0},{"damage":0.0,"enemies":"Small Slimes","floor":3.0,"turns":2.0},{"damage":17.0,"enemies":"3 Sentries","floor":6.0,"turns":7.0},{"damage":4.0,"enemies":"Lagavulin","floor":8.0,"turns":5.0},{"damage":0.0,"enemies":"Cultist","floor":10.0,"turns":2.0},{"damage":0.0,"enemies":"Large Slime","floor":13.0,"turns":4.0},{"damage":7.0,"enemies":"Gremlin Nob","floor":14.0,"turns":4.0},{"damage":22.0,"enemies":"Slime Boss","floor":16.0,"turns":6.0},{"damage":2.0,"enemies":"Chosen","floor":18.0,"turns":5.0},{"damage":0.0,"enemies":"Spheric Guardian","floor":21.0,"turns":4.0},{"damage":0,"enemies":"Gremlin Leader","floor":24,"turns":5},{"damage":0,"enemies":"Cultist and Chosen","floor":25,"turns":3},{"damage":21,"enemies":"Slavers","floor":28,"turns":5},{"damage":20,"enemies":"Shelled Parasite and Fungi","floor":29,"turns":5},{"damage":5,"enemies":"Chosen and Byrds","floor":30,"turns":6},{"damage":11,"enemies":"Book of Stabbing","floor":31,"turns":5},{"damage":36,"enemies":"Automaton","floor":33,"turns":6}],"seed_played":"7708191962628942500","potions_obtained":[{"floor":8.0,"key":"BlessingOfTheForge"},{"floor":14.0,"key":"SneckoOil"},{"floor":16.0,"key":"BlessingOfTheForge"},{"floor":21.0,"key":"EntropicBrew"},{"floor":25,"key":"DistilledChaos"},{"floor":29,"key":"DuplicationPotion"},{"floor":30,"key":"DistilledChaos"}],"is_trial":false,"path_per_floor":["M","?","M","?","?","E","R","E","T","M","R","$","M","E","R","B",null,"M","$","?","M","?","R","E","M","T","R","E","M","M","E","R","B"],"character_chosen":"DEFECT","items_purchased":["Capacitor","DollysMirror","Turbo"],"campfire_rested":3,"item_purchase_floors":[12,12,19],"current_hp_per_floor":[56,35,35,35,24,7,28,24,24,24,45,45,45,38,38,16,57,55,55,55,55,55,55,65,65,65,65,44,24,19,8,32,0,0],"gold":5,"neow_bonus":"BOSS_RELIC","is_daily":false,"chose_seed":false,"campfire_upgraded":3,"win_rate":0.0,"timestamp":1611886080,"path_taken":["M","?","M","?","?","E","R","E","T","M","R","?","M","E","R","BOSS","M","$","?","?","?","R","E","M","T","R","E","M","M","E","R","BOSS"],"items_purchased_type":["Card","Relic","Card"],"build_version":"2020-12-22","purchased_purges":1,"victory":false,"max_hp_per_floor":[71,71,71,71,71,71,71,71,71,71,71,71,71,71,71,71,71,71,71,71,71,71,71,81,81,81,81,81,81,81,81,81,81,81],"relic_stats":{"Shovel":0,"counters":[17,76],"Sundial":[2],"CeramicFish":0,"Pandora\u0027s Box":["Scrape","Sweeping Beam","Blizzard","Beam Cell","Compile Driver","Chaos","Sunder","Loop"],"Ectoplasm":315,"Whetstone":["Compile Driver","Sunder"],"obtain_stats":[{"Anchor":14,"Pear":24,"Shovel":28,"DollysMirror":12,"Sundial":26,"CeramicFish":31,"Vajra":9,"Pandora\u0027s Box":0,"Ectoplasm":17,"Whetstone":6,"Cracked Core":0,"TungstenRod":8},{"Anchor":7,"Pear":11,"Shovel":13,"DollysMirror":5,"Sundial":12,"CeramicFish":16,"Vajra":4,"Pandora\u0027s Box":0,"Ectoplasm":8,"Whetstone":3,"Cracked Core":0,"TungstenRod":4},{"Anchor":26,"Pear":46,"Shovel":54,"DollysMirror":18,"Sundial":49,"CeramicFish":70,"Vajra":16,"Pandora\u0027s Box":0,"Ectoplasm":32,"Whetstone":11,"Cracked Core":0,"TungstenRod":16}],"TungstenRod":15},"card_choices":[{"not_picked":["Compile Driver","Rebound"],"picked":"Ball Lightning","floor":1.0},{"not_picked":["Go for the Eyes","Scrape"],"picked":"Glacier","floor":3.0},{"not_picked":["Loop","Rebound"],"picked":"Cold Snap","floor":6.0},{"not_picked":["Redo","Beam Cell"],"picked":"Core Surge","floor":8.0},{"not_picked":["Chaos","Chill"],"picked":"Go for the Eyes","floor":10.0},{"not_picked":["Streamline","Stack","Glacier"],"picked":"SKIP","floor":13.0},{"not_picked":["Self Repair","Hologram"],"picked":"Defragment","floor":14.0},{"not_picked":["Thunder Strike","Buffer"],"picked":"Amplify","floor":16.0},{"not_picked":["Beam Cell","Gash"],"picked":"Steam Power","floor":18.0},{"not_picked":["Stack+1","Loop+1"],"picked":"Beam Cell","floor":21.0},{"not_picked":["Hello World","Steam"],"picked":"Capacitor","floor":24},{"not_picked":["Loop","Gash","Ball Lightning"],"picked":"SKIP","floor":25},{"not_picked":["Rebound","Compile Driver"],"picked":"Multi-Cast","floor":28},{"not_picked":["Redo","Turbo"],"picked":"Compile Driver+1","floor":29},{"not_picked":["Chaos","Rebound","Sweeping Beam"],"picked":"SKIP","floor":30},{"not_picked":["Capacitor","Ball Lightning","Streamline"],"picked":"SKIP","floor":31}],"player_experience":1407683,"relics_obtained":[{"floor":6.0,"key":"Whetstone"},{"floor":8.0,"key":"TungstenRod"},{"floor":9.0,"key":"Vajra"},{"floor":14.0,"key":"Anchor"},{"floor":24,"key":"Pear"},{"floor":26,"key":"Sundial"},{"floor":28,"key":"Shovel"},{"floor":31,"key":"CeramicFish"}],"event_choices":[{"damage_healed":0.0,"max_hp_gain":0.0,"max_hp_loss":0.0,"gold_gain":0.0,"event_name":"Shining Light","player_choice":"Entered Light","floor":2.0,"gold_loss":0.0,"damage_taken":21.0,"cards_upgraded":["Chaos","Dualcast"]},{"cards_removed":["Scrape"],"damage_healed":0.0,"max_hp_gain":0.0,"max_hp_loss":0.0,"gold_gain":0.0,"event_name":"The Cleric","player_choice":"Card Removal","floor":4.0,"gold_loss":75.0,"damage_taken":0.0},{"damage_healed":0.0,"max_hp_gain":0.0,"max_hp_loss":0.0,"gold_gain":75.0,"event_name":"World of Goop","player_choice":"Gather Gold","floor":5.0,"gold_loss":0.0,"damage_taken":11.0},{"damage_healed":0.0,"max_hp_gain":0.0,"max_hp_loss":0.0,"gold_gain":0.0,"event_name":"Match and Keep!","player_choice":"1 cards matched","floor":20.0,"gold_loss":0.0,"damage_taken":0.0,"cards_obtained":["All For One"]},{"damage_healed":0.0,"max_hp_gain":0.0,"max_hp_loss":0.0,"gold_gain":50.0,"event_name":"Nest","player_choice":"Stole From Cult","floor":22.0,"gold_loss":0.0,"damage_taken":0.0}],"is_beta":false,"boss_relics":[{"not_picked":["Runic Dome","Calling Bell"],"picked":"Ectoplasm"}],"items_purged_floors":[19],"is_endless":false,"potions_floor_spawned":[8,14,16,21,25,29,30],"killed_by":"Automaton","ascension_level":20}}