{"host":"t9q14bihfoo75lsb","time":1611888343,"event":{"mods":["100% Spire Juice","Arknights The Spire","BaseMod","Better Third Choice","Challenge The Spire","Hermit","Infinite Spire","Koishi","Minty Spire (QoL Compilation)","Reworked Bosses","Shop Mod","Spicy Shops","StSLib","The Cursed","The Dragon Tamer","The Hierophant","The Runesmith"],"gold_per_floor":[116,127,202,215,290,302,313,313,383,383,410,410,429,429,429,429,429],"floor_reached":16,"language":"KOR","playtime":438,"items_purged":[],"score":102,"play_id":"125ef852-dd8b-4763-9505-64a197757923","local_time":"20210129114543","is_ascension_mode":false,"campfire_choices":[{"data":"Moonworks:EvilSpyWorkPreparation","floor":8,"key":"SMITH"},{"data":"Moonworks:SakisCookie","floor":10,"key":"SMITH"},{"data":"1","floor":12,"key":"LIFT"},{"floor":15,"key":"REST"}],"circlet_count":0,"master_deck":["Moonworks:Strike","Moonworks:Strike","Moonworks:Strike","Moonworks:Strike","Moonworks:Defend","Moonworks:Defend","Moonworks:Defend","Moonworks:Defend","Moonworks:Ambush","Moonworks:LongDistanceShot","Moonworks:FullSpeedAlicianrone","Moonworks:SakisCookie+1","Moonworks:EvilSpyWorkPreparation+1","Moonworks:NicePresent","Moonworks:EvilSpyWorkPreparation","Moonworks:ShieldCounter"],"relics":["Moonworks:BrokenBomb","Moonworks:Homemark","NeowsBlessing","Runesmith:Nanobots","Girya"],"acts_visited":["Exordium"],"potions_floor_usage":[16],"damage_taken":[{"damage":0,"enemies":"Jaw Worm","floor":1,"turns":1},{"damage":0,"enemies":"Small Slimes","floor":2,"turns":1},{"damage":0,"enemies":"Cultist","floor":4,"turns":1},{"damage":13,"enemies":"3 Louse","floor":6,"turns":4},{"damage":17,"enemies":"Large Slime","floor":7,"turns":4},{"damage":9,"enemies":"3 Sentries","floor":11,"turns":6},{"damage":3,"enemies":"Gremlin Gang","floor":13,"turns":3},{"damage":30,"enemies":"The Guardian","floor":16,"turns":4}],"seed_played":"3635546501365690679","potions_obtained":[{"floor":2,"key":"Swift Potion"},{"floor":6,"key":"GamblersBrew"}],"is_trial":false,"path_per_floor":["M","M","?","M","?","M","M","R","T","R","E","R","M","?","R","B"],"character_chosen":"THE_STARBREAKER","items_purchased":[],"campfire_rested":1,"item_purchase_floors":[],"current_hp_per_floor":[60,60,49,49,43,30,15,15,15,15,9,9,9,9,27,0,0],"gold":429,"neow_bonus":"THREE_ENEMY_KILL","is_daily":false,"chose_seed":false,"campfire_upgraded":2,"win_rate":0.0,"timestamp":1611888343,"path_taken":["M","M","?","M","?","?","M","R","T","R","E","R","M","?","R","BOSS"],"items_purchased_type":[],"build_version":"2020-12-22","purchased_purges":0,"victory":false,"max_hp_per_floor":[60,60,60,60,60,60,60,60,60,60,60,60,60,60,60,60,60],"card_choices":[{"not_picked":["Moonworks:ReproductionOfRecords","Moonworks:CloudOfSeagulls"],"picked":"Moonworks:FullSpeedAlicianrone","floor":1},{"not_picked":["Moonworks:UnluckyCharm","Moonworks:JonathanRush","Moonworks:IndiscriminateFireSupport"],"picked":"SKIP","floor":2},{"not_picked":["Moonworks:Assault","Moonworks:DeployBits"],"picked":"Moonworks:SakisCookie","floor":4},{"not_picked":["Moonworks:ImOnFire","Moonworks:NicePresent"],"picked":"Moonworks:EvilSpyWorkPreparation","floor":6},{"not_picked":["Moonworks:ImOnFire","Moonworks:Flamethrower"],"picked":"Moonworks:NicePresent","floor":7},{"not_picked":["Moonworks:Flamethrower","Moonworks:ForcedRevival"],"picked":"Moonworks:EvilSpyWorkPreparation","floor":11},{"not_picked":["Moonworks:EvilSpyWorkPreparation","Moonworks:DeployBits"],"picked":"Moonworks:ShieldCounter","floor":13}],"player_experience":494076,"relics_obtained":[{"floor":9,"key":"Runesmith:Nanobots"},{"floor":11,"key":"Girya"}],"event_choices":[{"damage_healed":0,"gold_gain":75,"player_choice":"Gold","damage_taken":11,"max_hp_gain":0,"max_hp_loss":0,"event_name":"betterThird:BetterGoop","floor":3,"gold_loss":0},{"damage_healed":0,"gold_gain":75,"player_choice":"Touch","damage_taken":6,"max_hp_gain":0,"max_hp_loss":0,"event_name":"FaceTrader","floor":5,"gold_loss":0},{"damage_healed":0,"gold_gain":0,"player_choice":"Ignored","damage_taken":0,"max_hp_gain":0,"max_hp_loss":0,"event_name":"Golden Wing","floor":14,"gold_loss":0}],"is_beta":false,"boss_relics":[],"items_purged_floors":[],"is_endless":false,"potions_floor_spawned":[2,6],"killed_by":"The Guardian","ascension_level":0}}