{"host":"640uue19m79c7wbt","time":1611889231,"event":{"mods":["BaseMod","Colored Map","Googly Eyes","Highlight Path","Minty Spire (QoL Compilation)","Quick Restart","StSLib"],"gold_per_floor":[112,33,47,67,9,34,34,54,77,77,94,113,113,129,129,205,205,224,274,288,24,44,44,75,75,125,125,20,38,38,38,38,38,38],"floor_reached":33,"language":"ENG","playtime":1078,"items_purged":["Regret"],"score":519,"play_id":"65699fbc-ad49-4d2b-a15d-e8eb7c3c625f","local_time":"20210128220031","is_ascension_mode":true,"campfire_choices":[{"data":"Accuracy","floor":7.0,"key":"SMITH"},{"floor":10.0,"key":"REST"},{"floor":13.0,"key":"REST"},{"floor":15.0,"key":"REST"},{"data":"Tactician","floor":23.0,"key":"SMITH"},{"floor":27.0,"key":"REST"},{"floor":32,"key":"REST"}],"circlet_count":0,"master_deck":["AscendersBane","Strike_G","Strike_G","Strike_G","Strike_G","Strike_G","Defend_G","Defend_G","Defend_G","Defend_G","Defend_G","Survivor","Neutralize","Dash","Accuracy+1","Crippling Poison","Blade Dance","Skewer","Underhanded Strike","Concentrate","Backflip","Heel Hook","Bane","Blade Dance","Finisher","Storm of Steel","Prepared+1","Tactician+1","Cloak And Dagger","Infinite Blades","Well Laid Plans","Acrobatics","Underhanded Strike","Slice","Backstab","Shame"],"relics":["Ring of the Snake","NeowsBlessing","Dream Catcher","Pen Nib","Cursed Key","Lee\u0027s Waffle","Anchor","Vajra","Bronze Scales"],"acts_visited":["Exordium","TheCity"],"potions_floor_usage":[33],"damage_taken":[{"damage":0.0,"enemies":"Cultist","floor":1.0,"turns":1.0},{"damage":0.0,"enemies":"Jaw Worm","floor":3.0,"turns":1.0},{"damage":0.0,"enemies":"Small Slimes","floor":4.0,"turns":1.0},{"damage":25.0,"enemies":"Gremlin Nob","floor":6.0,"turns":5.0},{"damage":5.0,"enemies":"Red Slaver","floor":8.0,"turns":3.0},{"damage":4.0,"enemies":"2 Fungi Beasts","floor":11.0,"turns":3.0},{"damage":15.0,"enemies":"3 Louse","floor":12.0,"turns":4.0},{"damage":11.0,"enemies":"Red Slaver","floor":14.0,"turns":5.0},{"damage":13.0,"enemies":"Hexaghost","floor":16.0,"turns":9.0},{"damage":31.0,"enemies":"2 Thieves","floor":18.0,"turns":4.0},{"damage":15.0,"enemies":"3 Byrds","floor":20.0,"turns":5.0},{"damage":3.0,"enemies":"3 Cultists","floor":22.0,"turns":4.0},{"damage":53.0,"enemies":"Slavers","floor":24.0,"turns":5.0},{"damage":16,"enemies":"Snecko","floor":29,"turns":4},{"damage":40,"enemies":"Automaton","floor":33,"turns":8}],"seed_played":"4031971917489894331","potions_obtained":[{"floor":1.0,"key":"PowerPotion"},{"floor":3.0,"key":"ColorlessPotion"},{"floor":8.0,"key":"Poison Potion"},{"floor":14.0,"key":"FearPotion"},{"floor":18.0,"key":"SpeedPotion"},{"floor":20.0,"key":"ColorlessPotion"},{"floor":29,"key":"Weak Potion"}],"is_trial":false,"path_per_floor":["M","$","M","M","$","E","R","M","T","R","M","M","R","M","R","B",null,"M","?","M","$","M","R","E","?","T","R","$","M","$","?","R","B"],"character_chosen":"THE_SILENT","items_purchased":["Accuracy","Blade Dance","Lee\u0027s Waffle","Cloak And Dagger","Infinite Blades","Slice"],"campfire_rested":5,"item_purchase_floors":[2,5,21,21,21,28],"current_hp_per_floor":[59,59,59,59,59,34,34,29,29,48,44,29,48,37,56,43,60,29,29,14,73,70,70,17,17,17,38,38,22,22,22,43,3,3],"gold":38,"neow_bonus":"THREE_ENEMY_KILL","is_daily":false,"chose_seed":false,"campfire_upgraded":2,"win_rate":0.0,"timestamp":1611889231,"path_taken":["M","$","M","?","$","E","R","M","T","R","M","?","R","M","R","BOSS","M","?","M","$","?","R","E","?","T","R","$","M","$","?","R","BOSS"],"items_purchased_type":["Card","Card","Relic","Card","Card","Card"],"build_version":"2020-12-22","purchased_purges":1,"victory":false,"max_hp_per_floor":[66,66,66,66,66,66,66,66,66,66,66,66,66,66,66,66,66,66,66,66,73,73,73,73,73,73,73,73,73,73,73,73,73,73],"card_choices":[{"not_picked":["Expertise","Underhanded Strike"],"picked":"Dash","floor":1.0},{"not_picked":["Flying Knee","Flechettes","Outmaneuver"],"picked":"SKIP","floor":3.0},{"not_picked":["Escape Plan","Skewer"],"picked":"Crippling Poison","floor":4.0},{"not_picked":["Deadly Poison","Eviscerate"],"picked":"Skewer","floor":6.0},{"not_picked":["Poisoned Stab","Bane"],"picked":"Underhanded Strike","floor":8.0},{"not_picked":["Flying Knee","Distraction"],"picked":"Concentrate","floor":10.0},{"not_picked":["Deflect","Sucker Punch"],"picked":"Backflip","floor":11.0},{"not_picked":["Deadly Poison","Slice"],"picked":"Heel Hook","floor":12.0},{"not_picked":["Outmaneuver","Quick Slash"],"picked":"Bane","floor":13.0},{"not_picked":["Masterful Stab","Dodge and Roll"],"picked":"Blade Dance","floor":14.0},{"not_picked":["Catalyst","Outmaneuver"],"picked":"Finisher","floor":15.0},{"not_picked":["Die Die Die","Night Terror"],"picked":"Storm of Steel","floor":16.0},{"not_picked":["Masterful Stab","Dodge and Roll+1"],"picked":"Prepared+1","floor":18.0},{"not_picked":["Quick Slash","Backflip"],"picked":"Tactician","floor":20.0},{"not_picked":["Crippling Poison+1","Deadly Poison+1"],"picked":"Well Laid Plans","floor":22.0},{"not_picked":["Leg Sweep","Finisher"],"picked":"Acrobatics","floor":24.0},{"not_picked":["Noxious Fumes","Eviscerate"],"picked":"Underhanded Strike","floor":27.0},{"not_picked":["Finisher","Heel Hook"],"picked":"Backstab","floor":29}],"player_experience":641365,"relics_obtained":[{"floor":6.0,"key":"Dream Catcher"},{"floor":9.0,"key":"Pen Nib"},{"floor":24.0,"key":"Anchor"},{"floor":26.0,"key":"Vajra"}],"event_choices":[{"damage_healed":0.0,"max_hp_gain":0.0,"max_hp_loss":0.0,"gold_gain":100.0,"event_name":"The Joust","player_choice":"Bet on Murderer","floor":19.0,"gold_loss":50.0,"damage_taken":0.0},{"damage_healed":0.0,"max_hp_gain":0.0,"max_hp_loss":0.0,"gold_gain":0.0,"event_name":"Vampires","player_choice":"Ignored","floor":25.0,"gold_loss":0.0,"damage_taken":0.0},{"damage_healed":0,"gold_gain":0,"player_choice":"Stole Relic","damage_taken":0,"relics_obtained":["Bronze Scales"],"max_hp_gain":0,"max_hp_loss":0,"event_name":"Addict","floor":31,"gold_loss":0,"cards_obtained":["Shame"]}],"is_beta":false,"boss_relics":[{"not_picked":["Ectoplasm","Sozu"],"picked":"Cursed Key"}],"items_purged_floors":[28],"is_endless":false,"potions_floor_spawned":[1,3,8,14,18,20,29],"killed_by":"Automaton","ascension_level":17}}