{"host":"dn6kke80v5f7isus","time":1611906638,"event":{"mods":["AchievementEnabler","Act Like it!","BaseMod","Colored Powertips","Custom Start","Defuse TimeMaze Blight","Gremlin Skip","Highlight Path","Hubris","Infinite Spire","Marisa????????","Minty Spire (QoL Compilation)","Rare Cards Sparkle","Replay The Spire","StSLib","The Servant 0.9.4","Uncapped","Unceasing Turn Reminder"],"gold_per_floor":[116,191,191,191,254,254,333,73,147,147,159,177,211,211,211,308,408,472,472,472,485,485,510,510,210,234,234,234,234,249,339,339],"floor_reached":31,"language":"ENG","playtime":922,"items_purged":[],"score":272,"play_id":"7089c328-a4f3-4475-83bb-89917d20ad0d","local_time":"20210129025038","is_ascension_mode":true,"campfire_choices":[{"data":"EarthLightRay","floor":6,"key":"SMITH"},{"floor":15,"key":"REST"},{"floor":24,"key":"REST"},{"floor":27,"key":"REST"}],"circlet_count":0,"master_deck":["Strike_MRS","Strike_MRS","Strike_MRS","Strike_MRS","Defend_MRS","Defend_MRS+1","Defend_MRS","MasterSpark","UpSweep","EarthLightRay+1","EarthLightRay","MagicChant+1","RefractionSpark","StarDustReverie","PulseMagic+1","RefractionSpark","J.A.X.+1","DoubleSpark"],"relics":["BewitchedHakkero","ReplayTheSpireMod:Ring of Challenge","hubris:Towel","Darkstone Periapt","Garlic","hubris:MobiusCoin","Replay:Wax Seal","Ancient Tea Set","Replay:Grab Bag","RampagingMagicTools","Replay:Wanted Poster","War Paint","SimpleLauncher","Anchor"],"acts_visited":["Exordium","TheCity"],"potions_floor_usage":[1,5,5,7,12,18,31],"damage_taken":[{"damage":2,"enemies":"2 Louse","floor":1,"turns":3},{"damage":0,"enemies":"Small Slimes","floor":5,"turns":4},{"damage":46,"enemies":"Gremlin Nob","floor":7,"turns":5},{"damage":3,"enemies":"Jaw Worm","floor":11,"turns":3},{"damage":0,"enemies":"Blue Slaver","floor":12,"turns":4},{"damage":36,"enemies":"Lagavulin","floor":13,"turns":6},{"damage":29,"enemies":"Hexaghost","floor":16,"turns":8},{"damage":21,"enemies":"2 Thieves","floor":18,"turns":3},{"damage":26,"enemies":"Spheric Guardian","floor":21,"turns":4},{"damage":62,"enemies":"Nightmare","floor":23,"turns":6},{"damage":3,"enemies":"Snake Plant","floor":30,"turns":3},{"damage":26,"enemies":"Colosseum Slavers","floor":31,"turns":3},{"damage":49,"enemies":"Colosseum Nobs","floor":31,"turns":3}],"seed_played":"199061634076841923","potions_obtained":[{"floor":0,"key":"Fruit Juice"},{"floor":0,"key":"SkillPotion"},{"floor":0,"key":"LifebloodPotion"},{"floor":5,"key":"SteroidPotion"},{"floor":11,"key":"BlessingOfTheForge"},{"floor":16,"key":"Energy Potion"},{"floor":23,"key":"Strength Potion"}],"is_trial":false,"path_per_floor":["M","?","?","?","M","R","E","$","T","?","M","M","E","?","R","B",null,"M","?","?","M","?","NM","R","$","T","R","PTL","PTL","M","?"],"character_chosen":"MARISA","items_purchased":["Garlic","SimpleLauncher"],"campfire_rested":3,"item_purchase_floors":[8,25],"current_hp_per_floor":[78,67,67,67,71,71,31,31,31,31,40,50,24,6,30,11,80,69,69,72,56,56,4,28,28,28,52,52,52,59,0,0],"gold":339,"neow_bonus":"THREE_SMALL_POTIONS","is_daily":false,"chose_seed":false,"campfire_upgraded":1,"win_rate":0.0,"timestamp":1611906638,"path_taken":["M","?","?","?","M","R","E","$","T","?","M","?","E","?","R","BOSS","M","?","?","M","?","NM","R","?","T","R","PTL","PTL","?","?"],"items_purchased_type":["Relic","Relic"],"build_version":"2020-12-22","purchased_purges":0,"victory":false,"max_hp_per_floor":[80,80,80,80,80,80,80,80,80,80,80,80,80,80,80,80,80,80,80,83,83,83,83,83,83,83,83,83,83,83,83,83],"card_choices":[{"not_picked":["Singularity","GravityBeat"],"picked":"EarthLightRay","floor":1},{"not_picked":["StarlightTyphoon","UnstableBomb","MachineGunSpark"],"picked":"SKIP","floor":5},{"not_picked":["PowerUp","LuminesStrike"],"picked":"EarthLightRay","floor":7},{"not_picked":["Occultation","OpenUniverse","UnstableBomb"],"picked":"SKIP","floor":11},{"not_picked":["BinaryStars","IllusionStar","ShootingEcho"],"picked":"SKIP","floor":12},{"not_picked":["LuminesStrike","Singularity"],"picked":"RefractionSpark","floor":13},{"not_picked":["CasketOfStar","FinalSpark"],"picked":"StarDustReverie","floor":16},{"not_picked":["OrrerysSun","Acceleration"],"picked":"PulseMagic+1","floor":18},{"not_picked":["DeepEcoloBomb","ChargeUpSpray+1","AbsoluteMagnitude"],"picked":"SKIP","floor":21},{"not_picked":["NonDirectionalLaser","ChargeUpSpray+1","OneTimeOff"],"picked":"SKIP","floor":23},{"not_picked":["IllusionStar+1","NonDirectionalLaser"],"picked":"DoubleSpark","floor":30}],"player_experience":401707,"relics_obtained":[{"floor":3,"key":"ReplayTheSpireMod:Ring of Challenge"},{"floor":7,"key":"Darkstone Periapt"},{"floor":9,"key":"hubris:MobiusCoin"},{"floor":13,"key":"Replay:Wax Seal"},{"floor":23,"key":"War Paint"},{"floor":26,"key":"Anchor"}],"event_choices":[{"damage_healed":0,"gold_gain":75,"player_choice":"Gather Gold","damage_taken":11,"max_hp_gain":0,"max_hp_loss":0,"event_name":"World of Goop","floor":2,"gold_loss":0},{"damage_healed":0,"gold_gain":0,"player_choice":"Success","damage_taken":18,"relics_obtained":["Ancient Tea Set"],"max_hp_gain":0,"max_hp_loss":0,"event_name":"Scrap Ooze","floor":14,"gold_loss":0},{"damage_healed":0,"gold_gain":0,"player_choice":"Read","damage_taken":0,"max_hp_gain":0,"max_hp_loss":0,"event_name":"The Library","floor":19,"gold_loss":0,"cards_obtained":["RefractionSpark"]},{"damage_healed":0,"gold_gain":0,"player_choice":"Obtain J.A.X.","damage_taken":0,"max_hp_gain":0,"max_hp_loss":0,"event_name":"Drug Dealer","floor":22,"gold_loss":0,"cards_obtained":["J.A.X."]},{"damage_healed":0,"gold_gain":0,"player_choice":"Fight","damage_taken":0,"max_hp_gain":0,"max_hp_loss":0,"event_name":"Colosseum","floor":31,"gold_loss":0},{"damage_healed":0,"gold_gain":0,"player_choice":"Fought Nobs","damage_taken":0,"max_hp_gain":0,"max_hp_loss":0,"event_name":"Colosseum","floor":31,"gold_loss":0}],"is_beta":false,"boss_relics":[{"not_picked":["Empty Cage","ReplayTheSpireMod:DimensionalGlitch"],"picked":"Replay:Grab Bag"},{"not_picked":["ChewingGum","Painkiller Herb"],"picked":"RampagingMagicTools"},{"not_picked":["Ectoplasm","hubris:VirtuousBlindfold"],"picked":"Replay:Wanted Poster"},{"not_picked":["Black Star","Snecko Eye"],"picked":"BewitchedHakkero"}],"items_purged_floors":[],"is_endless":false,"potions_floor_spawned":[5,11,16,23,31],"killed_by":"Colosseum Nobs","ascension_level":1}}