{"host":"39erygfi9n0tobyn","time":1611964054,"event":{"mods":["2.2 Compatiblity","BaseMod","Bestiary","Colored Map","Colored Powertips","Curses Come First","Highlight Path","Keyboard Shortcuts","Minty Spire (QoL Compilation)","Relic Stats","StSLib","SuperFastMode"],"gold_per_floor":[118,193,193,213,224,224,243,243,243,41,73,86,105,122,122,224,274,284,14,30,43,43,43,43,43,43,59,59,59],"floor_reached":28,"language":"ENG","playtime":1192,"items_purged":["Parasite"],"score":222,"play_id":"37ae2395-d4aa-4f2c-832d-13832882b632","local_time":"20210129204734","is_ascension_mode":false,"campfire_choices":[{"data":"Dualcast","floor":6,"key":"SMITH"},{"floor":15,"key":"REST"},{"data":"RitualDagger","floor":23,"key":"SMITH"}],"circlet_count":0,"master_deck":["Strike_B","Strike_B","Strike_B","Defend_B","Defend_B","Defend_B","Defend_B","Zap","Dualcast+1","Coolheaded","Doom and Gloom","Beam Cell","Redo","Conserve Battery","Consume","Seek","BootSequence","Rebound+1","White Noise","Biased Cognition","Stack","Glacier","Genetic Algorithm","Hologram","Sweeping Beam","Undo","RitualDagger+1","Writhe","Genetic Algorithm+1"],"relics":["Cracked Core","Happy Flower","Mummified Hand","TungstenRod","Tiny House","Lantern","Nunchaku","Kunai"],"acts_visited":["Exordium","TheCity"],"potions_floor_usage":[11,16,16,28,28,28],"damage_taken":[{"damage":0,"enemies":"Small Slimes","floor":1,"turns":3},{"damage":1,"enemies":"2 Louse","floor":4,"turns":2},{"damage":0,"enemies":"Cultist","floor":5,"turns":3},{"damage":9,"enemies":"2 Fungi Beasts","floor":7,"turns":2},{"damage":34,"enemies":"Gremlin Nob","floor":11,"turns":5},{"damage":2,"enemies":"Exordium Wildlife","floor":12,"turns":3},{"damage":0,"enemies":"Exordium Thugs","floor":13,"turns":5},{"damage":0,"enemies":"Gremlin Gang","floor":14,"turns":2},{"damage":24,"enemies":"The Guardian","floor":16,"turns":11},{"damage":0,"enemies":"Chosen","floor":18,"turns":4},{"damage":18,"enemies":"2 Thieves","floor":20,"turns":4},{"damage":4,"enemies":"Centurion and Healer","floor":21,"turns":11},{"damage":19,"enemies":"Shelled Parasite and Fungi","floor":27,"turns":5},{"damage":35,"enemies":"Slavers","floor":28,"turns":3}],"seed_played":"5227790962903031770","potions_obtained":[{"floor":5,"key":"Block Potion"},{"floor":12,"key":"LiquidMemories"},{"floor":14,"key":"Fire Potion"},{"floor":17,"key":"FearPotion"},{"floor":18,"key":"CultistPotion"},{"floor":20,"key":"Dexterity Potion"},{"floor":21,"key":"Explosive Potion"}],"is_trial":false,"path_per_floor":["M","?","?","M","M","R","M","?","T","$","E","M","M","M","R","B",null,"M","$","M","M","?","R","?","?","T","M","E"],"character_chosen":"DEFECT","items_purchased":["Conserve Battery","Consume","Lantern","Genetic Algorithm","Hologram"],"campfire_rested":1,"item_purchase_floors":[10,10,19,19,19],"current_hp_per_floor":[75,64,64,63,63,63,54,72,72,72,38,36,36,36,57,33,77,77,77,59,55,50,50,50,50,50,31,0,0],"gold":59,"neow_bonus":"RANDOM_COMMON_RELIC","is_daily":false,"chose_seed":false,"campfire_upgraded":2,"win_rate":0.0,"timestamp":1611964054,"path_taken":["M","?","?","?","M","R","M","?","T","?","E","M","?","M","R","BOSS","M","$","M","?","?","R","?","?","T","M","E"],"items_purchased_type":["Card","Card","Relic","Card","Card"],"build_version":"2020-12-22","purchased_purges":1,"victory":false,"max_hp_per_floor":[75,75,75,75,75,75,75,75,75,72,72,72,72,72,72,72,77,77,77,77,77,77,77,77,77,77,77,77,77],"relic_stats":{"Nunchaku":[1],"Happy Flower":[21],"counters":[14,63],"Mummified Hand":[12],"Kunai":[2],"obtain_stats":[{"Lantern":19,"Nunchaku":25,"Tiny House":17,"Happy Flower":0,"Mummified Hand":9,"Kunai":26,"Cracked Core":0,"TungstenRod":11},{"Lantern":10,"Nunchaku":12,"Tiny House":9,"Happy Flower":0,"Mummified Hand":4,"Kunai":12,"Cracked Core":0,"TungstenRod":5},{"Lantern":40,"Nunchaku":55,"Tiny House":36,"Happy Flower":0,"Mummified Hand":10,"Kunai":55,"Cracked Core":0,"TungstenRod":15}],"TungstenRod":25},"card_choices":[{"not_picked":["Sweeping Beam","Steam"],"picked":"Coolheaded","floor":1},{"not_picked":["Melter","Hologram"],"picked":"Doom and Gloom","floor":4},{"not_picked":["Coolheaded","Sweeping Beam"],"picked":"Beam Cell","floor":5},{"not_picked":["Barrage","Rebound"],"picked":"Redo","floor":7},{"not_picked":["Lockon","Gash"],"picked":"Seek","floor":11},{"not_picked":["Hello World","Capacitor"],"picked":"BootSequence","floor":12},{"not_picked":["Go for the Eyes","Steam"],"picked":"Rebound","floor":13},{"not_picked":["Lockon","Ball Lightning"],"picked":"White Noise","floor":14},{"not_picked":["Amplify","Machine Learning"],"picked":"Biased Cognition","floor":16},{"not_picked":["Steam","Leap"],"picked":"Stack","floor":17},{"not_picked":["Streamline","Beam Cell"],"picked":"Glacier","floor":18},{"not_picked":["Conserve Battery","Streamline"],"picked":"Sweeping Beam","floor":20},{"not_picked":["FTL","Reboot"],"picked":"Undo","floor":21},{"not_picked":["Stack","Steam"],"picked":"Genetic Algorithm+1","floor":27}],"player_experience":49635,"relics_obtained":[{"floor":9,"key":"Mummified Hand"},{"floor":11,"key":"TungstenRod"},{"floor":26,"key":"Kunai"}],"event_choices":[{"damage_healed":0,"gold_gain":75,"player_choice":"Gather Gold","damage_taken":11,"max_hp_gain":0,"max_hp_loss":0,"event_name":"World of Goop","floor":2,"gold_loss":0},{"cards_removed":["Decay"],"damage_healed":0,"gold_gain":0,"player_choice":"Took Card","damage_taken":0,"max_hp_gain":0,"max_hp_loss":0,"event_name":"NoteForYourself","floor":3,"gold_loss":0,"cards_obtained":["Decay"]},{"damage_healed":18,"gold_gain":0,"player_choice":"Healed and dodged fight","damage_taken":0,"max_hp_gain":0,"max_hp_loss":0,"event_name":"Mushrooms","floor":8,"gold_loss":0,"cards_obtained":["Parasite"]},{"damage_healed":0,"gold_gain":0,"player_choice":"Joined the Cult","damage_taken":6,"max_hp_gain":0,"max_hp_loss":0,"event_name":"Nest","floor":22,"gold_loss":0,"cards_obtained":["RitualDagger"]},{"cards_removed":["Strike_B"],"damage_healed":0,"gold_gain":0,"player_choice":"Elegance","damage_taken":0,"max_hp_gain":0,"max_hp_loss":0,"event_name":"Back to Basics","floor":24,"gold_loss":0},{"damage_healed":0,"gold_gain":0,"player_choice":"Opened","damage_taken":0,"relics_obtained":["Nunchaku"],"max_hp_gain":0,"max_hp_loss":0,"event_name":"The Mausoleum","floor":25,"gold_loss":0,"cards_obtained":["Writhe"]}],"is_beta":false,"boss_relics":[{"not_picked":["Runic Dome","Fusion Hammer"],"picked":"Tiny House"}],"items_purged_floors":[10],"is_endless":false,"potions_floor_spawned":[5,12,14,18,20,21],"killed_by":"Slavers","ascension_level":0}}