{"host":"v0n6ky7dmveherv3","time":1611886376,"event":{"mods":["BaseMod","Better Third Choice","Downfall","Minty Spire (QoL Compilation)","StSLib"],"gold_per_floor":[99,99,99,99,119,149,173,273,273,273,273],"floor_reached":9,"language":"ENG","playtime":286,"items_purged":[],"score":160,"play_id":"8f4284a1-b33f-4ee7-9121-72c493e117b3","local_time":"20210128191256","is_ascension_mode":true,"campfire_choices":[],"circlet_count":0,"master_deck":["sneckomod:Strike","sneckomod:Strike","sneckomod:Strike","sneckomod:Defend","sneckomod:Defend","sneckomod:Defend","sneckomod:TailWhip","sneckomod:SnekBite","sneckomod:Unknown","champ:ShieldWall","sneckomod:UnknownDraw","sneckomod:UnknownDraw","sneckomod:RainOfDice","sneckomod:MasterEye","downfall:Haunted","downfall:Haunted","downfall:Haunted","sneckomod:SerpentMind","downfall:Aged","Writhe"],"relics":["sneckomod:SneckoSoul","downfall:HeartsMalice","Art of War","PreservedInsect","Du-Vu Doll"],"acts_visited":["Exordium"],"potions_floor_usage":[],"damage_taken":[{"damage":0,"enemies":"Small Slimes","floor":2,"turns":1},{"damage":0,"enemies":"Cultist","floor":3,"turns":1},{"damage":0,"enemies":"Jaw Worm","floor":4,"turns":1},{"damage":42,"enemies":"Exordium Thugs","floor":5,"turns":5},{"damage":35,"enemies":"Gremlin Nob","floor":6,"turns":5},{"damage":22,"enemies":"3 Sentries","floor":9,"turns":3}],"seed_played":"-2507495566115400222","potions_obtained":[{"floor":5,"key":"DuplicationPotion"}],"is_trial":false,"path_per_floor":["R","M","M","M","M","E","T","?","E"],"character_chosen":"THE_SNECKO","items_purchased":[],"campfire_rested":0,"item_purchase_floors":[],"current_hp_per_floor":[90,90,90,90,48,13,13,18,0,0,0],"gold":273,"neow_bonus":"THREE_ENEMY_KILL","is_daily":false,"chose_seed":false,"campfire_upgraded":0,"win_rate":0.0,"timestamp":1611886376,"path_taken":["R","M","M","M","M","E","T","?","E"],"items_purchased_type":[],"build_version":"2020-12-22","purchased_purges":0,"victory":false,"max_hp_per_floor":[90,90,90,90,90,90,90,95,95,95,95],"card_choices":[{"not_picked":["sneckomod:IronFang","sneckomod:Nope"],"picked":"sneckomod:UnknownDraw","floor":2},{"not_picked":["sneckomod:SoulRoll","sneckomod:RainOfDice"],"picked":"sneckomod:UnknownDraw","floor":3},{"not_picked":["sneckomod:SnekBeam","sneckomod:Unknown1Cost"],"picked":"sneckomod:RainOfDice","floor":4},{"not_picked":["sneckomod:QuickMove","sneckomod:UnknownStrike"],"picked":"sneckomod:MasterEye","floor":5},{"not_picked":["sneckomod:UnknownCommonSkill","sneckomod:QuickBite","sneckomod:DiceBlock"],"picked":"SKIP","floor":6}],"player_experience":138015,"relics_obtained":[{"floor":6,"key":"Art of War"},{"floor":7,"key":"PreservedInsect"}],"event_choices":[],"is_beta":false,"boss_relics":[],"items_purged_floors":[],"is_endless":false,"potions_floor_spawned":[5],"killed_by":"3 Sentries","ascension_level":1}}