{"host":"jhy70w0yh8dayqay","time":1611915397,"event":{"mods":["AchievementEnabler","BaseMod","Colored Map","Colored Powertips","DeckTracker","Minty Spire (QoL Compilation)","Permanent Neow","SuperFastMode"],"gold_per_floor":[109,109,125,136,149,149,224,255,255,287,287,287,305,328,328,418,418,439,6,6,39,52,52,151,151,175,175,190,219,119,49,49,124,124,135,148,148,148,23,23,41,41,41,41,54,54,54,54,54,54],"floor_reached":51,"language":"KOR","playtime":1904,"items_purged":["Perfected Strike","Clothesline","Sever Soul"],"score":1157,"play_id":"01014272-3679-47ad-9603-2544a06567ad","local_time":"20210129191637","is_ascension_mode":true,"campfire_choices":[{"data":"Body Slam","floor":6.0,"key":"SMITH"},{"data":"Pommel Strike","floor":11.0,"key":"SMITH"},{"floor":15,"key":"REST"},{"floor":23,"key":"REST"},{"data":"Dual Wield","floor":25,"key":"SMITH"},{"data":"True Grit","floor":27,"key":"SMITH"},{"data":"Barricade","floor":32,"key":"SMITH"},{"data":"Dark Embrace","floor":40,"key":"SMITH"},{"data":"Dual Wield","floor":42,"key":"SMITH"},{"data":"Second Wind","floor":44,"key":"SMITH"},{"floor":47,"key":"REST"},{"data":"Shockwave","floor":49,"key":"SMITH"}],"circlet_count":0,"master_deck":["AscendersBane","Body Slam+1","Second Wind+1","Shrug It Off","Pommel Strike+1","Flame Barrier","Shrug It Off","Impervious","Dual Wield+1","Feel No Pain","True Grit+1","Rage","Seeing Red","Combust","Dual Wield+1","Shockwave+1","Disarm","Barricade+1","Dark Embrace+1","Second Wind+1","Dark Shackles","Purity","Feel No Pain+1"],"relics":["Black Blood","Charon\u0027s Ashes","Whetstone","Bag of Marbles","Bottled Flame","Bloody Idol","Pandora\u0027s Box","White Beast Statue","Red Mask","Pen Nib","Bronze Scales","Incense Burner"],"acts_visited":["Exordium","TheCity","TheBeyond"],"potions_floor_usage":[14,19,21,33,50],"damage_taken":[{"damage":11.0,"enemies":"2 Louse","floor":1.0,"turns":3.0},{"damage":14.0,"enemies":"Jaw Worm","floor":3.0,"turns":3.0},{"damage":6.0,"enemies":"Cultist","floor":4.0,"turns":3.0},{"damage":8.0,"enemies":"Blue Slaver","floor":5.0,"turns":4.0},{"damage":12.0,"enemies":"3 Sentries","floor":8.0,"turns":4.0},{"damage":11.0,"enemies":"Gremlin Nob","floor":10.0,"turns":4.0},{"damage":0.0,"enemies":"2 Fungi Beasts","floor":13.0,"turns":2.0},{"damage":7,"enemies":"Exordium Thugs","floor":14,"turns":4},{"damage":19,"enemies":"The Guardian","floor":16,"turns":12},{"damage":21,"enemies":"3 Byrds","floor":18,"turns":3},{"damage":55,"enemies":"Masked Bandits","floor":21,"turns":6},{"damage":5,"enemies":"Spheric Guardian","floor":22,"turns":5},{"damage":19,"enemies":"Cultist and Chosen","floor":28,"turns":7},{"damage":0,"enemies":"Book of Stabbing","floor":29,"turns":5},{"damage":92,"enemies":"Collector","floor":33,"turns":10},{"damage":32,"enemies":"3 Darklings","floor":35,"turns":9},{"damage":8,"enemies":"3 Shapes","floor":36,"turns":5},{"damage":15,"enemies":"Sphere and 2 Shapes","floor":41,"turns":6},{"damage":37,"enemies":"Jaw Worm Horde","floor":45,"turns":5},{"damage":11,"enemies":"Awakened One","floor":50,"turns":9}],"seed_played":"9027950656362626507","potions_obtained":[{"floor":3.0,"key":"PowerPotion"},{"floor":5.0,"key":"LiquidMemories"},{"floor":8.0,"key":"PowerPotion"},{"floor":10.0,"key":"ColorlessPotion"},{"floor":13.0,"key":"FairyPotion"},{"floor":21,"key":"Fruit Juice"},{"floor":22,"key":"BlessingOfTheForge"},{"floor":33,"key":"FairyPotion"},{"floor":35,"key":"SpeedPotion"}],"is_trial":false,"path_per_floor":["M","?","M","M","M","R","?","E","T","E","R","?","M","M","R","B",null,"M","$","?","?","M","R","?","R","T","R","M","E","$","$","R","B",null,"M","M","?","?","$","R","M","R","T","R","M","?","R","$","R","B",null],"character_chosen":"IRONCLAD","items_purchased":["White Beast Statue","Fruit Juice","Dark Embrace"],"campfire_rested":3,"item_purchase_floors":[19,19,31],"current_hp_per_floor":[67,72,64,64,62,62,51,45,45,40,40,21,27,26,49,36,67,52,57,57,18,24,50,55,55,60,60,52,63,63,63,63,22,71,56,65,55,55,55,55,57,57,57,57,37,37,61,61,61,62],"gold":54,"neow_bonus":"ONE_RARE_RELIC","is_daily":false,"chose_seed":false,"campfire_upgraded":9,"win_rate":0.0,"timestamp":1611915397,"path_taken":["M","?","M","M","M","R","?","E","T","E","R","?","?","M","R","BOSS","M","$","?","?","M","R","?","R","T","R","M","E","?","$","R","BOSS","M","M","?","?","$","R","M","R","T","R","M","?","R","$","R","BOSS"],"items_purchased_type":["Relic","Potion","Card"],"build_version":"2020-12-22","purchased_purges":3,"victory":true,"max_hp_per_floor":[72,77,77,77,77,77,77,77,77,77,77,77,77,77,77,77,77,77,82,82,87,87,87,87,87,87,87,87,87,87,87,87,87,87,87,87,87,83,83,83,83,83,83,83,83,83,83,83,83,83],"card_choices":[{"not_picked":["Iron Wave","Twin Strike"],"picked":"Body Slam","floor":1.0},{"not_picked":["Rampage","Wild Strike"],"picked":"Second Wind","floor":3.0},{"not_picked":["Anger","Armaments"],"picked":"Shrug It Off","floor":4.0},{"not_picked":["Seeing Red","Armaments"],"picked":"Clothesline","floor":5.0},{"not_picked":["Clash","Berserk"],"picked":"Pommel Strike","floor":8.0},{"not_picked":["Bloodletting","Uppercut"],"picked":"Flame Barrier","floor":10.0},{"not_picked":["Metallicize","Whirlwind"],"picked":"Shrug It Off","floor":13.0},{"not_picked":["Thunderclap","Rampage","Clash"],"picked":"SKIP","floor":14},{"not_picked":["Reaper","Brutality"],"picked":"Impervious","floor":16},{"not_picked":["Perfected Strike","Cleave"],"picked":"Disarm","floor":18},{"not_picked":["Seeing Red","Headbutt+1"],"picked":"Sever Soul","floor":21},{"not_picked":["Seeing Red","Disarm","Rampage"],"picked":"SKIP","floor":22},{"not_picked":["Wild Strike","Pummel","Pommel Strike"],"picked":"SKIP","floor":28},{"not_picked":["Body Slam","Uppercut+1"],"picked":"Barricade","floor":29},{"not_picked":["Rupture","Heavy Blade","Flex"],"picked":"SKIP","floor":35},{"not_picked":["Reckless Charge","Flex"],"picked":"Second Wind+1","floor":36},{"not_picked":["Finesse","PanicButton"],"picked":"Dark Shackles","floor":37},{"not_picked":["Jack Of All Trades","Magnetism"],"picked":"Purity","floor":37},{"not_picked":["Perfected Strike","Pummel"],"picked":"Feel No Pain+1","floor":41},{"not_picked":["Pommel Strike","True Grit","Clothesline+1"],"picked":"SKIP","floor":45}],"player_experience":452094,"relics_obtained":[{"floor":8.0,"key":"Whetstone"},{"floor":9.0,"key":"Bag of Marbles"},{"floor":10.0,"key":"Bottled Flame"},{"floor":21,"key":"Red Mask"},{"floor":26,"key":"Pen Nib"},{"floor":29,"key":"Bronze Scales"},{"floor":43,"key":"Incense Burner"}],"event_choices":[{"damage_healed":0.0,"max_hp_gain":5.0,"max_hp_loss":0.0,"gold_gain":0.0,"event_name":"Big Fish","player_choice":"Donut","floor":2.0,"gold_loss":0.0,"damage_taken":0.0},{"damage_healed":0.0,"max_hp_gain":0.0,"max_hp_loss":0.0,"gold_gain":75.0,"event_name":"World of Goop","player_choice":"Gather Gold","floor":7.0,"gold_loss":0.0,"damage_taken":11.0},{"damage_healed":0.0,"max_hp_gain":0.0,"max_hp_loss":0.0,"gold_gain":0.0,"event_name":"Golden Idol","player_choice":"Take Damage","floor":12.0,"gold_loss":0.0,"damage_taken":19.0,"relics_obtained":["Golden Idol"]},{"damage_healed":0,"gold_gain":0,"player_choice":"Gave Idol","damage_taken":0,"relics_obtained":["Bloody Idol"],"max_hp_gain":0,"max_hp_loss":0,"event_name":"Forgotten Altar","floor":20,"relics_lost":["Golden Idol"],"gold_loss":0},{"damage_healed":0,"gold_gain":0,"player_choice":"Fought Bandits","damage_taken":0,"max_hp_gain":0,"max_hp_loss":0,"event_name":"Masked Bandits","floor":21,"gold_loss":0},{"damage_healed":0,"gold_gain":99,"player_choice":"Stole From Cult","damage_taken":0,"max_hp_gain":0,"max_hp_loss":0,"event_name":"Nest","floor":24,"gold_loss":0},{"damage_healed":0,"gold_gain":0,"player_choice":"Memory 3","damage_taken":10,"max_hp_gain":0,"max_hp_loss":0,"event_name":"SensoryStone","floor":37,"gold_loss":0},{"damage_healed":0,"gold_gain":0,"player_choice":"Max HP","damage_taken":0,"max_hp_gain":0,"max_hp_loss":4,"event_name":"Winding Halls","floor":38,"gold_loss":0},{"cards_removed":["Bash"],"damage_healed":0,"gold_gain":0,"player_choice":"Removed Attack","damage_taken":0,"max_hp_gain":0,"max_hp_loss":0,"event_name":"Falling","floor":46,"gold_loss":0}],"is_beta":false,"boss_relics":[{"not_picked":["Tiny House","Snecko Eye"],"picked":"Pandora\u0027s Box"},{"not_picked":["Runic Cube","Black Star"],"picked":"Black Blood"}],"items_purged_floors":[19,30,39],"is_endless":false,"potions_floor_spawned":[3,5,8,10,13,21,22,28,29,33,35,36,41,45],"ascension_level":13}}