{"host":"sc0o2qwpf9j16a4i","time":1611948684,"event":{"mods":["AchievementEnabler","BaseMod","BetterRewards","Block Reminder","Colored Map","Colored Powertips","Custom Start","Highlight Path","Minty Spire (QoL Compilation)","Relic Stats"],"gold_per_floor":[118,88,98,173,190,190,224,224,224,249,268,285,19,49,49,153,153,153,164,164,164,179,207,220,220,220,220,233,5,39,54,54,158,158,177,193,1192,1192,769,801,801,801,851,864,878,878,878],"floor_reached":46,"language":"ENG","playtime":1837,"items_purged":["Normality"],"score":910,"play_id":"238bc6f5-9921-42cf-aa13-18e4b9904389","local_time":"20210129213124","daily_mods":["Insanity","Time Dilation","Lethality"],"is_ascension_mode":false,"campfire_choices":[{"data":"Meditate","floor":6,"key":"SMITH"},{"data":"BattleHymn","floor":8,"key":"SMITH"},{"data":"TalkToTheHand","floor":15,"key":"SMITH"},{"data":"Meditate","floor":25,"key":"SMITH"},{"floor":32,"key":"REST"},{"floor":42,"key":"REST"}],"circlet_count":0,"master_deck":["TalkToTheHand","BowlingBash","ThirdEye","EmptyBody","Evaluate","WaveOfTheHand","Meditate+1","WindmillStrike","Prostrate","FollowUp","JustLucky","JustLucky","EmptyBody","Pray","ThirdEye","BowlingBash","Prostrate","FlyingSleeves","BattleHymn+1","SashWhip","EmptyFist","Pray","Meditate+1","Halt","Consecrate","SashWhip","Evaluate","FlyingSleeves","PathToVictory","Weave","ClearTheMind","Halt","Conclude","TalkToTheHand+1","FollowUp","BowlingBash","Prostrate","FlyingSleeves","Vengeance","BowlingBash","JustLucky","ForeignInfluence","SashWhip","TalkToTheHand","TalkToTheHand","PathToVictory","SashWhip","EmptyBody","Prostrate","JustLucky+1","Halt","Devotion+1","Meditate","Apotheosis","FollowUp+1","WindmillStrike+1","MasterReality+1","SignatureMove+1","ForeignInfluence+1","Devotion+1","Vengeance","Tantrum+1","Vengeance","Meditate","Halt","ClearTheMind+1","FlyingSleeves+1","Adaptation+1","Evaluate","Devotion+1","WaveOfTheHand+1","WindmillStrike+1","Normality","SpiritShield","ThirdEye","Sadistic Nature+1","WaveOfTheHand","The Bomb","Discovery","Parasite","EmptyFist+1","Vengeance"],"relics":["PureWater","Molten Egg 2","Frozen Egg 2","PreservedInsect","Lantern","Astrolabe","Happy Flower","Strawberry","Nilry\u0027s Codex","Bag of Preparation","Blood Vial","Snecko Eye","Membership Card","Question Card","MealTicket"],"acts_visited":["Exordium","TheCity","TheBeyond"],"potions_floor_usage":[7,12,18,22,23,24,28,33,33,40,45,46,46],"damage_taken":[{"damage":0,"enemies":"Small Slimes","floor":1,"turns":2},{"damage":0,"enemies":"Cultist","floor":3,"turns":2},{"damage":7,"enemies":"Jaw Worm","floor":5,"turns":2},{"damage":0,"enemies":"3 Sentries","floor":7,"turns":4},{"damage":0,"enemies":"Lagavulin","floor":10,"turns":4},{"damage":5,"enemies":"Exordium Wildlife","floor":11,"turns":3},{"damage":7,"enemies":"Lots of Slimes","floor":12,"turns":2},{"damage":0,"enemies":"Gremlin Nob","floor":14,"turns":2},{"damage":12,"enemies":"The Guardian","floor":16,"turns":8},{"damage":0,"enemies":"3 Byrds","floor":18,"turns":1},{"damage":3,"enemies":"Shell Parasite","floor":19,"turns":4},{"damage":0,"enemies":"Snecko","floor":22,"turns":2},{"damage":10,"enemies":"Gremlin Leader","floor":23,"turns":4},{"damage":6,"enemies":"Centurion and Healer","floor":24,"turns":3},{"damage":21,"enemies":"Shelled Parasite and Fungi","floor":28,"turns":3},{"damage":6,"enemies":"Book of Stabbing","floor":30,"turns":4},{"damage":0,"enemies":"Snake Plant","floor":31,"turns":2},{"damage":14,"enemies":"Collector","floor":33,"turns":5},{"damage":10,"enemies":"3 Shapes","floor":35,"turns":5},{"damage":50,"enemies":"3 Darklings","floor":36,"turns":4},{"damage":0,"enemies":"Reptomancer","floor":40,"turns":2},{"damage":14,"enemies":"Writhing Mass","floor":44,"turns":5},{"damage":7,"enemies":"Sphere and 2 Shapes","floor":45,"turns":3},{"damage":32,"enemies":"Giant Head","floor":46,"turns":5}],"seed_played":"-8880206009897323706","potions_obtained":[{"floor":1,"key":"Ancient Potion"},{"floor":2,"key":"SneckoOil"},{"floor":2,"key":"Ancient Potion"},{"floor":5,"key":"Regen Potion"},{"floor":16,"key":"SmokeBomb"},{"floor":19,"key":"AttackPotion"},{"floor":22,"key":"Regen Potion"},{"floor":28,"key":"DistilledChaos"},{"floor":31,"key":"SkillPotion"},{"floor":33,"key":"PowerPotion"},{"floor":45,"key":"Block Potion"}],"is_trial":true,"path_per_floor":["M","?","M","?","M","R","E","R","T","E","M","M","$","E","R","B",null,"M","M","?","?","M","E","M","R","T","?","M","$","E","M","R","B",null,"M","M","?","?","$","E","?","R","T","M","M","E"],"character_chosen":"WATCHER","items_purchased":["Apotheosis","FollowUp+1","PowerPotion","Bag of Preparation","Adaptation+1","Membership Card","SpiritShield","ThirdEye","Sadistic Nature+1","Swift Potion","Explosive Potion"],"campfire_rested":2,"item_purchase_floors":[13,13,13,29,29,39,39,39,39,39,39],"current_hp_per_floor":[72,72,72,61,54,54,66,66,66,66,61,54,54,54,54,42,72,72,69,69,69,69,59,62,62,69,53,32,32,26,28,51,39,79,69,21,21,21,21,23,13,36,36,24,19,0,0],"gold":878,"neow_bonus":"","is_daily":false,"chose_seed":false,"campfire_upgraded":4,"win_rate":0.0,"timestamp":1611948684,"path_taken":["M","?","?","?","M","R","E","R","T","E","M","M","$","E","R","BOSS","M","M","?","?","?","E","M","R","T","?","M","$","E","M","R","BOSS","M","M","?","?","$","E","?","R","T","M","?","E"],"items_purchased_type":["Card","Card","Potion","Relic","Card","Relic","Card","Card","Card","Potion","Potion"],"build_version":"2020-12-22","purchased_purges":1,"victory":false,"max_hp_per_floor":[72,72,72,72,72,72,72,72,72,72,72,72,72,72,72,72,72,72,72,72,72,72,72,72,72,79,79,79,79,79,79,79,79,79,79,79,79,79,79,79,79,79,79,79,79,79,79],"relic_stats":{"Blood Vial":14,"Happy Flower":[13],"counters":[24,81],"Astrolabe":["SignatureMove","ForeignInfluence","Devotion"],"Snecko Eye":[31,45,45,53],"MealTicket":0,"PreservedInsect":290,"Bag of Preparation":[18],"Question Card":5,"obtain_stats":[{"Lantern":14,"Happy Flower":23,"Nilry\u0027s Codex":27,"Astrolabe":17,"PreservedInsect":10,"Bag of Preparation":29,"Frozen Egg 2":9,"Question Card":40,"Blood Vial":30,"Strawberry":26,"Snecko Eye":34,"Molten Egg 2":7,"MealTicket":43,"Membership Card":39,"PureWater":0},{"Lantern":8,"Happy Flower":13,"Nilry\u0027s Codex":14,"Astrolabe":9,"PreservedInsect":5,"Bag of Preparation":15,"Frozen Egg 2":4,"Question Card":21,"Blood Vial":16,"Strawberry":14,"Snecko Eye":18,"Molten Egg 2":4,"MealTicket":21,"Membership Card":20,"PureWater":0},{"Lantern":21,"Happy Flower":40,"Nilry\u0027s Codex":43,"Astrolabe":29,"PreservedInsect":14,"Bag of Preparation":46,"Frozen Egg 2":10,"Question Card":68,"Blood Vial":50,"Strawberry":43,"Snecko Eye":57,"Molten Egg 2":10,"MealTicket":68,"Membership Card":66,"PureWater":0}]},"card_choices":[{"not_picked":["Vengeance","Nirvana"],"picked":"SashWhip","floor":1},{"not_picked":["WreathOfFlame","FlurryOfBlows"],"picked":"EmptyBody","floor":3},{"not_picked":["ThirdEye","CutThroughFate"],"picked":"Prostrate","floor":5},{"not_picked":["Weave+1","CrushJoints+1"],"picked":"JustLucky+1","floor":7},{"not_picked":["CutThroughFate+1","PathToVictory"],"picked":"Halt","floor":10},{"not_picked":["Evaluate","Worship"],"picked":"Devotion+1","floor":11},{"not_picked":["Pray","CrushJoints+1"],"picked":"Meditate","floor":12},{"not_picked":["EmptyBody","MentalFortress+1"],"picked":"WindmillStrike+1","floor":14},{"not_picked":["Ragnarok+1","DevaForm+1"],"picked":"MasterReality+1","floor":16},{"not_picked":["Indignation","JustLucky+1"],"picked":"Vengeance","floor":19},{"not_picked":["EmptyBody","Perseverance+1"],"picked":"Meditate","floor":22},{"not_picked":["CrushJoints+1","SashWhip+1"],"picked":"Halt","floor":23},{"not_picked":["WindmillStrike+1","FollowUp+1"],"picked":"ClearTheMind+1","floor":24},{"not_picked":["Crescendo","BowlingBash+1"],"picked":"FlyingSleeves+1","floor":28},{"not_picked":["Study+1","BattleHymn+1","FlurryOfBlows+1"],"picked":"SKIP","floor":30},{"not_picked":["SashWhip+1","Scrawl"],"picked":"Evaluate","floor":31},{"not_picked":["Alpha","Wish"],"picked":"Devotion+1","floor":33},{"not_picked":["Halt+1","EmptyMind"],"picked":"WaveOfTheHand+1","floor":35},{"not_picked":["Fasting2+1","CutThroughFate+1"],"picked":"WindmillStrike+1","floor":36},{"not_picked":["BattleHymn+1","EmptyBody"],"picked":"WaveOfTheHand","floor":40},{"not_picked":["Finesse","Deep Breath","Forethought"],"picked":"The Bomb","floor":41},{"not_picked":["Blind","Panache+1","Dark Shackles"],"picked":"Discovery","floor":41},{"not_picked":["Prostrate","ClearTheMind+1","SashWhip+1"],"picked":"EmptyFist+1","floor":44},{"not_picked":["BowlingBash+1","Halt","FlurryOfBlows+1"],"picked":"Vengeance","floor":45}],"player_experience":1061843,"relics_obtained":[{"floor":7,"key":"Molten Egg 2"},{"floor":9,"key":"Frozen Egg 2"},{"floor":10,"key":"PreservedInsect"},{"floor":14,"key":"Lantern"},{"floor":23,"key":"Happy Flower"},{"floor":26,"key":"Strawberry"},{"floor":27,"key":"Nilry\u0027s Codex"},{"floor":30,"key":"Blood Vial"},{"floor":40,"key":"Question Card"},{"floor":43,"key":"MealTicket"}],"event_choices":[{"damage_healed":0,"gold_gain":0,"player_choice":"Bought 2 Potions","damage_taken":0,"max_hp_gain":0,"max_hp_loss":0,"event_name":"The Woman in Blue","floor":2,"gold_loss":0},{"damage_healed":0,"gold_gain":75,"player_choice":"Gather Gold","damage_taken":11,"max_hp_gain":0,"max_hp_loss":0,"event_name":"World of Goop","floor":4,"gold_loss":0},{"damage_healed":0,"gold_gain":0,"player_choice":"Read","damage_taken":0,"max_hp_gain":0,"max_hp_loss":0,"event_name":"The Library","floor":20,"gold_loss":0,"cards_obtained":["Tantrum"]},{"damage_healed":0,"gold_gain":0,"cards_transformed":["WreathOfFlame"],"player_choice":"Transformed","damage_taken":0,"max_hp_gain":0,"max_hp_loss":0,"event_name":"Transmorgrifier","floor":21,"gold_loss":0,"cards_obtained":["Vengeance"]},{"damage_healed":0,"gold_gain":0,"player_choice":"Obtained Book","damage_taken":16,"max_hp_gain":0,"max_hp_loss":0,"event_name":"Cursed Tome","floor":27,"gold_loss":0},{"damage_healed":0,"gold_gain":999,"player_choice":"Gold","damage_taken":0,"max_hp_gain":0,"max_hp_loss":0,"event_name":"MindBloom","floor":37,"gold_loss":0,"cards_obtained":["Normality","Normality"]},{"damage_healed":0,"gold_gain":0,"player_choice":"Ignored","damage_taken":0,"max_hp_gain":0,"max_hp_loss":0,"event_name":"Tomb of Lord Red Mask","floor":38,"gold_loss":0},{"damage_healed":0,"gold_gain":0,"player_choice":"Memory 3","damage_taken":10,"max_hp_gain":0,"max_hp_loss":0,"event_name":"SensoryStone","floor":41,"gold_loss":0}],"is_beta":false,"boss_relics":[{"not_picked":["Velvet Choker","HolyWater"],"picked":"Astrolabe"},{"not_picked":["Fusion Hammer","Runic Dome"],"picked":"Snecko Eye"}],"items_purged_floors":[39],"is_endless":false,"potions_floor_spawned":[1,3,5,16,19,22,28,31,33,45],"killed_by":"Giant Head","ascension_level":0}}