{"host":"jpcy2bclvs7juczu","time":1611938959,"event":{"mods":["Alarm Clock","BaseMod","Bestiary","Block Reminder","Colored Map","Colored Powertips","Curses Come First","Dark Map","Minty Spire (QoL Compilation)","Quick Restart","RNG Fix","Relic Stats","Slay the Relics Exporter","StSLib","ojb\u0027s Better Paths Mod","ojb\u0027s Info Mod","slay the spire mod where everything is the same but ironclad has a cowboy hat"],"gold_per_floor":[112,124,124,140,47,73,73,89,89,100,128,141,176,14,14,93,93,113,144,161,171,171,197,197,231,279,319,347,347,381,404,404,487,487,507,507,507,526,127,153,189,203,203,223,257,266,266,292,292,292,292,292,292,3,47,47],"floor_reached":57,"language":"ENG","playtime":3495,"items_purged":["Strike_B"],"score":3359,"play_id":"c3c373f6-880c-488b-ad55-1a7c4293bc9b","local_time":"20210129114919","is_ascension_mode":true,"campfire_choices":[{"data":"Hyperbeam","floor":7.0,"key":"SMITH"},{"floor":15.0,"key":"REST"},{"data":"Creative AI","floor":24.0,"key":"SMITH"},{"data":"Hologram","floor":32.0,"key":"SMITH"},{"data":"Secret Technique","floor":47.0,"key":"SMITH"},{"floor":49.0,"key":"RECALL"},{"data":"Aggregate","floor":53.0,"key":"SMITH"}],"circlet_count":0,"master_deck":["AscendersBane","Strike_B+1","Strike_B+1","Strike_B","Defend_B","Defend_B","Defend_B+1","Defend_B","Zap","Dualcast","Hologram+1","Rebound","Hyperbeam+1","Glacier","Compile Driver","Beam Cell","Reinforced Body","Creative AI+1","Leap","Conserve Battery","Turbo","Go for the Eyes+1","Steam Power","Self Repair","Double Energy","Hologram+1","Reinforced Body+1","Creative AI","Secret Technique+1","Turbo+1","Aggregate+1","Meteor Strike","Darkness+1","Master of Strategy","Master of Strategy","Hologram","Force Field"],"relics":["Black Star","Strawberry","Centennial Puzzle","Bottled Flame","Bird Faced Urn","Bag of Marbles","Blood Vial","Ornamental Fan","Membership Card","Coffee Dripper","Red Mask","Enchiridion","CeramicFish","Whetstone","Boot","Mummified Hand","Lantern","Vajra","Letter Opener","Oddly Smooth Stone","Juzu Bracelet","Nuclear Battery","Pantograph","White Beast Statue","InkBottle","Nunchaku","Gremlin Horn","Bag of Preparation","Potion Belt","Frozen Egg 2","War Paint","Lee\u0027s Waffle","DataDisk","StrikeDummy"],"acts_visited":["Exordium","TheCity","TheBeyond","TheEnding"],"potions_floor_usage":[56,56],"damage_taken":[{"damage":2.0,"enemies":"2 Louse","floor":1.0,"turns":3.0},{"damage":22.0,"enemies":"Small Slimes","floor":2.0,"turns":5.0},{"damage":11.0,"enemies":"Jaw Worm","floor":4.0,"turns":4.0},{"damage":15.0,"enemies":"3 Sentries","floor":6.0,"turns":8.0},{"damage":2.0,"enemies":"Blue Slaver","floor":8.0,"turns":2.0},{"damage":0.0,"enemies":"Exordium Wildlife","floor":10.0,"turns":1.0},{"damage":18.0,"enemies":"Lagavulin","floor":11.0,"turns":4.0},{"damage":0.0,"enemies":"2 Fungi Beasts","floor":12.0,"turns":1.0},{"damage":0.0,"enemies":"Gremlin Nob","floor":13.0,"turns":2.0},{"damage":47.0,"enemies":"The Guardian","floor":16.0,"turns":16.0},{"damage":0.0,"enemies":"Chosen","floor":18.0,"turns":2.0},{"damage":0.0,"enemies":"Masked Bandits","floor":19.0,"turns":1.0},{"damage":0.0,"enemies":"2 Thieves","floor":20.0,"turns":1.0},{"damage":14.0,"enemies":"Snake Plant","floor":21.0,"turns":4.0},{"damage":0.0,"enemies":"Gremlin Leader","floor":23.0,"turns":4.0},{"damage":0.0,"enemies":"Slavers","floor":25.0,"turns":1.0},{"damage":11.0,"enemies":"Gremlin Leader","floor":27.0,"turns":5.0},{"damage":0.0,"enemies":"Cultist and Chosen","floor":28.0,"turns":1.0},{"damage":0.0,"enemies":"Slavers","floor":30.0,"turns":1.0},{"damage":0.0,"enemies":"Snecko","floor":31.0,"turns":2.0},{"damage":21.0,"enemies":"Champ","floor":33.0,"turns":12.0},{"damage":0.0,"enemies":"3 Darklings","floor":35.0,"turns":2.0},{"damage":0.0,"enemies":"Orb Walker","floor":38.0,"turns":2.0},{"damage":0.0,"enemies":"3 Darklings","floor":40.0,"turns":1.0},{"damage":16.0,"enemies":"Nemesis","floor":41.0,"turns":7.0},{"damage":0.0,"enemies":"4 Shapes","floor":42.0,"turns":1.0},{"damage":6.0,"enemies":"Transient","floor":44.0,"turns":6.0},{"damage":0.0,"enemies":"Giant Head","floor":45.0,"turns":7.0},{"damage":0.0,"enemies":"Reptomancer","floor":48.0,"turns":2.0},{"damage":70.0,"enemies":"Awakened One","floor":50.0,"turns":13.0},{"damage":81.0,"enemies":"Time Eater","floor":51.0,"turns":18.0},{"damage":0,"enemies":"Shield and Spear","floor":55,"turns":2},{"damage":96,"enemies":"The Heart","floor":56,"turns":12}],"seed_played":"-3667168388943626587","potions_obtained":[{"floor":4.0,"key":"SpeedPotion"},{"floor":8.0,"key":"Energy Potion"},{"floor":11.0,"key":"DistilledChaos"},{"floor":16.0,"key":"Fire Potion"},{"floor":21.0,"key":"LiquidMemories"},{"floor":25.0,"key":"PotionOfCapacity"},{"floor":27.0,"key":"SteroidPotion"},{"floor":30.0,"key":"SkillPotion"},{"floor":37.0,"key":"CultistPotion"},{"floor":37.0,"key":"AttackPotion"},{"floor":41.0,"key":"EssenceOfSteel"},{"floor":48.0,"key":"EssenceOfSteel"},{"floor":55,"key":"Dexterity Potion"}],"is_trial":false,"path_per_floor":["M","M","?","M","$","E","R","M","T","M","E","M","E","$","R","B",null,"M","?","M","M","?","E","R","E","T","E","M","?","E","M","R","B",null,"M","?","?","M","$","M","E","M","T","M","E","?","R","E","R","B","B",null,"R","$","E","B",null],"character_chosen":"DEFECT","items_purchased":["Glacier","Energy Potion","Membership Card","Pantograph","White Beast Statue","Secret Technique","Turbo","Master of Strategy","Hologram","War Paint","Lee\u0027s Waffle","BlessingOfTheForge"],"campfire_rested":1,"item_purchase_floors":[5,5,14,39,39,39,39,54,54,54,54,54],"current_hp_per_floor":[62,40,40,29,29,21,21,19,19,19,1,1,1,1,24,21,64,66,68,70,64,43,53,53,57,57,56,60,38,42,55,55,81,83,83,83,83,83,83,83,83,83,83,83,83,73,73,83,83,42,31,70,70,90,90,57],"gold":47,"neow_bonus":"BOSS_RELIC","is_daily":false,"chose_seed":false,"campfire_upgraded":5,"win_rate":0.0,"timestamp":1611938959,"path_taken":["M","M","?","M","$","E","R","M","T","M","E","M","E","$","R","BOSS","M","?","M","M","?","E","R","E","T","E","?","?","E","M","R","BOSS","M","?","?","M","$","M","E","M","T","M","E","?","R","E","R","BOSS","BOSS","R","$","E","BOSS"],"items_purchased_type":["Card","Potion","Relic","Relic","Relic","Card","Card","Card","Card","Relic","Relic","Potion"],"build_version":"2020-12-22","purchased_purges":1,"victory":true,"max_hp_per_floor":[71,71,71,71,71,78,78,78,78,78,78,78,78,78,78,78,78,78,78,78,78,78,78,78,78,78,78,78,83,83,83,83,83,83,83,83,83,83,83,83,83,83,83,83,83,83,83,83,83,83,83,83,83,90,90,90],"relic_stats":{"Lee\u0027s Waffle":20,"Gremlin Horn":[7,7],"counters":[33,153],"CeramicFish":135,"Juzu Bracelet":1,"Bag of Preparation":[10],"Whetstone":["Strike_B","Strike_B"],"Letter Opener":[342],"War Paint":["Defend_B","Turbo"],"Boot":[51],"Blood Vial":28,"Centennial Puzzle":[32],"Nunchaku":[11],"Ornamental Fan":[168],"Mummified Hand":[168],"Bird Faced Urn":[254],"Pantograph":25,"Black Star":11,"obtain_stats":[{"Lantern":26,"Gremlin Horn":45,"CeramicFish":23,"Enchiridion":22,"Vajra":27,"Juzu Bracelet":30,"Bag of Preparation":45,"Whetstone":23,"Boot":25,"Blood Vial":13,"Centennial Puzzle":6,"Nunchaku":41,"Mummified Hand":25,"Strawberry":6,"Pantograph":39,"Red Mask":19,"Cracked Core":0,"InkBottle":41,"Potion Belt":48,"Lee\u0027s Waffle":54,"Oddly Smooth Stone":30,"Letter Opener":27,"Frozen Egg 2":48,"War Paint":54,"White Beast Statue":39,"Nuclear Battery":34,"Bottled Flame":9,"DataDisk":55,"Ornamental Fan":13,"Bird Faced Urn":11,"Black Star":0,"Bag of Marbles":11,"Coffee Dripper":17,"Membership Card":14,"StrikeDummy":55},{"Lantern":16,"Gremlin Horn":28,"CeramicFish":15,"Enchiridion":14,"Vajra":17,"Juzu Bracelet":19,"Bag of Preparation":28,"Whetstone":15,"Boot":16,"Blood Vial":9,"Centennial Puzzle":4,"Nunchaku":25,"Mummified Hand":16,"Strawberry":4,"Pantograph":23,"Red Mask":12,"Cracked Core":0,"InkBottle":25,"Potion Belt":29,"Lee\u0027s Waffle":31,"Oddly Smooth Stone":19,"Letter Opener":17,"Frozen Egg 2":29,"War Paint":31,"White Beast Statue":23,"Nuclear Battery":21,"Bottled Flame":5,"DataDisk":32,"Ornamental Fan":9,"Bird Faced Urn":7,"Black Star":0,"Bag of Marbles":7,"Coffee Dripper":10,"Membership Card":9,"StrikeDummy":32},{"Lantern":59,"Gremlin Horn":106,"CeramicFish":58,"Enchiridion":54,"Vajra":64,"Juzu Bracelet":66,"Bag of Preparation":106,"Whetstone":58,"Boot":59,"Blood Vial":30,"Centennial Puzzle":20,"Nunchaku":92,"Mummified Hand":59,"Strawberry":20,"Pantograph":84,"Red Mask":49,"Cracked Core":0,"InkBottle":92,"Potion Belt":108,"Lee\u0027s Waffle":139,"Oddly Smooth Stone":66,"Letter Opener":64,"Frozen Egg 2":108,"War Paint":139,"White Beast Statue":84,"Nuclear Battery":80,"Bottled Flame":22,"DataDisk":141,"Ornamental Fan":30,"Bird Faced Urn":27,"Black Star":0,"Bag of Marbles":27,"Coffee Dripper":46,"Membership Card":30,"StrikeDummy":141}],"InkBottle":[41]},"card_choices":[{"not_picked":["Fusion","Static Discharge"],"picked":"Hologram","floor":1.0},{"not_picked":["Chill","Barrage"],"picked":"Rebound","floor":2.0},{"not_picked":["Compile Driver","Steam"],"picked":"Hyperbeam","floor":4.0},{"not_picked":["Self Repair","BootSequence"],"picked":"Compile Driver","floor":6.0},{"not_picked":["Barrage","Melter"],"picked":"Beam Cell","floor":8.0},{"not_picked":["Conserve Battery","Go for the Eyes"],"picked":"Reinforced Body","floor":10.0},{"not_picked":["Blizzard","Steam"],"picked":"Creative AI","floor":11.0},{"not_picked":["Streamline","Skim"],"picked":"Leap","floor":12.0},{"not_picked":["Streamline","Coolheaded","All For One"],"picked":"SKIP","floor":13.0},{"not_picked":["Static Discharge","Melter"],"picked":"Conserve Battery","floor":18.0},{"not_picked":["Doom and Gloom","Steam"],"picked":"Turbo","floor":20.0},{"not_picked":["Coolheaded","Melter"],"picked":"Go for the Eyes+1","floor":21.0},{"not_picked":["Redo","Gash+1","Multi-Cast"],"picked":"SKIP","floor":23.0},{"not_picked":["Reprogram","Lockon"],"picked":"Steam Power","floor":25.0},{"not_picked":["Streamline","Turbo"],"picked":"Self Repair","floor":27.0},{"not_picked":["Gash","Scrape"],"picked":"Double Energy","floor":28.0},{"not_picked":["Capacitor","Biased Cognition"],"picked":"Hologram","floor":30.0},{"not_picked":["Compile Driver","Ball Lightning"],"picked":"Reinforced Body+1","floor":31.0},{"not_picked":["Core Surge","Thunder Strike"],"picked":"Creative AI","floor":33.0},{"not_picked":["Tempest","Ball Lightning","Gash"],"picked":"SKIP","floor":35.0},{"not_picked":["Chaos","Beam Cell","Streamline+1"],"picked":"SKIP","floor":38.0},{"not_picked":["Cold Snap","Redo"],"picked":"Aggregate","floor":40.0},{"not_picked":["Hologram","Melter"],"picked":"Meteor Strike","floor":41.0},{"not_picked":["Conserve Battery","Gash","Sweeping Beam+1"],"picked":"SKIP","floor":42.0},{"not_picked":["Turbo","Steam Power"],"picked":"Darkness+1","floor":44.0},{"not_picked":["Heatsinks+1","Chill","Steam+1"],"picked":"SKIP","floor":45.0},{"not_picked":["Madness","Mind Blast"],"picked":"Master of Strategy","floor":46.0},{"not_picked":["Compile Driver","Sweeping Beam","Darkness"],"picked":"SKIP","floor":48.0},{"not_picked":["Double Energy","Storm+1"],"picked":"Force Field","floor":55}],"player_experience":1510500,"relics_obtained":[{"floor":6.0,"key":"Strawberry"},{"floor":6.0,"key":"Centennial Puzzle"},{"floor":9.0,"key":"Bottled Flame"},{"floor":11.0,"key":"Bird Faced Urn"},{"floor":11.0,"key":"Bag of Marbles"},{"floor":13.0,"key":"Blood Vial"},{"floor":13.0,"key":"Ornamental Fan"},{"floor":19.0,"key":"Red Mask"},{"floor":22.0,"key":"Enchiridion"},{"floor":23.0,"key":"CeramicFish"},{"floor":23.0,"key":"Whetstone"},{"floor":25.0,"key":"Boot"},{"floor":25.0,"key":"Mummified Hand"},{"floor":26.0,"key":"Lantern"},{"floor":27.0,"key":"Vajra"},{"floor":27.0,"key":"Letter Opener"},{"floor":30.0,"key":"Oddly Smooth Stone"},{"floor":30.0,"key":"Juzu Bracelet"},{"floor":41.0,"key":"InkBottle"},{"floor":41.0,"key":"Nunchaku"},{"floor":45.0,"key":"Gremlin Horn"},{"floor":45.0,"key":"Bag of Preparation"},{"floor":48.0,"key":"Potion Belt"},{"floor":48.0,"key":"Frozen Egg 2"},{"floor":55,"key":"DataDisk"},{"floor":55,"key":"StrikeDummy"}],"event_choices":[{"damage_healed":0.0,"max_hp_gain":0.0,"max_hp_loss":0.0,"gold_gain":0.0,"event_name":"Golden Wing","player_choice":"Ignored","floor":3.0,"gold_loss":0.0,"damage_taken":0.0},{"damage_healed":0.0,"max_hp_gain":0.0,"max_hp_loss":0.0,"gold_gain":0.0,"event_name":"Masked Bandits","player_choice":"Fought Bandits","floor":19.0,"gold_loss":0.0,"damage_taken":0.0},{"damage_healed":0.0,"max_hp_gain":0.0,"max_hp_loss":0.0,"gold_gain":0.0,"event_name":"Cursed Tome","player_choice":"Obtained Book","floor":22.0,"gold_loss":0.0,"damage_taken":21.0},{"damage_healed":0.0,"max_hp_gain":5.0,"max_hp_loss":0.0,"gold_gain":0.0,"event_name":"Forgotten Altar","player_choice":"Shed Blood","floor":29.0,"gold_loss":0.0,"damage_taken":27.0},{"damage_healed":0.0,"max_hp_gain":0.0,"max_hp_loss":0.0,"gold_gain":0.0,"event_name":"Upgrade Shrine","player_choice":"Upgraded","floor":36.0,"gold_loss":0.0,"damage_taken":0.0,"cards_upgraded":["Hologram"]},{"damage_healed":0.0,"max_hp_gain":0.0,"max_hp_loss":0.0,"gold_gain":0.0,"event_name":"Lab","player_choice":"Got Potions","floor":37.0,"gold_loss":0.0,"damage_taken":0.0},{"damage_healed":0.0,"max_hp_gain":0.0,"max_hp_loss":0.0,"gold_gain":0.0,"event_name":"SensoryStone","player_choice":"Memory 3","floor":46.0,"gold_loss":0.0,"damage_taken":10.0}],"is_beta":false,"boss_relics":[{"not_picked":["SlaversCollar","Cursed Key"],"picked":"Coffee Dripper"},{"not_picked":["Inserter","Runic Pyramid"],"picked":"Nuclear Battery"}],"items_purged_floors":[39],"is_endless":false,"potions_floor_spawned":[4,8,11,16,21,25,27,30,31,40,41,42,44,45,48,55],"ascension_level":20}}