{"host":"ty2cix8xj6r3ad26","time":1611941171,"event":{"mods":["AchievementEnabler","BaseMod","BetterRewards","Infinite Spire","Minty Spire (QoL Compilation)","Quick Restart","StSLib","SuperFastMode"],"gold_per_floor":[113,113,113,13,38,38,81,81,132,157,171,204,204,244,244,370,433,448,481,406,21,21,21,21],"floor_reached":23,"language":"ENG","playtime":934,"items_purged":["Strike_B","Injury","Strike_B"],"score":473,"play_id":"49687f9b-08e6-486c-823d-df3ca89828ac","local_time":"20210129192611","is_ascension_mode":true,"campfire_choices":[{"data":"Zap","floor":6,"key":"SMITH"},{"floor":8,"key":"REST"},{"data":"Redo","floor":13,"key":"SMITH"},{"data":"Barrage","floor":15,"key":"SMITH"}],"circlet_count":0,"master_deck":["AscendersBane","Defend_B","Defend_B","Defend_B","Defend_B","Zap+1","Dualcast","BootSequence","Capacitor","Steam","Redo+1","Ball Lightning","Cold Snap+1","Core Surge","Barrage+1","Seek","Defragment+1","infinitespire:Oblivion"],"relics":["Cracked Core","Letter Opener","Strawberry","WingedGreaves","Golden Idol","Symbiotic Virus","StrikeDummy","Akabeko","Tiny House","Red Mask","White Beast Statue"],"acts_visited":["Exordium","TheCity"],"potions_floor_usage":[7,12,16,18,23],"damage_taken":[{"damage":1,"enemies":"Cultist","floor":1,"turns":4},{"damage":0,"enemies":"2 Louse","floor":5,"turns":2},{"damage":21,"enemies":"Gremlin Nob","floor":7,"turns":5},{"damage":0,"enemies":"Small Slimes","floor":10,"turns":2},{"damage":0,"enemies":"3 Louse","floor":11,"turns":2},{"damage":4,"enemies":"Lagavulin","floor":12,"turns":3},{"damage":10,"enemies":"3 Sentries","floor":14,"turns":4},{"damage":8,"enemies":"Hexaghost","floor":16,"turns":8},{"damage":5,"enemies":"2 Thieves","floor":18,"turns":2},{"damage":31,"enemies":"Masked Bandits","floor":19,"turns":4},{"damage":20,"enemies":"Nightmare","floor":23,"turns":2}],"seed_played":"-8799241136965527702","potions_obtained":[{"floor":1,"key":"Weak Potion"},{"floor":10,"key":"FocusPotion"},{"floor":14,"key":"EssenceOfSteel"},{"floor":17,"key":"ColorlessPotion"},{"floor":19,"key":"Strength Potion"}],"is_trial":false,"path_per_floor":["M","?","?","$","M","R","E","R","T","M","M","E","R","E","R","B",null,"M","?","?","$","?","NM"],"character_chosen":"DEFECT","items_purchased":["Letter Opener","Strawberry","BootSequence","Capacitor","Steam","White Beast Statue"],"campfire_rested":1,"item_purchase_floors":[0,0,0,0,0,21],"current_hp_per_floor":[39,32,32,32,32,32,11,35,35,35,35,31,31,21,21,13,70,65,34,34,34,13,0,0],"gold":21,"neow_bonus":"","is_daily":false,"chose_seed":false,"campfire_upgraded":3,"win_rate":0.0,"timestamp":1611941171,"path_taken":["M","?","?","$","M","R","E","R","T","M","M","E","R","E","R","BOSS","M","?","?","$","?","NM"],"items_purchased_type":["Relic","Relic","Card","Card","Card","Relic"],"build_version":"2020-12-22","purchased_purges":3,"victory":false,"max_hp_per_floor":[82,82,82,82,82,82,82,82,82,82,82,82,82,82,82,82,87,87,87,87,87,87,87,87],"card_choices":[{"not_picked":["Streamline","Leap"],"picked":"Redo","floor":1},{"not_picked":["Go for the Eyes","Stack"],"picked":"Ball Lightning","floor":5},{"not_picked":["Turbo","Lockon"],"picked":"Cold Snap","floor":7},{"not_picked":["Beam Cell","Go for the Eyes"],"picked":"Core Surge","floor":10},{"not_picked":["Compile Driver","Streamline"],"picked":"Barrage","floor":11},{"not_picked":["Lockon","Rebound","Chaos"],"picked":"SKIP","floor":12},{"not_picked":["Beam Cell","Sweeping Beam","Hologram"],"picked":"SKIP","floor":14},{"not_picked":["All For One","Fission"],"picked":"Seek","floor":16},{"not_picked":["Redo","Leap"],"picked":"Defragment+1","floor":18},{"not_picked":["infinitespire:NeuralNetwork","infinitespire:UltimateForm"],"picked":"infinitespire:Oblivion","floor":22}],"player_experience":510970,"relics_obtained":[{"floor":7,"key":"Symbiotic Virus"},{"floor":12,"key":"StrikeDummy"},{"floor":14,"key":"Akabeko"},{"floor":19,"key":"Red Mask"}],"event_choices":[{"cards_removed":["Strike_B"],"damage_healed":0,"gold_gain":0,"player_choice":"Card Removal","damage_taken":7,"max_hp_gain":0,"max_hp_loss":0,"event_name":"Golden Wing","floor":2,"gold_loss":0},{"damage_healed":0,"gold_gain":0,"player_choice":"Take Wound","damage_taken":0,"relics_obtained":["Golden Idol"],"max_hp_gain":0,"max_hp_loss":0,"event_name":"Golden Idol","floor":3,"gold_loss":0,"cards_obtained":["Injury"]},{"damage_healed":0,"gold_gain":0,"player_choice":"Fought Bandits","damage_taken":0,"max_hp_gain":0,"max_hp_loss":0,"event_name":"Masked Bandits","floor":19,"gold_loss":0},{"cards_removed":["Strike_B"],"damage_healed":0,"gold_gain":0,"player_choice":"Gave Gold","damage_taken":0,"max_hp_gain":0,"max_hp_loss":0,"event_name":"Beggar","floor":20,"gold_loss":75}],"is_beta":false,"boss_relics":[{"not_picked":["Snecko Eye","SacredBark"],"picked":"Tiny House"}],"items_purged_floors":[0,4,21],"is_endless":false,"potions_floor_spawned":[1,10,14,19],"killed_by":"Nightmare","ascension_level":11}}