{"host":"y1oqg7uy0jc6f5mb","time":1611946004,"event":{"mods":["BaseMod","Better Altar","Better Match","Better Note","Better Sensory Stone","Better Skull","Better Third Choice","Block Reminder","Colored Map","Colored Powertips","Custom Start","DeckTracker","Displayed Cursed Tome","Downfall","Highlight Path","Ironclad Rager","Minty Spire (QoL Compilation)","Permanent Neow","Quick Restart","Relic Sorter","Relic Stats","Replay The Spire","Shop Mod","StSLib"],"gold_per_floor":[114,130,130,142,34,234,267,267,267,298,298,298,298,313,313,414,414,425,441,55,65,84,84,111,128,128,3,3,14,41,17,17,119,119,136,155,169,180,199,199,231,231,231,258,269,87,97,111,111,111],"floor_reached":51,"language":"ENG","playtime":5366,"items_purged":["Sickly","ReplayTheSpireMod:Splinters","Defend_P","Parasite"],"score":954,"play_id":"5638d78c-50ec-437a-b103-91f1e9b29894","local_time":"20210130024644","is_ascension_mode":true,"campfire_choices":[{"data":"MentalFortress","floor":8.0,"key":"SMITH"},{"data":"WaveOfTheHand","floor":11.0,"key":"SMITH"},{"data":"Judgement","floor":13.0,"key":"SMITH"},{"floor":15.0,"key":"REST"},{"data":"Devotion","floor":23.0,"key":"SMITH"},{"data":"Replay:AtTheReady","floor":28.0,"key":"SMITH"},{"data":"Strike_P","floor":32.0,"key":"PURGE"},{"floor":40.0,"key":"REST"},{"data":"DevaForm","floor":42.0,"key":"SMITH"},{"data":"Ragnarok","floor":49,"key":"SMITH"}],"circlet_count":0,"master_deck":["Strike_P","Strike_P","Defend_P","Defend_P","Defend_P","Eruption+1","Vigilance","EmptyBody","LikeWater","Consecrate","MentalFortress+1","FearNoEvil","FearNoEvil","WaveOfTheHand+1","Judgement+1","Sanctity","Devotion+1","SandsOfTime+1","Consecrate+1","FlurryOfBlows","Replay:DivineShield+1","DeceiveReality+1","Replay:AtTheReady+1","Replay:ManipulateFuture+1","Consecrate+1","DevaForm+1","ClearTheMind","Ragnarok+1","Fasting2+1","Indignation+1","Wallop","Replay:Cycle+1","Pray+1","Replay:Vibes+1","Ragnarok","FlurryOfBlows","Injury","Replay:Anticipation","Swivel"],"relics":["PureWater","Ring of Peace","Replay:Bottled Snecko","Replay:Wax Seal","Boot","SlaversCollar","Snack Pack","Gremlin Horn","MealTicket","Blue Candle","Replay:Bronze Core","Pen Nib","FossilizedHelix","Onion Ring","ReplayTheSpireMod:CursedCoin","Replay:Baseball"],"acts_visited":["Exordium","TheCity","TheBeyond"],"potions_floor_usage":[50,50],"damage_taken":[{"damage":3.0,"enemies":"2 Louse","floor":1.0,"turns":3.0},{"damage":2.0,"enemies":"Small Slimes","floor":2.0,"turns":5.0},{"damage":0.0,"enemies":"Cultist","floor":4.0,"turns":6.0},{"damage":12.0,"enemies":"Gremlin Nob","floor":7.0,"turns":5.0},{"damage":11.0,"enemies":"3 Sentries","floor":10.0,"turns":13.0},{"damage":0.0,"enemies":"Lots of Slimes","floor":14.0,"turns":3.0},{"damage":31.0,"enemies":"The Guardian","floor":16.0,"turns":19.0},{"damage":5.0,"enemies":"2 Thieves","floor":18.0,"turns":4.0},{"damage":0.0,"enemies":"Spheric Guardian","floor":19.0,"turns":1.0},{"damage":0.0,"enemies":"Cultist and Chosen","floor":21.0,"turns":6.0},{"damage":0.0,"enemies":"Centurion and Healer","floor":22.0,"turns":5.0},{"damage":11.0,"enemies":"Book of Stabbing","floor":24.0,"turns":6.0},{"damage":0.0,"enemies":"3 Cultists","floor":25.0,"turns":5.0},{"damage":0.0,"enemies":"Snecko","floor":29.0,"turns":5.0},{"damage":0.0,"enemies":"Gremlin Leader","floor":30.0,"turns":5.0},{"damage":28.0,"enemies":"Champ","floor":33.0,"turns":13.0},{"damage":0.0,"enemies":"3 Shapes","floor":35.0,"turns":5.0},{"damage":33.0,"enemies":"Orb Walker","floor":36.0,"turns":7.0},{"damage":0.0,"enemies":"3 Darklings","floor":37.0,"turns":5.0},{"damage":10.0,"enemies":"Writhing Mass","floor":38.0,"turns":8.0},{"damage":1.0,"enemies":"4 Shapes","floor":39.0,"turns":7.0},{"damage":0.0,"enemies":"Nemesis","floor":41.0,"turns":3.0},{"damage":0.0,"enemies":"Giant Head","floor":44.0,"turns":8.0},{"damage":0.0,"enemies":"Maw","floor":45.0,"turns":8.0},{"damage":0,"enemies":"Spire Growth","floor":47,"turns":2},{"damage":9,"enemies":"4 Shapes","floor":48,"turns":5},{"damage":0,"enemies":"Awakened One","floor":50,"turns":11}],"seed_played":"-8745517625705735717","potions_obtained":[{"floor":1.0,"key":"SkillPotion"},{"floor":2.0,"key":"EssenceOfSteel"},{"floor":19.0,"key":"CultistPotion"},{"floor":21.0,"key":"BlessingOfTheForge"},{"floor":22.0,"key":"Elixir"},{"floor":30.0,"key":"sneckomod:MuddlingPotion"},{"floor":33.0,"key":"Dexterity Potion"},{"floor":38.0,"key":"Cursed Concoction"},{"floor":41.0,"key":"Toxic Potion"},{"floor":48,"key":"Fire Potion"}],"is_trial":false,"path_per_floor":["M","M","?","M","$","?","E","R","T","E","R","?","R","M","R","B",null,"M","M","$","M","M","R","E","M","T","$","R","M","E","$","R_BF","B",null,"M","M","M","M","M","R","E","R","T","E","M","$","M","M","R","B",null],"character_chosen":"WATCHER","items_purchased":["MentalFortress","FlurryOfBlows","Snack Pack","ClearTheMind","ReplayTheSpireMod:CursedCoin","Replay:Anticipation","Replay:Baseball"],"campfire_rested":2,"item_purchase_floors":[5,20,20,31,46,46,46],"current_hp_per_floor":[69,67,67,67,67,67,55,55,55,44,44,44,44,44,65,34,72,67,67,67,71,72,72,63,67,67,72,72,72,72,72,72,48,72,72,39,43,39,42,63,65,65,65,71,72,69,69,64,64,69],"gold":111,"neow_bonus":"RANDOM_EVENT","is_daily":false,"chose_seed":false,"campfire_upgraded":7,"win_rate":0.0,"timestamp":1611946004,"path_taken":["M","M","?","M","$","?","E","R","T","E","R","?","R","M","R","BOSS","M","?","$","M","M","R","E","M","T","?","R","?","E","$","R_BF","BOSS","M","M","M","M","M","R","E","R","T","E","M","$","?","M","R","BOSS"],"items_purchased_type":["Card","Card","Relic","Card","Relic","Card","Relic"],"build_version":"2020-12-22","purchased_purges":4,"victory":true,"max_hp_per_floor":[72,72,72,72,72,72,72,72,72,72,72,72,72,72,72,72,72,72,72,72,72,72,72,72,72,72,72,72,72,72,72,72,72,72,72,72,72,72,72,72,72,72,72,72,72,69,69,69,69,69],"relic_stats":{"Gremlin Horn":[29,29],"counters":[27,173],"Blue Candle":[3],"MealTicket":5,"Pen Nib":[8],"Boot":[168],"obtain_stats":[{"Gremlin Horn":24,"ReplayTheSpireMod:CursedCoin":46,"Blue Candle":30,"Pen Nib":41,"Boot":10,"SlaversCollar":17,"Replay:Baseball":46,"Ring of Peace":3,"Replay:Bronze Core":34,"MealTicket":26,"Onion Ring":44,"Snack Pack":20,"Replay:Bottled Snecko":7,"PureWater":0,"Replay:Wax Seal":9,"FossilizedHelix":43},{"Gremlin Horn":12,"ReplayTheSpireMod:CursedCoin":24,"Blue Candle":15,"Pen Nib":22,"Boot":5,"SlaversCollar":7,"Replay:Baseball":24,"Ring of Peace":2,"Replay:Bronze Core":16,"MealTicket":13,"Onion Ring":23,"Snack Pack":9,"Replay:Bottled Snecko":4,"PureWater":0,"Replay:Wax Seal":4,"FossilizedHelix":22},{"Gremlin Horn":76,"ReplayTheSpireMod:CursedCoin":155,"Blue Candle":91,"Pen Nib":139,"Boot":32,"SlaversCollar":54,"Replay:Baseball":155,"Ring of Peace":8,"Replay:Bronze Core":104,"MealTicket":81,"Onion Ring":147,"Snack Pack":59,"Replay:Bottled Snecko":19,"PureWater":0,"Replay:Wax Seal":19,"FossilizedHelix":139}]},"card_choices":[{"not_picked":["WindmillStrike","SandsOfTime"],"picked":"EmptyBody","floor":1.0},{"not_picked":["Replay:AtTheReady","ClearTheMind"],"picked":"LikeWater","floor":2.0},{"not_picked":["FollowUp","ThirdEye"],"picked":"Consecrate","floor":4.0},{"not_picked":["ConjureBlade","Indignation"],"picked":"FearNoEvil","floor":6.0},{"not_picked":["Replay:ManipulateFuture","CarveReality"],"picked":"FearNoEvil","floor":7.0},{"not_picked":["SashWhip","Protect"],"picked":"WaveOfTheHand","floor":10.0},{"not_picked":["Collect","BowlingBash"],"picked":"Sanctity","floor":14.0},{"not_picked":["Blasphemy","Devotion"],"picked":"Omniscience","floor":16.0},{"not_picked":["Replay:Battleflow+1","Replay:AtTheReady"],"picked":"SandsOfTime+1","floor":18.0},{"not_picked":["BowlingBash","JustLucky"],"picked":"Consecrate+1","floor":19.0},{"not_picked":["ThirdEye","Halt"],"picked":"Replay:DivineShield+1","floor":21.0},{"not_picked":["LikeWater+1","FlurryOfBlows"],"picked":"DeceiveReality+1","floor":22.0},{"not_picked":["Protect","JustLucky"],"picked":"Replay:AtTheReady","floor":24.0},{"not_picked":["Worship","Replay:BluntJabs"],"picked":"Replay:ManipulateFuture+1","floor":25.0},{"not_picked":["WindmillStrike+1","FollowUp"],"picked":"Consecrate+1","floor":29.0},{"not_picked":["FlurryOfBlows+1","Halt"],"picked":"DevaForm","floor":30.0},{"not_picked":["MasterReality","Omniscience"],"picked":"Ragnarok","floor":33.0},{"not_picked":["PathToVictory","ThirdEye+1"],"picked":"Fasting2+1","floor":35.0},{"not_picked":["BowlingBash+1","Prostrate+1"],"picked":"Indignation+1","floor":36.0},{"not_picked":["WindmillStrike+1","SashWhip+1"],"picked":"Wallop","floor":37.0},{"not_picked":["Prostrate","JustLucky"],"picked":"Replay:Cycle+1","floor":38.0},{"not_picked":["EmptyMind","Tantrum"],"picked":"Pray+1","floor":39.0},{"not_picked":["ThirdEye","ClearTheMind+1"],"picked":"Replay:Vibes+1","floor":41.0},{"not_picked":["Replay:Cycle","Replay:AtTheReady"],"picked":"Ragnarok","floor":44.0},{"not_picked":["Replay:AtTheReady+1","Evaluate+1"],"picked":"FlurryOfBlows","floor":45.0},{"not_picked":["CutThroughFate+1","Prostrate+1","ClearTheMind+1"],"picked":"SKIP","floor":47},{"not_picked":["Replay:ManipulateFuture+1","InnerPeace+1"],"picked":"Swivel","floor":48}],"player_experience":254862,"relics_obtained":[{"floor":3.0,"key":"Ring of Peace"},{"floor":7.0,"key":"Replay:Bottled Snecko"},{"floor":9.0,"key":"Replay:Wax Seal"},{"floor":10.0,"key":"Boot"},{"floor":24.0,"key":"Gremlin Horn"},{"floor":26.0,"key":"MealTicket"},{"floor":30.0,"key":"Blue Candle"},{"floor":41.0,"key":"Pen Nib"},{"floor":43.0,"key":"FossilizedHelix"},{"floor":44.0,"key":"Onion Ring"}],"event_choices":[{"damage_healed":0.0,"max_hp_gain":0.0,"max_hp_loss":0.0,"gold_gain":0.0,"event_name":"Living Wall","player_choice":"Grow","floor":0.0,"gold_loss":0.0,"damage_taken":0.0,"cards_upgraded":["Eruption"]},{"damage_healed":0.0,"max_hp_gain":0.0,"max_hp_loss":0.0,"gold_gain":0.0,"cards_transformed":["Strike_P"],"event_name":"Transmorgrifier","player_choice":"Transformed","floor":12.0,"gold_loss":0.0,"damage_taken":0.0,"cards_obtained":["Judgement"]}],"is_beta":false,"boss_relics":[{"not_picked":["Replay:Grab Bag","Painkiller Herb"],"picked":"SlaversCollar"},{"not_picked":["Replay:Wanted Poster","Runic Dome"],"picked":"Replay:Bronze Core"}],"items_purged_floors":[5,20,27,46],"is_endless":false,"potions_floor_spawned":[1,2,19,21,22,30,33,35,36,38,41,48],"ascension_level":1}}