{"host":"l84l8xigz5v5foa2","time":1611932230,"event":{"mods":["2.2 Compatiblity","AchievementEnabler","BaseMod","Better Note","Better Vampires","Card Filter","Colored Map","DeckTracker","Downfall","Gremlin Skip","Highlight Path","Keyboard Shortcuts","Minty Spire (QoL Compilation)","Permanent Neow","Quick Restart","Relic Filter","Relic Stats","StSLib","SuperFastMode","Transform Curses","Unknown Chances"],"gold_per_floor":[99,111,127,127,37,37,64,64,64,64],"floor_reached":8,"language":"ENG","playtime":251,"items_purged":["champ:Strike"],"score":88,"play_id":"524eb7eb-7211-48e2-9cc5-e3c94307c551","local_time":"20210129235710","is_ascension_mode":true,"campfire_choices":[{"data":"champ:Taunt","floor":1,"key":"SMITH"},{"data":"champ:Backstep","floor":6,"key":"SMITH"}],"circlet_count":0,"master_deck":["AscendersBane","champ:Strike","champ:Strike","champ:Defend","champ:Defend","champ:Defend","champ:Defend","champ:Execute","champ:Taunt+1","champ:Devastate","champ:HeartStrike","champ:FlashCut","champ:Backstep+1"],"relics":["champ:ChampionCrown"],"acts_visited":["Exordium"],"potions_floor_usage":[8],"damage_taken":[{"damage":22,"enemies":"Jaw Worm","floor":2,"turns":5},{"damage":22,"enemies":"Cultist","floor":3,"turns":5},{"damage":20,"enemies":"downfall:FleeingMerchant","floor":5,"turns":4},{"damage":43,"enemies":"Gremlin Nob","floor":8,"turns":4}],"seed_played":"-1740432933736024973","potions_obtained":[{"floor":3,"key":"Explosive Potion"}],"is_trial":false,"path_per_floor":["R","M","M","?","$","R","T","E"],"character_chosen":"THE_CHAMP","items_purchased":[],"campfire_rested":0,"item_purchase_floors":[],"current_hp_per_floor":[73,71,69,34,34,34,34,0,0,0],"gold":64,"neow_bonus":"TRANSFORM_CARD","is_daily":false,"chose_seed":false,"campfire_upgraded":2,"win_rate":0.0,"timestamp":1611932230,"path_taken":["R","M","M","?","$","R","T","E"],"items_purchased_type":[],"build_version":"2020-12-22","purchased_purges":1,"victory":false,"max_hp_per_floor":[81,81,81,81,81,81,81,81,81,81],"relic_stats":{"counters":[4,18],"obtain_stats":[{"champ:ChampionCrown":0},{"champ:ChampionCrown":0},{"champ:ChampionCrown":0}]},"card_choices":[{"not_picked":["champ:CrownThrow","champ:PreemptiveStrike"],"picked":"champ:HeartStrike","floor":2},{"not_picked":["champ:FanOfKnives","champ:IronFortress"],"picked":"champ:FlashCut","floor":3},{"not_picked":["champ:PreciseThrust","champ:Parry"],"picked":"champ:Backstep","floor":5}],"player_experience":3498367,"relics_obtained":[],"event_choices":[],"is_beta":false,"boss_relics":[],"items_purged_floors":[5],"is_endless":false,"potions_floor_spawned":[3],"killed_by":"Gremlin Nob","ascension_level":20}}