{"host":"83h5c79dzf5zv2a9","time":1611916458,"event":{"mods":["2.2 Compatiblity","BaseMod","Bestiary","Colored Map","Colored Powertips","Curses Come First","Highlight Path","Keyboard Shortcuts","Minty Spire (QoL Compilation)","Relic Stats","Slay the Relics Exporter","StSLib","SuperFastMode"],"gold_per_floor":[119,95,69,89,89,115,115,127,127,140,140,152,152,152,152,253,253,253,253],"floor_reached":18,"language":"ENG","playtime":1076,"items_purged":[],"score":160,"play_id":"198c8caa-bf13-4913-adb8-6385baffbbcc","local_time":"20210129113418","is_ascension_mode":false,"campfire_choices":[{"data":"Double Tap","floor":7,"key":"SMITH"},{"data":"Shrug It Off","floor":11,"key":"SMITH"},{"data":"Iron Wave","floor":15,"key":"SMITH"}],"circlet_count":0,"master_deck":["Strike_R","Strike_R","Strike_R","Strike_R","Defend_R","Defend_R","Bash","Barricade","Body Slam","Warcry","Shrug It Off+1","Iron Wave+1","Double Tap+1","Body Slam","Shrug It Off+1","Pummel","Reaper","Shrug It Off+1","Limit Break+1","Rupture+1"],"relics":["Burning Blood","FossilizedHelix","Calipers","Astrolabe"],"acts_visited":["Exordium","TheCity"],"potions_floor_usage":[16],"damage_taken":[{"damage":1,"enemies":"Cultist","floor":1,"turns":4},{"damage":6,"enemies":"2 Louse","floor":4,"turns":5},{"damage":39,"enemies":"3 Sentries","floor":6,"turns":15},{"damage":0,"enemies":"Jaw Worm","floor":8,"turns":7},{"damage":0,"enemies":"Large Slime","floor":10,"turns":10},{"damage":7,"enemies":"Exordium Wildlife","floor":12,"turns":5},{"damage":49,"enemies":"Hexaghost","floor":16,"turns":16},{"damage":17,"enemies":"Spheric Guardian","floor":18,"turns":5}],"seed_played":"2594073115581244381","potions_obtained":[{"floor":1,"key":"SteroidPotion"},{"floor":8,"key":"SkillPotion"}],"is_trial":false,"path_per_floor":["M","$","$","M","?","E","R","M","T","M","R","M","?","?","R","B",null,"M"],"character_chosen":"IRONCLAD","items_purchased":["Warcry","Shrug It Off"],"campfire_rested":0,"item_purchase_floors":[2,3],"current_hp_per_floor":[80,80,80,80,80,47,47,53,53,59,59,58,58,63,63,20,85,68,68],"gold":253,"neow_bonus":"ONE_RANDOM_RARE_CARD","is_daily":false,"chose_seed":false,"campfire_upgraded":3,"win_rate":0.0,"timestamp":1611916458,"path_taken":["M","?","$","M","?","E","R","M","T","M","R","?","?","?","R","BOSS","M"],"items_purchased_type":["Card","Card"],"build_version":"2020-12-22","purchased_purges":0,"victory":false,"max_hp_per_floor":[80,80,80,80,80,80,80,80,80,80,80,80,80,85,85,85,85,85,85],"relic_stats":{"counters":[8,67],"Astrolabe":["Shrug It Off","Limit Break","Rupture"],"obtain_stats":[{"Calipers":9,"Astrolabe":17,"Burning Blood":0,"FossilizedHelix":6},{"Calipers":4,"Astrolabe":7,"Burning Blood":0,"FossilizedHelix":3},{"Calipers":31,"Astrolabe":62,"Burning Blood":0,"FossilizedHelix":24}],"Burning Blood":37},"card_choices":[{"not_picked":["Shrug It Off","True Grit"],"picked":"Body Slam","floor":1},{"not_picked":["Dark Embrace","Thunderclap"],"picked":"Entrench","floor":4},{"not_picked":["Bloodletting","Perfected Strike"],"picked":"Double Tap","floor":6},{"not_picked":["Shockwave","Dark Embrace"],"picked":"Body Slam","floor":8},{"not_picked":["Flex","Pummel"],"picked":"Shrug It Off","floor":10},{"not_picked":["Sword Boomerang","Disarm"],"picked":"Pummel","floor":12},{"not_picked":["Double Tap","Feed"],"picked":"Reaper","floor":16}],"player_experience":4120,"relics_obtained":[{"floor":6,"key":"FossilizedHelix"},{"floor":9,"key":"Calipers"}],"event_choices":[{"cards_removed":["Strike_R"],"damage_healed":0,"gold_gain":0,"player_choice":"Took Card","damage_taken":0,"max_hp_gain":0,"max_hp_loss":0,"event_name":"NoteForYourself","floor":5,"gold_loss":0,"cards_obtained":["Iron Wave"]},{"damage_healed":0,"gold_gain":0,"player_choice":"Grow","damage_taken":0,"max_hp_gain":0,"max_hp_loss":0,"event_name":"Living Wall","floor":13,"gold_loss":0,"cards_upgraded":["Shrug It Off"]},{"damage_healed":0,"gold_gain":0,"player_choice":"Donut","damage_taken":0,"max_hp_gain":5,"max_hp_loss":0,"event_name":"Big Fish","floor":14,"gold_loss":0}],"is_beta":false,"boss_relics":[{"not_picked":["Sozu","Calling Bell"],"picked":"Astrolabe"}],"items_purged_floors":[],"is_endless":false,"potions_floor_spawned":[1,8],"killed_by":"Spheric Guardian","ascension_level":0}}