{"host":"j3fn6w4q23qs99ik","time":1611906389,"event":{"mods":["BaseMod","Challenge The Spire","Minty Spire (QoL Compilation)","Quick Restart","StSLib"],"gold_per_floor":[723,723,755,782,810,810,297,297,331,362,390,390,167,167,199,231,263,289],"floor_reached":19,"language":"ZHS","playtime":704,"items_purged":["Strike_P","Strike_P","Defend_P","Defend_P+1"],"score":595,"play_id":"5badd0a0-1d34-475c-8c72-7f1a9af48a92","local_time":"20210129154629","daily_mods":["challengethespire:Bronze Difficulty","challengethespire:Elite Rush","Uncertain Future"],"is_ascension_mode":false,"campfire_choices":[{"data":"Eruption","floor":2.0,"key":"SMITH"},{"data":"Strike_P","floor":8.0,"key":"PURGE"},{"data":"Strike_P+1","floor":14,"key":"PURGE"}],"circlet_count":0,"master_deck":["Defend_P+1","Defend_P+1","Eruption+1","Vigilance+1","Tantrum","FearNoEvil+1","Strike_P","LessonLearned+1","Adaptation+1","Trip+1","Fasting2","TalkToTheHand+1","InnerPeace+1","Defend_P+1","Discovery+1","Vault+1"],"relics":["PureWater","Black Star","Sling","PreservedInsect","Pear","Happy Flower","MealTicket","Bag of Preparation","Peace Pipe","Centennial Puzzle","Fusion Hammer","Toxic Egg 2","Orichalcum","Ancient Tea Set","Pen Nib","GoldenEye","Shuriken","Boot","Astrolabe","StrikeDummy","Bronze Scales","Calipers","Thread and Needle","Regal Pillow","HornCleat","Smiling Mask","Frozen Egg 2"],"acts_visited":["Exordium"],"potions_floor_usage":[17],"damage_taken":[{"damage":0.0,"enemies":"3 Sentries","floor":3.0,"turns":2.0},{"damage":22.0,"enemies":"Gremlin Nob","floor":4.0,"turns":4.0},{"damage":0.0,"enemies":"Lagavulin","floor":5.0,"turns":4.0},{"damage":0.0,"enemies":"Gremlin Leader","floor":9.0,"turns":3.0},{"damage":0.0,"enemies":"Slavers","floor":10.0,"turns":3.0},{"damage":0.0,"enemies":"Book of Stabbing","floor":11.0,"turns":4.0},{"damage":0,"enemies":"Giant Head","floor":15,"turns":3},{"damage":6,"enemies":"Nemesis","floor":16,"turns":3},{"damage":0,"enemies":"Reptomancer","floor":17,"turns":3},{"damage":0,"enemies":"Shield and Spear","floor":18,"turns":3}],"seed_played":"6602932051936448724","potions_obtained":[{"floor":4.0,"key":"Explosive Potion"},{"floor":10.0,"key":"DuplicationPotion"},{"floor":11.0,"key":"CultistPotion"},{"floor":16,"key":"SteroidPotion"},{"floor":17,"key":"BlessingOfTheForge"}],"is_trial":true,"path_per_floor":["$","R","E","E","E","T","$","R","E","E","E","T","$","R","E","E","E","E",null],"character_chosen":"WATCHER","items_purchased":["Tantrum","FearNoEvil","Weak Potion","Toxic Egg 2","Trip+1","Fasting2","Discovery+1"],"campfire_rested":0,"item_purchase_floors":[1,1,1,7,7,7,13],"current_hp_per_floor":[72,72,82,60,60,60,75,75,75,75,75,75,82,82,82,76,76,76],"gold":289,"neow_bonus":"","is_daily":false,"chose_seed":false,"campfire_upgraded":1,"win_rate":0.0,"timestamp":1611906389,"path_taken":["$","R","E","E","E","T","$","R","E","E","E","T","$","R","E","E","E","E"],"items_purchased_type":["Card","Card","Potion","Relic","Card","Card","Card"],"build_version":"2020-12-22","purchased_purges":4,"victory":true,"max_hp_per_floor":[72,72,82,82,82,82,82,82,82,82,82,82,82,82,82,82,82,82],"card_choices":[],"player_experience":91639,"relics_obtained":[{"floor":3.0,"key":"Pear"},{"floor":3.0,"key":"Happy Flower"},{"floor":4.0,"key":"MealTicket"},{"floor":4.0,"key":"Bag of Preparation"},{"floor":5.0,"key":"Peace Pipe"},{"floor":5.0,"key":"Centennial Puzzle"},{"floor":9.0,"key":"Orichalcum"},{"floor":9.0,"key":"Ancient Tea Set"},{"floor":10.0,"key":"Pen Nib"},{"floor":10.0,"key":"GoldenEye"},{"floor":11.0,"key":"Shuriken"},{"floor":11.0,"key":"Boot"},{"floor":15,"key":"StrikeDummy"},{"floor":15,"key":"Bronze Scales"},{"floor":16,"key":"Calipers"},{"floor":16,"key":"Thread and Needle"},{"floor":17,"key":"Regal Pillow"},{"floor":17,"key":"HornCleat"},{"floor":18,"key":"Smiling Mask"},{"floor":18,"key":"Frozen Egg 2"}],"event_choices":[],"is_beta":false,"boss_relics":[{"not_picked":["Velvet Choker","Coffee Dripper"],"picked":"Fusion Hammer"},{"not_picked":["VioletLotus","Philosopher\u0027s Stone"],"picked":"Astrolabe"}],"items_purged_floors":[1,7,13,13],"is_endless":false,"potions_floor_spawned":[4,10,11,16,17],"ascension_level":0}}