{"host":"3tyeyqdkopu0dn2g","time":1611936460,"event":{"mods":["AchievementEnabler","BaseMod","BetterRewards","Minty Spire (QoL Compilation)","Quick Restart","Shop Mod","Slay-I"],"gold_per_floor":[118,193,205,224,64,64,82,97,122,154,154,154,181,195,195,292,292,306,317,333,333,345,345,0,0,81,81,81,94,124,156,168,275,287,313,325,84,98,98,128,128,158,182,182,193,193,243,259,259,259],"floor_reached":51,"language":"ZHS","playtime":2091,"items_purged":["Strike_G","Strike_G","Strike_G","Survivor","Neutralize"],"score":902,"play_id":"dc8607c2-eb05-4791-9013-cc818c324763","local_time":"20210130000740","is_ascension_mode":false,"campfire_choices":[{"data":"Cloak And Dagger","floor":6.0,"key":"SMITH"},{"data":"Cloak And Dagger","floor":12.0,"key":"SMITH"},{"data":"Accuracy","floor":15.0,"key":"SMITH"},{"data":"Blade Dance","floor":23.0,"key":"SMITH"},{"data":"Adrenaline","floor":25.0,"key":"SMITH"},{"data":"Panache","floor":32.0,"key":"SMITH"},{"data":"Acrobatics","floor":41,"key":"SMITH"},{"data":"Well Laid Plans","floor":44,"key":"SMITH"},{"data":"Backflip","floor":46,"key":"SMITH"}],"circlet_count":0,"master_deck":["Cloak And Dagger+1","Well Laid Plans+1","Cloak And Dagger+1","Accuracy+1","Blade Dance+1","Acrobatics+1","Backflip+1","Adrenaline+1","Panache+1","Panache+1","Accuracy+1","Accuracy+1"],"relics":["Ring of the Snake","Prayer Wheel","Blood Vial","Happy Flower","Odd Mushroom","Pandora\u0027s Box","Frozen Egg 2","MawBank","Coffee Dripper","Ninja Scroll","Singing Bowl","Whetstone","Unceasing Top"],"acts_visited":["Exordium","TheCity","TheBeyond"],"potions_floor_usage":[40,48,50,50,50],"damage_taken":[{"damage":2.0,"enemies":"Small Slimes","floor":1.0,"turns":6.0},{"damage":2.0,"enemies":"2 Louse","floor":3.0,"turns":3.0},{"damage":1.0,"enemies":"Jaw Worm","floor":4.0,"turns":6.0},{"damage":0.0,"enemies":"Blue Slaver","floor":7.0,"turns":3.0},{"damage":2.0,"enemies":"2 Fungi Beasts","floor":8.0,"turns":3.0},{"damage":10.0,"enemies":"Gremlin Nob","floor":10.0,"turns":4.0},{"damage":21.0,"enemies":"The Mushroom Lair","floor":13.0,"turns":4.0},{"damage":0.0,"enemies":"Gremlin Gang","floor":14.0,"turns":3.0},{"damage":0.0,"enemies":"Hexaghost","floor":16.0,"turns":8.0},{"damage":0.0,"enemies":"Spheric Guardian","floor":18.0,"turns":2.0},{"damage":0.0,"enemies":"3 Byrds","floor":19.0,"turns":3.0},{"damage":0.0,"enemies":"Centurion and Healer","floor":20.0,"turns":3.0},{"damage":0.0,"enemies":"Snecko","floor":22.0,"turns":2.0},{"damage":0.0,"enemies":"Cultist and Chosen","floor":29.0,"turns":1.0},{"damage":0.0,"enemies":"Slavers","floor":30.0,"turns":1.0},{"damage":0.0,"enemies":"Snake Plant","floor":31.0,"turns":1.0},{"damage":1.0,"enemies":"Collector","floor":33.0,"turns":3.0},{"damage":0,"enemies":"3 Shapes","floor":35,"turns":1},{"damage":0,"enemies":"3 Darklings","floor":38,"turns":1},{"damage":0,"enemies":"Nemesis","floor":40,"turns":1},{"damage":0,"enemies":"Giant Head","floor":42,"turns":2},{"damage":0,"enemies":"4 Shapes","floor":45,"turns":1},{"damage":0,"enemies":"Mind Bloom Boss Battle","floor":47,"turns":2},{"damage":0,"enemies":"Spire Growth","floor":48,"turns":1},{"damage":23,"enemies":"Time Eater","floor":50,"turns":3}],"seed_played":"-4093361800367894491","potions_obtained":[{"floor":4.0,"key":"SpeedPotion"},{"floor":10.0,"key":"Explosive Potion"},{"floor":13.0,"key":"ColorlessPotion"},{"floor":16.0,"key":"SkillPotion"},{"floor":18.0,"key":"DistilledChaos"},{"floor":38,"key":"Poison Potion"},{"floor":42,"key":"Explosive Potion"},{"floor":45,"key":"Fire Potion"},{"floor":48,"key":"Ancient Potion"}],"is_trial":false,"path_per_floor":["M","?","M","M","$","R","M","M","T","E","?","R","?","M","R","B",null,"M","M","M","?","M","R","$","R","T","?","?","M","E","M","R","B",null,"M","?","$","M","$","E","R","E","T","R","M","R","?","M","R","B",null],"character_chosen":"THE_SILENT","items_purchased":["Prayer Wheel","Cloak And Dagger","Well Laid Plans","Accuracy","Panache","Accuracy+1"],"campfire_rested":0,"item_purchase_floors":[0,0,0,5,24,37],"current_hp_per_floor":[54,43,41,40,40,40,40,38,38,30,35,35,16,18,18,20,75,75,75,75,75,75,75,75,75,75,75,75,75,75,75,75,74,75,75,75,75,75,75,75,75,77,77,77,81,81,83,87,87,64],"gold":259,"neow_bonus":"","is_daily":false,"chose_seed":false,"campfire_upgraded":9,"win_rate":0.0,"timestamp":1611936460,"path_taken":["M","?","M","M","$","R","M","M","T","E","?","R","?","M","R","BOSS","M","M","M","?","M","R","$","R","T","?","?","?","E","M","R","BOSS","M","?","$","M","$","E","R","E","T","R","M","R","?","M","R","BOSS"],"items_purchased_type":["Relic","Card","Card","Card","Card","Card"],"build_version":"2020-12-22","purchased_purges":5,"victory":true,"max_hp_per_floor":[70,70,70,70,70,70,70,70,70,70,75,75,75,75,75,75,75,75,75,75,75,75,75,75,75,75,75,75,75,75,75,75,75,75,75,75,75,75,75,75,75,77,77,77,81,81,83,87,87,87],"card_choices":[{"not_picked":["Slice","Dagger Spray","Dodge and Roll"],"picked":"SKIP","floor":1.0},{"not_picked":["Prepared","Noxious Fumes","Well Laid Plans"],"picked":"SKIP","floor":1.0},{"not_picked":["Escape Plan","Flying Knee","Leg Sweep"],"picked":"SKIP","floor":3.0},{"not_picked":["Deflect","Calculated Gamble","Dash"],"picked":"SKIP","floor":3.0},{"not_picked":["Poisoned Stab","Distraction"],"picked":"Cloak And Dagger","floor":4.0},{"not_picked":["Outmaneuver","Prepared","Deadly Poison"],"picked":"SKIP","floor":4.0},{"not_picked":["Crippling Poison","Night Terror"],"picked":"Blade Dance","floor":7.0},{"not_picked":["Dodge and Roll","Leg Sweep","Deflect"],"picked":"SKIP","floor":7.0},{"not_picked":["Sucker Punch","Catalyst","Bouncing Flask"],"picked":"SKIP","floor":8.0},{"not_picked":["Crippling Poison","Skewer","Phantasmal Killer"],"picked":"SKIP","floor":8.0},{"not_picked":["Outmaneuver","Concentrate","Bane"],"picked":"SKIP","floor":10.0},{"not_picked":["Poisoned Stab","Outmaneuver"],"picked":"Acrobatics","floor":13.0},{"not_picked":["Deadly Poison","Tools of the Trade"],"picked":"Backflip","floor":14.0},{"not_picked":["Setup","Dodge and Roll","Escape Plan"],"picked":"SKIP","floor":14.0},{"not_picked":["A Thousand Cuts","Tools of the Trade"],"picked":"Adrenaline","floor":16.0},{"not_picked":["Footwork","Heel Hook+1","Dagger Spray"],"picked":"SKIP","floor":18.0},{"not_picked":["PiercingWail","Deflect","Noxious Fumes"],"picked":"SKIP","floor":18.0},{"not_picked":["Underhanded Strike","Infinite Blades+1","Catalyst"],"picked":"SKIP","floor":19.0},{"not_picked":["Riddle With Holes","Acrobatics","Skewer"],"picked":"SKIP","floor":19.0},{"not_picked":["Dagger Spray","Backflip","Flechettes+1"],"picked":"SKIP","floor":20.0},{"not_picked":["Escape Plan","Blade Dance","Dodge and Roll"],"picked":"SKIP","floor":20.0},{"not_picked":["Riddle With Holes","Dodge and Roll+1","Outmaneuver"],"picked":"SKIP","floor":22.0},{"not_picked":["Bane+1","Quick Slash","Malaise"],"picked":"SKIP","floor":22.0},{"not_picked":["Expertise","PiercingWail","Distraction+1"],"picked":"SKIP","floor":29.0},{"not_picked":["Distraction","Footwork+1","Deflect"],"picked":"SKIP","floor":29.0},{"not_picked":["Deflect+1","Prepared","Dash"],"picked":"SKIP","floor":30.0},{"not_picked":["Acrobatics","Slice","PiercingWail"],"picked":"SKIP","floor":31.0},{"not_picked":["Crippling Poison","Malaise","Quick Slash+1"],"picked":"SKIP","floor":31.0},{"not_picked":["Poisoned Stab","Caltrops+1"],"picked":"Accuracy+1","floor":35},{"not_picked":["Underhanded Strike+1","Bouncing Flask+1","Backflip"],"picked":"SKIP","floor":35},{"not_picked":["Riddle With Holes+1","Outmaneuver+1","Noxious Fumes+1"],"picked":"SKIP","floor":38},{"not_picked":["Prepared","Bane+1","Outmaneuver"],"picked":"SKIP","floor":38},{"not_picked":["Bane","Reflex","Underhanded Strike"],"picked":"SKIP","floor":40},{"not_picked":["Bane","Deadly Poison+1","Blade Dance"],"picked":"Singing Bowl","floor":42},{"not_picked":["Dash+1","Backflip+1","Crippling Poison"],"picked":"Singing Bowl","floor":45},{"not_picked":["After Image+1","Slice+1","Sucker Punch+1"],"picked":"Singing Bowl","floor":45},{"not_picked":["Bouncing Flask","Well Laid Plans+1","Sucker Punch+1"],"picked":"Singing Bowl","floor":47},{"not_picked":["Slice","A Thousand Cuts+1","Outmaneuver+1"],"picked":"Singing Bowl","floor":48},{"not_picked":["Backflip+1","Caltrops+1","Backstab"],"picked":"Singing Bowl","floor":48}],"player_experience":106262,"relics_obtained":[{"floor":9.0,"key":"Blood Vial"},{"floor":10.0,"key":"Happy Flower"},{"floor":13.0,"key":"Odd Mushroom"},{"floor":26.0,"key":"Frozen Egg 2"},{"floor":30.0,"key":"MawBank"},{"floor":40,"key":"Ninja Scroll"},{"floor":42,"key":"Singing Bowl"},{"floor":43,"key":"Whetstone"},{"floor":47,"key":"Unceasing Top"}],"event_choices":[{"damage_healed":0.0,"max_hp_gain":0.0,"max_hp_loss":0.0,"gold_gain":75.0,"event_name":"World of Goop","player_choice":"Gather Gold","floor":2.0,"gold_loss":0.0,"damage_taken":11.0},{"damage_healed":0.0,"max_hp_gain":5.0,"max_hp_loss":0.0,"gold_gain":0.0,"event_name":"Big Fish","player_choice":"Donut","floor":11.0,"gold_loss":0.0,"damage_taken":0.0},{"damage_healed":0.0,"max_hp_gain":0.0,"max_hp_loss":0.0,"gold_gain":0.0,"event_name":"Mushrooms","player_choice":"Fought Mushrooms","floor":13.0,"gold_loss":0.0,"damage_taken":0.0},{"damage_healed":0.0,"max_hp_gain":0.0,"max_hp_loss":0.0,"gold_gain":0.0,"event_name":"Vampires","player_choice":"Ignored","floor":21.0,"gold_loss":0.0,"damage_taken":0.0},{"damage_healed":25.0,"max_hp_gain":0.0,"max_hp_loss":0.0,"gold_gain":0.0,"event_name":"The Library","player_choice":"Heal","floor":27.0,"gold_loss":0.0,"damage_taken":0.0},{"damage_healed":0.0,"max_hp_gain":0.0,"max_hp_loss":0.0,"gold_gain":0.0,"event_name":"Duplicator","player_choice":"Copied","floor":28.0,"gold_loss":0.0,"damage_taken":0.0,"cards_obtained":["Panache"]},{"damage_healed":0,"gold_gain":0,"player_choice":"Memory 1","damage_taken":0,"max_hp_gain":0,"max_hp_loss":0,"event_name":"SensoryStone","floor":36,"gold_loss":0},{"damage_healed":0,"gold_gain":0,"player_choice":"Fight","damage_taken":0,"max_hp_gain":0,"max_hp_loss":0,"event_name":"MindBloom","floor":47,"gold_loss":0}],"is_beta":false,"boss_relics":[{"not_picked":["Calling Bell","HoveringKite"],"picked":"Pandora\u0027s Box"},{"not_picked":["SacredBark","Black Star"],"picked":"Coffee Dripper"}],"items_purged_floors":[0,0,5,24,37],"is_endless":false,"potions_floor_spawned":[4,10,13,16,18,19,22,29,38,42,45,48],"ascension_level":0}}