{"host":"kn32u0f2pym5bozc","time":1611881324,"event":{"mods":["2.2 Compatiblity","BaseMod","Better Third Choice","Minty Spire (QoL Compilation)","Permanent Neow","Relic Stats","StSLib","The Animator"],"gold_per_floor":[126,144,144,144,160,195,195,195,195],"floor_reached":8,"language":"ENG","playtime":455,"items_purged":[],"score":106,"play_id":"36045f03-0a43-43b4-9cdb-fced8df2d598","local_time":"20210128194844","is_ascension_mode":true,"campfire_choices":[{"floor":7,"key":"REST"}],"circlet_count":0,"master_deck":["AscendersBane","animator:Strike_GoblinSlayer","animator:Defend_GoblinSlayer","animator:Strike","animator:Strike","animator:Strike","animator:Defend+1","animator:Defend","animator:Defend","animator:LizardPriest","animator:DwarfShaman","animator:Priestess","animator:Shigure","animator:RinTohsaka+1","animator:Spearman"],"relics":["animator:LivingPicture","animator:TheMissingPiece","animator:PurgingStone","Shovel","War Paint"],"acts_visited":["Exordium"],"potions_floor_usage":[6],"damage_taken":[{"damage":2,"enemies":"Jaw Worm","floor":1,"turns":6},{"damage":1,"enemies":"2 Louse","floor":2,"turns":5},{"damage":0,"enemies":"Cultist","floor":5,"turns":3},{"damage":50,"enemies":"Gremlin Nob","floor":6,"turns":6},{"damage":23,"enemies":"3 Sentries","floor":8,"turns":4}],"seed_played":"5930124703516677383","potions_obtained":[{"floor":1,"key":"Swift Potion"},{"floor":6,"key":"Weak Potion"}],"is_trial":false,"path_per_floor":["M","M","?","?","M","E","R","E"],"character_chosen":"THE_ANIMATOR","items_purchased":[],"campfire_rested":1,"item_purchase_floors":[],"current_hp_per_floor":[37,36,31,51,51,2,20,0,0],"gold":195,"neow_bonus":"ONE_RARE_RELIC","is_daily":false,"chose_seed":false,"campfire_upgraded":0,"win_rate":0.0,"timestamp":1611881324,"path_taken":["M","M","?","?","M","E","R","E"],"items_purchased_type":[],"build_version":"2020-12-22","purchased_purges":0,"victory":false,"max_hp_per_floor":[60,60,60,60,60,61,61,61,61],"relic_stats":{"Shovel":0,"counters":[5,23],"War Paint":["animator:Defend","animator:RinTohsaka"],"obtain_stats":[{"Shovel":0,"animator:PurgingStone":0,"animator:TheMissingPiece":0,"animator:LivingPicture":0,"War Paint":6},{"Shovel":0,"animator:PurgingStone":0,"animator:TheMissingPiece":0,"animator:LivingPicture":0,"War Paint":4},{"Shovel":0,"animator:PurgingStone":0,"animator:TheMissingPiece":0,"animator:LivingPicture":0,"War Paint":19}]},"card_choices":[{"not_picked":["animator:TsurugaMeisai","animator:Illya"],"picked":"animator:Priestess","floor":1},{"not_picked":["animator:DwarfShaman","animator:Kazuma"],"picked":"animator:Shigure","floor":2},{"not_picked":["animator:Vanir","animator:Sonic"],"picked":"animator:RinTohsaka","floor":5},{"not_picked":["animator:Priestess","animator:CowGirl"],"picked":"animator:Spearman","floor":6}],"player_experience":877443,"relics_obtained":[{"floor":6,"key":"War Paint"}],"event_choices":[{"damage_healed":0,"gold_gain":0,"player_choice":"LEAVE","damage_taken":5,"max_hp_gain":0,"max_hp_loss":0,"event_name":"betterThird:BetterScrap","floor":3,"gold_loss":0,"cards_obtained":["Hello World"]},{"damage_healed":20,"gold_gain":0,"player_choice":"Banana","damage_taken":0,"max_hp_gain":0,"max_hp_loss":0,"event_name":"Big Fish","floor":4,"gold_loss":0}],"is_beta":false,"boss_relics":[],"items_purged_floors":[],"is_endless":false,"potions_floor_spawned":[1,6],"killed_by":"3 Sentries","ascension_level":18}}