{"host":"dn6kke80v5f7isus","time":1611898418,"event":{"mods":["AchievementEnabler","Act Like it!","BaseMod","Colored Powertips","Custom Start","Defuse TimeMaze Blight","Gremlin Skip","Highlight Path","Hubris","Infinite Spire","Marisa????????","Minty Spire (QoL Compilation)","Rare Cards Sparkle","Replay The Spire","StSLib","The Servant 0.9.4","Uncapped","Unceasing Turn Reminder"],"gold_per_floor":[111,130,130,130,198,229,229,264,264,264,264,290,301,313,313,416,416,434,434,454,167,186,186,186],"floor_reached":23,"language":"ENG","playtime":894,"items_purged":[],"score":246,"play_id":"c9284795-ed0a-46f4-8431-5dbe7026f74f","local_time":"20210129003338","is_ascension_mode":true,"campfire_choices":[{"data":"PulseMagic","floor":7,"key":"SMITH"},{"floor":11,"key":"REST"},{"floor":15,"key":"REST"}],"circlet_count":0,"master_deck":["Strike_MRS","Strike_MRS","Strike_MRS","Defend_MRS","Defend_MRS","Defend_MRS","Defend_MRS","MasterSpark","UpSweep","DoubleSpark","UltimateShortwave+1","PulseMagic+1","Acceleration","DoubleSpark","OortCloud","AlicesGift","TreasureHunter+1","MachineGunSpark+1","RefractionSpark+1"],"relics":["MiniHakkero","NeowsBlessing","Bottled Flame","Pantograph","Chameleon Ring","Golden Egg","hubris:FruitBowl","SimpleLauncher","The Courier","Mirror","hubris:TerracottaHorce","hubris:MobiusCoin","Blood Vial","Bronze Scales"],"acts_visited":["Exordium","TheCity"],"potions_floor_usage":[8,8,8,18],"damage_taken":[{"damage":0,"enemies":"Jaw Worm","floor":1,"turns":1},{"damage":0,"enemies":"Cultist","floor":2,"turns":1},{"damage":0,"enemies":"Gremlin Nob","floor":6,"turns":1},{"damage":6,"enemies":"Lagavulin","floor":8,"turns":4},{"damage":8,"enemies":"Gremlin Nob","floor":12,"turns":3},{"damage":0,"enemies":"Small Slimes","floor":13,"turns":3},{"damage":4,"enemies":"Looter","floor":14,"turns":2},{"damage":35,"enemies":"Fading Forest","floor":16,"turns":11},{"damage":0,"enemies":"2 Thieves","floor":18,"turns":1},{"damage":12,"enemies":"3 Byrds","floor":20,"turns":5},{"damage":19,"enemies":"Sentry and Sphere","floor":22,"turns":4},{"damage":50,"enemies":"Nightmare","floor":23,"turns":6}],"seed_played":"7092838370583858391","potions_obtained":[{"floor":1,"key":"BlessingOfTheForge"},{"floor":2,"key":"CultistPotion"},{"floor":6,"key":"Weak Potion"},{"floor":14,"key":"Cursed Concoction"},{"floor":16,"key":"AttackPotion"},{"floor":20,"key":"Strength Potion"},{"floor":22,"key":"SpeedPotion"}],"is_trial":false,"path_per_floor":["M","M","?","?","T","E","R","E","T","$","R","E","M","M","R","B",null,"M","?","M","$","M","NM"],"character_chosen":"MARISA","items_purchased":["hubris:FruitBowl","SimpleLauncher","The Courier","hubris:MobiusCoin","Blood Vial","Bronze Scales"],"campfire_rested":2,"item_purchase_floors":[10,10,10,21,21,21],"current_hp_per_floor":[75,75,68,68,68,68,68,62,62,7,29,21,21,17,39,47,68,68,68,56,56,39,0,0],"gold":186,"neow_bonus":"THREE_ENEMY_KILL","is_daily":false,"chose_seed":false,"campfire_upgraded":1,"win_rate":0.0,"timestamp":1611898418,"path_taken":["M","M","?","?","?","E","R","E","T","?","R","E","M","M","R","BOSS","M","?","M","$","M","NM"],"items_purchased_type":["Relic","Relic","Relic","Relic","Relic","Relic"],"build_version":"2020-12-22","purchased_purges":0,"victory":false,"max_hp_per_floor":[75,75,75,75,75,75,75,75,75,75,75,75,75,75,75,75,75,75,75,75,75,75,75,75],"card_choices":[{"not_picked":["GrandCross","SprinkleStarSeal"],"picked":"DoubleSpark","floor":1},{"not_picked":["Acceleration","ShootingEcho"],"picked":"UltimateShortwave","floor":2},{"not_picked":["LuminesStrike","StarlightTyphoon"],"picked":"PulseMagic","floor":6},{"not_picked":["DC","DarkSpark"],"picked":"Acceleration","floor":8},{"not_picked":["ChargeUpSpray","ShootTheMoon"],"picked":"DoubleSpark","floor":12},{"not_picked":["GalacticHalo","Singularity"],"picked":"OortCloud","floor":13},{"not_picked":["GalacticHalo","UnstableBomb"],"picked":"AlicesGift","floor":14},{"not_picked":["StarDustReverie","SuperNova"],"picked":"TreasureHunter","floor":16},{"not_picked":["SporeBomb","NonDirectionalLaser","6A"],"picked":"SKIP","floor":18},{"not_picked":["6A","DC"],"picked":"MachineGunSpark+1","floor":20},{"not_picked":["FairyDestructionRay","BlazeAway"],"picked":"RefractionSpark+1","floor":22}],"player_experience":394406,"relics_obtained":[{"floor":5,"key":"Bottled Flame"},{"floor":6,"key":"Pantograph"},{"floor":8,"key":"Chameleon Ring"},{"floor":9,"key":"Golden Egg"},{"floor":12,"key":"Mirror"}],"event_choices":[{"cards_removed":["Strike_MRS"],"damage_healed":0,"gold_gain":0,"player_choice":"Card Removal","damage_taken":7,"max_hp_gain":0,"max_hp_loss":0,"event_name":"Golden Wing","floor":3,"gold_loss":0}],"is_beta":false,"boss_relics":[{"not_picked":["Replay:Drink Me","hubris:HollowSoul"],"picked":"hubris:TerracottaHorce"}],"items_purged_floors":[],"is_endless":false,"potions_floor_spawned":[1,2,6,14,16,20,22],"killed_by":"Nightmare","ascension_level":1}}