{"host":"yvb207ks1sg3cxef","time":1611902507,"event":{"mods":["2.2 Compatiblity","BaseMod","Bestiary","Colored Powertips","Minty Spire (QoL Compilation)","Permanent Neow","Quick Restart","Relic Stats","StSLib"],"gold_per_floor":[166,166,177,191,146,177,192,192,192,206,239,256,281,293,293,364,364,378,388,71,90,109,109,109,109],"floor_reached":24,"language":"ENG","playtime":1819,"items_purged":["Strike_G"],"score":548,"play_id":"dd37a649-2fd9-4297-b708-cc830bff491f","local_time":"20210129121147","is_ascension_mode":true,"campfire_choices":[{"floor":8.0,"key":"REST"},{"data":"Prepared","floor":15.0,"key":"SMITH"},{"data":"Prepared","floor":23,"key":"SMITH"}],"circlet_count":0,"master_deck":["AscendersBane","Strike_G","Strike_G","Strike_G","Strike_G","Defend_G","Defend_G","Defend_G","Defend_G+1","Defend_G","Survivor","Neutralize","Terror","Dash","Footwork","Backflip","Noxious Fumes","Footwork","Well Laid Plans","Dagger Throw","Dagger Spray","Reflex","Tactician","Prepared+1","Adrenaline","Tactician","Deflect+1","Caltrops","Prepared+1","Escape Plan"],"relics":["Tiny House","FossilizedHelix","HornCleat","Happy Flower","InkBottle","SlaversCollar","Ancient Tea Set"],"acts_visited":["Exordium","TheCity"],"potions_floor_usage":[],"damage_taken":[{"damage":0.0,"enemies":"2 Louse","floor":1.0,"turns":3.0},{"damage":0.0,"enemies":"Cultist","floor":3.0,"turns":4.0},{"damage":4.0,"enemies":"Jaw Worm","floor":4.0,"turns":4.0},{"damage":7.0,"enemies":"Exordium Thugs","floor":5.0,"turns":5.0},{"damage":8.0,"enemies":"Gremlin Nob","floor":6.0,"turns":3.0},{"damage":30.0,"enemies":"Gremlin Gang","floor":7.0,"turns":9.0},{"damage":0.0,"enemies":"Exordium Wildlife","floor":10.0,"turns":4.0},{"damage":0.0,"enemies":"Lagavulin","floor":11.0,"turns":11.0},{"damage":0.0,"enemies":"Looter","floor":12.0,"turns":4.0},{"damage":0.0,"enemies":"Gremlin Nob","floor":13.0,"turns":5.0},{"damage":12.0,"enemies":"Large Slime","floor":14.0,"turns":7.0},{"damage":3.0,"enemies":"Hexaghost","floor":16.0,"turns":13.0},{"damage":0.0,"enemies":"Chosen","floor":18.0,"turns":8.0},{"damage":19.0,"enemies":"Spheric Guardian","floor":19.0,"turns":8.0},{"damage":6.0,"enemies":"Shelled Parasite and Fungi","floor":21.0,"turns":6.0},{"damage":21,"enemies":"Sentry and Sphere","floor":22,"turns":10},{"damage":15,"enemies":"Snecko","floor":24,"turns":4}],"seed_played":"-8734075144363731781","potions_obtained":[{"floor":0.0,"key":"ColorlessPotion"},{"floor":1.0,"key":"ColorlessPotion"},{"floor":7.0,"key":"Ancient Potion"},{"floor":11.0,"key":"AttackPotion"},{"floor":14.0,"key":"Weak Potion"},{"floor":18.0,"key":"BlessingOfTheForge"}],"is_trial":false,"path_per_floor":["M","?","M","M","M","E","M","R","T","M","E","M","E","M","R","B",null,"M","M","$","M","M","R","M"],"character_chosen":"THE_SILENT","items_purchased":["Ancient Tea Set","Caltrops"],"campfire_rested":1,"item_purchase_floors":[20,20],"current_hp_per_floor":[64,64,64,60,53,45,15,36,36,36,36,36,36,24,24,21,59,59,40,40,34,13,13,0,0],"gold":109,"neow_bonus":"BOSS_RELIC","is_daily":false,"chose_seed":false,"campfire_upgraded":2,"win_rate":0.0,"timestamp":1611902507,"path_taken":["M","?","?","M","M","E","M","R","T","M","E","M","E","M","R","BOSS","M","M","?","M","M","R","M"],"items_purchased_type":["Relic","Card"],"build_version":"2020-12-22","purchased_purges":1,"victory":false,"max_hp_per_floor":[71,71,71,71,71,71,71,71,71,71,71,71,71,71,71,71,71,71,71,71,71,71,71,71,71],"relic_stats":{"Happy Flower":[21],"counters":[17,108],"obtain_stats":[{"SlaversCollar":17,"Tiny House":0,"HornCleat":9,"Happy Flower":11,"Ancient Tea Set":20,"FossilizedHelix":6,"InkBottle":13,"Ring of the Snake":0},{"SlaversCollar":12,"Tiny House":0,"HornCleat":6,"Happy Flower":8,"Ancient Tea Set":14,"FossilizedHelix":5,"InkBottle":10,"Ring of the Snake":0},{"SlaversCollar":72,"Tiny House":0,"HornCleat":28,"Happy Flower":43,"Ancient Tea Set":88,"FossilizedHelix":19,"InkBottle":52,"Ring of the Snake":0}],"InkBottle":[22]},"card_choices":[{"not_picked":["Backstab","Masterful Stab"],"picked":"Terror","floor":0.0},{"not_picked":["Outmaneuver","Slice"],"picked":"Dash","floor":1.0},{"not_picked":["Outmaneuver","Cloak And Dagger","Backflip"],"picked":"SKIP","floor":3.0},{"not_picked":["Riddle With Holes","Slice"],"picked":"Noxious Fumes","floor":4.0},{"not_picked":["Dodge and Roll","Backflip"],"picked":"Footwork","floor":5.0},{"not_picked":["Quick Slash","Dodge and Roll"],"picked":"Well Laid Plans","floor":6.0},{"not_picked":["Choke","Terror"],"picked":"Dagger Throw","floor":7.0},{"not_picked":["Underhanded Strike","PiercingWail"],"picked":"Dagger Spray","floor":10.0},{"not_picked":["Quick Slash","Sucker Punch"],"picked":"Reflex","floor":11.0},{"not_picked":["Acrobatics","Blur"],"picked":"Tactician","floor":12.0},{"not_picked":["Night Terror","Slice","Cloak And Dagger"],"picked":"SKIP","floor":13.0},{"not_picked":["Skewer","Dodge and Roll"],"picked":"Prepared","floor":14.0},{"not_picked":["After Image","Grand Finale"],"picked":"Adrenaline","floor":16.0},{"not_picked":["Underhanded Strike","Bane"],"picked":"Tactician","floor":18.0},{"not_picked":["Dagger Spray","Dagger Throw"],"picked":"Deflect+1","floor":19.0},{"not_picked":["Well Laid Plans","Adrenaline"],"picked":"Prepared","floor":21.0},{"not_picked":["Bane","Finisher"],"picked":"Escape Plan","floor":22}],"player_experience":492778,"relics_obtained":[{"floor":6.0,"key":"FossilizedHelix"},{"floor":9.0,"key":"HornCleat"},{"floor":11.0,"key":"Happy Flower"},{"floor":13.0,"key":"InkBottle"}],"event_choices":[{"damage_healed":0.0,"max_hp_gain":0.0,"max_hp_loss":0.0,"gold_gain":0.0,"event_name":"Match and Keep!","player_choice":"2 cards matched","floor":2.0,"gold_loss":0.0,"damage_taken":0.0,"cards_obtained":["Footwork","Backflip"]},{"damage_healed":0.0,"max_hp_gain":0.0,"max_hp_loss":0.0,"gold_gain":0.0,"event_name":"Match and Keep!","player_choice":"2 cards matched","floor":2.0,"gold_loss":0.0,"damage_taken":0.0,"cards_obtained":["Footwork","Backflip"]}],"is_beta":false,"boss_relics":[{"not_picked":["Ectoplasm","Busted Crown"],"picked":"SlaversCollar"}],"items_purged_floors":[20],"is_endless":false,"potions_floor_spawned":[1,4,7,11,14,18,19],"killed_by":"Snecko","ascension_level":20}}