{"host":"1focbxb2e8qu7ccd","time":1611960163,"event":{"mods":["BaseMod","Minty Spire (QoL Compilation)","Relic Stats"],"gold_per_floor":[113,113,113,137,157,157,175,213,213,213,213,213],"floor_reached":11,"language":"ENG","playtime":501,"items_purged":[],"score":139,"play_id":"2c818c48-b15d-442b-b991-3712e41ba07f","local_time":"20210129174243","is_ascension_mode":true,"campfire_choices":[{"data":"Dagger Spray","floor":6,"key":"SMITH"},{"floor":10,"key":"REST"}],"circlet_count":0,"master_deck":["AscendersBane","Strike_G","Strike_G","Strike_G","Strike_G","Defend_G","Defend_G","Defend_G","Defend_G","Survivor","Neutralize","Adrenaline","Dagger Spray+1","Acrobatics","Pain","Quick Slash","Masterful Stab","Poisoned Stab","Flying Knee"],"relics":["Ring of the Snake","Golden Idol","WarpedTongs","Mummified Hand","Incense Burner"],"acts_visited":["Exordium"],"potions_floor_usage":[11],"damage_taken":[{"damage":0,"enemies":"2 Louse","floor":1,"turns":2},{"damage":10,"enemies":"Cultist","floor":4,"turns":4},{"damage":0,"enemies":"Small Slimes","floor":5,"turns":2},{"damage":4,"enemies":"Blue Slaver","floor":7,"turns":3},{"damage":18,"enemies":"3 Sentries","floor":8,"turns":9},{"damage":40,"enemies":"Gremlin Nob","floor":11,"turns":3}],"seed_played":"6815601467791830105","potions_obtained":[{"floor":4,"key":"Ancient Potion"},{"floor":8,"key":"ColorlessPotion"}],"is_trial":false,"path_per_floor":["M","?","?","M","M","R","M","E","T","R","E"],"character_chosen":"THE_SILENT","items_purchased":[],"campfire_rested":1,"item_purchase_floors":[],"current_hp_per_floor":[44,44,44,34,34,34,30,12,12,30,0,0],"gold":213,"neow_bonus":"TRANSFORM_TWO_CARDS","is_daily":false,"chose_seed":false,"campfire_upgraded":1,"win_rate":0.0,"timestamp":1611960163,"path_taken":["M","?","?","?","M","R","M","E","T","R","E"],"items_purchased_type":[],"build_version":"2020-12-22","purchased_purges":0,"victory":false,"max_hp_per_floor":[66,60,60,60,60,60,60,60,60,60,60,60],"relic_stats":{"counters":[6,23],"Golden Idol":21,"Mummified Hand":[1],"obtain_stats":[{"Golden Idol":2,"Mummified Hand":8,"Incense Burner":9,"Ring of the Snake":0,"WarpedTongs":3},{"Golden Idol":1,"Mummified Hand":5,"Incense Burner":5,"Ring of the Snake":0,"WarpedTongs":1},{"Golden Idol":2,"Mummified Hand":20,"Incense Burner":20,"Ring of the Snake":0,"WarpedTongs":2}],"Ring of the Snake":[12],"WarpedTongs":[20]},"card_choices":[{"not_picked":["Outmaneuver","Slice"],"picked":"Acrobatics","floor":1},{"not_picked":["Bouncing Flask","Backflip"],"picked":"Quick Slash","floor":4},{"not_picked":["Underhanded Strike","Catalyst"],"picked":"Masterful Stab","floor":5},{"not_picked":["Distraction","Eviscerate"],"picked":"Poisoned Stab","floor":7},{"not_picked":["Flying Knee","Reflex","Acrobatics"],"picked":"SKIP","floor":8},{"not_picked":["Reflex","Acrobatics"],"picked":"Flying Knee","floor":8}],"player_experience":826979,"relics_obtained":[{"floor":8,"key":"Mummified Hand"},{"floor":9,"key":"Incense Burner"}],"event_choices":[{"damage_healed":0,"gold_gain":0,"player_choice":"Lose Max HP","damage_taken":0,"relics_obtained":["Golden Idol"],"max_hp_gain":0,"max_hp_loss":6,"event_name":"Golden Idol","floor":2,"gold_loss":0},{"damage_healed":0,"gold_gain":0,"player_choice":"Rummage","damage_taken":0,"relics_obtained":["WarpedTongs"],"max_hp_gain":0,"max_hp_loss":0,"event_name":"Accursed Blacksmith","floor":3,"gold_loss":0,"cards_obtained":["Pain"]}],"is_beta":false,"boss_relics":[],"items_purged_floors":[],"is_endless":false,"potions_floor_spawned":[4,8],"killed_by":"Gremlin Nob","ascension_level":18}}