{"host":"a1eatafr7pisesky","time":1611924012,"event":{"mods":["AchievementEnabler","BaseMod","Colored Map","Keyboard Shortcuts","Minty Spire (QoL Compilation)","Say the Spire","StSLib","SuperFastMode","everything is the same but u backflip on backflip"],"gold_per_floor":[109,109,34,51,51,86,105,5,84,84,115,63,63,76,76,176,176,192,218,128,3,18,18,49,49,97,97,97,196,224,0,0,101,151,161,175,26,248,266,266,285,285,285,285,326,326,345,385,385,385,385],"floor_reached":50,"language":"KOR","playtime":965,"items_purged":["Defend_P","Defend_P","Strike_P","Strike_P"],"score":1092,"play_id":"3924da50-56a7-4a54-b168-5e962a5d94eb","local_time":"20210129214012","is_ascension_mode":true,"campfire_choices":[{"data":"Eruption","floor":10.0,"key":"SMITH"},{"data":"Prostrate","floor":13.0,"key":"SMITH"},{"floor":15.0,"key":"REST"},{"floor":23.0,"key":"REST"},{"data":"MentalFortress","floor":25.0,"key":"SMITH"},{"data":"Meditate","floor":27.0,"key":"SMITH"},{"floor":32.0,"key":"REST"},{"data":"Wallop","floor":40.0,"key":"SMITH"},{"floor":42.0,"key":"REST"},{"floor":49.0,"key":"RECALL"}],"circlet_count":0,"master_deck":["AscendersBane","Eruption+1","Vigilance","MentalFortress+1","Worship","CrushJoints","Prostrate+1","EmptyFist+1","Brilliance","Prostrate+1","Worship","Meditate+1","Brilliance","Wallop+1","MentalFortress","InnerPeace","Prostrate+1","FlurryOfBlows"],"relics":["PureWater","NeowsBlessing","Eternal Feather","Art of War","Bottled Lightning","StoneCalendar","Empty Cage","Red Mask","Juzu Bracelet","Lantern","Sundial","InkBottle","Tiny House","Membership Card","CeramicFish","Blue Candle"],"acts_visited":["Exordium","TheCity","TheBeyond"],"potions_floor_usage":[50],"damage_taken":[{"damage":0.0,"enemies":"Small Slimes","floor":1.0,"turns":1.0},{"damage":0.0,"enemies":"Jaw Worm","floor":4.0,"turns":1.0},{"damage":0.0,"enemies":"Gremlin Nob","floor":6.0,"turns":1.0},{"damage":0.0,"enemies":"2 Louse","floor":7.0,"turns":2.0},{"damage":26.0,"enemies":"3 Sentries","floor":11.0,"turns":4.0},{"damage":41.0,"enemies":"Gremlin Gang","floor":14.0,"turns":4.0},{"damage":22.0,"enemies":"The Guardian","floor":16.0,"turns":7.0},{"damage":12.0,"enemies":"3 Byrds","floor":18.0,"turns":4.0},{"damage":27.0,"enemies":"Masked Bandits","floor":19.0,"turns":5.0},{"damage":0.0,"enemies":"Chosen","floor":22.0,"turns":3.0},{"damage":12.0,"enemies":"Slavers","floor":24.0,"turns":4.0},{"damage":23.0,"enemies":"Book of Stabbing","floor":30.0,"turns":3.0},{"damage":0.0,"enemies":"Collector","floor":33.0,"turns":3.0},{"damage":0.0,"enemies":"Orb Walker","floor":35.0,"turns":1.0},{"damage":0.0,"enemies":"3 Shapes","floor":36.0,"turns":2.0},{"damage":22.0,"enemies":"Sphere and 2 Shapes","floor":39.0,"turns":4.0},{"damage":31.0,"enemies":"Spire Growth","floor":41.0,"turns":3.0},{"damage":23.0,"enemies":"Nemesis","floor":45.0,"turns":7.0},{"damage":20.0,"enemies":"Jaw Worm Horde","floor":47.0,"turns":4.0},{"damage":0.0,"enemies":"Reptomancer","floor":48.0,"turns":2.0},{"damage":30,"enemies":"Donu and Deca","floor":50,"turns":2}],"seed_played":"-7933757279738929698","potions_obtained":[{"floor":4.0,"key":"SpeedPotion"},{"floor":7.0,"key":"Regen Potion"},{"floor":16.0,"key":"FearPotion"},{"floor":18.0,"key":"Block Potion"},{"floor":19.0,"key":"DistilledChaos"},{"floor":35.0,"key":"BlessingOfTheForge"},{"floor":47.0,"key":"BottledMiracle"}],"is_trial":false,"path_per_floor":["M","?","$","M","T","E","M","$","T","R","E","$","R","M","R","B",null,"M","?","?","$","M","R","E","R","T","R","T","?","E","$","R","B",null,"M","M","$","?","M","R","M","R","T","?","E","?","M","E","R","B"],"character_chosen":"WATCHER","items_purchased":["Prostrate","DistilledChaos","Membership Card"],"campfire_rested":4,"item_purchase_floors":[12,31,37],"current_hp_per_floor":[65,58,58,58,58,58,58,58,58,64,38,38,44,8,35,13,57,45,18,18,18,18,45,33,39,39,45,45,45,22,22,49,49,71,71,71,71,71,49,58,27,59,59,59,36,36,16,16,25,0,0],"gold":385,"neow_bonus":"THREE_ENEMY_KILL","is_daily":false,"chose_seed":false,"campfire_upgraded":5,"win_rate":0.0,"timestamp":1611924012,"path_taken":["M","?","$","M","?","E","M","$","T","R","E","?","R","M","R","BOSS","M","?","?","$","?","R","E","R","T","R","?","?","E","$","R","BOSS","M","M","$","?","M","R","M","R","T","?","E","?","M","E","R","BOSS"],"items_purchased_type":["Card","Potion","Relic"],"build_version":"2020-12-22","purchased_purges":4,"victory":false,"max_hp_per_floor":[72,72,72,72,72,72,72,72,72,72,72,72,72,72,72,72,72,72,72,72,72,72,72,72,72,72,72,72,72,72,72,72,72,77,77,77,77,77,77,77,77,77,77,77,77,77,77,77,77,77,77],"card_choices":[{"not_picked":["BowlingBash","Halt"],"picked":"MentalFortress","floor":1.0},{"not_picked":["Halt","CutThroughFate"],"picked":"Worship","floor":4.0},{"not_picked":["JustLucky","SashWhip"],"picked":"CrushJoints","floor":6.0},{"not_picked":["Consecrate","Protect","EmptyBody"],"picked":"SKIP","floor":7.0},{"not_picked":["Consecrate","SignatureMove","CrushJoints"],"picked":"SKIP","floor":11.0},{"not_picked":["Meditate","Wireheading"],"picked":"EmptyFist","floor":14.0},{"not_picked":["Wish","DeusExMachina"],"picked":"Brilliance","floor":16.0},{"not_picked":["Protect","Nirvana"],"picked":"Prostrate","floor":18.0},{"not_picked":["CrushJoints","Study"],"picked":"Worship","floor":19.0},{"not_picked":["EmptyFist","JustLucky"],"picked":"Meditate","floor":22.0},{"not_picked":["Tantrum+1","CarveReality"],"picked":"BowlingBash","floor":24.0},{"not_picked":["Nirvana","SignatureMove","EmptyFist"],"picked":"SKIP","floor":30.0},{"not_picked":["Alpha","Judgement"],"picked":"Brilliance","floor":33.0},{"not_picked":["ClearTheMind","Consecrate+1"],"picked":"Wallop","floor":35.0},{"not_picked":["BowlingBash","JustLucky+1","Collect"],"picked":"SKIP","floor":36.0},{"not_picked":["CutThroughFate+1","Collect","ForeignInfluence"],"picked":"SKIP","floor":39.0},{"not_picked":["Consecrate","Weave"],"picked":"MentalFortress","floor":41.0},{"not_picked":["Tantrum","BattleHymn"],"picked":"InnerPeace","floor":45.0},{"not_picked":["EmptyFist","EmptyBody+1"],"picked":"Prostrate+1","floor":47.0},{"not_picked":["BowlingBash+1","Protect"],"picked":"FlurryOfBlows","floor":48.0}],"player_experience":381477,"relics_obtained":[{"floor":5.0,"key":"Eternal Feather"},{"floor":6.0,"key":"Art of War"},{"floor":9.0,"key":"Bottled Lightning"},{"floor":11.0,"key":"StoneCalendar"},{"floor":19.0,"key":"Red Mask"},{"floor":24.0,"key":"Juzu Bracelet"},{"floor":26.0,"key":"Lantern"},{"floor":28.0,"key":"Sundial"},{"floor":30.0,"key":"InkBottle"},{"floor":45.0,"key":"CeramicFish"},{"floor":48.0,"key":"Blue Candle"}],"event_choices":[{"cards_removed":["Defend_P"],"damage_healed":0.0,"max_hp_gain":0.0,"max_hp_loss":0.0,"gold_gain":0.0,"event_name":"Golden Wing","player_choice":"Card Removal","floor":2.0,"gold_loss":0.0,"damage_taken":7.0},{"damage_healed":0.0,"max_hp_gain":0.0,"max_hp_loss":0.0,"gold_gain":0.0,"event_name":"Masked Bandits","player_choice":"Fought Bandits","floor":19.0,"gold_loss":0.0,"damage_taken":0.0},{"cards_removed":["Strike_P"],"damage_healed":0.0,"max_hp_gain":0.0,"max_hp_loss":0.0,"gold_gain":0.0,"event_name":"Designer","player_choice":"Upgrade and Remove","floor":20.0,"gold_loss":90.0,"damage_taken":0.0,"cards_upgraded":["Prostrate"]},{"damage_healed":0.0,"max_hp_gain":0.0,"max_hp_loss":0.0,"gold_gain":99.0,"event_name":"Nest","player_choice":"Stole From Cult","floor":29.0,"gold_loss":0.0,"damage_taken":0.0},{"damage_healed":0.0,"max_hp_gain":0.0,"max_hp_loss":0.0,"gold_gain":222.0,"event_name":"Tomb of Lord Red Mask","player_choice":"Wore Mask","floor":38.0,"gold_loss":0.0,"damage_taken":0.0},{"cards_removed":["BowlingBash"],"damage_healed":0.0,"max_hp_gain":0.0,"max_hp_loss":0.0,"gold_gain":0.0,"event_name":"Purifier","player_choice":"Purged","floor":44.0,"gold_loss":0.0,"damage_taken":0.0},{"damage_healed":0.0,"max_hp_gain":0.0,"max_hp_loss":0.0,"gold_gain":0.0,"event_name":"Mysterious Sphere","player_choice":"Ignored","floor":46.0,"gold_loss":0.0,"damage_taken":0.0}],"is_beta":false,"boss_relics":[{"not_picked":["Runic Pyramid","Philosopher\u0027s Stone"],"picked":"Empty Cage"},{"not_picked":["Calling Bell","Fusion Hammer"],"picked":"Tiny House"}],"items_purged_floors":[3,8,21,31],"is_endless":false,"potions_floor_spawned":[4,7,16,18,19,35,47,48],"killed_by":"Donu and Deca","ascension_level":12}}