{"host":"pec1bvkeldr5yzx1","time":1611892703,"event":{"mods":["ATMod(°¢èªMod)","AchievementEnabler","Act Like it!","Aspiration","BaseMod","Better Altar","Better Match","Better Sensory Stone","Better Skull","Better Vampires","BetterRewards","Conspire","Dota2Spire","Energized Spire","Friendly Minions","GifTheSpireLib","Hubris","Minty Spire (QoL Compilation)","Replay The Spire","Spicy Shops","StSLib","Stuff the Spire","SuperFastMode","óô»ðÖ¸ÄÏ"],"gold_per_floor":[112,112,124,330,70,182,192,192,192,192,332,347,362,490,490,587,587,604,615,626,626,643,643,783,803,826,958,985,985,1117,1117,1117,1222,1222,1234,1253,1253,1273,1287,1419,1694,1830,1830,1845,1858,1986,2000,2045,1343,1343,1343,719,67,203,203],"floor_reached":56,"language":"ZHS","playtime":4947,"items_purged":["Pain"],"score":1961,"play_id":"2a758948-ee31-4473-b8ce-3fa7ed5302fb","local_time":"20210129115823","is_ascension_mode":true,"campfire_choices":[{"floor":8.0,"key":"RECALL"},{"data":"AT_ShadowStep","floor":10.0,"key":"SMITH"},{"data":"DevaForm","floor":15.0,"key":"SMITH"},{"floor":23.0,"key":"REST"},{"data":"Devotion","floor":29,"key":"SMITH"},{"floor":32,"key":"REST"}],"circlet_count":0,"master_deck":["Strike_P","Strike_P","Strike_P","Strike_P","Defend_P","Defend_P","Defend_P","Defend_P","Eruption","Vigilance","AT_ShadowStep+1","conspire:Banana","ClearTheMind","Fasting2","CrushJoints","Pray","Prostrate","AT_ChampionStep","Consecrate","EmptyBody","EmptyBody","Replay:ManipulateFuture","Replay:BluntJabs","Prostrate","JustLucky","DevaForm+1","FlyingSleeves","Judgement","Replay:BluntJabs","Worship+1","InnerPeace","ClearTheMind+1","Devotion+1","Halt+1","SashWhip+1","Sanctity","BattleHymn","Vault+1","JustLucky+1","Fasting2+1","CutThroughFate+1","Parasite","Halt+1","Protect+1","Regret","Replay:Battleflow+1","LikeWater+1","Vengeance","Crescendo","Parasite","PathToVictory+1","MasterReality+1","Consecrate+1","CommonCold","EmptyFist","Enlightenment+1","FollowUp","Halt","Halt","ClearTheMind+1","hubris:EnhanceAbility","Parasite","hubris:DuctTapeCard","FlurryOfBlows","Flash of Steel+1","Indignation+1"],"relics":["PureWater","AT_ATBox","aspiration:Nostalgia","Burning Blood","StuffTheSpire:TintedRock","Pet Ghost","Garlic","Letter Opener","StuffTheSpire:RubySignet","Pantograph","Replay:Bronze Core","Bloody Idol","Blood Vial","Blue Doll","AT_SeraphEmbrace","Dota2Spire:MonkeyKingBar","Red Mask","aspiration:HiddenCompartment","Dota2Spire:Bloodstone","WarpedTongs","Gremlin Horn","AT_RedTearstoneRing","Thread and Needle","conspire:GiftBox","ReplayTheSpireMod:CursedCoin","Guide Book","Dota2Spire:Mjollnir","Bottled Flame","Mummified Hand","Ice Cream","HandDrill","hubris:DuctTape","StuffTheSpire:Wildfire"],"acts_visited":["Exordium","TheCity","TheBeyond","TheEnding"],"potions_floor_usage":[33,33,39,55,55,55],"damage_taken":[{"damage":2.0,"enemies":"Jaw Worm","floor":1.0,"turns":3.0},{"damage":9.0,"enemies":"Small Slimes","floor":3.0,"turns":3.0},{"damage":0.0,"enemies":"Lagavulin","floor":6.0,"turns":4.0},{"damage":0.0,"enemies":"2 Louse","floor":7.0,"turns":2.0},{"damage":11.0,"enemies":"3 Sentries","floor":11.0,"turns":5.0},{"damage":9.0,"enemies":"2 Fungi Beasts","floor":12.0,"turns":5.0},{"damage":4.0,"enemies":"Blue Slaver","floor":13.0,"turns":3.0},{"damage":24.0,"enemies":"Gremlin Nob","floor":14.0,"turns":5.0},{"damage":11.0,"enemies":"Hexaghost","floor":16.0,"turns":9.0},{"damage":8.0,"enemies":"3 Byrds","floor":18.0,"turns":6.0},{"damage":0.0,"enemies":"Shell Parasite","floor":19.0,"turns":7.0},{"damage":5.0,"enemies":"conspire:HollyBat","floor":20.0,"turns":11.0},{"damage":8.0,"enemies":"Snecko","floor":22.0,"turns":6.0},{"damage":43.0,"enemies":"Gremlin Leader","floor":24.0,"turns":6.0},{"damage":17.0,"enemies":"Snake Plant","floor":25.0,"turns":3.0},{"damage":12,"enemies":"Replay:Snechameleon","floor":27,"turns":6},{"damage":1,"enemies":"Masked Bandits","floor":28,"turns":3},{"damage":8,"enemies":"Book of Stabbing","floor":30,"turns":5},{"damage":83,"enemies":"Collector","floor":33,"turns":9},{"damage":9,"enemies":"Orb Walker","floor":35,"turns":2},{"damage":0,"enemies":"3 Darklings","floor":36,"turns":3},{"damage":35,"enemies":"Maw","floor":38,"turns":5},{"damage":26,"enemies":"Writhing Mass","floor":39,"turns":5},{"damage":22,"enemies":"Giant Head","floor":40,"turns":6},{"damage":0,"enemies":"Nemesis","floor":42,"turns":7},{"damage":0,"enemies":"3 Darklings","floor":44,"turns":2},{"damage":9,"enemies":"Spire Growth","floor":45,"turns":2},{"damage":12,"enemies":"R_Hoarder","floor":46,"turns":7},{"damage":5,"enemies":"Writhing Mass","floor":47,"turns":4},{"damage":7,"enemies":"2 Orb Walkers","floor":48,"turns":3},{"damage":29,"enemies":"hubris:GrandSnecko","floor":50,"turns":7},{"damage":13,"enemies":"Shield and Spear","floor":54,"turns":4},{"damage":89,"enemies":"The Heart","floor":55,"turns":7}],"seed_played":"-240535641615224919","potions_obtained":[{"floor":1.0,"key":"Dota2Spire:Clarity"},{"floor":3.0,"key":"Elixir"},{"floor":16.0,"key":"Explosive Potion"},{"floor":22.0,"key":"Swift Potion"},{"floor":27,"key":"Dota2Spire:Clarity"},{"floor":36,"key":"ColorlessPotion"},{"floor":40,"key":"Fire Potion"},{"floor":42,"key":"EssenceOfSteel"},{"floor":44,"key":"LiquidBronze"}],"is_trial":false,"path_per_floor":["M","?","M","?","$","E","M","R","T","R","E","M","M","E","R","B",null,"M","M","M","?","M","R","E","M","T","E","?","R","E","?","R","B",null,"M","M","?","M","M","E","?","E","T","M","M","E","M","?","R","B",null,"R","$","E","B",null],"character_chosen":"WATCHER","items_purchased":["aspiration:Nostalgia","StuffTheSpire:TintedRock","Apotheosis","conspire:Banana","ClearTheMind","Fasting2","CrushJoints","Consecrate","EmptyBody","Pet Ghost","ReplayTheSpireMod:CursedCoin","Guide Book","EmptyFist","Enlightenment+1","Dota2Spire:Mjollnir","Bottled Flame","Mummified Hand","FollowUp","Halt","ClearTheMind+1","hubris:EnhanceAbility","Dramatic Entrance","Ice Cream","HandDrill","hubris:DuctTape","FlurryOfBlows","Flash of Steel+1"],"campfire_rested":2,"item_purchase_floors":[0,0,0,0,0,0,0,5,5,5,49,49,49,49,49,49,52,52,52,52,52,52,53,53,53,53,53],"current_hp_per_floor":[47,47,45,45,45,52,58,58,58,58,54,54,56,41,41,63,80,80,82,84,20,29,54,25,22,27,31,43,43,49,49,76,21,91,91,93,93,69,57,49,54,67,67,80,84,86,96,98,98,78,99,99,99,97,20],"gold":203,"neow_bonus":"","is_daily":false,"chose_seed":false,"campfire_upgraded":3,"win_rate":0.0,"timestamp":1611892703,"path_taken":["M","?","M","?","$","E","M","R","T","R","E","M","M","E","R","BOSS","M","M","M","?","M","R","E","M","T","E","?","R","E","?","R","BOSS","M","M","?","?","?","E","?","E","T","?","M","E","M","?","R","BOSS","R","$","E","BOSS"],"items_purchased_type":["Relic","Relic","Card","Card","Card","Card","Card","Card","Card","Relic","Relic","Relic","Card","Card","Relic","Relic","Relic","Card","Card","Card","Card","Card","Relic","Relic","Relic","Card","Card"],"build_version":"2020-12-22","purchased_purges":1,"victory":true,"max_hp_per_floor":[73,73,74,74,74,75,75,75,75,75,76,77,77,78,78,80,80,82,82,84,84,86,86,87,88,88,89,89,89,90,90,90,91,91,91,93,93,93,94,95,95,95,95,95,95,96,98,98,98,99,99,99,99,99,101],"card_choices":[{"not_picked":["Evaluate","Conclude"],"picked":"Pray","floor":1.0},{"not_picked":["MentalFortress","CrushJoints"],"picked":"Prostrate","floor":3.0},{"not_picked":["WreathOfFlame","BattleHymn"],"picked":"AT_ChampionStep","floor":4.0},{"not_picked":["TalkToTheHand","FlyingSleeves"],"picked":"Replay:ManipulateFuture","floor":6.0},{"not_picked":["EmptyMind","ReachHeaven"],"picked":"Replay:BluntJabs","floor":7.0},{"not_picked":["Vengeance","BowlingBash"],"picked":"Prostrate","floor":11.0},{"not_picked":["Fasting2","Replay:BluntJabs"],"picked":"JustLucky","floor":12.0},{"not_picked":["SashWhip","Collect"],"picked":"DevaForm","floor":13.0},{"not_picked":["ClearTheMind","Halt"],"picked":"FlyingSleeves","floor":14.0},{"not_picked":["ConjureBlade","Vault"],"picked":"Judgement","floor":16.0},{"not_picked":["Crescendo","EmptyFist"],"picked":"Replay:BluntJabs","floor":18.0},{"not_picked":["Consecrate","PathToVictory"],"picked":"Worship+1","floor":19.0},{"not_picked":["ClearTheMind","Prostrate"],"picked":"InnerPeace","floor":20.0},{"not_picked":["CrushJoints","TalkToTheHand+1"],"picked":"ClearTheMind+1","floor":22.0},{"not_picked":["Vault","Fasting2"],"picked":"Devotion","floor":24.0},{"not_picked":["BowlingBash","Adaptation"],"picked":"Halt+1","floor":25.0},{"not_picked":["Replay:ManipulateFuture","Worship"],"picked":"SashWhip+1","floor":27},{"not_picked":["Conclude","Nirvana"],"picked":"Sanctity","floor":28},{"not_picked":["MasterReality","Protect"],"picked":"BattleHymn","floor":30},{"not_picked":["MasterReality","Judgement"],"picked":"Vault","floor":33},{"not_picked":["BowlingBash+1","PathToVictory"],"picked":"JustLucky+1","floor":35},{"not_picked":["BowlingBash","ClearTheMind+1"],"picked":"Fasting2+1","floor":36},{"not_picked":["Consecrate","Evaluate"],"picked":"CutThroughFate+1","floor":38},{"not_picked":["AT_ChampionKick","Crescendo"],"picked":"Halt+1","floor":39},{"not_picked":["FlyingSleeves+1","AT_RealFormLess"],"picked":"Protect+1","floor":40},{"not_picked":["Perseverance+1","Conclude"],"picked":"Replay:Battleflow+1","floor":42},{"not_picked":["PathToVictory","Collect+1"],"picked":"LikeWater+1","floor":44},{"not_picked":["WreathOfFlame","Meditate"],"picked":"Vengeance","floor":45},{"not_picked":["EmptyMind","Wallop"],"picked":"Crescendo","floor":46},{"not_picked":["Replay:BluntJabs+1","Halt"],"picked":"PathToVictory+1","floor":47},{"not_picked":["ConjureBlade","Judgement"],"picked":"MasterReality","floor":48},{"not_picked":["BowlingBash","Replay:LoomingThreat"],"picked":"Consecrate+1","floor":48},{"not_picked":["Tantrum+1","Crescendo+1"],"picked":"Indignation+1","floor":54}],"player_experience":120613,"relics_obtained":[{"floor":6.0,"key":"Garlic"},{"floor":9.0,"key":"Letter Opener"},{"floor":11.0,"key":"StuffTheSpire:RubySignet"},{"floor":14.0,"key":"Pantograph"},{"floor":24.0,"key":"Blue Doll"},{"floor":26.0,"key":"AT_ArchangelStaff"},{"floor":27,"key":"Dota2Spire:MonkeyKingBar"},{"floor":28,"key":"Red Mask"},{"floor":30,"key":"aspiration:HiddenCompartment"},{"floor":40,"key":"Gremlin Horn"},{"floor":42,"key":"AT_RedTearstoneRing"},{"floor":46,"key":"Thread and Needle"},{"floor":48,"key":"conspire:GiftBox"},{"floor":54,"key":"StuffTheSpire:Wildfire"}],"event_choices":[{"damage_healed":0.0,"max_hp_gain":84.0,"max_hp_loss":20.0,"gold_gain":0.0,"event_name":"betterAltar:BetterAltar","player_choice":" Idol Vial ","floor":21.0,"potions_obtained":[],"relics_lost":[],"gold_loss":0.0,"damage_taken":64.0,"relics_obtained":["Bloody Idol","Blood Vial"]},{"damage_healed":0,"gold_gain":0,"player_choice":"Fought Bandits","damage_taken":0,"max_hp_gain":0,"max_hp_loss":0,"event_name":"Masked Bandits","floor":28,"gold_loss":0},{"damage_healed":0,"gold_gain":0,"player_choice":"Ignored","damage_taken":0,"max_hp_gain":0,"max_hp_loss":0,"event_name":"Ghosts","floor":31,"gold_loss":0},{"damage_healed":0,"gold_gain":0,"player_choice":"Rummage","damage_taken":0,"relics_obtained":["WarpedTongs"],"max_hp_gain":0,"max_hp_loss":0,"event_name":"Accursed Blacksmith","floor":37,"gold_loss":0,"cards_obtained":["Pain"]},{"damage_healed":0,"gold_gain":275,"player_choice":"Desecrate","damage_taken":0,"max_hp_gain":0,"max_hp_loss":0,"event_name":"Golden Shrine","floor":41,"gold_loss":0,"cards_obtained":["Regret"]},{"damage_healed":0,"gold_gain":0,"player_choice":"Fight","damage_taken":0,"max_hp_gain":0,"max_hp_loss":0,"event_name":"Mysterious Sphere","floor":48,"gold_loss":0}],"is_beta":false,"boss_relics":[{"not_picked":["AT_TrinityForce","hubris:TerracottaHorce"],"picked":"Replay:Bronze Core"},{"not_picked":["Calling Bell","Runic Dome"],"picked":"Dota2Spire:Bloodstone"}],"items_purged_floors":[49],"is_endless":false,"potions_floor_spawned":[1,3,16,20,22,27,36,40,42,44,47],"ascension_level":1}}