{"host":"7rmsgc3rayi00cdt","time":1611952268,"event":{"mods":["BaseMod","Minty Spire (QoL Compilation)"],"gold_per_floor":[119,119,138,161,161,179,179,179,179],"floor_reached":8,"language":"ENG","playtime":215,"items_purged":[],"score":94,"play_id":"43d47e2e-767e-4ef6-af82-4f0fb9190258","local_time":"20210129203108","is_ascension_mode":true,"campfire_choices":[{"data":"Scrape","floor":7,"key":"SMITH"}],"circlet_count":0,"master_deck":["AscendersBane","Strike_B","Strike_B","Strike_B","Strike_B","Defend_B","Defend_B","Defend_B","Defend_B","Zap","Dualcast","Shame","Hologram","Scrape+1","Static Discharge"],"relics":["Cracked Core","Golden Idol"],"acts_visited":["Exordium"],"potions_floor_usage":[8],"damage_taken":[{"damage":3,"enemies":"2 Louse","floor":1,"turns":3},{"damage":11,"enemies":"Jaw Worm","floor":3,"turns":3},{"damage":9,"enemies":"Small Slimes","floor":4,"turns":3},{"damage":4,"enemies":"Looter","floor":6,"turns":4},{"damage":27,"enemies":"3 Sentries","floor":8,"turns":5}],"seed_played":"2320842159891111297","potions_obtained":[{"floor":3,"key":"FocusPotion"}],"is_trial":false,"path_per_floor":["M","?","M","M","?","M","R","E"],"character_chosen":"DEFECT","items_purchased":[],"campfire_rested":0,"item_purchase_floors":[],"current_hp_per_floor":[75,46,35,26,26,22,22,0,0],"gold":179,"neow_bonus":"TWENTY_PERCENT_HP_BONUS","is_daily":false,"chose_seed":false,"campfire_upgraded":1,"win_rate":0.0,"timestamp":1611952268,"path_taken":["M","?","M","M","?","M","R","E"],"items_purchased_type":[],"build_version":"2020-12-22","purchased_purges":0,"victory":false,"max_hp_per_floor":[85,85,85,85,85,85,85,85,85],"card_choices":[{"not_picked":["Steam Power","Turbo"],"picked":"Hologram","floor":1},{"not_picked":["Chill","Consume"],"picked":"Scrape","floor":3},{"not_picked":["Beam Cell","Chaos"],"picked":"Static Discharge","floor":4},{"not_picked":["Darkness","White Noise","Turbo"],"picked":"SKIP","floor":6}],"player_experience":789185,"relics_obtained":[],"event_choices":[{"damage_healed":0,"gold_gain":0,"player_choice":"Take Damage","damage_taken":29,"relics_obtained":["Golden Idol"],"max_hp_gain":0,"max_hp_loss":0,"event_name":"Golden Idol","floor":2,"gold_loss":0},{"damage_healed":0,"gold_gain":0,"player_choice":"Ignored","damage_taken":0,"max_hp_gain":0,"max_hp_loss":0,"event_name":"Shining Light","floor":5,"gold_loss":0}],"is_beta":false,"boss_relics":[],"items_purged_floors":[],"is_endless":false,"potions_floor_spawned":[3],"killed_by":"3 Sentries","ascension_level":19}}