{"host":"stku21i8hhz5zha4","time":1611947599,"event":{"mods":["2.2 Compatiblity","AchievementEnabler","Aspiration","BaseMod","Better Altar","Better Match","Better Note","Better Sensory Stone","Better Skull","Better Third Choice","Better Vampires","Colored Map","Colorless Booster Pack","Conspire","Dark Map","Displayed Cursed Tome","Downfall","Energized Spire","Friendly Minions","GifTheSpireLib","Halation","Hubris","Infinite Spire","Jedi Mod","Jorbs\u0027s Wanderer Trilogy","Minty Spire (QoL Compilation)","Permanent Neow","Quick Restart","Rare Cards Sparkle","Reliquary","Replay The Spire","Shop Mod","Spikes Relics","Spire Arcade","StS++","StSLib","Stuff the Spire","The Blue Laboratory","Trackpad","Transform Curses","Uncapped"],"gold_per_floor":[112,10,26,40,56,84,103,15,15,15,45,45,70,81,81,159,159,170,95,95,20,30,30,30,59,59,90,103,117,135,35,35,112,112,127,137,12,12,12,47,47,74,74,92,123,123,140,156,156,156],"floor_reached":51,"language":"RUS","playtime":2053,"items_purged":["Strike_R","Strike_R","Metallicize"],"score":1759,"play_id":"4b191c25-7d7e-44f9-b9d2-03ba78e260ec","local_time":"20210129221319","is_ascension_mode":true,"campfire_choices":[{"floor":10,"key":"REST"},{"floor":12,"key":"REST"},{"data":"infinitespire:OneForAll","floor":15,"key":"SMITH"},{"data":"Pommel Strike","floor":23,"key":"SMITH"},{"data":"conspire:Purge","floor":32,"key":"SMITH"},{"data":"StSpp:Succumb","floor":41,"key":"SMITH"},{"data":"Berserk","floor":46,"key":"SMITH"},{"data":"Whirlwind","floor":49,"key":"SMITH"}],"circlet_count":0,"master_deck":["AscendersBane","infinitespire:OneForAll+1","Whirlwind+1","Demonic Infusion+1","Warcry","StSpp:Succumb+1","Berserk+1","hubris:DuctTapeCard","Dual Wield+1"],"relics":["Burning Blood","infinitespire:Bottled Soul","StSpp:WoodenPendulum","aspiration:HummingbirdHeart","aspiration:TomeofQuesting","infinitespire:EmpoweringShard","aspiration:RitualDagger","reliquary:BoilingFlask","Replay:Bottled Snecko","reliquary:FeatherDuster","Bottled Lightning","Empty Cage","halation:PapillonHeart","Another Sword","hubris:DuctTape","StuffTheSpire:SapphireSignet","The Courier"],"acts_visited":["Exordium","TheCity","TheBeyond"],"potions_floor_usage":[6,11,16,30,50,50],"damage_taken":[{"damage":6,"enemies":"Small Slimes","floor":1,"turns":3},{"damage":1,"enemies":"Cultist","floor":3,"turns":3},{"damage":26,"enemies":"Jaw Worm","floor":4,"turns":6},{"damage":13,"enemies":"3 Louse","floor":5,"turns":6},{"damage":27,"enemies":"Lagavulin","floor":6,"turns":7},{"damage":9,"enemies":"2 Fungi Beasts","floor":7,"turns":3},{"damage":22,"enemies":"3 Sentries","floor":11,"turns":7},{"damage":53,"enemies":"Gremlin Nob","floor":13,"turns":5},{"damage":0,"enemies":"Blue Slaver","floor":14,"turns":2},{"damage":24,"enemies":"The Guardian","floor":16,"turns":12},{"damage":28,"enemies":"Spheric Guardian","floor":18,"turns":4},{"damage":34,"enemies":"2 Thieves","floor":22,"turns":4},{"damage":36,"enemies":"Slavers","floor":25,"turns":5},{"damage":38,"enemies":"conspire:Head Lice","floor":27,"turns":4},{"damage":14,"enemies":"Chosen and Byrds","floor":28,"turns":3},{"damage":20,"enemies":"Snecko","floor":29,"turns":3},{"damage":11,"enemies":"Snake Plant","floor":30,"turns":2},{"damage":28,"enemies":"hubris:MusketHawk","floor":33,"turns":4},{"damage":11,"enemies":"3 Darklings","floor":35,"turns":2},{"damage":15,"enemies":"3 Shapes","floor":36,"turns":2},{"damage":18,"enemies":"Giant Head","floor":40,"turns":3},{"damage":3,"enemies":"Nemesis","floor":42,"turns":1},{"damage":21,"enemies":"Writhing Mass","floor":44,"turns":2},{"damage":43,"enemies":"R_Hoarder","floor":45,"turns":6},{"damage":6,"enemies":"Jaw Worm Horde","floor":47,"turns":2},{"damage":9,"enemies":"Transient","floor":48,"turns":3},{"damage":13,"enemies":"Awakened One","floor":50,"turns":3}],"seed_played":"6805248388071713079","potions_obtained":[{"floor":3,"key":"blueLaboratory:HummingbirdPotion"},{"floor":6,"key":"blueLaboratory:PolymorphPotion"},{"floor":14,"key":"EssenceOfSteel"},{"floor":16,"key":"jedi:StrikingPotion"},{"floor":18,"key":"HeartOfIron"},{"floor":25,"key":"Block Potion"},{"floor":30,"key":"Guardian:BlockOnCardUsePotion"},{"floor":33,"key":"bronze:BurnAndBuffPotion"},{"floor":44,"key":"ColorlessPotion"}],"is_trial":false,"path_per_floor":["M","?","M","M","M","E","M","$","T","R","E","R","E","M","R","B",null,"M","$","?","?","M","R","T","E","T","E","M","M","M","$","R","B",null,"M","M","$","?","?","E","R","E","T","M","E","R","M","M","R","B",null],"character_chosen":"IRONCLAD","items_purchased":["Whirlwind"],"campfire_rested":2,"item_purchase_floors":[8],"current_hp_per_floor":[68,68,73,53,46,25,22,22,22,44,28,50,53,59,59,41,67,45,45,45,45,17,17,17,69,69,57,65,71,75,75,75,75,75,75,73,73,71,67,67,67,67,67,67,60,60,67,67,67,67],"gold":156,"neow_bonus":"UPGRADE_CARD","is_daily":false,"chose_seed":false,"campfire_upgraded":6,"win_rate":0.0,"timestamp":1611947599,"path_taken":["M","?","?","M","?","E","M","$","T","R","E","R","E","M","R","BOSS","M","$","?","?","M","R","?","E","T","E","M","M","?","$","R","BOSS","M","M","$","?","?","E","R","E","T","M","E","R","M","M","R","BOSS"],"items_purchased_type":["Card"],"build_version":"2020-12-22","purchased_purges":3,"victory":true,"max_hp_per_floor":[75,75,75,75,75,75,75,75,75,75,75,75,75,75,75,75,75,75,75,75,75,75,75,75,75,75,75,75,75,75,75,75,75,75,75,75,75,71,67,67,67,67,67,67,67,67,67,67,67,67],"card_choices":[{"not_picked":["Second Wind","Anger","StSpp:Sprint"],"picked":"SKIP","floor":1},{"not_picked":["Clothesline","Rampage"],"picked":"infinitespire:OneForAll","floor":3},{"not_picked":["Dark Embrace","Perfected Strike","Sentinel"],"picked":"SKIP","floor":4},{"not_picked":["Clothesline","Rupture","Carnage"],"picked":"SKIP","floor":5},{"not_picked":["ReplayTheSpireMod:LeadingStrike","Rampage","ReplayTheSpireMod:Strike From Hell"],"picked":"SKIP","floor":6},{"not_picked":["StSpp:Vengeance","StSpp:Sprint","Defy Death","Iron Wave"],"picked":"Metallicize","floor":7},{"not_picked":["StSpp:Jab","Defy Death","Wild Strike","Sword Boomerang","StuffTheSpire:Incineration"],"picked":"SKIP","floor":11},{"not_picked":["Heavy Blade","Armaments","ReplayTheSpireMod:Strike From Hell","Infernal Blade","StuffTheSpire:RagingBull"],"picked":"SKIP","floor":13},{"not_picked":["Twin Strike","ReplayReversal","Warcry","Havoc","Rampage"],"picked":"SKIP","floor":14},{"not_picked":["conspire:HitWhereItHurts","jedi:bloodyhammer","Demon Form","Barricade"],"picked":"Demonic Infusion","floor":16},{"not_picked":["Run Through","Rupture","StuffTheSpire:Incineration","Body Slam","Havoc"],"picked":"SKIP","floor":18},{"not_picked":["Inflame","Twin Strike","Thunderclap","StuffTheSpire:Incineration"],"picked":"Pommel Strike+1","floor":22},{"not_picked":["Heavy Blade","StuffTheSpire:Incineration","Body Slam","Twin Strike"],"picked":"conspire:Purge","floor":25},{"not_picked":["Burning Pact","Iron Wave+1","Sentinel+1","Flame Barrier"],"picked":"Warcry","floor":27},{"not_picked":["StSpp:Jab","StuffTheSpire:Incineration","Heavy Blade","StuffTheSpire:BloodClot","Armaments"],"picked":"SKIP","floor":28},{"not_picked":["StuffTheSpire:TitanForm","Ghostly Armor","Massacre","Pommel Strike"],"picked":"StSpp:Succumb","floor":29},{"not_picked":["Seeing Red","Rampage","Uppercut","Intimidate","Wild Strike"],"picked":"SKIP","floor":30},{"not_picked":["Reaper","Brutality","jedi:harder","Feed"],"picked":"Berserk","floor":33},{"not_picked":["Clothesline+1","Anger+1","Havoc","Reckless Charge+1","Warcry"],"picked":"SKIP","floor":35},{"not_picked":["Pommel Strike","Reckless Charge","Whirlwind","True Grit","Run Through+1"],"picked":"SKIP","floor":36},{"not_picked":["Massacre","Clothesline","Intimidate","Dual Wield","Infernal Blade"],"picked":"SKIP","floor":40},{"not_picked":["StuffTheSpire:RagingBull","StSpp:Vengeance","StuffTheSpire:RockThrow","StSpp:CounterStrike","StSpp:MuscleMemory"],"picked":"SKIP","floor":42},{"not_picked":["Sword Boomerang","Run Through","Sever Soul","StuffTheSpire:BloodClot+1","jedi:strikingstrike"],"picked":"SKIP","floor":44},{"not_picked":["ReplayTheSpireMod:LeadingStrike","Shockwave","ReplayTheSpireMod:Stacked","StSpp:Succumb"],"picked":"Dual Wield+1","floor":45},{"not_picked":["Heavy Blade+1","Rupture","jedi:hate+1","Bloodletting","Flame Barrier+1"],"picked":"SKIP","floor":47},{"not_picked":["Wild Strike","conspire:ExplosiveBarrier","Havoc+1","infinitespire:OneForAll+1","StuffTheSpire:RockThrow"],"picked":"SKIP","floor":48}],"player_experience":257056,"relics_obtained":[{"floor":6,"key":"StSpp:WoodenPendulum"},{"floor":9,"key":"aspiration:HummingbirdHeart"},{"floor":11,"key":"aspiration:TomeofQuesting"},{"floor":13,"key":"infinitespire:EmpoweringShard"},{"floor":24,"key":"reliquary:BoilingFlask"},{"floor":25,"key":"Replay:Bottled Snecko"},{"floor":26,"key":"reliquary:FeatherDuster"},{"floor":27,"key":"Bottled Lightning"},{"floor":40,"key":"Another Sword"},{"floor":42,"key":"hubris:DuctTape"},{"floor":43,"key":"StuffTheSpire:SapphireSignet"},{"floor":45,"key":"The Courier"}],"event_choices":[{"damage_healed":0,"gold_gain":0,"player_choice":"Paid Gold","damage_taken":0,"relics_obtained":["infinitespire:Bottled Soul"],"max_hp_gain":0,"max_hp_loss":0,"event_name":"WeMeetAgain","floor":2,"gold_loss":102},{"damage_healed":0,"gold_gain":0,"player_choice":"Forge","damage_taken":0,"max_hp_gain":0,"max_hp_loss":0,"event_name":"Accursed Blacksmith","floor":20,"gold_loss":0,"cards_upgraded":["Demonic Infusion"]},{"damage_healed":0,"gold_gain":0,"cards_transformed":["Strike_R","Strike_R"],"player_choice":"Transformed Cards","damage_taken":0,"max_hp_gain":0,"max_hp_loss":0,"event_name":"Designer","floor":21,"gold_loss":75,"cards_obtained":["Hemogenesis","Pommel Strike"]},{"damage_healed":0,"gold_gain":0,"player_choice":"Max HP","damage_taken":0,"max_hp_gain":0,"max_hp_loss":4,"event_name":"Winding Halls","floor":38,"gold_loss":0}],"is_beta":false,"boss_relics":[{"not_picked":["ChewingGum","hubris:Stopwatch"],"picked":"aspiration:RitualDagger"},{"not_picked":["Honey Jar","energizedSpire:DecayingSkull"],"picked":"Empty Cage"}],"items_purged_floors":[19,31,37],"is_endless":false,"potions_floor_spawned":[3,6,14,16,18,25,30,33,35,44,45],"ascension_level":18}}