{"host":"atc9njsbcy6dgluf","time":1611955973,"event":{"mods":["BaseMod","Better Match","Infinite Spire","Minty Spire (QoL Compilation)","StSLib","The Runesmith"],"gold_per_floor":[112,130,146,146,45,45,10,28,28,47,78,93,126,136,136,232,232,248,259,259,259,273,300,300,300],"floor_reached":24,"language":"ENG","playtime":3050,"items_purged":["Pain"],"score":230,"play_id":"8e4a53e3-edfb-4ba4-8761-c86f3084eadf","local_time":"20210129223253","is_ascension_mode":false,"campfire_choices":[{"data":"Runesmith:Fortify","floor":6.0,"key":"SMITH"},{"data":"Runesmith:FieryHammer+1","floor":15.0,"key":"SMITH"}],"circlet_count":0,"master_deck":["Runesmith:Strike_RS+1","Runesmith:Strike_RS+1","Runesmith:Strike_RS+1","Runesmith:Strike_RS+1","Runesmith:Defend_RS+1","Runesmith:Defend_RS+1","Runesmith:Defend_RS+1","Runesmith:Defend_RS+1","Runesmith:CraftFirestone","Runesmith:Fortify+1","Runesmith:RunicBlueprint","Runesmith:ElementalConversion","Runesmith:EarthShield","Runesmith:BackupBattery","Runesmith:CraftObretio","Runesmith:CraftMagma","Runesmith:HammerAndChisel","Runesmith:Duplicate","Runesmith:HeatExchange","Runesmith:FieryHammer+2","Runesmith:CreatorForm+1","Runesmith:HammerThrow+1","Runesmith:ChaoticBlast+1","Runesmith:Permafrost+1"],"relics":["Runesmith:BrokenRuby","WarpedTongs","MealTicket","Frozen Egg 2","Molten Egg 2","Black Star","infinitespire:Lychee Nut","Bag of Preparation","PreservedInsect"],"acts_visited":["Exordium","TheCity"],"potions_floor_usage":[],"damage_taken":[{"damage":0.0,"enemies":"Small Slimes","floor":1.0,"turns":3.0},{"damage":0.0,"enemies":"Cultist","floor":2.0,"turns":4.0},{"damage":4.0,"enemies":"2 Louse","floor":3.0,"turns":3.0},{"damage":4.0,"enemies":"Blue Slaver","floor":8.0,"turns":4.0},{"damage":2.0,"enemies":"Looter","floor":10.0,"turns":4.0},{"damage":22.0,"enemies":"3 Sentries","floor":11.0,"turns":7.0},{"damage":1.0,"enemies":"Exordium Thugs","floor":12.0,"turns":3.0},{"damage":6.0,"enemies":"Lagavulin","floor":13.0,"turns":6.0},{"damage":0.0,"enemies":"2 Fungi Beasts","floor":14.0,"turns":3.0},{"damage":14.0,"enemies":"Slime Boss","floor":16.0,"turns":9.0},{"damage":23.0,"enemies":"Spheric Guardian","floor":18.0,"turns":6.0},{"damage":8.0,"enemies":"3 Byrds","floor":19.0,"turns":4.0},{"damage":23.0,"enemies":"3 Cultists","floor":22.0,"turns":5.0},{"damage":27,"enemies":"Slavers","floor":23,"turns":4},{"damage":21,"enemies":"Sentry and Sphere","floor":24,"turns":3}],"seed_played":"2876278894524942546","potions_obtained":[{"floor":8.0,"key":"Weak Potion"},{"floor":11.0,"key":"DuplicationPotion"},{"floor":13.0,"key":"DistilledChaos"},{"floor":14.0,"key":"Ancient Potion"},{"floor":16.0,"key":"infinitespire:BlackPotion"},{"floor":18.0,"key":"BlessingOfTheForge"},{"floor":23,"key":"Ancient Potion"}],"is_trial":false,"path_per_floor":["M","M","M","?","$","R","$","M","T","M","E","M","E","M","R","B",null,"M","M","?","?","M","E","M"],"character_chosen":"RUNESMITH_CLASS","items_purchased":["Runesmith:BackupBattery","Runesmith:CraftObretio"],"campfire_rested":0,"item_purchase_floors":[5,7],"current_hp_per_floor":[77,77,73,73,73,73,73,69,69,67,45,44,38,38,38,24,77,54,46,46,46,29,8,0,0],"gold":300,"neow_bonus":"TEN_PERCENT_HP_BONUS","is_daily":false,"chose_seed":false,"campfire_upgraded":2,"win_rate":0.0,"timestamp":1611955973,"path_taken":["M","M","M","?","$","R","?","M","T","M","E","M","E","M","R","BOSS","M","M","?","?","M","E","M"],"items_purchased_type":["Card","Card"],"build_version":"2020-12-22","purchased_purges":1,"victory":false,"max_hp_per_floor":[77,77,77,77,77,77,77,77,77,77,77,77,77,77,77,77,77,77,77,77,57,57,57,57,57],"card_choices":[{"not_picked":["Runesmith:Discharge","Runesmith:HammerThrow"],"picked":"Runesmith:RunicBlueprint","floor":1.0},{"not_picked":["Runesmith:ChiselStab","Runesmith:Terraform"],"picked":"Runesmith:ElementalConversion","floor":2.0},{"not_picked":["Runesmith:Retool","Runesmith:CraftReservo"],"picked":"Runesmith:EarthShield","floor":3.0},{"not_picked":["Runesmith:RuneHurl","Runesmith:NegativeSpace"],"picked":"Runesmith:CraftMagma","floor":8.0},{"not_picked":["Runesmith:StaticCage","Runesmith:HammerThrow"],"picked":"Runesmith:HammerAndChisel","floor":10.0},{"not_picked":["Runesmith:NegativeSpace","Runesmith:HeatedChisel"],"picked":"Runesmith:Duplicate","floor":11.0},{"not_picked":["Runesmith:EarthShield","Runesmith:CraftObretio"],"picked":"Runesmith:HeatExchange","floor":12.0},{"not_picked":["Runesmith:Empowerment","Runesmith:NegativeSpace"],"picked":"Runesmith:FieryHammer+1","floor":13.0},{"not_picked":["Runesmith:CraftMagma","Runesmith:Reinforce","Runesmith:MakeshiftArmor"],"picked":"SKIP","floor":14.0},{"not_picked":["Runesmith:MetallurgicalResearch","Runesmith:GrandSlam+1"],"picked":"Runesmith:CreatorForm+1","floor":16.0},{"not_picked":["Runesmith:MakeshiftArmor","Runesmith:ChiselStab+1"],"picked":"Runesmith:HammerThrow+1","floor":18.0},{"not_picked":["Runesmith:Malloc","Runesmith:Repurpose"],"picked":"Runesmith:ChaoticBlast+1","floor":19.0},{"not_picked":["Runesmith:OneForEveryone+1","Runesmith:Refine"],"picked":"Runesmith:Permafrost+1","floor":22.0},{"not_picked":["Runesmith:UnstableHammer+1","Runesmith:MakeshiftArmor+1","Runesmith:Augment"],"picked":"SKIP","floor":23}],"player_experience":587015,"relics_obtained":[{"floor":9.0,"key":"MealTicket"},{"floor":11.0,"key":"Frozen Egg 2"},{"floor":13.0,"key":"Molten Egg 2"},{"floor":23,"key":"Bag of Preparation"},{"floor":23,"key":"PreservedInsect"}],"event_choices":[{"damage_healed":0.0,"max_hp_gain":0.0,"max_hp_loss":0.0,"gold_gain":0.0,"event_name":"Accursed Blacksmith","player_choice":"Rummage","floor":4.0,"gold_loss":0.0,"damage_taken":0.0,"relics_obtained":["WarpedTongs"],"cards_obtained":["Pain"]},{"damage_healed":0.0,"max_hp_gain":0.0,"max_hp_loss":0.0,"gold_gain":0.0,"event_name":"Back to Basics","player_choice":"Simplicity","floor":20.0,"gold_loss":0.0,"damage_taken":0.0,"cards_upgraded":["Runesmith:Strike_RS","Runesmith:Strike_RS","Runesmith:Strike_RS","Runesmith:Strike_RS","Runesmith:Defend_RS","Runesmith:Defend_RS","Runesmith:Defend_RS","Runesmith:Defend_RS"]},{"damage_healed":0.0,"max_hp_gain":0.0,"max_hp_loss":0.0,"gold_gain":0.0,"event_name":"The Mausoleum","player_choice":"Opened","floor":21.0,"gold_loss":0.0,"damage_taken":0.0,"relics_obtained":["infinitespire:Lychee Nut"]}],"is_beta":false,"boss_relics":[{"not_picked":["Runesmith:UraniumAnvil","Coffee Dripper"],"picked":"Black Star"}],"items_purged_floors":[5],"is_endless":false,"potions_floor_spawned":[8,11,13,14,16,18,23],"killed_by":"Sentry and Sphere","ascension_level":0}}