{"host":"sc0o2qwpf9j16a4i","time":1611946837,"event":{"mods":["AchievementEnabler","BaseMod","BetterRewards","Block Reminder","Colored Map","Colored Powertips","Custom Start","Highlight Path","Minty Spire (QoL Compilation)","Relic Stats"],"gold_per_floor":[138,138,138,11,44,138,171,171,224,322,294,294,294],"floor_reached":12,"language":"ENG","playtime":278,"items_purged":["Regret"],"score":111,"play_id":"b8e4549e-8516-43ab-865d-fd0224cabfc4","local_time":"20210129210037","daily_mods":["Specialized","Flight","Midas"],"is_ascension_mode":false,"campfire_choices":[],"circlet_count":0,"master_deck":["Strike_B","Strike_B","Strike_B","Strike_B","Defend_B","Defend_B","Defend_B","Defend_B","Zap","Dualcast","Scrape","Scrape","Scrape","Scrape","Scrape","Lockon","Injury","Redo","Turbo","Sunder","Darkness","White Noise"],"relics":["Cracked Core","Golden Idol","Matryoshka","Symbiotic Virus","MealTicket","Pear","Bottled Lightning","Toy Ornithopter","Prayer Wheel"],"acts_visited":["Exordium"],"potions_floor_usage":[10],"damage_taken":[{"damage":0,"enemies":"Cultist","floor":1,"turns":4},{"damage":6,"enemies":"Jaw Worm","floor":5,"turns":3},{"damage":36,"enemies":"3 Sentries","floor":6,"turns":6},{"damage":8,"enemies":"Small Slimes","floor":7,"turns":2},{"damage":20,"enemies":"Gremlin Nob","floor":10,"turns":4},{"damage":26,"enemies":"3 Sentries","floor":12,"turns":3}],"seed_played":"-2042118354593310318","potions_obtained":[{"floor":6,"key":"CultistPotion"},{"floor":7,"key":"Explosive Potion"}],"is_trial":true,"path_per_floor":["M","?","?","$","M","E","M","T","T","E","?","E"],"character_chosen":"DEFECT","items_purchased":["Redo"],"campfire_rested":0,"item_purchase_floors":[4],"current_hp_per_floor":[75,75,75,75,69,33,25,35,35,20,20,0,0],"gold":294,"neow_bonus":"","is_daily":false,"chose_seed":false,"campfire_upgraded":0,"win_rate":0.0,"timestamp":1611946837,"path_taken":["M","?","?","?","M","E","?","?","T","E","?","E"],"items_purchased_type":["Card"],"build_version":"2020-12-22","purchased_purges":1,"victory":false,"max_hp_per_floor":[75,75,75,75,75,75,75,85,85,85,85,85,85],"relic_stats":{"counters":[6,22],"Golden Idol":21,"MealTicket":0,"Prayer Wheel":0,"obtain_stats":[{"Matryoshka":3,"Pear":8,"Golden Idol":2,"MealTicket":8,"Prayer Wheel":10,"Bottled Lightning":9,"Cracked Core":0,"Symbiotic Virus":6,"Toy Ornithopter":9},{"Matryoshka":1,"Pear":4,"Golden Idol":1,"MealTicket":4,"Prayer Wheel":5,"Bottled Lightning":4,"Cracked Core":0,"Symbiotic Virus":3,"Toy Ornithopter":4},{"Matryoshka":4,"Pear":15,"Golden Idol":4,"MealTicket":15,"Prayer Wheel":19,"Bottled Lightning":15,"Cracked Core":0,"Symbiotic Virus":13,"Toy Ornithopter":15}],"Toy Ornithopter":5},"card_choices":[{"not_picked":["Stack","Self Repair"],"picked":"Lockon","floor":1},{"not_picked":["Self Repair","Rebound"],"picked":"Turbo","floor":5},{"not_picked":["Meteor Strike","Barrage"],"picked":"Sunder","floor":6},{"not_picked":["Hologram","Force Field"],"picked":"Darkness","floor":7},{"not_picked":["Go for the Eyes","Multi-Cast"],"picked":"White Noise","floor":10}],"player_experience":1061565,"relics_obtained":[{"floor":6,"key":"Symbiotic Virus"},{"floor":8,"key":"MealTicket"},{"floor":8,"key":"Pear"},{"floor":9,"key":"Bottled Lightning"},{"floor":9,"key":"Toy Ornithopter"},{"floor":10,"key":"Prayer Wheel"}],"event_choices":[{"damage_healed":0,"gold_gain":0,"player_choice":"Take Wound","damage_taken":0,"relics_obtained":["Golden Idol"],"max_hp_gain":0,"max_hp_loss":0,"event_name":"Golden Idol","floor":2,"gold_loss":0,"cards_obtained":["Injury"]},{"damage_healed":0,"gold_gain":0,"player_choice":"Box","damage_taken":0,"relics_obtained":["Matryoshka"],"max_hp_gain":0,"max_hp_loss":0,"event_name":"Big Fish","floor":3,"gold_loss":0,"cards_obtained":["Regret"]},{"damage_healed":0,"gold_gain":0,"player_choice":"Left Gold","damage_taken":0,"max_hp_gain":0,"max_hp_loss":0,"event_name":"World of Goop","floor":11,"gold_loss":28}],"is_beta":false,"boss_relics":[],"items_purged_floors":[4],"is_endless":false,"potions_floor_spawned":[6,7],"killed_by":"3 Sentries","ascension_level":0}}