{"host":"qm4rv4rkpk76sbxu","time":1611955139,"event":{"mods":["BaseMod","Bestiary","Block Reminder","DeckTracker","Filter the Spire","Keyboard Shortcuts","Minty Spire (QoL Compilation)","MonsterHotkey","Quick Restart","Random Character Button","Relic Stats","Slay-I","StSLib","Unceasing Turn Reminder","ojb\u0027s Better Paths Mod","ojb\u0027s Info Mod"],"gold_per_floor":[109,129,40,59,75,75,109,126,150,150,150,178,328,358,358,432,432,452,45,95,95,106,106,141,141,164,198,216,216,216],"floor_reached":29,"language":"ENG","playtime":8453,"items_purged":["Doubt"],"score":592,"play_id":"5fa8ad59-0af3-4b56-aa57-86e55060a361","local_time":"20210129221859","is_ascension_mode":true,"campfire_choices":[{"data":"Panacea","floor":6.0,"key":"SMITH"},{"data":"Cloak And Dagger","floor":10.0,"key":"SMITH"},{"data":"Phantasmal Killer","floor":15.0,"key":"SMITH"},{"data":"Blade Dance","floor":23.0,"key":"SMITH"},{"data":"Leg Sweep","floor":25,"key":"SMITH"}],"circlet_count":0,"master_deck":["AscendersBane","Strike_G","Strike_G+1","Strike_G+1","Strike_G","Strike_G","Defend_G","Defend_G","Defend_G","Defend_G","Defend_G","Survivor","Neutralize","Blade Dance+1","Cloak And Dagger+1","Panacea+1","Slice","Blur","Backflip","Phantasmal Killer+1","Night Terror","Dash","Leg Sweep+1","Underhanded Strike"],"relics":["Ring of the Snake","NeowsBlessing","Dead Branch","Centennial Puzzle","Bronze Scales","Pen Nib","Odd Mushroom","Snecko Eye","Lee\u0027s Waffle","Potion Belt","Whetstone","Snake Skull","The Courier"],"acts_visited":["Exordium","TheCity"],"potions_floor_usage":[24,27],"damage_taken":[{"damage":0.0,"enemies":"Jaw Worm","floor":1.0,"turns":1.0},{"damage":0.0,"enemies":"2 Louse","floor":2.0,"turns":1.0},{"damage":0.0,"enemies":"Small Slimes","floor":4.0,"turns":1.0},{"damage":3.0,"enemies":"Looter","floor":5.0,"turns":4.0},{"damage":22.0,"enemies":"Lagavulin","floor":7.0,"turns":6.0},{"damage":0.0,"enemies":"Gremlin Gang","floor":8.0,"turns":4.0},{"damage":0.0,"enemies":"3 Sentries","floor":12.0,"turns":5.0},{"damage":0.0,"enemies":"The Mushroom Lair","floor":14.0,"turns":5.0},{"damage":11.0,"enemies":"Slime Boss","floor":16.0,"turns":10.0},{"damage":43.0,"enemies":"Shell Parasite","floor":18.0,"turns":6.0},{"damage":7.0,"enemies":"Spheric Guardian","floor":22.0,"turns":4.0},{"damage":37,"enemies":"Slavers","floor":24,"turns":5},{"damage":15,"enemies":"Book of Stabbing","floor":27,"turns":4},{"damage":5,"enemies":"Centurion and Healer","floor":28,"turns":7},{"damage":9,"enemies":"Snake Plant","floor":29,"turns":1}],"seed_played":"2545225654282006162","potions_obtained":[{"floor":1.0,"key":"SteroidPotion"},{"floor":5.0,"key":"BlessingOfTheForge"},{"floor":12.0,"key":"SpeedPotion"},{"floor":16.0,"key":"AttackPotion"},{"floor":18.0,"key":"LiquidMemories"}],"is_trial":false,"path_per_floor":["M","M","$","M","M","R","E","M","T","R","?","E","?","?","R","B",null,"M","$","?","?","M","R","E","R","T","E","M","M"],"character_chosen":"THE_SILENT","items_purchased":["Panacea","Lee\u0027s Waffle","Potion Belt"],"campfire_rested":0,"item_purchase_floors":[3,19,19],"current_hp_per_floor":[59,59,59,59,56,56,34,34,34,34,16,16,16,16,16,5,51,8,73,73,73,66,66,29,29,29,14,9,0,0],"gold":216,"neow_bonus":"THREE_ENEMY_KILL","is_daily":false,"chose_seed":false,"campfire_upgraded":5,"win_rate":0.0,"timestamp":1611955139,"path_taken":["M","M","$","M","M","R","E","M","T","R","?","E","?","?","R","BOSS","M","$","?","?","?","R","E","R","T","E","M","M"],"items_purchased_type":["Card","Relic","Relic"],"build_version":"2020-12-22","purchased_purges":1,"victory":false,"max_hp_per_floor":[66,66,66,66,66,66,66,66,66,66,66,66,66,66,66,66,66,66,73,73,73,73,73,73,73,73,73,73,73,73],"relic_stats":{"Centennial Puzzle":[21],"Lee\u0027s Waffle":65,"counters":[15,64],"Dead Branch":[115],"Bronze Scales":[125],"Snecko Eye":[42,44,64,59],"Pen Nib":[12],"Snake Skull":[5],"Whetstone":["Strike_G","Strike_G"],"obtain_stats":[{"Potion Belt":19,"Lee\u0027s Waffle":19,"NeowsBlessing":0,"Dead Branch":7,"Pen Nib":12,"Snake Skull":26,"The Courier":27,"Whetstone":24,"Odd Mushroom":14,"Centennial Puzzle":9,"Bronze Scales":11,"Snecko Eye":17,"Ring of the Snake":0},{"Potion Belt":10,"Lee\u0027s Waffle":10,"NeowsBlessing":0,"Dead Branch":5,"Pen Nib":7,"Snake Skull":12,"The Courier":13,"Whetstone":12,"Odd Mushroom":8,"Centennial Puzzle":6,"Bronze Scales":6,"Snecko Eye":9,"Ring of the Snake":0},{"Potion Belt":43,"Lee\u0027s Waffle":43,"NeowsBlessing":0,"Dead Branch":13,"Pen Nib":22,"Snake Skull":52,"The Courier":56,"Whetstone":52,"Odd Mushroom":27,"Centennial Puzzle":17,"Bronze Scales":17,"Snecko Eye":37,"Ring of the Snake":0}],"Ring of the Snake":[30]},"card_choices":[{"not_picked":["Predator","Deadly Poison"],"picked":"Blade Dance","floor":1.0},{"not_picked":["Acrobatics","Predator"],"picked":"Cloak And Dagger","floor":2.0},{"not_picked":["Calculated Gamble","Escape Plan","Backflip"],"picked":"SKIP","floor":4.0},{"not_picked":["PiercingWail","Backflip"],"picked":"Slice","floor":5.0},{"not_picked":["Cloak And Dagger","Infinite Blades"],"picked":"Blur","floor":7.0},{"not_picked":["Poisoned Stab","Slice"],"picked":"Backflip","floor":8.0},{"not_picked":["Dagger Throw","Terror"],"picked":"Phantasmal Killer","floor":12.0},{"not_picked":["Unload","Phantasmal Killer"],"picked":"Night Terror","floor":16.0},{"not_picked":["Quick Slash","Deflect","Dodge and Roll"],"picked":"SKIP","floor":18.0},{"not_picked":["Dodge and Roll+1","Catalyst"],"picked":"Dash","floor":22.0},{"not_picked":["Expertise","Blade Dance"],"picked":"Leg Sweep","floor":24},{"not_picked":["Flying Knee","Tactician","Slice"],"picked":"SKIP","floor":27},{"not_picked":["Terror","Caltrops"],"picked":"Underhanded Strike","floor":28}],"player_experience":1438476,"relics_obtained":[{"floor":7.0,"key":"Dead Branch"},{"floor":9.0,"key":"Centennial Puzzle"},{"floor":12.0,"key":"Pen Nib"},{"floor":14.0,"key":"Odd Mushroom"},{"floor":24,"key":"Whetstone"},{"floor":26,"key":"Snake Skull"},{"floor":27,"key":"The Courier"}],"event_choices":[{"damage_healed":0.0,"max_hp_gain":0.0,"max_hp_loss":0.0,"gold_gain":0.0,"event_name":"Scrap Ooze","player_choice":"Success","floor":11.0,"gold_loss":0.0,"damage_taken":18.0,"relics_obtained":["Bronze Scales"]},{"damage_healed":0.0,"max_hp_gain":0.0,"max_hp_loss":0.0,"gold_gain":150.0,"event_name":"Liars Game","player_choice":"AGREE","floor":13.0,"gold_loss":0.0,"damage_taken":0.0,"cards_obtained":["Doubt"]},{"damage_healed":0.0,"max_hp_gain":0.0,"max_hp_loss":0.0,"gold_gain":0.0,"event_name":"Mushrooms","player_choice":"Fought Mushrooms","floor":14.0,"gold_loss":0.0,"damage_taken":0.0},{"damage_healed":0.0,"max_hp_gain":0.0,"max_hp_loss":0.0,"gold_gain":50.0,"event_name":"Nest","player_choice":"Stole From Cult","floor":20.0,"gold_loss":0.0,"damage_taken":0.0},{"damage_healed":0.0,"max_hp_gain":0.0,"max_hp_loss":0.0,"gold_gain":0.0,"event_name":"N\u0027loth","player_choice":"Ignored","floor":21.0,"gold_loss":0.0,"damage_taken":0.0}],"is_beta":false,"boss_relics":[{"not_picked":["SlaversCollar","Astrolabe"],"picked":"Snecko Eye"}],"items_purged_floors":[19],"is_endless":false,"potions_floor_spawned":[1,5,12,16,18],"killed_by":"Snake Plant","ascension_level":20}}