{"host":"uv5ws9rdk87e8i5k","time":1611890164,"event":{"mods":["AchievementEnabler","BaseMod","Colored Map","Minty Spire (QoL Compilation)","Permanent Neow","Quick Restart","StSLib","SuperFastMode","The Necromancer"],"gold_per_floor":[110,127,127,147,161,190,190,222,222,222,250,250,9,19,19,121,121,140,160,160,178,58,85,105,134,160,160,160,160,160,160,160,160,160],"floor_reached":33,"language":"ENG","playtime":906,"items_purged":["Decay"],"score":501,"play_id":"3b6ee0d4-8fb0-47d5-9c0a-3ce8e92d867c","local_time":"20210128211604","is_ascension_mode":true,"campfire_choices":[{"data":"Bouncing Flask","floor":7.0,"key":"SMITH"},{"data":"Venomology","floor":10.0,"key":"SMITH"},{"floor":12.0,"key":"REST"},{"data":"Noxious Fumes","floor":15.0,"key":"SMITH"},{"floor":27.0,"key":"REST"},{"floor":29.0,"key":"REST"},{"data":"Corpse Explosion","floor":32.0,"key":"SMITH"}],"circlet_count":0,"master_deck":["Defend_G","Defend_G","Defend_G","Defend_G","Survivor","Neutralize","Burst","Cloak And Dagger","Bouncing Flask+1","Crippling Poison","Backflip","Venomology+1","Poisoned Stab","Corpse Explosion+1","Poisoned Stab","Noxious Fumes+1","Night Terror","Deadly Poison+1","Leg Sweep+1","PiercingWail","Bullet Time","Decay","Bite","Bite","Bite","Bite","Bite"],"relics":["Ring of the Snake","Bag of Preparation","Strawberry","White Beast Statue","Girya","SacredBark","Incense Burner","Juzu Bracelet","Centennial Puzzle","Nilry\u0027s Codex"],"acts_visited":["Exordium","TheCity"],"potions_floor_usage":[33],"damage_taken":[{"damage":0.0,"enemies":"Jaw Worm","floor":1.0,"turns":5.0},{"damage":5.0,"enemies":"2 Louse","floor":2.0,"turns":2.0},{"damage":0.0,"enemies":"Cultist","floor":4.0,"turns":3.0},{"damage":8.0,"enemies":"Looter","floor":5.0,"turns":2.0},{"damage":11.0,"enemies":"Lagavulin","floor":6.0,"turns":5.0},{"damage":10.0,"enemies":"Gremlin Nob","floor":8.0,"turns":4.0},{"damage":21.0,"enemies":"3 Sentries","floor":11.0,"turns":7.0},{"damage":0.0,"enemies":"2 Fungi Beasts","floor":14.0,"turns":1.0},{"damage":7.0,"enemies":"Slime Boss","floor":16.0,"turns":5.0},{"damage":3.0,"enemies":"2 Thieves","floor":18.0,"turns":4.0},{"damage":0.0,"enemies":"3 Byrds","floor":19.0,"turns":2.0},{"damage":18.0,"enemies":"Snecko","floor":21.0,"turns":5.0},{"damage":14.0,"enemies":"Gremlin Leader","floor":23.0,"turns":4.0},{"damage":13.0,"enemies":"Centurion and Healer","floor":24.0,"turns":6.0},{"damage":4.0,"enemies":"Book of Stabbing","floor":25.0,"turns":5.0},{"damage":40,"enemies":"Collector","floor":33,"turns":3}],"seed_played":"8168740573902173704","potions_obtained":[{"floor":4.0,"key":"ColorlessPotion"},{"floor":5.0,"key":"PowerPotion"},{"floor":6.0,"key":"Weak Potion"},{"floor":11.0,"key":"ColorlessPotion"},{"floor":14.0,"key":"EssenceOfSteel"},{"floor":16.0,"key":"GamblersBrew"},{"floor":18.0,"key":"CunningPotion"},{"floor":19.0,"key":"LiquidMemories"},{"floor":21.0,"key":"Energy Potion"},{"floor":23.0,"key":"Fire Potion"},{"floor":24.0,"key":"Ancient Potion"},{"floor":25.0,"key":"Energy Potion"}],"is_trial":false,"path_per_floor":["M","M","?","M","M","E","R","E","T","R","E","R","$","M","R","B",null,"M","M","?","M","$","E","M","E","T","R","?","R","?","?","R","B"],"character_chosen":"THE_SILENT","items_purchased":["Corpse Explosion","Poisoned Stab","SkillPotion","PiercingWail"],"campfire_rested":3,"item_purchase_floors":[13,13,13,22],"current_hp_per_floor":[63,58,51,51,43,32,32,29,29,29,8,29,29,29,29,22,58,55,55,55,37,37,23,10,6,6,27,11,32,32,32,32,0,0],"gold":160,"neow_bonus":"TRANSFORM_TWO_CARDS","is_daily":false,"chose_seed":false,"campfire_upgraded":4,"win_rate":0.0,"timestamp":1611890164,"path_taken":["M","M","?","M","M","E","R","E","T","R","E","R","$","M","R","BOSS","M","M","?","?","$","E","M","E","T","R","?","R","?","?","R","BOSS"],"items_purchased_type":["Card","Card","Potion","Card"],"build_version":"2020-12-22","purchased_purges":1,"victory":false,"max_hp_per_floor":[63,63,63,63,63,63,63,70,70,70,70,70,70,70,70,70,70,70,70,70,70,70,70,70,70,70,70,70,70,70,49,49,49,49],"card_choices":[{"not_picked":["Poisoned Stab","Terror"],"picked":"Bouncing Flask","floor":1.0},{"not_picked":["Flechettes","Blade Dance","Masterful Stab"],"picked":"SKIP","floor":2.0},{"not_picked":["Footwork","Finisher"],"picked":"Crippling Poison","floor":4.0},{"not_picked":["Accuracy","Deflect","Caltrops"],"picked":"SKIP","floor":5.0},{"not_picked":["Outmaneuver","Choke"],"picked":"Backflip","floor":6.0},{"not_picked":["Poisoned Stab","Slice"],"picked":"Venomology","floor":8.0},{"not_picked":["Flechettes","Acrobatics"],"picked":"Poisoned Stab","floor":11.0},{"not_picked":["Dodge and Roll","Slice"],"picked":"Noxious Fumes","floor":14.0},{"not_picked":["Glass Knife","Doppelganger"],"picked":"Night Terror","floor":16.0},{"not_picked":["Flying Knee","Underhanded Strike+1"],"picked":"Deadly Poison+1","floor":18.0},{"not_picked":["Terror+1","Flying Knee+1","Cloak And Dagger+1"],"picked":"SKIP","floor":19.0},{"not_picked":["Dagger Spray","Heel Hook"],"picked":"Leg Sweep+1","floor":21.0},{"not_picked":["Concentrate","Dash","Setup+1"],"picked":"SKIP","floor":23.0},{"not_picked":["Choke","Bane","Caltrops"],"picked":"SKIP","floor":24.0},{"not_picked":["Concentrate","Poisoned Stab"],"picked":"Bullet Time","floor":25.0}],"player_experience":305651,"relics_obtained":[{"floor":6.0,"key":"Bag of Preparation"},{"floor":8.0,"key":"Strawberry"},{"floor":9.0,"key":"White Beast Statue"},{"floor":11.0,"key":"Girya"},{"floor":23.0,"key":"Incense Burner"},{"floor":25.0,"key":"Juzu Bracelet"},{"floor":26.0,"key":"Centennial Puzzle"},{"floor":28.0,"key":"Nilry\u0027s Codex"}],"event_choices":[{"cards_removed":["Strike_G"],"damage_healed":0.0,"max_hp_gain":0.0,"max_hp_loss":0.0,"gold_gain":0.0,"event_name":"Golden Wing","player_choice":"Card Removal","floor":3.0,"gold_loss":0.0,"damage_taken":7.0},{"damage_healed":0.0,"max_hp_gain":0.0,"max_hp_loss":0.0,"gold_gain":0.0,"event_name":"Wheel of Change","player_choice":"Cursed","floor":20.0,"gold_loss":0.0,"damage_taken":0.0,"cards_obtained":["Decay"]},{"damage_healed":0.0,"max_hp_gain":0.0,"max_hp_loss":0.0,"gold_gain":0.0,"event_name":"Cursed Tome","player_choice":"Obtained Book","floor":28.0,"gold_loss":0.0,"damage_taken":16.0},{"damage_healed":0.0,"max_hp_gain":0.0,"max_hp_loss":0.0,"gold_gain":0.0,"event_name":"Forgotten Altar","player_choice":"Smashed Altar","floor":30.0,"gold_loss":0.0,"damage_taken":0.0,"cards_obtained":["Decay"]},{"damage_healed":0.0,"max_hp_gain":0.0,"max_hp_loss":21.0,"gold_gain":0.0,"event_name":"Vampires","player_choice":"Became a vampire","floor":31.0,"gold_loss":0.0,"damage_taken":0.0,"cards_obtained":["Bite","Bite","Bite","Bite","Bite"]}],"is_beta":false,"boss_relics":[{"not_picked":["Tiny House","SlaversCollar"],"picked":"SacredBark"}],"items_purged_floors":[22],"is_endless":false,"potions_floor_spawned":[4,5,6,11,14,16,18,19,21,23,24,25],"killed_by":"Collector","ascension_level":9}}