{"host":"qvl114e0jmbc6yhm","time":1611962923,"event":{"mods":["Act Like it!","BaseMod","Hermit","Highlight Path","Hubris","Jedi Mod","Marisa????????","Marked Mod","Minty Spire (QoL Compilation)","Permanent Neow","Random Character Button","Relic Sorter","Relic Stats","Replay The Spire","Shop Mod","Spicy Shops","StSLib","The Jungle","The Runesmith"],"gold_per_floor":[113,129,129,129,144,172,55,81,81,106,106,119,136,165,165,237,237,253,272,48,48,62,91,91,120,120,120,93,113,113,147,147,221,221,240,256,269,289,48,81,92,125,200,200,200,200,228,54,54,54],"floor_reached":51,"language":"ENG","playtime":2554,"items_purged":["Strike_R","Strike_R","Strike_R"],"score":1747,"play_id":"9340c063-730d-4d8e-be13-55f8aebac1d5","local_time":"20210129182843","is_ascension_mode":true,"campfire_choices":[{"floor":11,"key":"REST"},{"data":"Feel No Pain","floor":15,"key":"SMITH"},{"data":"Abandon","floor":27,"key":"SMITH"},{"data":"True Grit","floor":32,"key":"SMITH"},{"data":"hubris:DuctTapeCard","floor":46,"key":"SMITH"},{"data":"Exhume","floor":49,"key":"SMITH"}],"circlet_count":0,"master_deck":["AscendersBane","Strike_R","Strike_R","Defend_R","Defend_R","Defend_R","Defend_R","Bash+1","Reckless Charge","Thunderclap","Dropkick","Whirlwind","Feel No Pain+1","Juggernaut","Battle Trance","Fiend Fire","Abandon+1","hubris:StunningStrike","Spot Weakness","True Grit+1","RitualDagger","hubris:Gluttony","Evolve","Exhume+1","jedi:controlledanger","Intimidate","hubris:DuctTapeCard+2","Madness","Madness"],"relics":["Burning Blood","Dead Branch","StoneCalendar","ReplayTheSpireMod:Shallot","hubris:PeanutButter","CaptainsWheel","King of Hearts","ChewingGum","Bag of Preparation","FaceOfCleric","Onion Ring","Bag of Marbles","hubris:CrystalStatue","ReplayTheSpireMod:CursedCoin","hubris:ChampionShield","Boot","hubris:ScarierMask","Bottled Tornado","Paper Frog","Juzu Bracelet","hubris:DuctTape","Oddly Smooth Stone"],"acts_visited":["Exordium","TheCity","TheBeyond"],"potions_floor_usage":[8,10,16,23,23,40,50,50],"damage_taken":[{"damage":7,"enemies":"Cultist","floor":1,"turns":5},{"damage":1,"enemies":"2 Louse","floor":2,"turns":2},{"damage":14,"enemies":"Jaw Worm","floor":5,"turns":4},{"damage":26,"enemies":"3 Sentries","floor":6,"turns":7},{"damage":8,"enemies":"Gremlin Nob","floor":8,"turns":3},{"damage":24,"enemies":"Lagavulin","floor":10,"turns":6},{"damage":11,"enemies":"Exordium Wildlife","floor":12,"turns":3},{"damage":0,"enemies":"2 Fungi Beasts","floor":13,"turns":2},{"damage":0,"enemies":"Gremlin Nob","floor":14,"turns":3},{"damage":0,"enemies":"Hexaghost","floor":16,"turns":5},{"damage":0,"enemies":"Chosen","floor":18,"turns":5},{"damage":0,"enemies":"2 Thieves","floor":19,"turns":3},{"damage":0,"enemies":"Centurion and Healer","floor":22,"turns":5},{"damage":7,"enemies":"Slavers","floor":23,"turns":3},{"damage":0,"enemies":"Replay:Snechameleon","floor":25,"turns":5},{"damage":0,"enemies":"Snake Plant","floor":29,"turns":1},{"damage":0,"enemies":"Gremlin Leader","floor":31,"turns":5},{"damage":15,"enemies":"hubris:MusketHawk","floor":33,"turns":6},{"damage":0,"enemies":"Orb Walker","floor":35,"turns":1},{"damage":0,"enemies":"3 Darklings","floor":36,"turns":1},{"damage":1,"enemies":"Spire Growth","floor":37,"turns":4},{"damage":0,"enemies":"Sphere and 2 Shapes","floor":38,"turns":2},{"damage":4,"enemies":"Nemesis","floor":40,"turns":3},{"damage":0,"enemies":"Jaw Worm Horde","floor":41,"turns":2},{"damage":0,"enemies":"Reptomancer","floor":42,"turns":5},{"damage":0,"enemies":"Giant Head","floor":47,"turns":6},{"damage":17,"enemies":"hubris:GrandSnecko","floor":50,"turns":7}],"seed_played":"-7793937338460228865","potions_obtained":[{"floor":6,"key":"jedi:StrikingPotion"},{"floor":10,"key":"SkillPotion"},{"floor":12,"key":"jedi:StrikingPotion"},{"floor":18,"key":"LifebloodPotion"},{"floor":22,"key":"AttackPotion"},{"floor":25,"key":"PowerPotion"},{"floor":33,"key":"AttackPotion"},{"floor":40,"key":"Ancient Potion"},{"floor":42,"key":"ElixirPotion"}],"is_trial":true,"path_per_floor":["M","M","?","?","M","E","$","E","T","E","R","M","M","E","R","B",null,"M","M","$","?","M","E","?","E","T","R","$","M","?","E","R","B",null,"M","M","M","M","$","E","M","E","T","?","?","R","E","$","R","B",null],"character_chosen":"IRONCLAD","items_purchased":["Feel No Pain","Fire Potion","Bag of Preparation","ReplayTheSpireMod:CursedCoin","Evolve","Bottled Tornado","SteroidPotion"],"campfire_rested":1,"item_purchase_floors":[7,7,20,28,28,39,48],"current_hp_per_floor":[67,72,72,72,64,44,44,42,42,24,46,41,47,53,53,59,71,75,75,75,75,76,76,70,77,77,77,77,79,79,80,80,72,79,82,83,84,85,85,86,87,88,88,77,77,77,84,84,84,74],"gold":54,"neow_bonus":"","is_daily":false,"chose_seed":true,"campfire_upgraded":5,"win_rate":0.0,"timestamp":1611962923,"path_taken":["M","M","?","?","M","E","$","E","T","E","R","?","M","E","R","BOSS","M","M","$","?","?","E","?","E","T","R","?","M","?","E","R","BOSS","M","M","M","M","$","E","M","E","T","?","?","R","E","$","R","BOSS"],"items_purchased_type":["Card","Potion","Relic","Relic","Card","Relic","Potion"],"build_version":"2020-12-22","purchased_purges":3,"victory":true,"max_hp_per_floor":[75,75,75,75,75,75,75,75,75,75,75,75,75,75,75,75,75,75,75,75,75,76,77,77,78,78,78,78,79,79,80,80,81,81,82,83,84,85,85,86,87,88,88,88,88,88,89,89,89,90],"relic_stats":{"FaceOfCleric":15,"counters":[27,104],"Dead Branch":[268],"StoneCalendar":[0],"Bag of Preparation":[30],"Juzu Bracelet":0,"Boot":[15],"obtain_stats":[{"hubris:CrystalStatue":26,"hubris:DuctTape":43,"ReplayTheSpireMod:CursedCoin":28,"Dead Branch":0,"Oddly Smooth Stone":47,"StoneCalendar":6,"King of Hearts":14,"Bag of Preparation":20,"Juzu Bracelet":42,"Bottled Tornado":39,"Boot":31,"Burning Blood":0,"CaptainsWheel":10,"ReplayTheSpireMod:Shallot":8,"FaceOfCleric":21,"hubris:ScarierMask":34,"hubris:PeanutButter":9,"ChewingGum":17,"Onion Ring":23,"Bag of Marbles":25,"hubris:ChampionShield":30,"Paper Frog":40},{"hubris:CrystalStatue":15,"hubris:DuctTape":25,"ReplayTheSpireMod:CursedCoin":15,"Dead Branch":0,"Oddly Smooth Stone":26,"StoneCalendar":4,"King of Hearts":9,"Bag of Preparation":12,"Juzu Bracelet":25,"Bottled Tornado":22,"Boot":17,"Burning Blood":0,"CaptainsWheel":6,"ReplayTheSpireMod:Shallot":5,"FaceOfCleric":12,"hubris:ScarierMask":18,"hubris:PeanutButter":5,"ChewingGum":10,"Onion Ring":14,"Bag of Marbles":15,"hubris:ChampionShield":16,"Paper Frog":23},{"hubris:CrystalStatue":61,"hubris:DuctTape":91,"ReplayTheSpireMod:CursedCoin":61,"Dead Branch":0,"Oddly Smooth Stone":97,"StoneCalendar":18,"King of Hearts":35,"Bag of Preparation":48,"Juzu Bracelet":91,"Bottled Tornado":81,"Boot":67,"Burning Blood":0,"CaptainsWheel":27,"ReplayTheSpireMod:Shallot":21,"FaceOfCleric":48,"hubris:ScarierMask":73,"hubris:PeanutButter":21,"ChewingGum":40,"Onion Ring":56,"Bag of Marbles":61,"hubris:ChampionShield":62,"Paper Frog":84}],"Burning Blood":102},"card_choices":[{"not_picked":["Pommel Strike","Flex"],"picked":"Reckless Charge","floor":1},{"not_picked":["hubris:ReadiedAction","Headbutt"],"picked":"Thunderclap","floor":2},{"not_picked":["hubris:ReadiedAction","Thunderclap"],"picked":"Dropkick","floor":5},{"not_picked":["Clash","Fire Breathing"],"picked":"Whirlwind","floor":6},{"not_picked":["jedi:bloodyhammer","Flex"],"picked":"Juggernaut","floor":8},{"not_picked":["jedi:fear","Headbutt"],"picked":"Battle Trance","floor":10},{"not_picked":["Second Wind","True Grit"],"picked":"Seeing Red","floor":12},{"not_picked":["Hemokinesis","Spot Weakness"],"picked":"Fiend Fire","floor":13},{"not_picked":["Heavy Blade","Dropkick"],"picked":"Abandon","floor":14},{"not_picked":["Demonic Infusion","Hemogenesis"],"picked":"hubris:StunningStrike","floor":16},{"not_picked":["Twin Strike","Iron Wave","Flex"],"picked":"SKIP","floor":18},{"not_picked":["Flex","hubris:ReadiedAction"],"picked":"Spot Weakness","floor":19},{"not_picked":["Clothesline","Blood for Blood"],"picked":"True Grit","floor":22},{"not_picked":["Twin Strike","Perfected Strike","Berserk"],"picked":"SKIP","floor":23},{"not_picked":["Thunderclap","Replay:Undeath\u0027s Touch","Heavy Blade+1"],"picked":"SKIP","floor":25},{"not_picked":["Iron Wave","Combust","Sword Boomerang"],"picked":"SKIP","floor":29},{"not_picked":["hubris:ReadiedAction","Armaments","Ghostly Armor"],"picked":"SKIP","floor":31},{"not_picked":["Replay:Many Hands","Berserk"],"picked":"Exhume","floor":33},{"not_picked":["Heavy Blade","Pommel Strike","ReplayTheSpireMod:Strike From Hell+1"],"picked":"SKIP","floor":35},{"not_picked":["Thunderclap","Replay:Undeath\u0027s Touch","hubris:SharpeningStone"],"picked":"SKIP","floor":36},{"not_picked":["Heavy Blade","ReplayTheSpireMod:Muscle Training"],"picked":"jedi:controlledanger","floor":37},{"not_picked":["Wild Strike","Combust+1","Body Slam+1"],"picked":"SKIP","floor":38},{"not_picked":["Warcry+1","Combust+1"],"picked":"Intimidate","floor":40},{"not_picked":["Perfected Strike","ReplayTheSpireMod:LeadingStrike"],"picked":"jedi:strikingstrike","floor":41},{"not_picked":["Cleave","Rupture","Second Wind"],"picked":"SKIP","floor":42},{"not_picked":["Perfected Strike+1","Cleave","Spot Weakness"],"picked":"SKIP","floor":47}],"player_experience":2465578,"relics_obtained":[{"floor":6,"key":"StoneCalendar"},{"floor":8,"key":"ReplayTheSpireMod:Shallot"},{"floor":9,"key":"hubris:PeanutButter"},{"floor":10,"key":"CaptainsWheel"},{"floor":14,"key":"King of Hearts"},{"floor":23,"key":"Onion Ring"},{"floor":25,"key":"Bag of Marbles"},{"floor":26,"key":"hubris:CrystalStatue"},{"floor":30,"key":"hubris:ChampionShield"},{"floor":31,"key":"Boot"},{"floor":40,"key":"Paper Frog"},{"floor":42,"key":"Juzu Bracelet"},{"floor":43,"key":"hubris:DuctTape"},{"floor":47,"key":"Oddly Smooth Stone"}],"event_choices":[{"damage_healed":0,"gold_gain":0,"player_choice":"Grow","damage_taken":0,"max_hp_gain":0,"max_hp_loss":0,"event_name":"Living Wall","floor":3,"gold_loss":0,"cards_upgraded":["Bash"]},{"damage_healed":0,"gold_gain":0,"player_choice":"Ignored","damage_taken":0,"max_hp_gain":0,"max_hp_loss":0,"event_name":"NoteForYourself","floor":4,"gold_loss":0},{"damage_healed":0,"gold_gain":0,"player_choice":"Trade","damage_taken":0,"relics_obtained":["FaceOfCleric"],"max_hp_gain":0,"max_hp_loss":0,"event_name":"FaceTrader","floor":21,"gold_loss":0},{"damage_healed":0,"gold_gain":0,"player_choice":"Joined the Cult","damage_taken":6,"max_hp_gain":0,"max_hp_loss":0,"event_name":"Nest","floor":24,"gold_loss":0,"cards_obtained":["RitualDagger"]},{"damage_healed":0,"gold_gain":0,"player_choice":"Embrace Madness","damage_taken":11,"max_hp_gain":0,"max_hp_loss":0,"event_name":"Winding Halls","floor":44,"gold_loss":0,"cards_obtained":["Madness","Madness"]},{"damage_healed":0,"gold_gain":0,"player_choice":"Ignored","damage_taken":0,"max_hp_gain":0,"max_hp_loss":0,"event_name":"Tomb of Lord Red Mask","floor":45,"gold_loss":0}],"is_beta":false,"boss_relics":[{"not_picked":["hubris:Stopwatch","Busted Crown"],"picked":"ChewingGum"},{"not_picked":["hubris:RunicObelisk","Runic Cube"],"picked":"hubris:ScarierMask"}],"items_purged_floors":[20,28,48],"is_endless":false,"potions_floor_spawned":[6,10,12,14,18,22,25,33,38,40,41,42],"ascension_level":14}}