{"host":"gkm149kh1ihaqy0o","time":1611884468,"event":{"mods":["AchievementEnabler","BaseMod","Colored Powertips","Googly Eyes","Key Reminder","Minty Spire (QoL Compilation)","Permanent Neow","Quick Restart","Random Character Button","Rare Cards Sparkle","Relic Sorter","Relic Stats","SuperFastMode","Unceasing Turn Reminder","everything is the same but u backflip on backflip"],"gold_per_floor":[365,7,19,19,33,33,58,58,58,58,73,83,93,17,17,89,89,102,27,27,44,44,75,86,86,86,86,106,106,126,226,226,226,226],"floor_reached":33,"language":"ENG","playtime":1223,"items_purged":["Strike_R"],"score":507,"play_id":"f38c20d7-1957-4c91-9f8c-93de8bf27c3b","local_time":"20210128194108","is_ascension_mode":true,"campfire_choices":[{"floor":6,"key":"REST"},{"floor":8,"key":"REST"},{"floor":15,"key":"REST"},{"floor":25,"key":"REST"},{"data":"Dark Embrace","floor":32,"key":"SMITH"}],"circlet_count":0,"master_deck":["AscendersBane","Strike_R+1","Strike_R+1","Strike_R","Defend_R","Defend_R","Defend_R","Defend_R","Bash","Infernal Blade+1","Hemokinesis","True Grit+1","Immolate+1","Dark Embrace+1","Combust","Anger+1","Inflame","Offering+1","Second Wind+1","Shame","Havoc+1","Ghostly+1","Ghostly+1","Ghostly+1","Thunderclap+1","Disarm+1","Decay","Pommel Strike+1","Infernal Blade+1"],"relics":["Burning Blood","Toxic Egg 2","Molten Egg 2","Mummified Hand","Sozu","Mercury Hourglass","Pantograph","Gremlin Horn","Girya","Pear"],"acts_visited":["Exordium","TheCity"],"potions_floor_usage":[7,7,16],"damage_taken":[{"damage":4,"enemies":"2 Louse","floor":1,"turns":4},{"damage":6,"enemies":"Jaw Worm","floor":3,"turns":5},{"damage":2,"enemies":"Cultist","floor":5,"turns":3},{"damage":42,"enemies":"3 Sentries","floor":7,"turns":10},{"damage":6,"enemies":"Red Slaver","floor":11,"turns":2},{"damage":16,"enemies":"Large Slime","floor":12,"turns":4},{"damage":0,"enemies":"2 Fungi Beasts","floor":13,"turns":2},{"damage":18,"enemies":"Slime Boss","floor":16,"turns":7},{"damage":10,"enemies":"2 Thieves","floor":18,"turns":2},{"damage":8,"enemies":"Spheric Guardian","floor":21,"turns":3},{"damage":33,"enemies":"Slavers","floor":23,"turns":5},{"damage":2,"enemies":"Cultist and Chosen","floor":24,"turns":5},{"damage":6,"enemies":"Centurion and Healer","floor":28,"turns":2},{"damage":12,"enemies":"Snake Plant","floor":30,"turns":3},{"damage":0,"enemies":"Colosseum Slavers","floor":31,"turns":2},{"damage":10,"enemies":"Colosseum Nobs","floor":31,"turns":3},{"damage":60,"enemies":"Champ","floor":33,"turns":6}],"seed_played":"1782114284102570429","potions_obtained":[{"floor":1,"key":"ColorlessPotion"},{"floor":5,"key":"Swift Potion"},{"floor":11,"key":"CultistPotion"}],"is_trial":false,"path_per_floor":["M","$","M","?","M","R","E","R","T","?","M","M","M","$","R","B",null,"M","?","?","M","?","E","M","R","T","?","M","?","M","?","R","B"],"character_chosen":"IRONCLAD","items_purchased":["Toxic Egg 2","Inflame"],"campfire_rested":4,"item_purchase_floors":[2,14],"current_hp_per_floor":[52,52,52,29,33,55,19,41,41,41,41,31,37,37,59,47,68,64,64,64,62,37,10,14,25,25,25,25,25,19,31,31,0,0],"gold":226,"neow_bonus":"TWO_FIFTY_GOLD","is_daily":false,"chose_seed":false,"campfire_upgraded":1,"win_rate":0.0,"timestamp":1611884468,"path_taken":["M","$","M","?","M","R","E","R","T","?","?","M","M","?","R","BOSS","M","?","?","M","?","E","M","R","T","?","?","?","M","?","R","BOSS"],"items_purchased_type":["Relic","Card"],"build_version":"2020-12-22","purchased_purges":1,"victory":false,"max_hp_per_floor":[75,75,75,75,75,75,75,75,75,75,75,75,75,75,75,75,75,75,75,75,75,37,37,37,37,37,37,37,37,37,47,47,47,47],"relic_stats":{"Sozu":4,"Gremlin Horn":[3,3],"counters":[17,68],"Mummified Hand":[20],"Pantograph":16,"obtain_stats":[{"Sozu":17,"Girya":31,"Pear":31,"Gremlin Horn":26,"Mummified Hand":9,"Pantograph":23,"Molten Egg 2":7,"Toxic Egg 2":2,"Burning Blood":0,"Mercury Hourglass":20},{"Sozu":8,"Girya":16,"Pear":16,"Gremlin Horn":12,"Mummified Hand":4,"Pantograph":11,"Molten Egg 2":4,"Toxic Egg 2":1,"Burning Blood":0,"Mercury Hourglass":9},{"Sozu":37,"Girya":62,"Pear":62,"Gremlin Horn":52,"Mummified Hand":22,"Pantograph":47,"Molten Egg 2":22,"Toxic Egg 2":4,"Burning Blood":0,"Mercury Hourglass":39}],"Burning Blood":96,"Mercury Hourglass":[102]},"card_choices":[{"not_picked":["Warcry","Body Slam"],"picked":"Infernal Blade","floor":1},{"not_picked":["Wild Strike","Sword Boomerang"],"picked":"Hemokinesis","floor":3},{"not_picked":["Wild Strike","Twin Strike"],"picked":"True Grit+1","floor":5},{"not_picked":["Shockwave+1","Flex+1"],"picked":"Immolate+1","floor":7},{"not_picked":["Thunderclap+1","Flex+1"],"picked":"Dark Embrace","floor":11},{"not_picked":["Seeing Red+1","Blood for Blood+1"],"picked":"Combust","floor":12},{"not_picked":["Combust","Searing Blow+1"],"picked":"Anger+1","floor":13},{"not_picked":["Fiend Fire+1","Juggernaut"],"picked":"Offering+1","floor":16},{"not_picked":["Blood for Blood+1","Sword Boomerang+1"],"picked":"Second Wind+1","floor":18},{"not_picked":["Warcry+1","Sword Boomerang+1"],"picked":"Havoc+1","floor":21},{"not_picked":["Headbutt+1","Warcry+1"],"picked":"Thunderclap+1","floor":23},{"not_picked":["Armaments+1","Bloodletting+1"],"picked":"Disarm+1","floor":24},{"not_picked":["Wild Strike+1","Dark Embrace","Reckless Charge+1"],"picked":"SKIP","floor":28},{"not_picked":["Sword Boomerang+1","Headbutt+1","Pommel Strike+1"],"picked":"SKIP","floor":30},{"not_picked":["Flex+1","Rampage+1"],"picked":"Infernal Blade+1","floor":31}],"player_experience":632410,"relics_obtained":[{"floor":7,"key":"Molten Egg 2"},{"floor":9,"key":"Mummified Hand"},{"floor":23,"key":"Pantograph"},{"floor":26,"key":"Gremlin Horn"},{"floor":31,"key":"Girya"},{"floor":31,"key":"Pear"}],"event_choices":[{"damage_healed":0,"gold_gain":0,"player_choice":"Entered Light","damage_taken":23,"max_hp_gain":0,"max_hp_loss":0,"event_name":"Shining Light","floor":4,"gold_loss":0,"cards_upgraded":["Strike_R","Strike_R"]},{"damage_healed":0,"gold_gain":0,"player_choice":"Forge","damage_taken":0,"max_hp_gain":0,"max_hp_loss":0,"event_name":"Accursed Blacksmith","floor":10,"gold_loss":0,"cards_upgraded":["Infernal Blade"]},{"cards_removed":["Strike_R"],"damage_healed":0,"gold_gain":0,"player_choice":"Gave Gold","damage_taken":0,"max_hp_gain":0,"max_hp_loss":0,"event_name":"Beggar","floor":19,"gold_loss":75},{"damage_healed":0,"gold_gain":0,"player_choice":"Stole Relic","damage_taken":0,"relics_obtained":["Mercury Hourglass"],"max_hp_gain":0,"max_hp_loss":0,"event_name":"Addict","floor":20,"gold_loss":0,"cards_obtained":["Shame"]},{"damage_healed":0,"gold_gain":0,"player_choice":"Became a Ghost","damage_taken":0,"max_hp_gain":0,"max_hp_loss":38,"event_name":"Ghosts","floor":22,"gold_loss":0,"cards_obtained":["Ghostly","Ghostly","Ghostly"]},{"damage_healed":0,"gold_gain":0,"player_choice":"Cursed","damage_taken":0,"max_hp_gain":0,"max_hp_loss":0,"event_name":"Wheel of Change","floor":27,"gold_loss":0,"cards_obtained":["Decay"]},{"damage_healed":0,"gold_gain":0,"player_choice":"Read","damage_taken":0,"max_hp_gain":0,"max_hp_loss":0,"event_name":"The Library","floor":29,"gold_loss":0,"cards_obtained":["Pommel Strike"]},{"damage_healed":0,"gold_gain":0,"player_choice":"Fight","damage_taken":0,"max_hp_gain":0,"max_hp_loss":0,"event_name":"Colosseum","floor":31,"gold_loss":0},{"damage_healed":0,"gold_gain":0,"player_choice":"Fought Nobs","damage_taken":0,"max_hp_gain":0,"max_hp_loss":0,"event_name":"Colosseum","floor":31,"gold_loss":0}],"is_beta":false,"boss_relics":[{"not_picked":["Runic Dome","Runic Pyramid"],"picked":"Sozu"}],"items_purged_floors":[2],"is_endless":false,"potions_floor_spawned":[1,5,11,18,23,30,31],"killed_by":"Champ","ascension_level":18}}