{"host":"5gc11emcm5chfr5t","time":1611947822,"event":{"mods":["2.2 Compatiblity","AchievementEnabler","BaseMod","Bestiary","Better Note","Colored Map","Colored Powertips","Downfall","Googly Eyes","Minty Spire (QoL Compilation)","Rare Cards Sparkle","StSLib"],"gold_per_floor":[113,132,145,145,145,145,176,189,189,189,203,244,51,64,64,153,153,166,0,0,38,63,63,101,101,101,134,155,175,200,238,238,334,334,358,318,334,1333,137,137,180,218,293,313,44,87,106,124,124,124,124],"floor_reached":52,"language":"ENG","playtime":1571,"items_purged":[],"score":3089,"play_id":"4cb0bf90-08ff-4811-b89f-bb9098a91de5","local_time":"20210129141702","daily_mods":["Draft","Hoarder","Heirloom","DeadlyEvents","Cursed Run"],"is_ascension_mode":true,"campfire_choices":[{"data":"sneckomod:WideSting","floor":6,"key":"SMITH"},{"data":"sneckomod:MorePower","floor":10,"key":"SMITH"},{"data":"sneckomod:MorePower","floor":15,"key":"SMITH"},{"data":"Mayhem","floor":23,"key":"SMITH"},{"data":"Normality","floor":32,"key":"PURGE"},{"data":"1","floor":40,"key":"LIFT"},{"data":"2","floor":49,"key":"LIFT"}],"circlet_count":0,"master_deck":["AscendersBane","sneckomod:UnknownWeak","sneckomod:UnknownWeak","sneckomod:UnknownWeak","sneckomod:UnknownStrike","sneckomod:UnknownStrike","sneckomod:UnknownStrike","sneckomod:UnknownDraw","sneckomod:UnknownDraw","sneckomod:UnknownDraw","sneckomod:SoulCleanse","sneckomod:SoulCleanse","sneckomod:SoulCleanse","sneckomod:WideSting","sneckomod:WideSting","sneckomod:WideSting+1","sneckomod:UnknownCommonAttack","sneckomod:UnknownCommonAttack","sneckomod:UnknownCommonAttack+1","sneckomod:IronFang","sneckomod:IronFang","sneckomod:SoulRoll","sneckomod:SoulRoll","sneckomod:SoulRoll","sneckomod:ImprovisedAttack","sneckomod:ImprovisedAttack","sneckomod:ImprovisedAttack","sneckomod:UnknownBlock","sneckomod:UnknownBlock","sneckomod:UnknownBlock","sneckomod:Unknown2Cost","sneckomod:Unknown2Cost","sneckomod:Unknown2Cost","sneckomod:UnknownUncommonSkill","sneckomod:UnknownUncommonSkill","sneckomod:UnknownUncommonSkill","sneckomod:TrashToTreasure","sneckomod:TrashToTreasure","sneckomod:TrashToTreasure","sneckomod:UnknownUncommonPower","sneckomod:UnknownUncommonPower","sneckomod:UnknownUncommonPower","sneckomod:Unknown1Cost","sneckomod:Unknown1Cost","sneckomod:Unknown1Cost","sneckomod:QuickBite","sneckomod:QuickBite","sneckomod:QuickBite","sneckomod:DiceBlock","sneckomod:DiceBlock","sneckomod:DiceBlock","Injury","Injury","Injury","sneckomod:Unknown0Cost","sneckomod:Unknown0Cost","sneckomod:Unknown0Cost","sneckomod:MorePower","sneckomod:MorePower+1","sneckomod:MorePower+1","Normality","Normality","Mayhem+1","Mayhem","Mayhem","sneckomod:UnknownUncommonSkill","sneckomod:UnknownUncommonSkill","sneckomod:UnknownUncommonSkill","Writhe","Writhe","Writhe","sneckomod:SoulExchange+1","sneckomod:SoulExchange+1","sneckomod:SoulExchange+1","sneckomod:UnknownVulnerable+1","sneckomod:UnknownVulnerable+1","sneckomod:UnknownVulnerable+1","sneckomod:UnknownRareSkill","sneckomod:UnknownRareSkill","sneckomod:UnknownRareSkill","CurseOfTheBell","CurseOfTheBell","CurseOfTheBell","sneckomod:UnknownUncommonAttack","sneckomod:UnknownUncommonAttack","sneckomod:UnknownUncommonAttack","sneckomod:Restock","sneckomod:Restock","sneckomod:Restock","sneckomod:Unknown1Cost","sneckomod:Unknown1Cost","sneckomod:Unknown1Cost","sneckomod:TrashToTreasure","sneckomod:TrashToTreasure","sneckomod:TrashToTreasure","Clumsy","Clumsy","Clumsy","downfall:Bewildered","downfall:Bewildered","downfall:Bewildered","sneckomod:UnknownClassGREEN+1","sneckomod:UnknownClassGREEN+1","sneckomod:UnknownClassGREEN+1","sneckomod:UnknownClassPURPLE","sneckomod:UnknownClassPURPLE","sneckomod:UnknownClassPURPLE","sneckomod:UnknownClassPURPLE","sneckomod:UnknownClassPURPLE","sneckomod:UnknownClassPURPLE","Writhe","Writhe","Writhe","sneckomod:Unknown3Cost","sneckomod:Unknown3Cost","sneckomod:Unknown3Cost","sneckomod:UnknownClassPURPLE","sneckomod:UnknownClassPURPLE","sneckomod:UnknownClassPURPLE","sneckomod:UnknownClassPURPLE","sneckomod:UnknownClassPURPLE","sneckomod:UnknownClassPURPLE","sneckomod:UnknownClassPURPLE","sneckomod:UnknownClassPURPLE","sneckomod:UnknownClassPURPLE","sneckomod:UnknownClassPURPLE","sneckomod:UnknownClassPURPLE","sneckomod:UnknownClassPURPLE","sneckomod:UnknownClassPURPLE","sneckomod:UnknownClassPURPLE","sneckomod:UnknownClassPURPLE","DevaForm","DevaForm","DevaForm","sneckomod:UnknownWeak+1","sneckomod:UnknownWeak+1","sneckomod:UnknownWeak+1","sneckomod:UnknownClassHEXA_GHOST_PURPLE+1","sneckomod:UnknownClassHEXA_GHOST_PURPLE+1","sneckomod:UnknownClassHEXA_GHOST_PURPLE+1","Normality","Normality","Normality","Normality","Normality","Normality","Metamorphosis","Metamorphosis","Metamorphosis","Madness","Madness","Madness","sneckomod:SlitherStrike+1","sneckomod:SlitherStrike+1","sneckomod:SlitherStrike+1","ConjureBlade","ConjureBlade","ConjureBlade","sneckomod:DangerNoodle+1","sneckomod:DangerNoodle+1","sneckomod:DangerNoodle+1","sneckomod:UnknownVulnerable+1","sneckomod:UnknownVulnerable+1","sneckomod:UnknownVulnerable+1","Regret","Regret","Regret","DeusExMachina","DeusExMachina","DeusExMachina","sneckomod:UnknownRareAttack+1","sneckomod:UnknownRareAttack+1","sneckomod:UnknownRareAttack+1","sneckomod:UnknownRareSkill","sneckomod:UnknownRareSkill","sneckomod:UnknownRareSkill","sneckomod:UnknownRarePower","sneckomod:UnknownRarePower","sneckomod:UnknownRarePower","Mind Blast+1","Mind Blast+1","Mind Blast+1","Alpha","Alpha","Alpha","sneckomod:UnknownVulnerable+1","sneckomod:UnknownVulnerable+1","sneckomod:UnknownVulnerable+1","Devotion","Devotion","Devotion","sneckomod:QuickBite+1","sneckomod:QuickBite+1","sneckomod:QuickBite+1","LessonLearned+1","LessonLearned+1","LessonLearned+1","sneckomod:Unknown1Cost","sneckomod:Unknown1Cost","sneckomod:Unknown1Cost","downfall:Malfunctioning","downfall:Malfunctioning","downfall:Malfunctioning","Decay","Decay","Decay"],"relics":["Cursed Key","Darkstone Periapt","Du-Vu Doll","Unceasing Top","Golden Idol","HornCleat","hexamod:CandleOfCauterizing","Bag of Preparation","Calling Bell","PreservedInsect","Blue Candle","StoneCalendar","ClockworkSouvenir","Art of War","bronze:DecasWashers","Peace Pipe","Meat on the Bone","Singing Bowl","Potion Belt","sneckomod:SneckoBoss","Molten Egg 2","Sling","Girya","bronze:BronzeIdol","Gremlin Horn","White Beast Statue","sneckomod:RareBoosterPack","sneckomod:BlankCard"],"acts_visited":["Exordium","TheCity","TheBeyond"],"potions_floor_usage":[3,8,16,31,35,41,41,42,44,50,50],"damage_taken":[{"damage":0,"enemies":"Small Slimes","floor":1,"turns":1},{"damage":14,"enemies":"Jaw Worm","floor":2,"turns":3},{"damage":0,"enemies":"Cultist","floor":3,"turns":1},{"damage":19,"enemies":"3 Sentries","floor":7,"turns":4},{"damage":2,"enemies":"Large Slime","floor":8,"turns":5},{"damage":1,"enemies":"Blue Slaver","floor":11,"turns":2},{"damage":4,"enemies":"Gremlin Nob","floor":12,"turns":4},{"damage":0,"enemies":"Looter","floor":14,"turns":1},{"damage":40,"enemies":"The Guardian","floor":16,"turns":7},{"damage":4,"enemies":"2 Thieves","floor":18,"turns":3},{"damage":0,"enemies":"Gremlin Leader","floor":21,"turns":3},{"damage":0,"enemies":"Chosen","floor":22,"turns":3},{"damage":2,"enemies":"Slavers","floor":24,"turns":2},{"damage":0,"enemies":"Gremlin Leader","floor":27,"turns":2},{"damage":0,"enemies":"Snecko","floor":28,"turns":2},{"damage":0,"enemies":"Centurion and Healer","floor":29,"turns":2},{"damage":0,"enemies":"Snake Plant","floor":30,"turns":1},{"damage":0,"enemies":"Book of Stabbing","floor":31,"turns":1},{"damage":19,"enemies":"Collector","floor":33,"turns":3},{"damage":24,"enemies":"3 Darklings","floor":35,"turns":4},{"damage":0,"enemies":"Orb Walker","floor":37,"turns":2},{"damage":0,"enemies":"Giant Head","floor":41,"turns":1},{"damage":0,"enemies":"Nemesis","floor":42,"turns":3},{"damage":6,"enemies":"Jaw Worm Horde","floor":44,"turns":3},{"damage":0,"enemies":"Giant Head","floor":46,"turns":1},{"damage":49,"enemies":"Transient","floor":47,"turns":5},{"damage":0,"enemies":"Maw","floor":48,"turns":1},{"damage":0,"enemies":"Time Eater","floor":50,"turns":1},{"damage":2,"enemies":"Donu and Deca","floor":51,"turns":1}],"seed_played":"2056785061029319092","potions_obtained":[{"floor":1,"key":"sneckomod:OffclassReductionPotion"},{"floor":2,"key":"Explosive Potion"},{"floor":3,"key":"Block Potion"},{"floor":16,"key":"EssenceOfSteel"},{"floor":18,"key":"Energy Potion"},{"floor":35,"key":"Block Potion"},{"floor":36,"key":"sneckomod:MuddlingPotion"},{"floor":36,"key":"Slimebound:ThreeZeroPotion"},{"floor":36,"key":"bronze:BurnAndBuffPotion"},{"floor":41,"key":"AttackPotion"},{"floor":42,"key":"Swift Potion"},{"floor":44,"key":"LiquidBronze"},{"floor":46,"key":"LiquidMemories"}],"is_trial":true,"path_per_floor":["M","M","M","?","?","R","E","M","T","R","M","E","$","M","R","B",null,"M","$","?","E","M","R","E","T","T","E","M","M","M","E","R","B",null,"M","?","M","?","$","R","E","E","T","M","$","E","M","M","R","B","B",null],"character_chosen":"THE_SNECKO","items_purchased":["Mayhem","ClockworkSouvenir","Molten Egg 2","Sling","Girya","Metamorphosis","Madness","sneckomod:SlitherStrike+1","sneckomod:RareBoosterPack","Mind Blast+1"],"campfire_rested":0,"item_purchase_floors":[13,19,39,39,39,39,39,39,45,45],"current_hp_per_floor":[75,61,61,79,79,79,60,65,83,83,82,78,78,78,78,56,135,131,131,108,108,108,108,106,124,142,144,144,144,146,148,148,147,198,174,174,178,214,214,214,214,218,236,232,232,232,183,183,183,201,217],"gold":124,"neow_bonus":"","is_daily":false,"chose_seed":false,"campfire_upgraded":4,"win_rate":0.0,"timestamp":1611947822,"path_taken":["M","M","M","?","?","R","E","M","T","R","?","E","$","M","R","BOSS","M","$","?","?","M","R","E","?","T","?","M","?","M","E","R","BOSS","M","?","?","?","$","R","?","E","T","?","?","E","M","M","R","BOSS","BOSS"],"items_purchased_type":["Card","Relic","Relic","Relic","Relic","Card","Card","Card","Relic","Card"],"build_version":"2020-12-22","purchased_purges":0,"victory":true,"max_hp_per_floor":[83,83,83,101,101,101,101,101,119,119,119,119,119,119,119,137,155,155,155,155,155,155,155,155,173,191,193,193,193,195,197,197,215,215,215,215,219,255,255,255,255,259,277,279,279,279,279,279,279,297,315],"card_choices":[{"not_picked":["sneckomod:SerpentIdol","sneckomod:Nope"],"picked":"sneckomod:UnknownWeak","floor":0},{"not_picked":["sneckomod:UnknownDraw","sneckomod:DiceCrush"],"picked":"sneckomod:UnknownStrike","floor":0},{"not_picked":["sneckomod:UnknownBlock","sneckomod:Unknown1Cost"],"picked":"sneckomod:UnknownDraw","floor":0},{"not_picked":["sneckomod:SoulRoll","sneckomod:Unknown0Cost"],"picked":"sneckomod:SoulCleanse","floor":0},{"not_picked":["sneckomod:QuickBite","sneckomod:UnknownDraw"],"picked":"sneckomod:WideSting","floor":0},{"not_picked":["sneckomod:Nope","sneckomod:RainOfDice"],"picked":"sneckomod:UnknownCommonAttack","floor":0},{"not_picked":["sneckomod:UnknownCommonSkill","sneckomod:UnknownBlock"],"picked":"sneckomod:IronFang","floor":0},{"not_picked":["sneckomod:UnknownBlock","sneckomod:UnknownCommonAttack"],"picked":"sneckomod:SoulRoll","floor":0},{"not_picked":["sneckomod:Nope","sneckomod:Unknown1Cost"],"picked":"sneckomod:ImprovisedAttack","floor":0},{"not_picked":["sneckomod:SoulDraw","sneckomod:IronFang"],"picked":"sneckomod:UnknownBlock","floor":0},{"not_picked":["sneckomod:UnknownBlock","sneckomod:UnknownX"],"picked":"sneckomod:Unknown2Cost","floor":0},{"not_picked":["sneckomod:QuickMove","sneckomod:SoulRoll"],"picked":"sneckomod:UnknownUncommonSkill","floor":0},{"not_picked":["sneckomod:UnknownDraw","sneckomod:QuickBite"],"picked":"sneckomod:TrashToTreasure","floor":0},{"not_picked":["sneckomod:Nope","sneckomod:Unknown2Cost"],"picked":"sneckomod:UnknownUncommonPower","floor":0},{"not_picked":["sneckomod:IronFang","sneckomod:UnknownCommonSkill"],"picked":"sneckomod:Unknown1Cost","floor":0},{"not_picked":["sneckomod:DefensiveFlair","sneckomod:SoulRoll"],"picked":"sneckomod:QuickBite","floor":1},{"not_picked":["sneckomod:UnknownUncommonPower","sneckomod:QuickBite"],"picked":"sneckomod:DiceBlock","floor":2},{"not_picked":["sneckomod:QuickBite","sneckomod:Nope","sneckomod:IronFang"],"picked":"SKIP","floor":3},{"not_picked":["sneckomod:UnknownUncommonAttack","sneckomod:UnknownBlock"],"picked":"sneckomod:MorePower","floor":7},{"not_picked":["sneckomod:UnknownCommonSkill","sneckomod:DiceBlock","sneckomod:UnknownUncommonPower"],"picked":"SKIP","floor":8},{"not_picked":["sneckomod:WideSting","sneckomod:TrashToTreasure","sneckomod:Nope"],"picked":"SKIP","floor":11},{"not_picked":["sneckomod:RainOfDice","sneckomod:DiceCrush","sneckomod:UnknownDraw"],"picked":"SKIP","floor":12},{"not_picked":["sneckomod:Nope","sneckomod:UnknownDraw"],"picked":"sneckomod:UnknownUncommonSkill","floor":14},{"not_picked":["sneckomod:QuickMove+1","sneckomod:UnknownStrike+1"],"picked":"sneckomod:SoulExchange+1","floor":16},{"not_picked":["sneckomod:Memorize+1","sneckomod:SerpentIdol+1"],"picked":"sneckomod:UnknownVulnerable+1","floor":16},{"not_picked":["sneckomod:UnknownRarePower","sneckomod:Mudshield"],"picked":"sneckomod:UnknownRareSkill","floor":16},{"not_picked":["sneckomod:CheapStock+1","sneckomod:RainOfDice"],"picked":"sneckomod:UnknownUncommonAttack","floor":18},{"not_picked":["sneckomod:WideSting","sneckomod:SnekBeam"],"picked":"sneckomod:Restock","floor":21},{"not_picked":["sneckomod:UnknownDraw","sneckomod:Memorize"],"picked":"sneckomod:Unknown1Cost","floor":22},{"not_picked":["sneckomod:DiceCrush","sneckomod:QuickBite"],"picked":"sneckomod:TrashToTreasure","floor":24},{"not_picked":["sneckomod:RainOfDice","sneckomod:QuickBite","sneckomod:SoulRoll"],"picked":"Singing Bowl","floor":27},{"not_picked":["sneckomod:ImprovisedAttack+1","sneckomod:WideSting+1"],"picked":"sneckomod:UnknownClassGREEN+1","floor":28},{"not_picked":["sneckomod:UnknownClassHEXA_GHOST_PURPLE","sneckomod:WideSting"],"picked":"sneckomod:UnknownClassPURPLE","floor":28},{"not_picked":["sneckomod:UnknownBlock","sneckomod:QuickBite"],"picked":"sneckomod:UnknownClassPURPLE","floor":29},{"not_picked":["sneckomod:MixItUp","sneckomod:UnknownClassHEXA_GHOST_PURPLE","sneckomod:UnknownClassGREEN"],"picked":"Singing Bowl","floor":30},{"not_picked":["sneckomod:UnknownDraw","sneckomod:IronFang+1","sneckomod:SoulCleanse"],"picked":"Singing Bowl","floor":31},{"not_picked":["sneckomod:Transmogrify","sneckomod:Restock"],"picked":"sneckomod:Unknown3Cost","floor":33},{"not_picked":["EmptyFist","InnerPeace"],"picked":"DevaForm","floor":35},{"not_picked":["sneckomod:ImprovisedAttack+1","sneckomod:IronFang+1"],"picked":"sneckomod:UnknownWeak+1","floor":35},{"not_picked":["sneckomod:MixItUp","sneckomod:UnknownCommonSkill"],"picked":"sneckomod:UnknownClassHEXA_GHOST_PURPLE+1","floor":35},{"not_picked":["FollowUp","CarveReality","Fasting2"],"picked":"Singing Bowl","floor":37},{"not_picked":["sneckomod:IronFang","sneckomod:RainOfDice","sneckomod:UnknownUncommonSkill"],"picked":"Singing Bowl","floor":37},{"not_picked":["Conclude","Perseverance"],"picked":"ConjureBlade","floor":41},{"not_picked":["sneckomod:UnknownClassGREEN+1","sneckomod:SoulExchange"],"picked":"sneckomod:DangerNoodle+1","floor":41},{"not_picked":["Establishment","Brilliance","Consecrate"],"picked":"Singing Bowl","floor":42},{"not_picked":["sneckomod:SoulExchange+1","sneckomod:MixItUp+1"],"picked":"sneckomod:UnknownVulnerable+1","floor":42},{"not_picked":["sneckomod:Mudshield","sneckomod:Unknown1Cost","sneckomod:DefensiveFlair"],"picked":"Singing Bowl","floor":42},{"not_picked":["Adaptation","FlurryOfBlows"],"picked":"DeusExMachina","floor":44},{"not_picked":["sneckomod:UnknownClassGREEN","sneckomod:DiceCrush+1","sneckomod:IronFang+1"],"picked":"Singing Bowl","floor":44},{"not_picked":["LikeWater","Indignation"],"picked":"Alpha","floor":46},{"not_picked":["sneckomod:UnknownCommonSkill","sneckomod:Mudshield"],"picked":"sneckomod:UnknownVulnerable+1","floor":46},{"not_picked":["Adaptation","Eruption"],"picked":"Devotion","floor":47},{"not_picked":["sneckomod:DiceCrush+1","sneckomod:IronFang+1"],"picked":"sneckomod:QuickBite+1","floor":47},{"not_picked":["Brilliance","MasterReality"],"picked":"LessonLearned","floor":48},{"not_picked":["sneckomod:UnknownCommonAttack+1","sneckomod:RainOfDice+1"],"picked":"sneckomod:Unknown1Cost","floor":48}],"player_experience":577584,"relics_obtained":[{"floor":7,"key":"HornCleat"},{"floor":9,"key":"hexamod:CandleOfCauterizing"},{"floor":12,"key":"Bag of Preparation"},{"floor":17,"key":"PreservedInsect"},{"floor":17,"key":"Blue Candle"},{"floor":17,"key":"StoneCalendar"},{"floor":21,"key":"Art of War"},{"floor":24,"key":"bronze:DecasWashers"},{"floor":25,"key":"Peace Pipe"},{"floor":26,"key":"Meat on the Bone"},{"floor":27,"key":"Singing Bowl"},{"floor":31,"key":"Potion Belt"},{"floor":41,"key":"bronze:BronzeIdol"},{"floor":42,"key":"Gremlin Horn"},{"floor":43,"key":"White Beast Statue"},{"floor":46,"key":"sneckomod:BlankCard"}],"event_choices":[{"damage_healed":0,"gold_gain":0,"player_choice":"Take Wound","damage_taken":0,"relics_obtained":["Golden Idol"],"max_hp_gain":0,"max_hp_loss":0,"event_name":"Golden Idol","floor":4,"gold_loss":0,"cards_obtained":["Injury"]},{"damage_healed":0,"gold_gain":0,"cards_transformed":["sneckomod:IronFang"],"player_choice":"Change","damage_taken":0,"max_hp_gain":0,"max_hp_loss":0,"event_name":"Living Wall","floor":5,"gold_loss":0,"cards_obtained":["sneckomod:Unknown0Cost"]},{"damage_healed":0,"gold_gain":0,"player_choice":"Damaged","damage_taken":23,"max_hp_gain":0,"max_hp_loss":0,"event_name":"Wheel of Change","floor":20,"gold_loss":0},{"damage_healed":0,"gold_gain":0,"player_choice":"Bought 3 Potions","damage_taken":0,"max_hp_gain":0,"max_hp_loss":0,"event_name":"The Woman in Blue","floor":36,"gold_loss":0},{"damage_healed":0,"gold_gain":999,"player_choice":"Gold","damage_taken":0,"max_hp_gain":0,"max_hp_loss":0,"event_name":"MindBloom","floor":38,"gold_loss":0,"cards_obtained":["Normality","Normality"]}],"is_beta":false,"boss_relics":[{"not_picked":["SacredBark","Philosopher\u0027s Stone"],"picked":"Calling Bell"},{"not_picked":["Velvet Choker","Tiny House"],"picked":"sneckomod:SneckoBoss"}],"items_purged_floors":[],"is_endless":false,"potions_floor_spawned":[1,2,3,16,18,21,27,28,35,41,44,46,47,48],"ascension_level":20}}