{"host":"o3b7ow6d1xe49css","time":1611916095,"event":{"mods":["Act Like it!","Aspiration","BaseMod","Bestiary","Better Altar","Better Match","Better Note","Better Sensory Stone","Better Skull","Better Third Choice","Colored Powertips","Conspire","Energized Spire","Force Act Four","GifTheSpireLib","Halation","Hermit","Hubris","Infinite Spire","Lobotomy","Minty Spire (QoL Compilation)","Quick Restart","Relic Filter Mod","Reliquary","Replay The Spire","Spicy Shops","Spikes Relics","Spire Arcade","StSLib","Stuff the Spire","The Blue Laboratory","Wandering Minibosses"],"gold_per_floor":[113,126,142,158,158,158,193,211,236,267,267,267,301,301,301],"floor_reached":14,"language":"ENG","playtime":463,"items_purged":[],"score":138,"play_id":"17f6e186-b899-4aa7-ab4e-d0754b3ec3cc","local_time":"20210129012815","daily_mods":["Heirloom","Flight"],"is_ascension_mode":true,"campfire_choices":[{"data":"Cloak And Dagger","floor":6,"key":"SMITH"},{"floor":11,"key":"REST"},{"data":"Blade Dance","floor":12,"key":"SMITH"}],"circlet_count":0,"master_deck":["Strike_G","Strike_G","Strike_G","Strike_G","Strike_G","Defend_G","Defend_G","Defend_G","Defend_G","Defend_G","Survivor","Neutralize","Acrobatics","Cloak And Dagger+1","Scorched","UniverseFragment","Prepared","Hidden Blade","OSAHOGD","Blade Dance+1"],"relics":["Ring of the Snake","Ring of Chaos","Durian","CogitoBucket","Pen Nib","SkinProphecy","hubris:AstralHammer","Pen Nib"],"acts_visited":["Exordium"],"potions_floor_usage":[7,7,13],"damage_taken":[{"damage":0,"enemies":"2 Louse","floor":1,"turns":3},{"damage":4,"enemies":"Jaw Worm","floor":2,"turns":8},{"damage":5,"enemies":"Small Slimes","floor":3,"turns":5},{"damage":4,"enemies":"Looter","floor":4,"turns":4},{"damage":25,"enemies":"Gremlin Nob","floor":7,"turns":4},{"damage":23,"enemies":"Blue Slaver","floor":8,"turns":3},{"damage":4,"enemies":"3 Sentries","floor":10,"turns":3},{"damage":24,"enemies":"Lagavulin","floor":13,"turns":4},{"damage":24,"enemies":"Gremlin Nob","floor":14,"turns":3}],"seed_played":"4153585107774586527","potions_obtained":[{"floor":1,"key":"Swift Potion"},{"floor":2,"key":"Regen Potion"},{"floor":8,"key":"blueLaboratory:ArtificerPotion"},{"floor":10,"key":"Regen Potion"}],"is_trial":true,"path_per_floor":["M","M","M","M","?","R","E","M","T","E","R","R","E","E"],"character_chosen":"THE_SILENT","items_purchased":[],"campfire_rested":1,"item_purchase_floors":[],"current_hp_per_floor":[75,71,66,62,62,62,49,26,26,18,41,41,25,0,0],"gold":301,"neow_bonus":"","is_daily":false,"chose_seed":false,"campfire_upgraded":2,"win_rate":0.0,"timestamp":1611916095,"path_taken":["M","M","M","M","?","R","E","M","T","E","R","R","E","E"],"items_purchased_type":[],"build_version":"2020-12-22","purchased_purges":0,"victory":false,"max_hp_per_floor":[75,75,75,75,75,75,75,75,75,77,77,77,79,81,81],"card_choices":[{"not_picked":["CherryBlossoms","MHz","SnowQueen"],"picked":"Singing Bowl","floor":1},{"not_picked":["Outmaneuver","StuffTheSpire:MirrorStance"],"picked":"Acrobatics","floor":1},{"not_picked":["Wellcheers","SpiderBud","Alriune"],"picked":"Singing Bowl","floor":2},{"not_picked":["Reflex","hubris:SlightOfHand"],"picked":"Cloak And Dagger","floor":2},{"not_picked":["CrumblingArmor","SnowQueen","LongBird"],"picked":"Singing Bowl","floor":3},{"not_picked":["OldLady","CrumblingArmor"],"picked":"Scorched","floor":3},{"not_picked":["StuffTheSpire:Shiver","Calculated Gamble","Quick Slash"],"picked":"SKIP","floor":3},{"not_picked":["BlackSwan","Wellcheers","BeautyBeast"],"picked":"Singing Bowl","floor":4},{"not_picked":["Outmaneuver","StuffTheSpire:Fury","Pace"],"picked":"SKIP","floor":4},{"not_picked":["WallGazer","BeautyBeast"],"picked":"UniverseFragment","floor":7},{"not_picked":["Slice","ReplayTheSpireMod:Speed Training"],"picked":"Prepared","floor":7},{"not_picked":["CrumblingArmor","VoidDream","SpiderBud"],"picked":"Singing Bowl","floor":8},{"not_picked":["Skewer","aspiration:Lunge"],"picked":"Hidden Blade","floor":8},{"not_picked":["DreamingCurrent","WhitesApple"],"picked":"OSAHOGD","floor":10},{"not_picked":["Envenom","StuffTheSpire:Python"],"picked":"Blade Dance","floor":10},{"not_picked":["DespairKnight","WhitesApple","HeroicMonk"],"picked":"Singing Bowl","floor":13},{"not_picked":["Fluid Movement","Expertise","Caltrops"],"picked":"SKIP","floor":13}],"player_experience":1893352,"relics_obtained":[{"floor":7,"key":"Pen Nib"},{"floor":10,"key":"hubris:AstralHammer"},{"floor":13,"key":"reliquary:SculptingSteel"}],"event_choices":[{"damage_healed":0,"gold_gain":0,"player_choice":"Leave","damage_taken":0,"max_hp_gain":0,"max_hp_loss":0,"event_name":"The Cleric","floor":5,"gold_loss":0}],"is_beta":false,"boss_relics":[],"items_purged_floors":[],"is_endless":false,"potions_floor_spawned":[1,2,8,10],"killed_by":"Gremlin Nob","ascension_level":5}}