{"host":"kvo7eymyd21g9abd","time":1611957027,"event":{"mods":["AchievementEnabler","BaseMod","Bestiary","Colored Map","Minty Spire (QoL Compilation)","StSLib"],"gold_per_floor":[118,118,118,118,132,132,132,163,211,231,243,263,263,295,295,393,393,407,107,120,120,134,134,148,148,148],"floor_reached":25,"language":"ENG","playtime":867,"items_purged":[],"score":213,"play_id":"eae37fac-2229-4675-837e-65bfaa5d791d","local_time":"20210129165027","is_ascension_mode":false,"campfire_choices":[{"floor":6,"key":"RECALL"},{"data":"Cleave","floor":15,"key":"SMITH"},{"floor":23,"key":"REST"}],"circlet_count":0,"master_deck":["Strike_R","Strike_R","Strike_R","Strike_R","Strike_R","Defend_R","Defend_R","Defend_R","Defend_R","Bash","Perfected Strike+1","Wild Strike","Iron Wave","Cleave+1","Flex","Clothesline","Twin Strike","Body Slam","RitualDagger","Anger+1","True Grit","Flex"],"relics":["Burning Blood","Oddly Smooth Stone","Blood Vial","Prayer Wheel","Lizard Tail","Black Star","Strawberry","Omamori"],"acts_visited":["Exordium","TheCity"],"potions_floor_usage":[16,25],"damage_taken":[{"damage":10,"enemies":"Jaw Worm","floor":1,"turns":4},{"damage":1,"enemies":"Cultist","floor":5,"turns":3},{"damage":26,"enemies":"Lagavulin","floor":8,"turns":5},{"damage":0,"enemies":"2 Louse","floor":10,"turns":2},{"damage":1,"enemies":"Blue Slaver","floor":11,"turns":2},{"damage":8,"enemies":"Lots of Slimes","floor":12,"turns":2},{"damage":36,"enemies":"3 Sentries","floor":14,"turns":9},{"damage":49,"enemies":"Slime Boss","floor":16,"turns":9},{"damage":0,"enemies":"Chosen","floor":18,"turns":4},{"damage":34,"enemies":"3 Byrds","floor":20,"turns":7},{"damage":52,"enemies":"Sentry and Sphere","floor":22,"turns":7},{"damage":22,"enemies":"Snake Plant","floor":24,"turns":5},{"damage":32,"enemies":"Slavers","floor":25,"turns":3}],"seed_played":"1872164591297167947","potions_obtained":[{"floor":1,"key":"EssenceOfSteel"},{"floor":5,"key":"Weak Potion"},{"floor":8,"key":"Dexterity Potion"},{"floor":11,"key":"EntropicBrew"},{"floor":18,"key":"Block Potion"}],"is_trial":false,"path_per_floor":["M","?","$","?","M","R","$","E","T","M","M","M","?","E","R","B",null,"M","$","M","?","M","R","M","E"],"character_chosen":"IRONCLAD","items_purchased":["Strawberry","Omamori"],"campfire_rested":1,"item_purchase_floors":[19,19],"current_hp_per_floor":[76,76,76,76,80,80,80,60,60,68,75,75,68,40,40,46,80,80,87,59,53,9,35,21,0,0],"gold":148,"neow_bonus":"RANDOM_COLORLESS","is_daily":false,"chose_seed":false,"campfire_upgraded":1,"win_rate":0.0,"timestamp":1611957027,"path_taken":["M","?","?","?","?","R","$","E","T","?","M","M","?","E","R","BOSS","M","$","M","?","M","R","M","E"],"items_purchased_type":["Relic","Relic"],"build_version":"2020-12-22","purchased_purges":0,"victory":false,"max_hp_per_floor":[80,80,80,80,80,80,80,80,80,80,80,80,80,80,80,80,80,80,87,87,87,87,87,87,87,87],"card_choices":[{"not_picked":["Flame Barrier","Iron Wave"],"picked":"Perfected Strike","floor":1},{"not_picked":["Shockwave","Iron Wave"],"picked":"Wild Strike","floor":5},{"not_picked":["Spot Weakness","Armaments"],"picked":"Iron Wave","floor":8},{"not_picked":["Havoc","True Grit","Combust"],"picked":"SKIP","floor":10},{"not_picked":["Warcry","Disarm"],"picked":"Cleave","floor":11},{"not_picked":["Warcry","Burning Pact"],"picked":"Flex","floor":12},{"not_picked":["Double Tap","Seeing Red"],"picked":"Clothesline","floor":14},{"not_picked":["Iron Wave","Pommel Strike"],"picked":"Twin Strike","floor":18},{"not_picked":["Headbutt","Sword Boomerang+1","Infernal Blade"],"picked":"SKIP","floor":18},{"not_picked":["Sword Boomerang","Limit Break"],"picked":"Body Slam","floor":20},{"not_picked":["Clothesline","Dark Embrace+1","Hemokinesis"],"picked":"SKIP","floor":20},{"not_picked":["Dark Embrace","Headbutt"],"picked":"Anger+1","floor":22},{"not_picked":["Heavy Blade","Clothesline","Reckless Charge"],"picked":"SKIP","floor":22},{"not_picked":["Berserk","Combust"],"picked":"True Grit","floor":24},{"not_picked":["Clash","Flame Barrier"],"picked":"Flex","floor":24}],"player_experience":437108,"relics_obtained":[{"floor":8,"key":"Oddly Smooth Stone"},{"floor":9,"key":"Blood Vial"},{"floor":14,"key":"Lizard Tail"}],"event_choices":[{"damage_healed":0,"gold_gain":0,"player_choice":"Ignored","damage_taken":0,"max_hp_gain":0,"max_hp_loss":0,"event_name":"NoteForYourself","floor":2,"gold_loss":0},{"damage_healed":0,"gold_gain":0,"player_choice":"Grow","damage_taken":0,"max_hp_gain":0,"max_hp_loss":0,"event_name":"Living Wall","floor":4,"gold_loss":0,"cards_upgraded":["Perfected Strike"]},{"damage_healed":0,"gold_gain":0,"player_choice":"Success","damage_taken":7,"relics_obtained":["Prayer Wheel"],"max_hp_gain":0,"max_hp_loss":0,"event_name":"Scrap Ooze","floor":13,"gold_loss":0},{"damage_healed":0,"gold_gain":0,"player_choice":"Joined the Cult","damage_taken":6,"max_hp_gain":0,"max_hp_loss":0,"event_name":"Nest","floor":21,"gold_loss":0,"cards_obtained":["RitualDagger"]}],"is_beta":false,"boss_relics":[{"not_picked":["Cursed Key","Tiny House"],"picked":"Black Star"}],"items_purged_floors":[],"is_endless":false,"potions_floor_spawned":[1,5,8,11,18,22],"killed_by":"Slavers","ascension_level":0}}