{"host":"dxb4eoww080epc4n","time":1611917014,"event":{"mods":["AchievementEnabler","BaseMod","Better Note","BetterRewards","Colored Powertips","Conspire","Energized Spire","GifTheSpireLib","Gremlin Skip","Hubris","KinomotoSakuraMod(????)","Minty Spire (QoL Compilation)","Permanent Neow","Quick Restart","Rare Cards Sparkle","Relic Sorter","Replay The Spire","Shop Mod","Spikes Relics","StSLib","The Animator"],"gold_per_floor":[117,140,140,140,164,195,195,210,234,253,253,279,299,334,334,434,434,452,452,223,242,284,284,0,0,45,56,56,155,6,24,24,122,122,132,150,168,168,168],"floor_reached":38,"language":"ENG","playtime":3591,"items_purged":[],"score":390,"play_id":"68e50774-86a2-4337-9a3a-6be4c4c6a39f","local_time":"20210129114334","is_ascension_mode":false,"campfire_choices":[{"floor":7,"key":"REST"},{"floor":11,"key":"REST"},{"floor":15,"key":"REST"},{"floor":23,"key":"REST"},{"floor":28,"key":"REST"},{"floor":32,"key":"RECALL"}],"circlet_count":0,"master_deck":["animator:Strike_Fate","animator:Defend_Fate","animator:Strike","animator:Strike","animator:Strike+1","animator:Defend","animator:Defend","animator:Defend","animator:Alexander","animator:Rider","animator:Tyuule","animator:ChaikaTrabant","animator:ChaikaTrabant","animator:Archer","animator:ShinjiMatou","animator:NarberalGamma","animator:ChaikaTrabant+1","animator:EmiyaShirou","animator:EmiyaShirou","animator:Ainz","animator:Benimaru+1","animator:Berserker","animator:RinTohsaka","animator:SakuraMatou","animator:Benimaru","animator:Albedo","animator:Berserker+1","animator:EmiyaShirou","animator:Shuna+1"],"relics":["animator:VividPicture","animator:TheMissingPiece","NeowsBlessing","Pantograph","RollingBoulder","Red Skull","Honey Jar","MerchantsRug","SpikesRelics:SneckoPlush","Replay:Rubber Ducky","Whetstone","Lee\u0027s Waffle"],"acts_visited":["Exordium","TheCity","TheBeyond"],"potions_floor_usage":[33],"damage_taken":[{"damage":0,"enemies":"Cultist","floor":1,"turns":1},{"damage":0,"enemies":"Small Slimes","floor":2,"turns":2},{"damage":0,"enemies":"Jaw Worm","floor":5,"turns":1},{"damage":23,"enemies":"Gremlin Nob","floor":6,"turns":5},{"damage":8,"enemies":"Lots of Slimes","floor":8,"turns":3},{"damage":5,"enemies":"3 Louse","floor":10,"turns":3},{"damage":8,"enemies":"Exordium Wildlife","floor":12,"turns":4},{"damage":8,"enemies":"Looter","floor":13,"turns":4},{"damage":16,"enemies":"Lagavulin","floor":14,"turns":7},{"damage":21,"enemies":"Fading Forest","floor":16,"turns":11},{"damage":23,"enemies":"3 Byrds","floor":18,"turns":6},{"damage":25,"enemies":"conspire:FuzzyDice","floor":21,"turns":4},{"damage":12,"enemies":"Cultist and Chosen","floor":22,"turns":6},{"damage":22,"enemies":"3 Cultists","floor":27,"turns":4},{"damage":0,"enemies":"Snecko","floor":31,"turns":5},{"damage":60,"enemies":"Automaton","floor":33,"turns":9},{"damage":18,"enemies":"3 Shapes","floor":35,"turns":4},{"damage":39,"enemies":"3 Darklings","floor":36,"turns":4},{"damage":10,"enemies":"4 Shapes","floor":37,"turns":7},{"damage":14,"enemies":"Jaw Worm Horde","floor":38,"turns":2}],"seed_played":"-2123821203875675008","potions_obtained":[{"floor":6,"key":"Dexterity Potion"},{"floor":8,"key":"Strength Potion"},{"floor":13,"key":"ColorlessPotion"},{"floor":14,"key":"PowerPotion"},{"floor":18,"key":"ColorlessPotion"},{"floor":27,"key":"AttackPotion"},{"floor":36,"key":"FearPotion"}],"is_trial":false,"path_per_floor":["M","M","T","?","M","E","R","M","T","M","R","M","M","E","R","B",null,"M","?","$","M","M","R","?","T","T","M","R","?","$","M","R","B",null,"M","M","M","M"],"character_chosen":"THE_ANIMATOR","items_purchased":["MerchantsRug","SpikesRelics:SneckoPlush","Lee\u0027s Waffle"],"campfire_rested":5,"item_purchase_floors":[20,20,30],"current_hp_per_floor":[66,66,66,66,66,44,64,56,56,51,67,59,51,35,55,65,67,44,44,44,20,8,28,28,28,28,8,29,29,77,77,77,17,77,59,20,10,0,0],"gold":168,"neow_bonus":"THREE_ENEMY_KILL","is_daily":false,"chose_seed":false,"campfire_upgraded":0,"win_rate":0.0,"timestamp":1611917014,"path_taken":["M","M","?","?","?","E","R","M","T","M","R","M","M","E","R","BOSS","M","?","$","M","M","R","?","?","T","?","R","?","?","?","R","BOSS","M","M","?","?"],"items_purchased_type":["Relic","Relic","Relic"],"build_version":"2020-12-22","purchased_purges":0,"victory":false,"max_hp_per_floor":[66,66,66,66,66,67,67,67,67,67,67,67,67,67,67,67,67,67,67,67,68,68,68,68,68,68,70,70,70,77,77,77,77,77,77,77,77,77,77],"card_choices":[{"not_picked":["animator:Gillette","animator:KyokoSakura"],"picked":"animator:Tyuule","floor":1},{"not_picked":["animator:KyokoSakura","animator:Demiurge"],"picked":"animator:ChaikaTrabant","floor":2},{"not_picked":["animator:Benimaru","animator:PandorasActor"],"picked":"animator:Archer","floor":5},{"not_picked":["animator:Berserker","animator:Illya"],"picked":"animator:ShinjiMatou","floor":6},{"not_picked":["animator:RoyMustang","animator:YachiyoNanami"],"picked":"animator:NarberalGamma","floor":8},{"not_picked":["animator:Vesta","animator:YachiyoNanami"],"picked":"animator:ChaikaTrabant","floor":10},{"not_picked":["animator:Gluttony","animator:IrohaTamaki"],"picked":"animator:EmiyaShirou","floor":12},{"not_picked":["animator:Illya","animator:Alexander"],"picked":"animator:EmiyaShirou","floor":13},{"not_picked":["animator:Layla","animator:OrikoMikuni"],"picked":"animator:Ainz","floor":14},{"not_picked":["animator:AcuraTooru+1","animator:LeleiLaLalena","animator:Tyuule+1"],"picked":"animator:Benimaru+1","floor":18},{"not_picked":["animator:GazelDwargon","animator:RoryMercury","animator:Shalltear"],"picked":"animator:Berserker","floor":21},{"not_picked":["animator:Illya","animator:Archer","animator:Rider"],"picked":"animator:RinTohsaka","floor":22},{"not_picked":["animator:Rider","animator:SayakaMiki+1","animator:Shuna"],"picked":"animator:SakuraMatou","floor":27},{"not_picked":["animator:Kuribayashi+1","animator:AcuraAkari","animator:MamiTomoe"],"picked":"animator:Benimaru","floor":31},{"not_picked":["animator:MadokaKaname","animator:ItamiYouji","animator:HomuraAkemi"],"picked":"animator:Albedo","floor":33},{"not_picked":["animator:GazelDwargon+1","animator:AcuraAkari","animator:Cocytus+1"],"picked":"animator:Berserker+1","floor":35},{"not_picked":["animator:Alexander","animator:Berserker","animator:Archer"],"picked":"animator:EmiyaShirou","floor":36},{"not_picked":["animator:Evileye+1","animator:Berserker","animator:Albedo"],"picked":"animator:Shuna+1","floor":37}],"player_experience":179707,"relics_obtained":[{"floor":3,"key":"Pantograph"},{"floor":6,"key":"RollingBoulder"},{"floor":14,"key":"Red Skull"},{"floor":25,"key":"Replay:Rubber Ducky"},{"floor":26,"key":"Whetstone"}],"event_choices":[{"damage_healed":0,"gold_gain":0,"player_choice":"1 cards matched","damage_taken":0,"max_hp_gain":0,"max_hp_loss":0,"event_name":"Match and Keep!","floor":4,"gold_loss":0,"cards_obtained":["animator:ChaikaTrabant"]},{"damage_healed":0,"gold_gain":0,"player_choice":"Ignored","damage_taken":0,"max_hp_gain":0,"max_hp_loss":0,"event_name":"betterNote:BetterNote","floor":19,"gold_loss":0,"cards_obtained":["animator:Sebas"]},{"damage_healed":0,"gold_gain":0,"player_choice":"Paid Fearfully","damage_taken":0,"max_hp_gain":0,"max_hp_loss":0,"event_name":"Masked Bandits","floor":24,"gold_loss":284},{"damage_healed":0,"gold_gain":99,"player_choice":"Stole From Cult","damage_taken":0,"max_hp_gain":0,"max_hp_loss":0,"event_name":"Nest","floor":29,"gold_loss":0}],"is_beta":false,"boss_relics":[{"not_picked":["Runic Dome","Abe\u0027s Treasure"],"picked":"Honey Jar"},{"not_picked":["Velvet Choker","Philosopher\u0027s Stone"],"picked":"animator:VividPicture"}],"items_purged_floors":[],"is_endless":false,"potions_floor_spawned":[6,8,13,14,18,27,36],"killed_by":"Jaw Worm Horde","ascension_level":0}}