{"host":"qk12ohyvrq6bwjad","time":1611896038,"event":{"mods":["AchievementEnabler","BaseMod","Colored Map","Custom Start","KOR Keyword Fix","Minty Spire (QoL Compilation)","Quick Restart","StSLib","SuperFastMode"],"gold_per_floor":[112,37,37,48,63,88,104,104,104,117,152,171,189,209,209,314,314,331,87,97,97,109,139,139,166,219,239,339,339,368,385,385,481,481,495,4,4,4,4],"floor_reached":38,"language":"KOR","playtime":2074,"items_purged":["Strike_R","Bloodletting"],"score":548,"play_id":"b40e93a8-5d77-4c2f-a3b9-33472b0efece","local_time":"20210129135358","is_ascension_mode":false,"campfire_choices":[{"data":"Heavy Blade","floor":8.0,"key":"SMITH"},{"data":"Limit Break","floor":15.0,"key":"SMITH"},{"floor":24,"key":"REST"},{"data":"Limit Break","floor":32,"key":"SMITH"}],"circlet_count":0,"master_deck":["Bash+1","Pommel Strike","Shrug It Off","Heavy Blade+1","Inflame","Feel No Pain","Limit Break+1","Limit Break+1","Twin Strike","Disarm+1","Seeing Red+1","Twin Strike+1","Ghostly+1","Ghostly+1","Ghostly+1","Ghostly+1","Ghostly+1","Headbutt","Offering+1","Exhume+1","True Grit+1","Sentinel+1","Wild Strike","Offering+1"],"relics":["Burning Blood","NeowsBlessing","StrikeDummy","Torii","Magic Flower","Empty Cage","Vajra","Frozen Egg 2","Blue Candle","Blood Vial","Happy Flower","StoneCalendar","Toxic Egg 2","Tiny Chest","SacredBark","DollysMirror","Akabeko","War Paint"],"acts_visited":["Exordium","TheCity","TheBeyond"],"potions_floor_usage":[33],"damage_taken":[{"damage":0.0,"enemies":"Small Slimes","floor":1.0,"turns":1.0},{"damage":0.0,"enemies":"Cultist","floor":4.0,"turns":1.0},{"damage":0.0,"enemies":"2 Louse","floor":5.0,"turns":1.0},{"damage":0.0,"enemies":"Gremlin Nob","floor":6.0,"turns":1.0},{"damage":0.0,"enemies":"2 Fungi Beasts","floor":7.0,"turns":1.0},{"damage":0.0,"enemies":"Gremlin Gang","floor":10.0,"turns":1.0},{"damage":0.0,"enemies":"Lagavulin","floor":11.0,"turns":1.0},{"damage":0.0,"enemies":"Red Slaver","floor":12.0,"turns":1.0},{"damage":0.0,"enemies":"Large Slime","floor":13.0,"turns":1.0},{"damage":0.0,"enemies":"Exordium Thugs","floor":14.0,"turns":1.0},{"damage":52.0,"enemies":"Slime Boss","floor":16.0,"turns":11.0},{"damage":0,"enemies":"Spheric Guardian","floor":18,"turns":1},{"damage":11,"enemies":"Shell Parasite","floor":20,"turns":3},{"damage":15,"enemies":"Snecko","floor":22,"turns":3},{"damage":70,"enemies":"Book of Stabbing","floor":23,"turns":6},{"damage":28,"enemies":"Gremlin Leader","floor":25,"turns":6},{"damage":0,"enemies":"Shelled Parasite and Fungi","floor":27,"turns":1},{"damage":0,"enemies":"Colosseum Slavers","floor":28,"turns":1},{"damage":0,"enemies":"Colosseum Nobs","floor":28,"turns":1},{"damage":6,"enemies":"Book of Stabbing","floor":30,"turns":5},{"damage":5,"enemies":"Snake Plant","floor":31,"turns":5},{"damage":28,"enemies":"Champ","floor":33,"turns":6},{"damage":4,"enemies":"Orb Walker","floor":35,"turns":4},{"damage":9,"enemies":"3 Darklings","floor":38,"turns":2}],"seed_played":"-6126193470279911122","potions_obtained":[{"floor":4.0,"key":"SmokeBomb"},{"floor":13.0,"key":"CultistPotion"},{"floor":14.0,"key":"Dexterity Potion"},{"floor":25,"key":"BlessingOfTheForge"}],"is_trial":false,"path_per_floor":["M","$","?","M","M","E","M","R","T","M","E","M","M","M","R","B",null,"M","$","M","$","M","E","R","E","T","M","?","?","E","M","R","B",null,"M","$","?","M"],"character_chosen":"IRONCLAD","items_purchased":["Frozen Egg 2","Sentinel+1","Wild Strike","DollysMirror","Akabeko"],"campfire_rested":1,"item_purchase_floors":[19,36,36,36,36],"current_hp_per_floor":[80,80,80,80,80,80,80,80,80,80,80,80,80,80,80,37,80,80,80,78,78,72,11,35,16,16,28,52,40,40,40,40,21,40,40,40,40,31,31],"gold":4,"neow_bonus":"THREE_ENEMY_KILL","is_daily":false,"chose_seed":false,"campfire_upgraded":3,"win_rate":0.0,"timestamp":1611896038,"path_taken":["M","$","?","M","M","E","M","R","T","M","E","M","M","M","R","BOSS","M","$","M","$","M","E","R","E","T","M","?","?","E","M","R","BOSS","M","$","?","M"],"items_purchased_type":["Relic","Card","Card","Relic","Relic"],"build_version":"2020-12-22","purchased_purges":2,"victory":false,"max_hp_per_floor":[80,80,80,80,80,80,80,80,80,80,80,80,80,80,80,80,80,80,80,80,80,80,80,80,80,80,80,80,40,40,40,40,40,40,40,40,40,40,40],"card_choices":[{"not_picked":["Body Slam","Burning Pact"],"picked":"Pommel Strike","floor":1.0},{"not_picked":["Anger","Shrug It Off","Spot Weakness"],"picked":"SKIP","floor":4.0},{"not_picked":["Pommel Strike","Armaments"],"picked":"Shrug It Off","floor":5.0},{"not_picked":["Metallicize","Cleave"],"picked":"Heavy Blade","floor":6.0},{"not_picked":["Whirlwind","Wild Strike","Carnage"],"picked":"SKIP","floor":7.0},{"not_picked":["True Grit","Wild Strike","Iron Wave"],"picked":"SKIP","floor":10.0},{"not_picked":["Thunderclap","Pommel Strike"],"picked":"Inflame","floor":11.0},{"not_picked":["Sentinel","Heavy Blade"],"picked":"Bloodletting","floor":12.0},{"not_picked":["Thunderclap","Pommel Strike"],"picked":"Feel No Pain","floor":13.0},{"not_picked":["Cleave","Body Slam"],"picked":"Limit Break","floor":14.0},{"not_picked":["Juggernaut","Brutality"],"picked":"Limit Break","floor":16.0},{"not_picked":["Clothesline","Perfected Strike","Pummel"],"picked":"SKIP","floor":18},{"not_picked":["Thunderclap+1","Armaments+1"],"picked":"Twin Strike","floor":20},{"not_picked":["Entrench+1","True Grit","Iron Wave"],"picked":"SKIP","floor":22},{"not_picked":["Blood for Blood+1","Shrug It Off"],"picked":"Disarm","floor":23},{"not_picked":["Iron Wave","Sentinel"],"picked":"Seeing Red","floor":25},{"not_picked":["Heavy Blade","Sword Boomerang+1"],"picked":"Twin Strike+1","floor":27},{"not_picked":["Thunderclap","Anger"],"picked":"Headbutt","floor":30},{"not_picked":["Body Slam","Dropkick"],"picked":"Offering+1","floor":31},{"not_picked":["Corruption+1","Impervious+1"],"picked":"Exhume+1","floor":33},{"not_picked":["Heavy Blade+1","Clash+1"],"picked":"True Grit+1","floor":35}],"player_experience":1604592,"relics_obtained":[{"floor":6.0,"key":"StrikeDummy"},{"floor":9.0,"key":"Torii"},{"floor":11.0,"key":"Magic Flower"},{"floor":23,"key":"Blue Candle"},{"floor":25,"key":"Blood Vial"},{"floor":26,"key":"Happy Flower"},{"floor":28,"key":"StoneCalendar"},{"floor":28,"key":"Toxic Egg 2"},{"floor":30,"key":"Tiny Chest"}],"event_choices":[{"damage_healed":0.0,"max_hp_gain":0.0,"max_hp_loss":0.0,"gold_gain":0.0,"event_name":"Upgrade Shrine","player_choice":"Upgraded","floor":3.0,"gold_loss":0.0,"damage_taken":0.0,"cards_upgraded":["Bash"]},{"damage_healed":0,"gold_gain":0,"player_choice":"Fight","damage_taken":0,"max_hp_gain":0,"max_hp_loss":0,"event_name":"Colosseum","floor":28,"gold_loss":0},{"damage_healed":0,"gold_gain":0,"player_choice":"Fought Nobs","damage_taken":0,"max_hp_gain":0,"max_hp_loss":0,"event_name":"Colosseum","floor":28,"gold_loss":0},{"damage_healed":0,"gold_gain":0,"player_choice":"Became a Ghost","damage_taken":0,"max_hp_gain":0,"max_hp_loss":40,"event_name":"Ghosts","floor":29,"gold_loss":0,"cards_obtained":["Ghostly","Ghostly","Ghostly","Ghostly","Ghostly"]},{"damage_healed":0,"gold_gain":0,"player_choice":"Gave Potion","damage_taken":0,"relics_obtained":["War Paint"],"max_hp_gain":0,"max_hp_loss":0,"event_name":"WeMeetAgain","floor":37,"gold_loss":0}],"is_beta":false,"boss_relics":[{"not_picked":["Fusion Hammer","Busted Crown"],"picked":"Empty Cage"},{"not_picked":["Snecko Eye","Astrolabe"],"picked":"SacredBark"}],"items_purged_floors":[2,36],"is_endless":false,"potions_floor_spawned":[4,13,14,16,25,27,28,30,31],"killed_by":"3 Darklings","ascension_level":0}}