{"host":"v4tuy5ykrbdcm9o9","time":1611929805,"event":{"mods":["BaseMod","Duelist Mod","Minty Spire (QoL Compilation)","Replay The Spire","StSLib"],"gold_per_floor":[112,130,143,4,16,56,56,80,134,169,193,216,304,339,339,443,443,471,498,498,517,517,517,517],"floor_reached":23,"language":"ENG","playtime":2643,"items_purged":[],"score":290,"play_id":"3f85f8f7-7f85-4569-b9b6-a9c1604b77df","local_time":"20210129091645","is_ascension_mode":true,"campfire_choices":[{"floor":7,"key":"REST"},{"floor":15,"key":"RECALL"}],"circlet_count":0,"master_deck":["Strike_R","Strike_R","Strike_R","Strike_R","Strike_R","Defend_R+1","Defend_R","Defend_R","Defend_R+1","Bash+1","Warcry","Rampage","Sword Boomerang","Clash","Armaments","Hemokinesis","Inflame","Flex","Twin Strike","Heavy Blade","Flex","Brutality","ReplayTheSpireMod:Splinters","Clash","Run Through","Replay:Undeath\u0027s Touch","Limit Break","Inflame","Clash","Havoc+1"],"relics":["Burning Blood","CeramicFish","Meat on the Bone","Simple Rune","Lantern","Ring of Chaos"],"acts_visited":["Exordium","TheCity"],"potions_floor_usage":[10,10,14,16,16,18,18,21],"damage_taken":[{"damage":15,"enemies":"Small Slimes","floor":1,"turns":3},{"damage":8,"enemies":"Jaw Worm","floor":2,"turns":4},{"damage":1,"enemies":"Cultist","floor":3,"turns":3},{"damage":2,"enemies":"2 Fungi Beasts","floor":5,"turns":2},{"damage":32,"enemies":"Replay:BlueRogue","floor":6,"turns":3},{"damage":6,"enemies":"Looter","floor":8,"turns":2},{"damage":12,"enemies":"3 Sentries","floor":10,"turns":6},{"damage":16,"enemies":"Blue Slaver","floor":11,"turns":3},{"damage":6,"enemies":"2 Fungi Beasts","floor":12,"turns":3},{"damage":3,"enemies":"Gremlin Nob","floor":14,"turns":2},{"damage":4,"enemies":"Slime Boss","floor":16,"turns":5},{"damage":0,"enemies":"2 Thieves","floor":18,"turns":1},{"damage":8,"enemies":"Chosen","floor":19,"turns":4},{"damage":73,"enemies":"Shelled Parasite and Fungi","floor":21,"turns":5},{"damage":25,"enemies":"Slavers","floor":23,"turns":2}],"seed_played":"922245440161234997","potions_obtained":[{"floor":1,"key":"LiquidBronze"},{"floor":5,"key":"GamblersBrew"},{"floor":11,"key":"BlessingOfTheForge"},{"floor":12,"key":"LiquidMemories"},{"floor":13,"key":"Milkshake"},{"floor":14,"key":"Swift Potion"},{"floor":16,"key":"Fire Potion"}],"is_trial":false,"path_per_floor":["M","M","M","$","M","E","R","M","T","E","M","M","?","E","R","B",null,"M","M","?","M","?","E"],"character_chosen":"IRONCLAD","items_purchased":["Clash","Armaments","Hemokinesis"],"campfire_rested":1,"item_purchase_floors":[4,4,4],"current_hp_per_floor":[63,61,66,66,70,44,68,68,68,62,52,52,52,55,55,57,74,80,78,66,27,53,28,28],"gold":517,"neow_bonus":"UPGRADE_CARD","is_daily":false,"chose_seed":false,"campfire_upgraded":0,"win_rate":0.0,"timestamp":1611929805,"path_taken":["M","M","M","$","M","E","R","M","T","E","M","M","?","E","R","BOSS","M","M","?","?","?","E"],"items_purchased_type":["Card","Card","Card"],"build_version":"2020-12-22","purchased_purges":0,"victory":false,"max_hp_per_floor":[80,80,80,80,80,80,80,80,80,80,80,80,80,80,80,80,80,80,80,80,80,80,80,80],"card_choices":[{"not_picked":["Burning Pact","Abandon"],"picked":"Warcry","floor":1},{"not_picked":["Carnage","Clothesline"],"picked":"Rampage","floor":2},{"not_picked":["Sentinel","Intimidate"],"picked":"Sword Boomerang","floor":3},{"not_picked":["Dual Wield","Battle Trance"],"picked":"Inflame","floor":5},{"not_picked":["Pommel Strike","Body Slam"],"picked":"Flex","floor":6},{"not_picked":["Perfected Strike","Armaments"],"picked":"Twin Strike","floor":8},{"not_picked":["Battle Trance","Perfected Strike"],"picked":"Heavy Blade","floor":10},{"not_picked":["Twin Strike","Clothesline"],"picked":"Flex","floor":11},{"not_picked":["Bloodletting","Twin Strike"],"picked":"Brutality","floor":12},{"not_picked":["Flex","Havoc"],"picked":"Clash","floor":13},{"not_picked":["Armaments","Hemokinesis"],"picked":"Run Through","floor":13},{"not_picked":["Evolve","Juggernaut"],"picked":"Replay:Undeath\u0027s Touch","floor":14},{"not_picked":["Berserk","Exhume"],"picked":"Limit Break","floor":16},{"not_picked":["True Grit+1","Twin Strike+1"],"picked":"Inflame","floor":18},{"not_picked":["Shrug It Off","Wild Strike"],"picked":"Clash","floor":19},{"not_picked":["Wild Strike","Run Through"],"picked":"Havoc+1","floor":21}],"player_experience":694816,"relics_obtained":[{"floor":6,"key":"CeramicFish"},{"floor":10,"key":"Meat on the Bone"},{"floor":13,"key":"Simple Rune"},{"floor":14,"key":"Lantern"}],"event_choices":[{"damage_healed":0,"gold_gain":0,"player_choice":"POTION ","damage_taken":12,"max_hp_gain":0,"max_hp_loss":0,"event_name":"Knowing Skull","floor":20,"potions_obtained":["BloodPotion"],"gold_loss":0,"cards_obtained":[]},{"damage_healed":26,"gold_gain":0,"player_choice":"Heal","damage_taken":0,"max_hp_gain":0,"max_hp_loss":0,"event_name":"The Library","floor":22,"gold_loss":0}],"is_beta":false,"boss_relics":[{"not_picked":["Ectoplasm","Pandora\u0027s Box"],"picked":"Ring of Chaos"}],"items_purged_floors":[],"is_endless":false,"potions_floor_spawned":[1,5,11,12,14,16],"killed_by":"Slavers","ascension_level":7}}