{"host":"yx5rao87132cy5xq","time":1611952472,"event":{"mods":["2.2 Compatiblity","AchievementEnabler","BaseMod","Bestiary","Colored Map","Colored Powertips","Minty Spire (QoL Compilation)","Quick Restart","Relic Stats","Slay-I","SuperFastMode"],"gold_per_floor":[118,129,129,146,146,171,187,212,212,68,82,115,115,125,125,203,203,214,129,4,4,19,46,46,77,100,100,100,114,129,154,154,227,227,246,69,134,184,195,225,225,250,275,72,72,107,127,138,138,138],"floor_reached":51,"language":"ENG","playtime":3005,"items_purged":["Strike_R","Juggernaut"],"score":1362,"play_id":"9294593e-191f-48e1-82ca-f7ef93dd241f","local_time":"20210129213432","is_ascension_mode":true,"campfire_choices":[{"data":"Flame Barrier","floor":13.0,"key":"SMITH"},{"data":"Infernal Blade","floor":15.0,"key":"SMITH"},{"data":"Bash","floor":24.0,"key":"SMITH"},{"data":"Demon Form","floor":32.0,"key":"SMITH"},{"data":"Seeing Red","floor":41,"key":"SMITH"},{"floor":45,"key":"REST"},{"data":"Battle Trance","floor":49,"key":"SMITH"}],"circlet_count":0,"master_deck":["AscendersBane","Defend_R","Defend_R","Defend_R","Defend_R","Bash+1","Berserk+1","Infernal Blade+1","Anger","Carnage+1","Bloodletting","Flame Barrier+1","Combust","Whirlwind+1","Seeing Red+1","Reaper+1","Headbutt+1","Brutality+1","Feed+1","Necronomicurse","Demon Form+1","Immolate+1","Flame Barrier","True Grit","Burning Pact","Exhume","Battle Trance+1","Disarm","Demon Form+1","Second Wind","Rupture"],"relics":["Burning Blood","Molten Egg 2","Red Skull","Blue Candle","HornCleat","Lee\u0027s Waffle","The Courier","Astrolabe","Centennial Puzzle","Bag of Preparation","Necronomicon","MealTicket","Matryoshka","Potion Belt","Oddly Smooth Stone","SsserpentHead","Eternal Feather","SlaversCollar","Bronze Scales","White Beast Statue","Smiling Mask","Anchor","Dream Catcher","DollysMirror","Ancient Tea Set"],"acts_visited":["Exordium","TheCity","TheBeyond"],"potions_floor_usage":[42,50,50],"damage_taken":[{"damage":7.0,"enemies":"Jaw Worm","floor":1.0,"turns":4.0},{"damage":0.0,"enemies":"Small Slimes","floor":2.0,"turns":3.0},{"damage":6.0,"enemies":"Cultist","floor":4.0,"turns":3.0},{"damage":30.0,"enemies":"Lagavulin","floor":6.0,"turns":6.0},{"damage":12.0,"enemies":"Large Slime","floor":7.0,"turns":4.0},{"damage":20.0,"enemies":"3 Sentries","floor":8.0,"turns":6.0},{"damage":3.0,"enemies":"2 Fungi Beasts","floor":11.0,"turns":2.0},{"damage":27.0,"enemies":"Lagavulin","floor":12.0,"turns":6.0},{"damage":15.0,"enemies":"Exordium Thugs","floor":14.0,"turns":4.0},{"damage":25.0,"enemies":"Hexaghost","floor":16.0,"turns":7.0},{"damage":5.0,"enemies":"3 Byrds","floor":18.0,"turns":4.0},{"damage":26.0,"enemies":"2 Thieves","floor":22.0,"turns":3.0},{"damage":22.0,"enemies":"Gremlin Leader","floor":23.0,"turns":5.0},{"damage":67.0,"enemies":"Slavers","floor":25.0,"turns":6.0},{"damage":7.0,"enemies":"Cultist and Chosen","floor":29.0,"turns":2.0},{"damage":0.0,"enemies":"Centurion and Healer","floor":30.0,"turns":1.0},{"damage":4.0,"enemies":"Gremlin Leader","floor":31.0,"turns":4.0},{"damage":78.0,"enemies":"Champ","floor":33.0,"turns":8.0},{"damage":5.0,"enemies":"3 Shapes","floor":35.0,"turns":3.0},{"damage":0.0,"enemies":"3 Darklings","floor":37.0,"turns":1.0},{"damage":14.0,"enemies":"Maw","floor":39.0,"turns":5.0},{"damage":72,"enemies":"Giant Head","floor":40,"turns":7},{"damage":89,"enemies":"Reptomancer","floor":42,"turns":5},{"damage":44,"enemies":"Nemesis","floor":46,"turns":5},{"damage":13,"enemies":"Sphere and 2 Shapes","floor":47,"turns":4},{"damage":15,"enemies":"3 Darklings","floor":48,"turns":3},{"damage":109,"enemies":"Time Eater","floor":50,"turns":6}],"seed_played":"5621522704873307652","potions_obtained":[{"floor":6.0,"key":"FairyPotion"},{"floor":7.0,"key":"SteroidPotion"},{"floor":12.0,"key":"BloodPotion"},{"floor":14.0,"key":"LiquidBronze"},{"floor":16.0,"key":"LiquidMemories"},{"floor":22.0,"key":"FairyPotion"},{"floor":33.0,"key":"Regen Potion"},{"floor":37.0,"key":"Swift Potion"},{"floor":42,"key":"Ancient Potion"},{"floor":48,"key":"DuplicationPotion"}],"is_trial":false,"path_per_floor":["M","M","?","M","?","E","M","E","T","$","M","E","R","M","R","B",null,"M","?","$","?","M","E","R","E","T","?","?","M","M","E","R","B",null,"M","$","M","?","M","E","R","E","T","$","R","E","M","M","R","B",null],"character_chosen":"IRONCLAD","items_purchased":["Lee\u0027s Waffle","Bag of Preparation","Bronze Scales","DollysMirror","BloodPotion"],"campfire_rested":1,"item_purchase_floors":[10,20,36,44,44],"current_hp_per_floor":[71,77,77,77,74,50,44,30,30,87,87,66,66,57,57,38,75,86,86,86,70,71,55,55,24,24,24,24,23,29,76,91,19,73,74,89,91,91,83,25,40,19,19,34,76,38,61,52,70,27],"gold":138,"neow_bonus":"ONE_RANDOM_RARE_CARD","is_daily":false,"chose_seed":false,"campfire_upgraded":6,"win_rate":0.0,"timestamp":1611952472,"path_taken":["M","M","?","M","?","E","M","E","T","$","M","E","R","M","R","BOSS","M","?","$","?","?","E","R","E","T","?","?","M","M","E","R","BOSS","M","$","?","?","M","E","R","E","T","$","R","E","M","M","R","BOSS"],"items_purchased_type":["Relic","Relic","Relic","Relic","Potion"],"build_version":"2020-12-22","purchased_purges":2,"victory":true,"max_hp_per_floor":[80,80,80,80,80,80,80,80,80,87,87,87,87,87,87,87,87,87,87,87,87,91,91,91,91,91,91,91,91,91,91,91,91,91,91,91,91,91,91,91,91,91,91,91,91,91,95,95,95,95],"relic_stats":{"Lee\u0027s Waffle":57,"counters":[27,117],"Blue Candle":[1],"Astrolabe":["Headbutt","Brutality","Feed"],"Eternal Feather":63,"Bag of Preparation":[32],"Smiling Mask":30,"Burning Blood":155,"SsserpentHead":100,"Centennial Puzzle":[42],"Dream Catcher":1,"Bronze Scales":[84],"MealTicket":30,"Necronomicon":[44],"obtain_stats":[{"Bag of Preparation":20,"Smiling Mask":42,"Ancient Tea Set":46,"Burning Blood":0,"SsserpentHead":28,"Centennial Puzzle":19,"Dream Catcher":43,"HornCleat":9,"Matryoshka":25,"DollysMirror":44,"MealTicket":23,"Necronomicon":21,"Red Skull":6,"Potion Belt":26,"Lee\u0027s Waffle":10,"Blue Candle":8,"Astrolabe":17,"Oddly Smooth Stone":26,"Eternal Feather":31,"The Courier":12,"White Beast Statue":40,"SlaversCollar":34,"Anchor":43,"Bronze Scales":36,"Molten Egg 2":5},{"Bag of Preparation":11,"Smiling Mask":23,"Ancient Tea Set":24,"Burning Blood":0,"SsserpentHead":14,"Centennial Puzzle":11,"Dream Catcher":23,"HornCleat":6,"Matryoshka":14,"DollysMirror":23,"MealTicket":13,"Necronomicon":11,"Red Skull":4,"Potion Belt":14,"Lee\u0027s Waffle":6,"Blue Candle":6,"Astrolabe":10,"Oddly Smooth Stone":14,"Eternal Feather":17,"The Courier":8,"White Beast Statue":22,"SlaversCollar":18,"Anchor":23,"Bronze Scales":19,"Molten Egg 2":3},{"Bag of Preparation":49,"Smiling Mask":99,"Ancient Tea Set":104,"Burning Blood":0,"SsserpentHead":63,"Centennial Puzzle":49,"Dream Catcher":99,"HornCleat":26,"Matryoshka":63,"DollysMirror":99,"MealTicket":57,"Necronomicon":49,"Red Skull":16,"Potion Belt":63,"Lee\u0027s Waffle":26,"Blue Candle":26,"Astrolabe":45,"Oddly Smooth Stone":63,"Eternal Feather":70,"The Courier":34,"White Beast Statue":94,"SlaversCollar":78,"Anchor":99,"Bronze Scales":81,"Molten Egg 2":10}]},"card_choices":[{"not_picked":["Pommel Strike","Twin Strike"],"picked":"Perfected Strike","floor":1.0},{"not_picked":["Warcry","Pommel Strike"],"picked":"Infernal Blade","floor":2.0},{"not_picked":["Pommel Strike","Bloodletting"],"picked":"Anger","floor":4.0},{"not_picked":["Dual Wield","Battle Trance"],"picked":"Carnage+1","floor":6.0},{"not_picked":["Headbutt+1","Sever Soul+1"],"picked":"Bloodletting","floor":7.0},{"not_picked":["Sword Boomerang+1","Double Tap"],"picked":"Flame Barrier","floor":8.0},{"not_picked":["Blood for Blood+1","Heavy Blade+1"],"picked":"Combust","floor":11.0},{"not_picked":["Warcry","Armaments"],"picked":"Whirlwind+1","floor":12.0},{"not_picked":["Bloodletting","Wild Strike+1"],"picked":"Seeing Red","floor":14.0},{"not_picked":["Limit Break","Exhume"],"picked":"Reaper+1","floor":16.0},{"not_picked":["Evolve","Heavy Blade+1","Clothesline+1"],"picked":"SKIP","floor":18.0},{"not_picked":["Anger+1","Pummel+1","Clothesline+1"],"picked":"SKIP","floor":22.0},{"not_picked":["Metallicize","Wild Strike+1","Whirlwind+1"],"picked":"SKIP","floor":23.0},{"not_picked":["True Grit","Dual Wield"],"picked":"Demon Form","floor":25.0},{"not_picked":["Sword Boomerang+1","Pommel Strike+1"],"picked":"Flame Barrier","floor":29.0},{"not_picked":["Evolve","Pummel+1"],"picked":"True Grit","floor":30.0},{"not_picked":["Dark Embrace","Flex"],"picked":"Burning Pact","floor":31.0},{"not_picked":["Brutality","Juggernaut"],"picked":"Exhume","floor":33.0},{"not_picked":["Whirlwind+1","Thunderclap+1","Headbutt+1"],"picked":"SKIP","floor":35.0},{"not_picked":["Intimidate","Wild Strike+1"],"picked":"Battle Trance","floor":37.0},{"not_picked":["Flex","Headbutt+1","Thunderclap+1"],"picked":"SKIP","floor":39.0},{"not_picked":["Intimidate","Bloodletting+1","Dark Embrace"],"picked":"SKIP","floor":40},{"not_picked":["Armaments","Flex"],"picked":"Disarm","floor":42},{"not_picked":["Evolve","Spot Weakness+1"],"picked":"Second Wind","floor":45},{"not_picked":["Headbutt+1","Pummel+1","Feed+1"],"picked":"SKIP","floor":46},{"not_picked":["Rage","Second Wind+1"],"picked":"Rupture","floor":47},{"not_picked":["Bloodletting","Twin Strike+1","Sword Boomerang+1"],"picked":"SKIP","floor":48}],"player_experience":900163,"relics_obtained":[{"floor":6.0,"key":"Red Skull"},{"floor":8.0,"key":"Blue Candle"},{"floor":9.0,"key":"HornCleat"},{"floor":12.0,"key":"The Courier"},{"floor":21.0,"key":"Necronomicon"},{"floor":23.0,"key":"MealTicket"},{"floor":25.0,"key":"Matryoshka"},{"floor":26.0,"key":"Potion Belt"},{"floor":26.0,"key":"Oddly Smooth Stone"},{"floor":31.0,"key":"Eternal Feather"},{"floor":40,"key":"White Beast Statue"},{"floor":42,"key":"Smiling Mask"},{"floor":43,"key":"Anchor"},{"floor":43,"key":"Dream Catcher"},{"floor":46,"key":"Ancient Tea Set"}],"event_choices":[{"damage_healed":0.0,"max_hp_gain":0.0,"max_hp_loss":0.0,"gold_gain":0.0,"event_name":"Living Wall","player_choice":"Grow","floor":3.0,"gold_loss":0.0,"damage_taken":0.0,"cards_upgraded":["Berserk"]},{"damage_healed":0.0,"max_hp_gain":0.0,"max_hp_loss":0.0,"gold_gain":0.0,"event_name":"Scrap Ooze","player_choice":"Success","floor":5.0,"gold_loss":0.0,"damage_taken":3.0,"relics_obtained":["Molten Egg 2"]},{"damage_healed":0.0,"max_hp_gain":0.0,"max_hp_loss":0.0,"gold_gain":0.0,"event_name":"Addict","player_choice":"Obtained Relic","floor":19.0,"gold_loss":85.0,"damage_taken":0.0,"relics_obtained":["Centennial Puzzle"]},{"damage_healed":0.0,"max_hp_gain":0.0,"max_hp_loss":0.0,"gold_gain":0.0,"event_name":"Cursed Tome","player_choice":"Obtained Book","floor":21.0,"gold_loss":0.0,"damage_taken":16.0},{"damage_healed":0.0,"max_hp_gain":0.0,"max_hp_loss":0.0,"gold_gain":0.0,"cards_transformed":["Strike_R","Strike_R"],"event_name":"Drug Dealer","player_choice":"Became Test Subject","floor":27.0,"gold_loss":0.0,"damage_taken":0.0,"cards_obtained":["Immolate","Juggernaut"]},{"damage_healed":0.0,"max_hp_gain":0.0,"max_hp_loss":0.0,"gold_gain":0.0,"event_name":"FaceTrader","player_choice":"Trade","floor":28.0,"gold_loss":0.0,"damage_taken":0.0,"relics_obtained":["SsserpentHead"]},{"damage_healed":0.0,"max_hp_gain":0.0,"max_hp_loss":0.0,"gold_gain":0.0,"event_name":"Tomb of Lord Red Mask","player_choice":"Ignored","floor":38.0,"gold_loss":0.0,"damage_taken":0.0}],"is_beta":false,"boss_relics":[{"not_picked":["Mark of Pain","Sozu"],"picked":"Astrolabe"},{"not_picked":["Fusion Hammer","Velvet Choker"],"picked":"SlaversCollar"}],"items_purged_floors":[36,44],"is_endless":false,"potions_floor_spawned":[6,7,12,14,16,18,22,33,37,42,46,47,48],"ascension_level":13}}