{"host":"bbvmu6yleqps41w7","time":1611958086,"event":{"mods":["BaseMod","Colored Map","Colored Powertips","Downfall","Hermit","Marisa????????","Minty Spire (QoL Compilation)","StSLib","The Bug Knight","The Cursed","The Servant 0.9.4"],"gold_per_floor":[99,109,284,284,284,284,337,350,385,149,181,196,30,305,317,317,317,317],"floor_reached":16,"language":"ENG","playtime":1017,"items_purged":["champ:Defend"],"score":133,"play_id":"be800fa7-cdc3-47a0-845d-a64a2f63894a","local_time":"20210129150806","is_ascension_mode":false,"campfire_choices":[{"data":"champ:Execute","floor":1,"key":"SMITH"}],"circlet_count":0,"master_deck":["champ:Strike","champ:Strike","champ:Strike","champ:Defend","champ:Defend","champ:Defend","champ:Execute+1","champ:Taunt","champ:FaceSlap","champ:SetATrap","champ:RisingSlash","champ:DancingMaster","champ:FocusedDefense","champ:Parry","champ:BerserkersShout","Regret","champ:SwordThrow"],"relics":["champ:ChampionCrown","Gremlin Horn","Regal Pillow","Question Card","Juzu Bracelet","Toy Ornithopter","Lee\u0027s Waffle"],"acts_visited":["Exordium"],"potions_floor_usage":[11,16,16],"damage_taken":[{"damage":11,"enemies":"Cultist","floor":2,"turns":3},{"damage":3,"enemies":"Jaw Worm","floor":8,"turns":2},{"damage":79,"enemies":"3 Sentries","floor":9,"turns":10},{"damage":25,"enemies":"downfall:FleeingMerchant","floor":10,"turns":4},{"damage":45,"enemies":"Gremlin Nob","floor":11,"turns":4},{"damage":15,"enemies":"2 Louse","floor":12,"turns":2},{"damage":20,"enemies":"downfall:FleeingMerchant","floor":13,"turns":4},{"damage":12,"enemies":"Blue Slaver","floor":15,"turns":2},{"damage":111,"enemies":"DF_ARCHETYPE_STREAMLINE","floor":16,"turns":8}],"seed_played":"1439320989117056812","potions_obtained":[{"floor":9,"key":"Regen Potion"},{"floor":12,"key":"BlessingOfTheForge"},{"floor":15,"key":"LiquidBronze"}],"is_trial":false,"path_per_floor":["R","M","?","T","?","?","T","M","E","$","E","M","$","?","M","B"],"character_chosen":"THE_CHAMP","items_purchased":["Juzu Bracelet","Lee\u0027s Waffle"],"campfire_rested":0,"item_purchase_floors":[10,13],"current_hp_per_floor":[99,98,98,98,98,98,98,95,51,46,23,23,106,106,104,0,0,0],"gold":317,"neow_bonus":"TEN_PERCENT_HP_BONUS","is_daily":false,"chose_seed":false,"campfire_upgraded":1,"win_rate":0.0,"timestamp":1611958086,"path_taken":["R","M","?","?","?","?","T","M","E","?","E","M","$","?","M","BOSS"],"items_purchased_type":["Relic","Relic"],"build_version":"2020-12-22","purchased_purges":1,"victory":false,"max_hp_per_floor":[99,99,99,99,99,99,99,99,99,99,99,99,106,106,106,106,106,106],"card_choices":[{"not_picked":["champ:TornadoPunch","champ:CalledShot"],"picked":"champ:FaceSlap","floor":2},{"not_picked":["champ:FlashCut","champ:Lariat"],"picked":"champ:SetATrap","floor":8},{"not_picked":["champ:AdrenalArmor","champ:RapidStrikes"],"picked":"champ:RisingSlash","floor":9},{"not_picked":["champ:DeathBlow","champ:GutPunch","champ:DefensiveShout"],"picked":"champ:DancingMaster","floor":10},{"not_picked":["champ:CalledShot","champ:GladiatorStyle","champ:EndlessRage"],"picked":"champ:FocusedDefense","floor":11},{"not_picked":["champ:DefensiveShout","champ:GutPunch","champ:CrownThrow"],"picked":"champ:Parry","floor":12},{"not_picked":["champ:PerfectedStrike","champ:EnGarde","champ:TornadoPunch"],"picked":"champ:BerserkersShout","floor":13},{"not_picked":["champ:PreemptiveStrike","champ:DefensiveShout","champ:FanOfKnives"],"picked":"champ:SwordThrow","floor":15}],"player_experience":611471,"relics_obtained":[{"floor":4,"key":"Gremlin Horn"},{"floor":7,"key":"Regal Pillow"},{"floor":9,"key":"Question Card"},{"floor":11,"key":"Toy Ornithopter"}],"event_choices":[{"cards_removed":["Doubt"],"damage_healed":0,"gold_gain":0,"player_choice":"Card Removal","damage_taken":0,"max_hp_gain":0,"max_hp_loss":0,"event_name":"The Cleric","floor":5,"gold_loss":0}],"is_beta":false,"boss_relics":[],"items_purged_floors":[10],"is_endless":false,"potions_floor_spawned":[9,12,15],"killed_by":"DF_ARCHETYPE_STREAMLINE","ascension_level":0}}