{"host":"sp1f3sybb350mzsh","time":1611905293,"event":{"mods":["AchievementEnabler","BaseMod","Bestiary","Colored Map","Colored Powertips","Filter the Spire","Minty Spire (QoL Compilation)","Puzzle Mod","Relic Stats","StSLib"],"gold_per_floor":[110,129,129,22,40,80,93,93,93,93,93,114,130,169,169,292,292,306,79,97,111,129,129,165,165,188,231,255,33,49,49,49,174,174,187,200,200,200,225,260,260,260],"floor_reached":41,"language":"ENG","playtime":2315,"items_purged":["Strike_B","Strike_B"],"score":475,"play_id":"590b9455-0a1d-4152-9172-4d09cf144975","local_time":"20210129012813","is_ascension_mode":false,"campfire_choices":[{"data":"Loop","floor":8.0,"key":"SMITH"},{"data":"Static Discharge","floor":10.0,"key":"SMITH"},{"data":"Storm","floor":15.0,"key":"SMITH"},{"data":"Sunder","floor":23.0,"key":"SMITH"},{"floor":25.0,"key":"REST"},{"floor":32,"key":"REST"}],"circlet_count":0,"master_deck":["Defend_B","Defend_B","Defend_B","Defend_B","Dualcast","Static Discharge+1","Go for the Eyes","Loop+1","Melter","Glacier","Electrodynamics","Storm+1","Consume","Sweeping Beam","Hologram","Defragment","Sunder+1","Steam Power","Redo+1","Stack+1","Skim+1","Ball Lightning+1","Seek+1","Darkness+1","Chill+1","Amplify+1","Cold Snap+1","Thunder Strike","Madness+1","Madness+1","Core Surge","Enlightenment+1","Turbo+1","Loop"],"relics":["Cracked Core","Oddly Smooth Stone","Golden Idol","Darkstone Periapt","HornCleat","White Beast Statue","Black Star","Runic Capacitor","Bag of Preparation","Gremlin Horn","Dream Catcher","Toxic Egg 2","Lantern","Astrolabe","Matryoshka","Regal Pillow"],"acts_visited":["Exordium","TheCity","TheBeyond"],"potions_floor_usage":[28,33,33,40,40,41,41],"damage_taken":[{"damage":0.0,"enemies":"Small Slimes","floor":1.0,"turns":2.0},{"damage":0.0,"enemies":"Cultist","floor":2.0,"turns":3.0},{"damage":0.0,"enemies":"Jaw Worm","floor":5.0,"turns":3.0},{"damage":14.0,"enemies":"Lagavulin","floor":6.0,"turns":9.0},{"damage":0.0,"enemies":"3 Louse","floor":7.0,"turns":1.0},{"damage":5.0,"enemies":"Large Slime","floor":12.0,"turns":5.0},{"damage":0.0,"enemies":"Exordium Thugs","floor":13.0,"turns":3.0},{"damage":7.0,"enemies":"Gremlin Nob","floor":14.0,"turns":5.0},{"damage":4.0,"enemies":"Slime Boss","floor":16.0,"turns":6.0},{"damage":12.0,"enemies":"Shell Parasite","floor":18.0,"turns":6.0},{"damage":0.0,"enemies":"3 Byrds","floor":20.0,"turns":3.0},{"damage":20.0,"enemies":"Shelled Parasite and Fungi","floor":21.0,"turns":5.0},{"damage":4.0,"enemies":"Centurion and Healer","floor":22.0,"turns":4.0},{"damage":16.0,"enemies":"Gremlin Leader","floor":24.0,"turns":6.0},{"damage":26.0,"enemies":"Book of Stabbing","floor":27.0,"turns":5.0},{"damage":4,"enemies":"Cultist and Chosen","floor":28,"turns":4},{"damage":3,"enemies":"Snake Plant","floor":30,"turns":5},{"damage":22,"enemies":"Collector","floor":33,"turns":6},{"damage":0,"enemies":"3 Shapes","floor":35,"turns":7},{"damage":3,"enemies":"Orb Walker","floor":36,"turns":3},{"damage":1,"enemies":"4 Shapes","floor":39,"turns":2},{"damage":41,"enemies":"Nemesis","floor":40,"turns":7},{"damage":35,"enemies":"Spire Growth","floor":41,"turns":4}],"seed_played":"2245702869697008793","potions_obtained":[{"floor":1.0,"key":"BlessingOfTheForge"},{"floor":2.0,"key":"EssenceOfSteel"},{"floor":6.0,"key":"SpeedPotion"},{"floor":12.0,"key":"ColorlessPotion"},{"floor":16.0,"key":"FocusPotion"},{"floor":18.0,"key":"Strength Potion"},{"floor":22.0,"key":"Explosive Potion"},{"floor":24.0,"key":"LiquidBronze"},{"floor":27.0,"key":"Fire Potion"},{"floor":28,"key":"EssenceOfSteel"},{"floor":30,"key":"AttackPotion"},{"floor":33,"key":"SkillPotion"},{"floor":35,"key":"FearPotion"},{"floor":36,"key":"Block Potion"},{"floor":40,"key":"AttackPotion"}],"is_trial":false,"path_per_floor":["M","M","?","$","M","E","M","R","T","R","?","M","M","E","R","B",null,"M","$","M","M","M","R","E","R","T","E","M","$","M","?","R","B",null,"M","M","?","?","M","E","M"],"character_chosen":"DEFECT","items_purchased":["Loop","Melter","Runic Capacitor","Stack+1","DistilledChaos"],"campfire_rested":2,"item_purchase_floors":[4,4,19,29,29],"current_hp_per_floor":[75,75,57,57,57,43,43,43,43,43,43,38,38,31,31,27,75,63,63,63,43,39,39,23,45,45,19,15,15,12,12,34,12,75,75,72,63,63,62,21,0,0],"gold":260,"neow_bonus":"RANDOM_COMMON_RELIC","is_daily":false,"chose_seed":false,"campfire_upgraded":4,"win_rate":0.0,"timestamp":1611905293,"path_taken":["M","M","?","$","M","E","M","R","T","R","?","?","M","E","R","BOSS","M","$","M","M","?","R","E","R","T","E","?","$","M","?","R","BOSS","M","M","?","?","?","E","M"],"items_purchased_type":["Card","Card","Relic","Card","Potion"],"build_version":"2020-12-22","purchased_purges":2,"victory":false,"max_hp_per_floor":[75,75,75,75,75,75,75,75,75,75,75,75,75,75,75,75,75,75,75,75,75,75,75,75,75,75,75,75,75,75,75,75,75,75,75,75,75,75,75,75,75,75],"relic_stats":{"Darkstone Periapt":0,"Dream Catcher":1,"Regal Pillow":0,"Gremlin Horn":[8,8],"counters":[23,104],"Golden Idol":136,"Astrolabe":["Darkness","Chill","Amplify"],"Black Star":3,"Bag of Preparation":[18],"obtain_stats":[{"Darkstone Periapt":6,"Lantern":27,"Regal Pillow":40,"Gremlin Horn":24,"Golden Idol":3,"Astrolabe":34,"Oddly Smooth Stone":0,"Runic Capacitor":19,"Bag of Preparation":24,"White Beast Statue":14,"Dream Catcher":26,"HornCleat":9,"Matryoshka":40,"Black Star":17,"Toxic Egg 2":27,"Cracked Core":0},{"Darkstone Periapt":4,"Lantern":15,"Regal Pillow":22,"Gremlin Horn":14,"Golden Idol":2,"Astrolabe":18,"Oddly Smooth Stone":0,"Runic Capacitor":10,"Bag of Preparation":14,"White Beast Statue":8,"Dream Catcher":14,"HornCleat":5,"Matryoshka":22,"Black Star":9,"Toxic Egg 2":15,"Cracked Core":0},{"Darkstone Periapt":17,"Lantern":66,"Regal Pillow":100,"Gremlin Horn":61,"Golden Idol":5,"Astrolabe":81,"Oddly Smooth Stone":0,"Runic Capacitor":43,"Bag of Preparation":61,"White Beast Statue":31,"Dream Catcher":61,"HornCleat":18,"Matryoshka":100,"Black Star":37,"Toxic Egg 2":66,"Cracked Core":0}]},"card_choices":[{"not_picked":["Redo","Doom and Gloom"],"picked":"Static Discharge","floor":1.0},{"not_picked":["Barrage","Turbo"],"picked":"Go for the Eyes","floor":2.0},{"not_picked":["Go for the Eyes","Steam"],"picked":"Glacier","floor":5.0},{"not_picked":["Sweeping Beam","BootSequence"],"picked":"Electrodynamics","floor":6.0},{"not_picked":["Turbo","Barrage","Steam"],"picked":"SKIP","floor":7.0},{"not_picked":["Turbo","Barrage","Steam"],"picked":"SKIP","floor":7.0},{"not_picked":["Tempest","Turbo"],"picked":"Storm","floor":12.0},{"not_picked":["Conserve Battery","Go for the Eyes"],"picked":"Consume","floor":13.0},{"not_picked":["Streamline","Redo"],"picked":"Sweeping Beam","floor":14.0},{"not_picked":["Core Surge","Rainbow"],"picked":"Hyperbeam","floor":16.0},{"not_picked":["Go for the Eyes","Barrage"],"picked":"Hologram","floor":18.0},{"not_picked":["Stack","FTL"],"picked":"Defragment","floor":20.0},{"not_picked":["Steam","Leap"],"picked":"Sunder","floor":21.0},{"not_picked":["Steam","Chill"],"picked":"Steam Power","floor":22.0},{"not_picked":["Blizzard","Rip and Tear","Cold Snap"],"picked":"SKIP","floor":24.0},{"not_picked":["Lockon","Reprogram+1","Go for the Eyes"],"picked":"SKIP","floor":27.0},{"not_picked":["Blizzard","Force Field+1"],"picked":"Redo+1","floor":28},{"not_picked":["Conserve Battery+1","Steam+1"],"picked":"Skim+1","floor":30},{"not_picked":["Conserve Battery+1","Rip and Tear"],"picked":"Ball Lightning+1","floor":32},{"not_picked":["All For One","Rainbow+1"],"picked":"Seek+1","floor":33},{"not_picked":["Streamline","Steam+1"],"picked":"Cold Snap+1","floor":35},{"not_picked":["Barrage+1","Ball Lightning+1"],"picked":"Thunder Strike","floor":36},{"not_picked":["Leap+1","Steam Power+1"],"picked":"Turbo+1","floor":39},{"not_picked":["Sweeping Beam+1","Ball Lightning+1"],"picked":"Loop","floor":40}],"player_experience":139352,"relics_obtained":[{"floor":6.0,"key":"Darkstone Periapt"},{"floor":9.0,"key":"HornCleat"},{"floor":14.0,"key":"White Beast Statue"},{"floor":24.0,"key":"Bag of Preparation"},{"floor":24.0,"key":"Gremlin Horn"},{"floor":26.0,"key":"Dream Catcher"},{"floor":27.0,"key":"Toxic Egg 2"},{"floor":27.0,"key":"Lantern"},{"floor":40,"key":"Matryoshka"},{"floor":40,"key":"Regal Pillow"}],"event_choices":[{"damage_healed":0.0,"max_hp_gain":0.0,"max_hp_loss":0.0,"gold_gain":0.0,"event_name":"Golden Idol","player_choice":"Take Damage","floor":3.0,"gold_loss":0.0,"damage_taken":18.0,"relics_obtained":["Golden Idol"]},{"cards_removed":["Strike_B"],"damage_healed":0.0,"max_hp_gain":0.0,"max_hp_loss":0.0,"gold_gain":0.0,"event_name":"Bonfire Elementals","player_choice":"Offered Basic","floor":11.0,"gold_loss":0.0,"damage_taken":0.0},{"damage_healed":0,"gold_gain":0,"player_choice":"Ignored","damage_taken":0,"max_hp_gain":0,"max_hp_loss":0,"event_name":"Cursed Tome","floor":31,"gold_loss":0},{"damage_healed":0,"gold_gain":0,"player_choice":"Embrace Madness","damage_taken":9,"max_hp_gain":0,"max_hp_loss":0,"event_name":"Winding Halls","floor":37,"gold_loss":0,"cards_obtained":["Madness","Madness"]},{"damage_healed":0,"gold_gain":0,"player_choice":"2 cards matched","damage_taken":0,"max_hp_gain":0,"max_hp_loss":0,"event_name":"Match and Keep!","floor":38,"gold_loss":0,"cards_obtained":["Core Surge","Enlightenment"]}],"is_beta":false,"boss_relics":[{"not_picked":["Empty Cage","Busted Crown"],"picked":"Black Star"},{"not_picked":["Philosopher\u0027s Stone","Runic Pyramid"],"picked":"Astrolabe"}],"items_purged_floors":[19,29],"is_endless":false,"potions_floor_spawned":[1,2,6,12,16,18,20,21,22,24,27,28,30,33,35,36,39,40],"killed_by":"Spire Growth","ascension_level":0}}