{"host":"bht7q8dqip9du99t","time":1611961352,"event":{"mods":["BaseMod","Colored Map","Colored Powertips","Highlight Path","Minty Spire (QoL Compilation)","Permanent Neow","Quick Restart","StSLib"],"gold_per_floor":[117,117,117,132,149,182,201,231,231,231,68,88,13,44,44,118,118,138,38,38,38,52,52,82,100,123,123,123,123,123,123],"floor_reached":30,"language":"ENG","playtime":1286,"items_purged":["Defend_P","Meditate"],"score":614,"play_id":"e04a6880-97eb-4c61-b0d1-e44c1c39e25b","local_time":"20210129180232","is_ascension_mode":true,"campfire_choices":[{"floor":10,"key":"REST"},{"data":"Ragnarok","floor":15,"key":"SMITH"},{"data":"Ghostly","floor":23,"key":"SMITH"},{"data":"Ghostly","floor":27,"key":"SMITH"},{"data":"DevaForm","floor":29,"key":"SMITH"}],"circlet_count":0,"master_deck":["AscendersBane","Eruption+1","Vigilance","Wallop","WheelKick","Swivel","Ragnarok+1","Ragnarok","FollowUp","DevaForm+1","WaveOfTheHand","ConjureBlade","SpiritShield","ReachHeaven+1","Ghostly+1","Ghostly+1","Ghostly+1","WheelKick"],"relics":["Sozu","Pantograph","Shuriken","Matryoshka","Bottled Lightning","Pandora\u0027s Box","Orichalcum","Smiling Mask","Strawberry"],"acts_visited":["Exordium","TheCity"],"potions_floor_usage":[],"damage_taken":[{"damage":9.0,"enemies":"2 Louse","floor":1.0,"turns":2.0},{"damage":0.0,"enemies":"Jaw Worm","floor":4.0,"turns":2.0},{"damage":0.0,"enemies":"Cultist","floor":5.0,"turns":2.0},{"damage":14.0,"enemies":"Gremlin Nob","floor":6.0,"turns":3.0},{"damage":4,"enemies":"Red Slaver","floor":7,"turns":4},{"damage":7,"enemies":"Lagavulin","floor":8,"turns":4},{"damage":0,"enemies":"Exordium Wildlife","floor":12,"turns":2},{"damage":13,"enemies":"3 Sentries","floor":14,"turns":5},{"damage":0,"enemies":"Slime Boss","floor":16,"turns":4},{"damage":4,"enemies":"Shell Parasite","floor":18,"turns":3},{"damage":13,"enemies":"3 Byrds","floor":22,"turns":5},{"damage":0,"enemies":"Gremlin Leader","floor":24,"turns":5},{"damage":0,"enemies":"Cultist and Chosen","floor":25,"turns":6},{"damage":32,"enemies":"Book of Stabbing","floor":30,"turns":5}],"seed_played":"-8691890151975936251","potions_obtained":[],"is_trial":false,"path_per_floor":["M","?","?","M","M","E","M","E","T","R","$","M","$","E","R","B",null,"M","$","?","?","M","R","E","M","T","R","?","R","E"],"character_chosen":"WATCHER","items_purchased":["Ragnarok"],"campfire_rested":1,"item_purchase_floors":[11],"current_hp_per_floor":[52,45,45,45,45,31,27,20,20,40,40,40,40,27,27,52,64,60,60,34,34,21,21,21,21,28,28,28,28,0,0],"gold":123,"neow_bonus":"BOSS_RELIC","is_daily":false,"chose_seed":false,"campfire_upgraded":4,"win_rate":0.0,"timestamp":1611961352,"path_taken":["M","?","?","M","M","E","?","E","T","R","$","M","?","E","R","BOSS","M","$","?","?","M","R","E","?","T","R","?","R","E"],"items_purchased_type":["Card"],"build_version":"2020-12-22","purchased_purges":2,"victory":false,"max_hp_per_floor":[68,68,68,68,68,68,68,68,68,68,68,68,68,68,68,68,68,68,68,34,34,34,34,34,34,41,41,41,41,41,41],"card_choices":[{"not_picked":["Perseverance","CutThroughFate"],"picked":"Wallop","floor":1.0},{"not_picked":["BowlingBash","Prostrate","ClearTheMind"],"picked":"SKIP","floor":4.0},{"not_picked":["EmptyMind","EmptyFist"],"picked":"WheelKick","floor":5.0},{"not_picked":["Consecrate","CrushJoints","WreathOfFlame"],"picked":"SKIP","floor":6.0},{"not_picked":["FlurryOfBlows","Consecrate","Wallop"],"picked":"SKIP","floor":7},{"not_picked":["ThirdEye","Study"],"picked":"Swivel","floor":8},{"not_picked":["SashWhip","Vengeance","Crescendo"],"picked":"SKIP","floor":12},{"not_picked":["Prostrate","JustLucky","EmptyFist"],"picked":"SKIP","floor":14},{"not_picked":["MasterReality","Vault"],"picked":"Ragnarok","floor":16},{"not_picked":["FlurryOfBlows","Study"],"picked":"ReachHeaven+1","floor":18},{"not_picked":["FlyingSleeves","EmptyBody","Conclude+1"],"picked":"SKIP","floor":22},{"not_picked":["CutThroughFate","ThirdEye","Protect+1"],"picked":"SKIP","floor":24},{"not_picked":["FearNoEvil","WreathOfFlame+1","EmptyFist+1"],"picked":"SKIP","floor":25}],"player_experience":687295,"relics_obtained":[{"floor":6.0,"key":"Pantograph"},{"floor":8,"key":"Shuriken"},{"floor":9,"key":"Matryoshka"},{"floor":14,"key":"Bottled Lightning"},{"floor":24,"key":"Orichalcum"},{"floor":26,"key":"Smiling Mask"},{"floor":26,"key":"Strawberry"}],"event_choices":[{"cards_removed":["Strike_P"],"damage_healed":0.0,"max_hp_gain":0.0,"max_hp_loss":0.0,"gold_gain":0.0,"event_name":"Golden Wing","player_choice":"Card Removal","floor":2.0,"gold_loss":0.0,"damage_taken":7.0},{"damage_healed":0.0,"max_hp_gain":0.0,"max_hp_loss":0.0,"gold_gain":0.0,"event_name":"Upgrade Shrine","player_choice":"Upgraded","floor":3.0,"gold_loss":0.0,"damage_taken":0.0,"cards_upgraded":["Eruption"]},{"damage_healed":0,"gold_gain":0,"player_choice":"Became a Ghost","damage_taken":0,"max_hp_gain":0,"max_hp_loss":34,"event_name":"Ghosts","floor":20,"gold_loss":0,"cards_obtained":["Ghostly","Ghostly","Ghostly"]},{"damage_healed":0,"gold_gain":0,"player_choice":"Read","damage_taken":0,"max_hp_gain":0,"max_hp_loss":0,"event_name":"The Library","floor":21,"gold_loss":0,"cards_obtained":["WheelKick"]},{"damage_healed":0,"gold_gain":0,"player_choice":"Upgraded","damage_taken":0,"max_hp_gain":0,"max_hp_loss":0,"event_name":"Upgrade Shrine","floor":28,"gold_loss":0,"cards_upgraded":["Ghostly"]}],"is_beta":false,"boss_relics":[{"not_picked":["Busted Crown","SlaversCollar"],"picked":"Pandora\u0027s Box"}],"items_purged_floors":[13,19],"is_endless":false,"potions_floor_spawned":[1,8,16,25],"killed_by":"Book of Stabbing","ascension_level":16}}