{"host":"nwd160me4iqdtr8u","time":1611943457,"event":{"mods":["AchievementEnabler","Act Like it!","BaseMod","Colored Map","DeckTracker","Keyboard Shortcuts","Minty Spire (QoL Compilation)","Quick Restart","Rare Cards Sparkle","StSLib","SuperFastMode","everything is the same but u backflip on backflip"],"gold_per_floor":[112,129,229,247,258,287,123,123,123,137,137,62,62,77,77,151,151,171,371,91,103,103,103],"floor_reached":22,"language":"KOR","playtime":825,"items_purged":["Strike_G","Defend_G"],"score":326,"play_id":"0efe9c86-8750-4d3f-af8d-1768a2041faf","local_time":"20210130030417","is_ascension_mode":true,"campfire_choices":[{"data":"Finisher","floor":8.0,"key":"SMITH"},{"data":"Deadly Poison","floor":15.0,"key":"SMITH"}],"circlet_count":0,"master_deck":["AscendersBane","Strike_G","Strike_G","Strike_G","Defend_G","Defend_G","Defend_G","Survivor","Neutralize","Deadly Poison+1","Escape Plan","Finisher+1","Poisoned Stab","All Out Attack","Finesse","Reflex","Malaise","Backflip+1","Tactician","Eviscerate"],"relics":["Ring of the Snake","Centennial Puzzle","Strawberry","Matryoshka","Snecko Eye","Omamori"],"acts_visited":["Exordium","TheCity"],"potions_floor_usage":[],"damage_taken":[{"damage":3.0,"enemies":"2 Louse","floor":1.0,"turns":3.0},{"damage":0.0,"enemies":"Cultist","floor":2.0,"turns":3.0},{"damage":0.0,"enemies":"Small Slimes","floor":4.0,"turns":5.0},{"damage":6.0,"enemies":"3 Louse","floor":5.0,"turns":5.0},{"damage":11.0,"enemies":"Lagavulin","floor":6.0,"turns":5.0},{"damage":2.0,"enemies":"Blue Slaver","floor":10.0,"turns":3.0},{"damage":1.0,"enemies":"Exordium Wildlife","floor":14.0,"turns":3.0},{"damage":34.0,"enemies":"Hexaghost","floor":16.0,"turns":11.0},{"damage":17.0,"enemies":"Chosen","floor":18.0,"turns":6.0},{"damage":22.0,"enemies":"Shell Parasite","floor":21.0,"turns":8.0},{"damage":21,"enemies":"3 Cultists","floor":22,"turns":5}],"seed_played":"4287413805909661309","potions_obtained":[{"floor":1.0,"key":"EssenceOfSteel"},{"floor":4.0,"key":"GamblersBrew"},{"floor":5.0,"key":"Strength Potion"},{"floor":14.0,"key":"LiquidMemories"}],"is_trial":false,"path_per_floor":["M","M","?","M","M","E","$","R","T","M","?","?","?","M","R","B",null,"M","?","$","M","M"],"character_chosen":"THE_SILENT","items_purchased":["Finesse","Tactician","Omamori"],"campfire_rested":0,"item_purchase_floors":[7,20,20],"current_hp_per_floor":[56,56,56,56,50,46,46,46,46,44,37,37,42,41,41,7,60,43,43,43,21,0,0],"gold":103,"neow_bonus":"RANDOM_COMMON_RELIC","is_daily":false,"chose_seed":false,"campfire_upgraded":2,"win_rate":0.0,"timestamp":1611943457,"path_taken":["M","M","?","M","M","E","?","R","T","M","?","?","?","?","R","BOSS","M","?","?","?","?"],"items_purchased_type":["Card","Card","Relic"],"build_version":"2020-12-22","purchased_purges":2,"victory":false,"max_hp_per_floor":[66,66,66,66,66,73,73,73,73,73,73,73,78,78,78,78,78,78,78,78,78,78,78],"card_choices":[{"not_picked":["Sucker Punch","Quick Slash"],"picked":"Deadly Poison","floor":1.0},{"not_picked":["Finisher","Setup"],"picked":"Escape Plan","floor":2.0},{"not_picked":["Well Laid Plans","Cloak And Dagger"],"picked":"Finisher","floor":4.0},{"not_picked":["Cloak And Dagger","Dagger Spray"],"picked":"Poisoned Stab","floor":5.0},{"not_picked":["Slice","Dagger Throw"],"picked":"All Out Attack","floor":6.0},{"not_picked":["Deflect","Outmaneuver","Slice"],"picked":"SKIP","floor":10.0},{"not_picked":["Deadly Poison","Predator"],"picked":"Reflex","floor":14.0},{"not_picked":["Envenom","Bullet Time"],"picked":"Malaise","floor":16.0},{"not_picked":["Predator+1","Prepared"],"picked":"Backflip+1","floor":18.0},{"not_picked":["Blade Dance","Heel Hook"],"picked":"Eviscerate","floor":21.0}],"player_experience":323644,"relics_obtained":[{"floor":6.0,"key":"Strawberry"},{"floor":9.0,"key":"Matryoshka"}],"event_choices":[{"damage_healed":0.0,"max_hp_gain":0.0,"max_hp_loss":0.0,"gold_gain":100.0,"event_name":"Wheel of Change","player_choice":"Gold","floor":3.0,"gold_loss":0.0,"damage_taken":0.0},{"cards_removed":["Strike_G"],"damage_healed":0.0,"max_hp_gain":0.0,"max_hp_loss":0.0,"gold_gain":0.0,"event_name":"Golden Wing","player_choice":"Card Removal","floor":11.0,"gold_loss":0.0,"damage_taken":7.0},{"cards_removed":["Defend_G"],"damage_healed":0.0,"max_hp_gain":0.0,"max_hp_loss":0.0,"gold_gain":0.0,"event_name":"The Cleric","player_choice":"Card Removal","floor":12.0,"gold_loss":75.0,"damage_taken":0.0},{"damage_healed":0.0,"max_hp_gain":5.0,"max_hp_loss":0.0,"gold_gain":0.0,"event_name":"Big Fish","player_choice":"Donut","floor":13.0,"gold_loss":0.0,"damage_taken":0.0},{"damage_healed":0.0,"max_hp_gain":0.0,"max_hp_loss":0.0,"gold_gain":250.0,"event_name":"The Joust","player_choice":"Bet on Owner","floor":19.0,"gold_loss":50.0,"damage_taken":0.0}],"is_beta":false,"boss_relics":[{"not_picked":["Coffee Dripper","Black Star"],"picked":"Snecko Eye"}],"items_purged_floors":[7,20],"is_endless":false,"potions_floor_spawned":[1,4,5,14],"killed_by":"3 Cultists","ascension_level":15}}