{"host":"sc0o2qwpf9j16a4i","time":1611945870,"event":{"mods":["AchievementEnabler","BaseMod","BetterRewards","Block Reminder","Colored Map","Colored Powertips","Custom Start","Highlight Path","Minty Spire (QoL Compilation)","Relic Stats"],"gold_per_floor":[135,23,23,62,104,203,203,50,50,137,137,137,137,191,191,500,500,530,46,46,79,79,172,232,18,70,118,211,211,268,568,568,883,883,928,928,481,526,559,559,640,640,690,720,765,843,900,31,31,31],"floor_reached":51,"language":"ENG","playtime":1816,"items_purged":[],"score":955,"play_id":"6cee3c66-f0f4-4fa5-9864-b7acea63a954","local_time":"20210129204430","daily_mods":["Chimera","Colorless Cards","Midas"],"is_ascension_mode":false,"campfire_choices":[{"floor":7,"key":"REST"},{"floor":11,"key":"REST"},{"floor":13,"key":"REST"},{"floor":15,"key":"REST"},{"floor":29,"key":"REST"},{"floor":32,"key":"REST"},{"floor":40,"key":"REST"},{"floor":42,"key":"REST"},{"floor":49,"key":"REST"}],"circlet_count":0,"master_deck":["Bash","Strike_R","Strike_G","Strike_B","Defend_R","Defend_G","Defend_P","Perfected Strike","Battle Trance","Perfected Strike","Perfected Strike","Discovery","Seeing Red","Pommel Strike","Flame Barrier","Flex","Shrug It Off","Sever Soul","Twin Strike","Reaper","Panacea","Apotheosis","Feel No Pain","Flex","Madness+1","True Grit","Inflame","Sentinel","Feel No Pain","Body Slam+1","Pommel Strike+1","Reaper","Thunderclap+1","Body Slam+1","Panache+1","Havoc","Pommel Strike","True Grit","Metallicize","Burning Pact","Panacea+1","Spot Weakness","Shrug It Off+1","Flex","Intimidate","Inflame","Reaper","True Grit","The Bomb","Rampage"],"relics":["Burning Blood","StrikeDummy","Boot","Orrery","Blood Vial","Kunai","Runic Cube","Lantern","Akabeko","Bottled Lightning","OrangePellets","Anchor","Pocketwatch","FossilizedHelix","Mummified Hand","Astrolabe","InkBottle","Letter Opener","Pen Nib","Shuriken","PreservedInsect","Darkstone Periapt"],"acts_visited":["Exordium","TheCity","TheBeyond"],"potions_floor_usage":[16,24,28,38,39,50,50],"damage_taken":[{"damage":0,"enemies":"Cultist","floor":1,"turns":3},{"damage":6,"enemies":"Jaw Worm","floor":4,"turns":2},{"damage":4,"enemies":"Small Slimes","floor":5,"turns":4},{"damage":0,"enemies":"Gremlin Nob","floor":6,"turns":2},{"damage":18,"enemies":"Lagavulin","floor":10,"turns":5},{"damage":0,"enemies":"2 Fungi Beasts","floor":14,"turns":2},{"damage":50,"enemies":"Hexaghost","floor":16,"turns":8},{"damage":42,"enemies":"3 Byrds","floor":18,"turns":6},{"damage":2,"enemies":"Chosen","floor":21,"turns":5},{"damage":40,"enemies":"Book of Stabbing","floor":23,"turns":6},{"damage":8,"enemies":"Centurion and Healer","floor":24,"turns":4},{"damage":15,"enemies":"Snecko","floor":27,"turns":4},{"damage":7,"enemies":"Gremlin Leader","floor":28,"turns":8},{"damage":18,"enemies":"Snake Plant","floor":30,"turns":6},{"damage":4,"enemies":"Colosseum Slavers","floor":31,"turns":3},{"damage":9,"enemies":"Colosseum Nobs","floor":31,"turns":5},{"damage":27,"enemies":"Collector","floor":33,"turns":8},{"damage":8,"enemies":"3 Darklings","floor":35,"turns":5},{"damage":0,"enemies":"3 Shapes","floor":38,"turns":3},{"damage":0,"enemies":"Jaw Worm Horde","floor":39,"turns":2},{"damage":0,"enemies":"Giant Head","floor":41,"turns":5},{"damage":0,"enemies":"4 Shapes","floor":44,"turns":5},{"damage":0,"enemies":"Sphere and 2 Shapes","floor":45,"turns":2},{"damage":0,"enemies":"Reptomancer","floor":46,"turns":3},{"damage":0,"enemies":"Jaw Worm Horde","floor":47,"turns":4},{"damage":69,"enemies":"Awakened One","floor":50,"turns":8}],"seed_played":"6063842987586790434","potions_obtained":[{"floor":6,"key":"ElixirPotion"},{"floor":14,"key":"Swift Potion"},{"floor":21,"key":"Dexterity Potion"},{"floor":27,"key":"SpeedPotion"},{"floor":33,"key":"Explosive Potion"},{"floor":38,"key":"SkillPotion"},{"floor":41,"key":"LiquidBronze"}],"is_trial":true,"path_per_floor":["M","$","?","M","M","E","R","$","T","E","R","?","R","M","R","B",null,"M","$","?","M","?","E","M","$","T","M","E","R","M","?","R","B",null,"M","?","$","M","M","R","E","R","T","M","M","E","M","$","R","B",null],"character_chosen":"IRONCLAD","items_purchased":["Battle Trance","DuplicationPotion","Orrery","Apotheosis","Feel No Pain","Lantern","DuplicationPotion","OrangePellets","Inflame","InkBottle","Havoc","Pommel Strike","True Grit","Metallicize","Inflame","Reaper","True Grit","PreservedInsect","Darkstone Periapt","The Bomb","Rampage"],"campfire_rested":9,"item_purchase_floors":[2,2,8,19,19,19,19,25,25,37,37,37,37,37,48,48,48,48,48,48,48],"current_hp_per_floor":[80,80,80,80,80,80,80,80,80,68,80,80,80,80,80,36,80,54,54,54,69,69,43,43,43,43,44,80,80,73,80,80,59,80,80,80,80,80,80,80,80,80,80,80,80,80,80,80,80,42],"gold":31,"neow_bonus":"","is_daily":false,"chose_seed":false,"campfire_upgraded":0,"win_rate":0.0,"timestamp":1611945870,"path_taken":["M","$","?","?","M","E","R","$","T","E","R","?","R","M","R","BOSS","M","$","?","M","?","E","M","?","T","M","E","R","M","?","R","BOSS","M","?","$","M","M","R","E","R","T","?","M","E","M","$","R","BOSS"],"items_purchased_type":["Card","Potion","Relic","Card","Card","Relic","Potion","Relic","Card","Relic","Card","Card","Card","Card","Card","Card","Card","Relic","Relic","Card","Card"],"build_version":"2020-12-22","purchased_purges":0,"victory":true,"max_hp_per_floor":[80,80,80,80,80,80,80,80,80,80,80,80,80,80,80,80,80,80,80,80,80,80,80,80,80,80,80,80,80,80,80,80,80,80,80,80,80,80,80,80,80,80,80,80,80,80,80,80,80,80],"relic_stats":{"Darkstone Periapt":0,"counters":[26,118],"Astrolabe":["Thunderclap","Body Slam","Panache"],"Pen Nib":[4],"PreservedInsect":0,"Letter Opener":[163],"Boot":[17],"Burning Blood":76,"Blood Vial":14,"OrangePellets":[13],"Mummified Hand":[42],"Shuriken":[1],"Kunai":[16],"obtain_stats":[{"Darkstone Periapt":48,"Lantern":19,"Astrolabe":34,"Pen Nib":43,"PreservedInsect":48,"Letter Opener":41,"Boot":6,"Burning Blood":0,"Akabeko":20,"Blood Vial":9,"OrangePellets":25,"Anchor":26,"Mummified Hand":31,"Shuriken":46,"Orrery":8,"Kunai":10,"Bottled Lightning":23,"StrikeDummy":3,"FossilizedHelix":31,"InkBottle":37,"Runic Cube":17,"Pocketwatch":28},{"Darkstone Periapt":25,"Lantern":8,"Astrolabe":17,"Pen Nib":21,"PreservedInsect":25,"Letter Opener":21,"Boot":4,"Burning Blood":0,"Akabeko":8,"Blood Vial":4,"OrangePellets":11,"Anchor":11,"Mummified Hand":16,"Shuriken":24,"Orrery":4,"Kunai":5,"Bottled Lightning":10,"StrikeDummy":1,"FossilizedHelix":16,"InkBottle":18,"Runic Cube":7,"Pocketwatch":13},{"Darkstone Periapt":110,"Lantern":32,"Astrolabe":81,"Pen Nib":96,"PreservedInsect":110,"Letter Opener":96,"Boot":11,"Burning Blood":0,"Akabeko":32,"Blood Vial":11,"OrangePellets":47,"Anchor":47,"Mummified Hand":73,"Shuriken":106,"Orrery":11,"Kunai":16,"Bottled Lightning":43,"StrikeDummy":3,"FossilizedHelix":73,"InkBottle":86,"Runic Cube":26,"Pocketwatch":59}],"InkBottle":[15],"Runic Cube":[42],"Pocketwatch":[30]},"card_choices":[{"not_picked":["Pommel Strike","Trip"],"picked":"Perfected Strike","floor":1},{"not_picked":["Warcry","Heavy Blade"],"picked":"Perfected Strike","floor":4},{"not_picked":["Heavy Blade","Clash"],"picked":"Perfected Strike","floor":5},{"not_picked":["Dark Shackles","Blood for Blood"],"picked":"Discovery","floor":6},{"not_picked":["Exhume","Headbutt"],"picked":"Deep Breath","floor":8},{"not_picked":["Dramatic Entrance","Entrench"],"picked":"Seeing Red","floor":8},{"not_picked":["True Grit","Warcry"],"picked":"Pommel Strike","floor":8},{"not_picked":["HandOfGreed","Body Slam"],"picked":"Flame Barrier","floor":8},{"not_picked":["Ghostly Armor","Headbutt"],"picked":"Flex","floor":8},{"not_picked":["Cleave","Carnage"],"picked":"Shrug It Off","floor":10},{"not_picked":["Mind Blast","Iron Wave"],"picked":"Twin Strike","floor":14},{"not_picked":["Limit Break","Berserk"],"picked":"Reaper","floor":16},{"not_picked":["Headbutt+1","Impatience"],"picked":"Panacea","floor":18},{"not_picked":["Iron Wave","Clothesline"],"picked":"Flex","floor":21},{"not_picked":["Flex+1","Thunderclap"],"picked":"Madness+1","floor":23},{"not_picked":["Intimidate","Swift Strike"],"picked":"True Grit","floor":24},{"not_picked":["Mayhem","Thunderclap"],"picked":"Sentinel","floor":27},{"not_picked":["Thunderclap","Perfected Strike"],"picked":"Feel No Pain","floor":28},{"not_picked":["Twin Strike+1","Armaments+1"],"picked":"Body Slam+1","floor":30},{"not_picked":["Ghostly Armor","Swift Strike+1"],"picked":"Pommel Strike+1","floor":31},{"not_picked":["HandOfGreed","Sadistic Nature"],"picked":"Reaper","floor":33},{"not_picked":["Clothesline","Sword Boomerang","Armaments+1"],"picked":"SKIP","floor":35},{"not_picked":["Wild Strike","Dramatic Entrance+1"],"picked":"Burning Pact","floor":38},{"not_picked":["Shrug It Off+1","Heavy Blade+1"],"picked":"Panacea+1","floor":39},{"not_picked":["Warcry+1","Iron Wave"],"picked":"Spot Weakness","floor":41},{"not_picked":["Deep Breath+1","True Grit"],"picked":"Shrug It Off+1","floor":44},{"not_picked":["Mayhem","Flash of Steel"],"picked":"Flex","floor":45},{"not_picked":["Heavy Blade+1","Anger"],"picked":"Intimidate","floor":46},{"not_picked":["Clothesline+1","Armaments+1","Heavy Blade"],"picked":"SKIP","floor":47}],"player_experience":1059082,"relics_obtained":[{"floor":6,"key":"Boot"},{"floor":9,"key":"Blood Vial"},{"floor":10,"key":"Kunai"},{"floor":23,"key":"Bottled Lightning"},{"floor":26,"key":"Anchor"},{"floor":28,"key":"Pocketwatch"},{"floor":31,"key":"FossilizedHelix"},{"floor":31,"key":"Mummified Hand"},{"floor":41,"key":"Letter Opener"},{"floor":43,"key":"Pen Nib"},{"floor":46,"key":"Shuriken"}],"event_choices":[{"damage_healed":0,"gold_gain":0,"player_choice":"Gave Potion","damage_taken":0,"relics_obtained":["StrikeDummy"],"max_hp_gain":0,"max_hp_loss":0,"event_name":"WeMeetAgain","floor":3,"gold_loss":0},{"damage_healed":0,"gold_gain":0,"cards_transformed":["Eruption"],"player_choice":"Transformed","damage_taken":0,"max_hp_gain":0,"max_hp_loss":0,"event_name":"Transmorgrifier","floor":12,"gold_loss":0,"cards_obtained":["Sever Soul"]},{"damage_healed":0,"gold_gain":0,"player_choice":"Opened","damage_taken":0,"relics_obtained":["Akabeko"],"max_hp_gain":0,"max_hp_loss":0,"event_name":"The Mausoleum","floor":20,"gold_loss":0},{"damage_healed":0,"gold_gain":0,"player_choice":"Ignored","damage_taken":0,"max_hp_gain":0,"max_hp_loss":0,"event_name":"Vampires","floor":22,"gold_loss":0},{"damage_healed":0,"gold_gain":0,"player_choice":"Fight","damage_taken":0,"max_hp_gain":0,"max_hp_loss":0,"event_name":"Colosseum","floor":31,"gold_loss":0},{"damage_healed":0,"gold_gain":0,"player_choice":"Fought Nobs","damage_taken":0,"max_hp_gain":0,"max_hp_loss":0,"event_name":"Colosseum","floor":31,"gold_loss":0},{"damage_healed":0,"gold_gain":0,"player_choice":"Ignored","damage_taken":0,"max_hp_gain":0,"max_hp_loss":0,"event_name":"SecretPortal","floor":36,"gold_loss":0}],"is_beta":false,"boss_relics":[{"not_picked":["Empty Cage","Black Blood"],"picked":"Runic Cube"},{"not_picked":["Runic Dome","Busted Crown"],"picked":"Astrolabe"}],"items_purged_floors":[],"is_endless":false,"potions_floor_spawned":[6,14,21,23,27,31,33,38,41,45],"ascension_level":0}}