{"host":"j0rajrfs2q3wozdq","time":1611936438,"event":{"mods":["BaseMod","Colored Powertips","HololiveMod","Koishi","Lobotomy","LobotomyExtend","Minty Spire (QoL Compilation)","Prisma Mod","Quick Restart","Remilia¡]Á¢¦Ì²ú?¡^","Replay The Spire","Shop Mod","StSLib","The Alterego","WarShipGirlsR/??¤Ö¤kR mod","Yakumo Yukari mod","Youmu¡]»î¾z§¯?¡^"],"gold_per_floor":[110,124,138,148,148,164,164,178,178,32,32,59,59,92,92,195,195,213,153,166,14,27,40,40,68,92,92,107,141,141,151,151,247,247,266,279,289,309,41,68,97,97,122,160,216,257,257,312,312,342],"floor_reached":51,"language":"ZHS","playtime":7004,"items_purged":["PrismaMod:ChloeCommonAttack"],"score":580,"play_id":"21e470a4-802e-4eaf-ab71-1e8ad7f80ead","local_time":"20210130000718","is_ascension_mode":false,"campfire_choices":[{"data":"PrismaMod:ChloeEyeOfTheEuryale","floor":7,"key":"SMITH"},{"data":"PrismaMod:ChloeEyeOfTheEuryale","floor":11,"key":"SMITH"},{"data":"PrismaMod:ChloeRhongomyniad","floor":13,"key":"SMITH"},{"data":"PrismaMod:ChloeDiscardRecovery","floor":24,"key":"SMITH"},{"floor":27,"key":"REST"},{"floor":30,"key":"REST"},{"data":"PrismaMod:ChloeRuleBreaker","floor":32,"key":"SMITH"},{"data":"PrismaMod:ChloeDoubleRelicSpeed","floor":42,"key":"SMITH"},{"data":"Pot Of Greed","floor":47,"key":"SMITH"},{"data":"PrismaMod:ChloeBetterTracePools","floor":49,"key":"SMITH"}],"circlet_count":0,"master_deck":["PrismaMod:ChloeCommonAttack","PrismaMod:ChloeCommonAttack","PrismaMod:ChloeCommonDefend","PrismaMod:ChloeCommonDefend","PrismaMod:ChloeCommonDefend","PrismaMod:ChloeCommonDefend","PrismaMod:ChloeCommonDefend","PrismaMod:ChloeCheapAttack","PrismaMod:ChloeCheapDefend","PrismaMod:ChloeEyeOfTheEuryale+1","Bloodbath","PrismaMod:ChloeRhongomyniad+1","PrismaMod:ChloeMaid+1","PrismaMod:ChloeDiscardRecovery+1","PrismaMod:ChloeEyeOfTheEuryale+1","FieryBird","PrismaMod:ChloeCarnivalDefend","AbeCurse","PrismaMod:ChloeExhaustOne+1","CrumblingArmor","PrismaMod:ChloeGaeBolg+1","Wellcheers","PrismaMod:ChloeRuleBreaker+1","PrismaMod:ChloeUncommonDefend+1","BlueStar","PrismaMod:ChloeDoubleRelicSpeed+1","MHz","Pot Of Greed","Pot Of Greed+1","Pot Of Greed","PrismaMod:ChloeGaeBolg+1","PrismaMod:ChloeBetterTracePools+1"],"relics":["PrismaMod:PrismaTraceOn","CogitoBucket","InkBottle","Oddly Smooth Stone","Abe\u0027s Treasure","MerchantsRug","Anchor","Bag of Preparation","Replay:Towering Pillar of Hats","Replay:Grab Bag","SlaversCollar","Coffee Dripper","Black Star","Happy Flower","Membership Card","ReplayTheSpireMod:TigerMarble","Replay:Bandana","Lantern","Ice Cream","Grinning Jar"],"acts_visited":["Exordium","TheCity","TheBeyond"],"potions_floor_usage":[8,14,14,16,40,50,50,50],"damage_taken":[{"damage":0,"enemies":"Jaw Worm","floor":1,"turns":5},{"damage":0,"enemies":"Small Slimes","floor":2,"turns":3},{"damage":0,"enemies":"Cultist","floor":3,"turns":5},{"damage":0,"enemies":"Exordium Wildlife","floor":4,"turns":5},{"damage":10,"enemies":"Lots of Slimes","floor":6,"turns":4},{"damage":20,"enemies":"Large Slime","floor":8,"turns":5},{"damage":4,"enemies":"Gremlin Nob","floor":14,"turns":3},{"damage":51,"enemies":"Hexaghost","floor":16,"turns":9},{"damage":10,"enemies":"3 Byrds","floor":18,"turns":5},{"damage":0,"enemies":"Spheric Guardian","floor":20,"turns":2},{"damage":49,"enemies":"Snake Plant","floor":22,"turns":6},{"damage":0,"enemies":"Snecko","floor":23,"turns":3},{"damage":26,"enemies":"Book of Stabbing","floor":25,"turns":7},{"damage":12,"enemies":"Centurion and Healer","floor":28,"turns":5},{"damage":2,"enemies":"Slavers","floor":29,"turns":6},{"damage":5,"enemies":"Sentry and Sphere","floor":31,"turns":19},{"damage":44,"enemies":"Collector","floor":33,"turns":10},{"damage":0,"enemies":"3 Shapes","floor":35,"turns":3},{"damage":4,"enemies":"Orb Walker","floor":36,"turns":3},{"damage":12,"enemies":"4 Shapes","floor":37,"turns":7},{"damage":0,"enemies":"Jaw Worm Horde","floor":38,"turns":4},{"damage":21,"enemies":"Reptomancer","floor":40,"turns":11},{"damage":16,"enemies":"3 Darklings","floor":41,"turns":7},{"damage":0,"enemies":"Maw","floor":44,"turns":6},{"damage":10,"enemies":"R_Hoarder","floor":45,"turns":8},{"damage":9,"enemies":"Jaw Worm Horde","floor":46,"turns":3},{"damage":0,"enemies":"Writhing Mass","floor":48,"turns":2},{"damage":21,"enemies":"Replay:Hell Engine","floor":50,"turns":8}],"seed_played":"5529958525807320775","potions_obtained":[{"floor":1,"key":"DistilledChaos"},{"floor":2,"key":"Block Potion"},{"floor":8,"key":"EssenceOfSteel"},{"floor":14,"key":"Dexterity Potion"},{"floor":16,"key":"Ancient Potion"},{"floor":18,"key":"SneckoOil"},{"floor":23,"key":"BlessingOfTheForge"},{"floor":25,"key":"Explosive Potion"},{"floor":33,"key":"Fire Potion"},{"floor":41,"key":"Swift Potion"}],"is_trial":false,"path_per_floor":["M","M","M","M","?","M","R","M","T","$","R","T","R","E","R","B",null,"M","?","M","$","M","M","R","E","T","R","M","E","R","M","R","B",null,"M","M","M","M","$","E","M","R","T","M","E","M","R","M","R","B",null],"character_chosen":"CHLOE","items_purchased":["PrismaMod:ChloeCarnivalDefend","MerchantsRug","Happy Flower","Membership Card"],"campfire_rested":2,"item_purchase_floors":[10,21,39,39],"current_hp_per_floor":[75,75,75,75,68,59,59,42,42,42,42,42,42,39,75,26,75,66,66,67,67,22,26,26,5,5,42,36,38,75,73,73,39,75,75,71,67,69,69,54,43,43,43,48,44,36,36,38,38,58],"gold":342,"neow_bonus":"","is_daily":false,"chose_seed":false,"campfire_upgraded":8,"win_rate":0.0,"timestamp":1611936438,"path_taken":["M","M","M","M","?","M","R","M","T","$","R","?","R","E","R","BOSS","M","?","M","$","M","M","R","E","T","R","M","E","R","M","R","BOSS","M","M","M","?","$","E","M","R","T","M","E","M","R","M","R","BOSS"],"items_purchased_type":["Card","Relic","Relic","Relic"],"build_version":"2020-12-22","purchased_purges":1,"victory":true,"max_hp_per_floor":[75,75,75,75,75,75,75,75,75,75,75,75,75,75,75,75,75,75,75,75,75,75,75,75,75,75,75,75,75,75,75,75,75,75,75,75,75,75,75,75,75,75,75,75,75,75,75,75,75,75],"card_choices":[{"not_picked":["Scorched","Murderer","UniverseFragment"],"picked":"Singing Bowl","floor":1},{"not_picked":["PrismaMod:ChloeCheapAttackTwo","PrismaMod:ChloeCheapDefend"],"picked":"PrismaMod:ChloeEyeOfTheEuryale","floor":1},{"not_picked":["Scorched","WallGazer"],"picked":"Bloodbath","floor":2},{"not_picked":["PrismaMod:ChloeCheapAttack","PrismaMod:ChloeExhaustTwo"],"picked":"PrismaMod:ChloeRhongomyniad","floor":2},{"not_picked":["ShyLook","SpiderBud","Scorched"],"picked":"Singing Bowl","floor":3},{"not_picked":["PrismaMod:ChloeChristmas","PrismaMod:ChloeCheapDefendTwo"],"picked":"PrismaMod:ChloeMaid","floor":3},{"not_picked":["WallGazer","CrumblingArmor","WhitesApple"],"picked":"Singing Bowl","floor":4},{"not_picked":["PrismaMod:ChloeRuleBreaker","PrismaMod:ChloeCheapAttackTwo"],"picked":"PrismaMod:ChloeDiscardRecovery","floor":4},{"not_picked":["MeltingLove","Alriune","GalaxyChild"],"picked":"Singing Bowl","floor":6},{"not_picked":["PrismaMod:ChloeExhaustOne","PrismaMod:ChloeCheapDefendTwo"],"picked":"PrismaMod:ChloeEyeOfTheEuryale","floor":6},{"not_picked":["SnowQueen","LaLuna","FairyFestival"],"picked":"Singing Bowl","floor":8},{"not_picked":["CherryBlossoms","ShyLook"],"picked":"FieryBird","floor":8},{"not_picked":["PrismaMod:ChloeDiscardRecovery","PrismaMod:ChloeUncommonAttack","PrismaMod:ChloeCheapAttack"],"picked":"SKIP","floor":8},{"not_picked":["UniverseFragment","BeautyBeast","Scorched"],"picked":"Singing Bowl","floor":14},{"not_picked":["PrismaMod:ChloeAnyUncommonTrace","PrismaMod:ChloeCheapAttackTwo","PrismaMod:ChloeCheapAttack"],"picked":"SKIP","floor":14},{"not_picked":["SnowQueen","BeautyBeast","MeatLantern"],"picked":"Singing Bowl","floor":16},{"not_picked":["CrumblingArmor","FairyFestival","Freischutz"],"picked":"Singing Bowl","floor":18},{"not_picked":["PrismaMod:ChloeEyeOfTheEuryale+1","PrismaMod:ChloeUncommonDefend"],"picked":"PrismaMod:ChloeExhaustOne+1","floor":18},{"not_picked":["MeatLantern","Woodsman","LittlePrince"],"picked":"Singing Bowl","floor":20},{"not_picked":["ShyLook","BeautyBeast"],"picked":"CrumblingArmor","floor":20},{"not_picked":["PrismaMod:ChloeEyeOfTheEuryale","PrismaMod:ChloeCommonAOEAttack"],"picked":"PrismaMod:ChloeGaeBolg+1","floor":20},{"not_picked":["Scorched","BlackSwan","BeautyBeast"],"picked":"Singing Bowl","floor":22},{"not_picked":["LittleHelper","FairyFestival"],"picked":"Wellcheers","floor":22},{"not_picked":["PrismaMod:ChloeExhaustOne","PrismaMod:ChloeCommonAOEAttack","PrismaMod:ChloeCheapDefendTwo+1"],"picked":"SKIP","floor":22},{"not_picked":["OldLady","QueenOfHatred","FairyFestival"],"picked":"Singing Bowl","floor":23},{"not_picked":["PrismaMod:ChloeCheapDefendTwo+1","PrismaMod:ChloeRitsuka","PrismaMod:ChloeExhaustOne"],"picked":"SKIP","floor":23},{"not_picked":["UniverseFragment","BeautyBeast","HappyTeddy"],"picked":"Singing Bowl","floor":25},{"not_picked":["PrismaMod:ChloeCheapDefend","PrismaMod:ChloeCheapAttack","PrismaMod:ChloeCheapAttackTwo+1"],"picked":"SKIP","floor":25},{"not_picked":["DespairKnight","OldLady","Woodsman"],"picked":"Singing Bowl","floor":28},{"not_picked":["PrismaMod:ChloeMaid","PrismaMod:ChloeDiscardRecovery","PrismaMod:ChloeCommonAOEAttack"],"picked":"SKIP","floor":28},{"not_picked":["QueenOfHatred","FairyFestival","Yin"],"picked":"Singing Bowl","floor":29},{"not_picked":["PrismaMod:ChloeAnyPowerTrace","PrismaMod:ChloeExhaustTwo"],"picked":"PrismaMod:ChloeRuleBreaker","floor":29},{"not_picked":["PrismaMod:ChloeExhaustOne+1","PrismaMod:ChloeCheapAttackTwo+1"],"picked":"PrismaMod:ChloeUncommonDefend+1","floor":31},{"not_picked":["RedShoes","BigBird"],"picked":"BlueStar","floor":31},{"not_picked":["GalaxyChild","LittlePrince","CherryBlossoms"],"picked":"Singing Bowl","floor":33},{"not_picked":["PrismaMod:ChloeDevil","PrismaMod:ChloeAnyAttackTrace"],"picked":"PrismaMod:ChloeDoubleRelicSpeed","floor":33},{"not_picked":["Laetitia","FairyFestival","OldLady"],"picked":"Singing Bowl","floor":35},{"not_picked":["PrismaMod:ChloeEyeOfTheEuryale","PrismaMod:ChloeDiscardRecovery","PrismaMod:ChloeExhaustOne+1"],"picked":"SKIP","floor":35},{"not_picked":["LittleHelper","FairyFestival","Rudolta"],"picked":"Singing Bowl","floor":36},{"not_picked":["PrismaMod:ChloeCheapAttackTwo","PrismaMod:ChloeCheapAttack","PrismaMod:ChloeRuleBreaker+1"],"picked":"SKIP","floor":36},{"not_picked":["DreamingCurrent","RedShoes"],"picked":"MHz","floor":37},{"not_picked":["PrismaMod:ChloeDiscardRecovery","PrismaMod:ChloeDemonicTutor","PrismaMod:ChloeMaid"],"picked":"SKIP","floor":37},{"not_picked":["Woodsman","WallGazer","BeautyBeast"],"picked":"Singing Bowl","floor":38},{"not_picked":["PrismaMod:ChloeCheapDefend","PrismaMod:ChloeRhongomyniad+1","PrismaMod:ChloeExhaustOne+1"],"picked":"SKIP","floor":38},{"not_picked":["BlackArmy","CherryBlossoms","Murderer"],"picked":"Singing Bowl","floor":40},{"not_picked":["PrismaMod:ChloeDiscardRecovery","PrismaMod:ChloeCheapDefend+1","PrismaMod:ChloeCheapAttack+1"],"picked":"SKIP","floor":40},{"not_picked":["BigBadWolf","HappyTeddy","MeltingLove"],"picked":"Singing Bowl","floor":41},{"not_picked":["PrismaMod:ChloeEyeOfTheEuryale","PrismaMod:ChloeCheapDefend+1","PrismaMod:ChloeCommonAOEAttack"],"picked":"SKIP","floor":41},{"not_picked":["QueenBee","SilentOrchestra","BodiesMountain"],"picked":"Singing Bowl","floor":44},{"not_picked":["PrismaMod:ChloeCheapAttackTwo","PrismaMod:ChloeCheapDefendTwo","PrismaMod:ChloeDiscardRecovery"],"picked":"SKIP","floor":44},{"not_picked":["PrismaMod:ChloeDiscardRecovery+1","PrismaMod:ChloeUncommonDefend+1"],"picked":"PrismaMod:ChloeGaeBolg+1","floor":45},{"not_picked":["LongBird","BlackArmy","SnowQueen"],"picked":"Singing Bowl","floor":46},{"not_picked":["PrismaMod:ChloeDiscardRecovery+1","PrismaMod:ChloeCheapDefend","PrismaMod:ChloeCheapDefendTwo"],"picked":"SKIP","floor":46},{"not_picked":["Yin","PlagueDoctor","BigBadWolf"],"picked":"Singing Bowl","floor":48},{"not_picked":["PrismaMod:ChloeRhongomyniad+1","PrismaMod:ChloeDemonicTutor+1"],"picked":"PrismaMod:ChloeBetterTracePools","floor":48}],"player_experience":42495,"relics_obtained":[{"floor":9,"key":"InkBottle"},{"floor":12,"key":"Oddly Smooth Stone"},{"floor":14,"key":"Regal Pillow"},{"floor":25,"key":"Anchor"},{"floor":26,"key":"Bag of Preparation"},{"floor":29,"key":"Replay:Towering Pillar of Hats"},{"floor":40,"key":"ReplayTheSpireMod:TigerMarble"},{"floor":40,"key":"Replay:Bandana"},{"floor":43,"key":"Lantern"},{"floor":45,"key":"Ice Cream"},{"floor":45,"key":"Grinning Jar"}],"event_choices":[{"cards_removed":["PrismaMod:ChloeCommonAttack"],"damage_healed":0,"gold_gain":0,"player_choice":"Card Removal","damage_taken":7,"max_hp_gain":0,"max_hp_loss":0,"event_name":"Golden Wing","floor":5,"gold_loss":0},{"cards_removed":["PrismaMod:ChloeCommonAttack"],"damage_healed":0,"gold_gain":0,"player_choice":"Single Remove","damage_taken":0,"max_hp_gain":0,"max_hp_loss":0,"event_name":"Designer","floor":19,"gold_loss":60}],"is_beta":false,"boss_relics":[{"not_picked":["ReplayTheSpireMod:DimensionalGlitch","Kintsugi"],"picked":"Abe\u0027s Treasure"},{"not_picked":["Replay:Drink Me","Replay:Ancient Bell"],"picked":"Replay:Grab Bag"},{"not_picked":["ChewingGum","Velvet Choker"],"picked":"SlaversCollar"},{"not_picked":["Sozu","Runic Dome"],"picked":"Coffee Dripper"},{"not_picked":["Tiny House","SacredBark"],"picked":"Black Star"}],"items_purged_floors":[10],"is_endless":false,"potions_floor_spawned":[1,2,8,14,16,18,23,25,29,33,37,41,46],"ascension_level":0}}