{"host":"6rz02yiipefhcw4r","time":1611897375,"event":{"mods":["2.2 Compatiblity","BaseMod","Block Reminder","Colored Map","Curses Come First","DeckTracker","Googly Eyes","Minty Spire (QoL Compilation)","Quick Restart","Rare Cards Sparkle","StSLib"],"gold_per_floor":[19,19,19,35,52,72,107,28,109,1,25,25,53,53,53,131,131,141,141,10,25,25,25,104,115,115,127,127,127,161,261,261,261,261],"floor_reached":33,"language":"ENG","playtime":1096,"items_purged":[],"score":596,"play_id":"bff800fc-2d15-4fe6-bcbf-143171c69977","local_time":"20210129031615","is_ascension_mode":true,"campfire_choices":[{"data":"Heavy Blade","floor":12.0,"key":"SMITH"},{"data":"Flame Barrier","floor":15.0,"key":"SMITH"},{"floor":23.0,"key":"REST"},{"floor":29.0,"key":"REST"},{"floor":32.0,"key":"REST"}],"circlet_count":0,"master_deck":["AscendersBane","Strike_R","Strike_R","Strike_R","Strike_R","Defend_R","Defend_R","Defend_R","Defend_R","Bash","Fiend Fire+1","Iron Wave","Spot Weakness","Shrug It Off","Flame Barrier+1","Heavy Blade+1","Inflame","Panacea","True Grit","Immolate","Sword Boomerang","Shrug It Off","Uppercut","Iron Wave","Spot Weakness","Headbutt","Thunderclap+1","Disarm"],"relics":["Burning Blood","Du-Vu Doll","Tiny Chest","The Courier","Toy Ornithopter","Matryoshka","SlaversCollar","PreservedInsect","Red Skull","Ornamental Fan","Dream Catcher","Darkstone Periapt","Mercury Hourglass","Shovel","Sundial"],"acts_visited":["Exordium","TheCity"],"potions_floor_usage":[33,33],"damage_taken":[{"damage":9.0,"enemies":"2 Louse","floor":1.0,"turns":3.0},{"damage":7.0,"enemies":"Jaw Worm","floor":4.0,"turns":3.0},{"damage":0.0,"enemies":"Small Slimes","floor":5.0,"turns":2.0},{"damage":12.0,"enemies":"Exordium Wildlife","floor":6.0,"turns":4.0},{"damage":22.0,"enemies":"Lagavulin","floor":7.0,"turns":5.0},{"damage":0.0,"enemies":"Gremlin Nob","floor":13.0,"turns":2.0},{"damage":10.0,"enemies":"The Guardian","floor":16.0,"turns":10.0},{"damage":36.0,"enemies":"Shell Parasite","floor":18.0,"turns":5.0},{"damage":0.0,"enemies":"2 Thieves","floor":19.0,"turns":1.0},{"damage":41.0,"enemies":"Sentry and Sphere","floor":21.0,"turns":7.0},{"damage":16.0,"enemies":"Centurion and Healer","floor":25.0,"turns":8.0},{"damage":19.0,"enemies":"Snake Plant","floor":27.0,"turns":2.0},{"damage":28.0,"enemies":"Gremlin Leader","floor":30.0,"turns":4.0},{"damage":7.0,"enemies":"Colosseum Slavers","floor":31.0,"turns":3.0},{"damage":2.0,"enemies":"Colosseum Nobs","floor":31.0,"turns":3.0},{"damage":38,"enemies":"Champ","floor":33,"turns":11}],"seed_played":"6426383832287898343","potions_obtained":[{"floor":6.0,"key":"SmokeBomb"},{"floor":7.0,"key":"DuplicationPotion"},{"floor":13.0,"key":"Fruit Juice"},{"floor":18.0,"key":"Strength Potion"},{"floor":27.0,"key":"BlessingOfTheForge"},{"floor":30.0,"key":"FearPotion"}],"is_trial":false,"path_per_floor":["M","?","?","M","M","M","E","$","T","$","T","R","E","?","R","B",null,"M","M","$","M","?","R","T","M","T","M","?","R","E","?","R","B"],"character_chosen":"IRONCLAD","items_purchased":["Inflame","Panacea","True Grit","PreservedInsect"],"campfire_rested":3,"item_purchase_floors":[8,10,10,20],"current_hp_per_floor":[65,65,54,53,59,53,37,37,37,37,37,37,48,48,48,44,67,47,58,58,23,23,47,47,37,37,24,24,48,31,34,58,30,30],"gold":261,"neow_bonus":"THREE_RARE_CARDS","is_daily":false,"chose_seed":false,"campfire_upgraded":2,"win_rate":0.0,"timestamp":1611897375,"path_taken":["M","?","?","M","M","M","E","$","T","$","?","R","E","?","R","BOSS","M","M","$","M","?","R","?","M","T","M","?","R","E","?","R","BOSS"],"items_purchased_type":["Card","Card","Card","Relic"],"build_version":"2020-12-22","purchased_purges":0,"victory":false,"max_hp_per_floor":[75,75,75,75,75,75,75,75,75,75,75,75,75,75,75,75,75,80,80,80,80,80,80,80,80,80,80,80,80,80,80,80,80,80],"card_choices":[{"not_picked":["Berserk","Juggernaut"],"picked":"Fiend Fire","floor":0.0},{"not_picked":["Armaments","Headbutt"],"picked":"Iron Wave","floor":1.0},{"not_picked":["Shrug It Off","Power Through"],"picked":"Spot Weakness","floor":4.0},{"not_picked":["Dropkick","Inflame"],"picked":"Shrug It Off","floor":5.0},{"not_picked":["Uppercut","Iron Wave"],"picked":"Flame Barrier","floor":6.0},{"not_picked":["Uppercut","Cleave"],"picked":"Heavy Blade","floor":7.0},{"not_picked":["Fire Breathing","Second Wind","Flex"],"picked":"SKIP","floor":13.0},{"not_picked":["Fire Breathing","Second Wind","Flex"],"picked":"SKIP","floor":13.0},{"not_picked":["Fiend Fire","Brutality"],"picked":"Immolate","floor":16.0},{"not_picked":["Havoc","Armaments"],"picked":"Sword Boomerang","floor":18.0},{"not_picked":["Reckless Charge+1","Dark Embrace"],"picked":"Shrug It Off","floor":21.0},{"not_picked":["Dropkick+1","Combust+1"],"picked":"Uppercut","floor":25.0},{"not_picked":["Anger","Rampage"],"picked":"Iron Wave","floor":27.0},{"not_picked":["Whirlwind","Warcry"],"picked":"Headbutt","floor":29.0},{"not_picked":["Juggernaut","Bloodletting"],"picked":"Thunderclap+1","floor":30.0},{"not_picked":["Searing Blow","Whirlwind"],"picked":"Disarm","floor":32.0}],"player_experience":757113,"relics_obtained":[{"floor":7.0,"key":"Tiny Chest"},{"floor":9.0,"key":"The Courier"},{"floor":11.0,"key":"Toy Ornithopter"},{"floor":13.0,"key":"Matryoshka"},{"floor":24.0,"key":"Red Skull"},{"floor":24.0,"key":"Ornamental Fan"},{"floor":26.0,"key":"Dream Catcher"},{"floor":26.0,"key":"Darkstone Periapt"},{"floor":30.0,"key":"Mercury Hourglass"},{"floor":31.0,"key":"Shovel"},{"floor":31.0,"key":"Sundial"}],"event_choices":[{"damage_healed":0.0,"max_hp_gain":0.0,"max_hp_loss":0.0,"gold_gain":0.0,"event_name":"Living Wall","player_choice":"Grow","floor":2.0,"gold_loss":0.0,"damage_taken":0.0,"cards_upgraded":["Fiend Fire"]},{"damage_healed":0.0,"max_hp_gain":0.0,"max_hp_loss":0.0,"gold_gain":0.0,"event_name":"Scrap Ooze","player_choice":"Success","floor":3.0,"gold_loss":0.0,"damage_taken":11.0,"relics_obtained":["Du-Vu Doll"]},{"damage_healed":0.0,"max_hp_gain":0.0,"max_hp_loss":0.0,"gold_gain":0.0,"event_name":"The Cleric","player_choice":"Leave","floor":14.0,"gold_loss":0.0,"damage_taken":0.0},{"cards_removed":["Strike_R"],"damage_healed":0.0,"max_hp_gain":0.0,"max_hp_loss":0.0,"gold_gain":0.0,"event_name":"Bonfire Elementals","player_choice":"Offered Basic","floor":22.0,"gold_loss":0.0,"damage_taken":0.0},{"damage_healed":0.0,"max_hp_gain":0.0,"max_hp_loss":0.0,"gold_gain":0.0,"event_name":"The Library","player_choice":"Read","floor":28.0,"gold_loss":0.0,"damage_taken":0.0,"cards_obtained":["Spot Weakness"]},{"damage_healed":0.0,"max_hp_gain":0.0,"max_hp_loss":0.0,"gold_gain":0.0,"event_name":"Colosseum","player_choice":"Fight","floor":31.0,"gold_loss":0.0,"damage_taken":0.0},{"damage_healed":0.0,"max_hp_gain":0.0,"max_hp_loss":0.0,"gold_gain":0.0,"event_name":"Colosseum","player_choice":"Fought Nobs","floor":31.0,"gold_loss":0.0,"damage_taken":0.0}],"is_beta":false,"boss_relics":[{"not_picked":["Runic Cube","Busted Crown"],"picked":"SlaversCollar"}],"items_purged_floors":[],"is_endless":false,"potions_floor_spawned":[6,7,13,18,27,30,31],"killed_by":"Champ","ascension_level":20}}