{"host":"rolltorest","time":1611880570,"event":{"mods":["BaseMod","Jorbs\u0027s Wanderer Trilogy","Koishi","Minty Spire (QoL Compilation)","Relic Stats","Robot Space Explorer","Slay the Relics Exporter","StSLib","The Servant 0.9.4"],"gold_per_floor":[118,128,88,101,101,134,134,169,169,169,209,59,59,75,75,171,171,191,78,3,28,28,28,64,64,114,158,58,92,125,157,169,276,288,315,358,370,405,435,480,515,527,593,645,657,700,732,744,756,768,780,792,804,26,69,69,69],"floor_reached":56,"language":"ENG","playtime":2840,"items_purged":["RobotSpaceExplorer:Strike","RobotSpaceExplorer:Strike","RobotSpaceExplorer:Defend"],"score":2007,"play_id":"531d8b5f-c1bc-4f50-98ec-4c4378196ba1","local_time":"20210128163610","is_ascension_mode":true,"campfire_choices":[{"data":"RobotSpaceExplorer:LaserBurst","floor":7,"key":"SMITH"},{"floor":10,"key":"REST"},{"data":"1","floor":15,"key":"LIFT"},{"data":"2","floor":23,"key":"LIFT"},{"floor":25,"key":"REST"},{"floor":32,"key":"REST"},{"floor":42,"key":"REST"},{"floor":45,"key":"REST"},{"floor":49,"key":"RECALL"},{"data":"3","floor":53,"key":"LIFT"}],"circlet_count":0,"master_deck":["AscendersBane","RobotSpaceExplorer:Scan","RobotSpaceExplorer:MiniLasers","RobotSpaceExplorer:Pulsar","RobotSpaceExplorer:StarLightning","RobotSpaceExplorer:LaserBurst+1","RobotSpaceExplorer:ScrapToss","RobotSpaceExplorer:ScrapToss","RobotSpaceExplorer:Blitz","RobotSpaceExplorer:ExhaustFan+1","RobotSpaceExplorer:TrailblazerForm","RobotSpaceExplorer:SurgingShield+1","RobotSpaceExplorer:DoubleFind","RobotSpaceExplorer:DualCore","RobotSpaceExplorer:FranticSearch+1","RobotSpaceExplorer:IronShell+1","RobotSpaceExplorer:Smokescreen+1","RobotSpaceExplorer:ImprovisedAttack","RobotSpaceExplorer:Fix","RobotSpaceExplorer:ChargingLaser","RobotSpaceExplorer:Explosion+1","RobotSpaceExplorer:TurboDodge+1","RobotSpaceExplorer:MiniDrones","RobotSpaceExplorer:Calculate+1","RobotSpaceExplorer:TurboDodge+1","RobotSpaceExplorer:Fix+1","Finesse"],"relics":["RobotSpaceExplorer:Reprocessor","Golden Idol","Shuriken","Torii","Gambling Chip","Girya","RobotSpaceExplorer:SearchSpecs","Vajra","Regal Pillow","Red Mask","MawBank","Astrolabe","Ice Cream","RobotSpaceExplorer:FoglandsKnife","Turnip","Singing Bowl","HornCleat","Toolbox","Bag of Marbles"],"acts_visited":["Exordium","TheCity","TheBeyond","TheEnding"],"potions_floor_usage":[6,16,21,27,31,33,39,40,51,55,55],"damage_taken":[{"damage":0,"enemies":"Jaw Worm","floor":1,"turns":6},{"damage":1,"enemies":"2 Louse","floor":2,"turns":3},{"damage":2,"enemies":"Small Slimes","floor":4,"turns":4},{"damage":39,"enemies":"Gremlin Nob","floor":6,"turns":5},{"damage":6,"enemies":"3 Sentries","floor":8,"turns":5},{"damage":10,"enemies":"Gremlin Nob","floor":11,"turns":4},{"damage":0,"enemies":"Exordium Wildlife","floor":14,"turns":2},{"damage":12,"enemies":"The Guardian","floor":16,"turns":10},{"damage":0,"enemies":"Chosen","floor":18,"turns":5},{"damage":0,"enemies":"Shell Parasite","floor":21,"turns":5},{"damage":40,"enemies":"Book of Stabbing","floor":24,"turns":6},{"damage":7,"enemies":"Masked Bandits","floor":27,"turns":3},{"damage":10,"enemies":"Gremlin Leader","floor":29,"turns":6},{"damage":0,"enemies":"Chosen and Byrds","floor":30,"turns":5},{"damage":7,"enemies":"Snecko","floor":31,"turns":5},{"damage":33,"enemies":"Automaton","floor":33,"turns":8},{"damage":13,"enemies":"3 Darklings","floor":35,"turns":6},{"damage":0,"enemies":"Mind Bloom Boss Battle","floor":36,"turns":6},{"damage":2,"enemies":"3 Shapes","floor":38,"turns":6},{"damage":14,"enemies":"Sphere and 2 Shapes","floor":39,"turns":7},{"damage":22,"enemies":"Nemesis","floor":40,"turns":7},{"damage":0,"enemies":"3 Darklings","floor":41,"turns":4},{"damage":33,"enemies":"Giant Head","floor":44,"turns":7},{"damage":0,"enemies":"Nemesis","floor":46,"turns":9},{"damage":1,"enemies":"Spire Growth","floor":47,"turns":5},{"damage":31,"enemies":"Donu and Deca","floor":50,"turns":10},{"damage":17,"enemies":"Time Eater","floor":51,"turns":9},{"damage":59,"enemies":"Shield and Spear","floor":55,"turns":6},{"damage":42,"enemies":"The Heart","floor":56,"turns":2}],"seed_played":"5441299528411497739","potions_obtained":[{"floor":2,"key":"ColorlessPotion"},{"floor":6,"key":"SteroidPotion"},{"floor":14,"key":"LiquidMemories"},{"floor":18,"key":"Block Potion"},{"floor":24,"key":"Explosive Potion"},{"floor":29,"key":"DistilledChaos"},{"floor":30,"key":"Swift Potion"},{"floor":35,"key":"GamblersBrew"},{"floor":36,"key":"Energy Potion"},{"floor":39,"key":"BlessingOfTheForge"},{"floor":44,"key":"SpeedPotion"},{"floor":55,"key":"Fire Potion"}],"is_trial":false,"path_per_floor":["M","M","$","M","?","E","R","E","T","R","E","$","?","M","R","B",null,"M","$","?","M","$","R","E","R","T","?","$","E","M","M","R","B",null,"M","?","?","M","M","E","M","R","T","E","R","E","M","?","R","B","B",null,"R","$","E","B"],"character_chosen":"RobotSpaceExplorer","items_purchased":["RobotSpaceExplorer:LaserBurst","RobotSpaceExplorer:ExhaustFan","RobotSpaceExplorer:DoubleFind","RobotSpaceExplorer:DualCore","HornCleat","Toolbox","Swift Potion","RobotSpaceExplorer:RecyclePotion","Finesse"],"campfire_rested":5,"item_purchase_floors":[3,12,19,19,54,54,54,54,54],"current_hp_per_floor":[64,63,63,61,61,22,22,16,16,35,25,25,25,25,25,13,51,51,51,51,51,51,51,11,30,30,23,23,13,13,6,40,11,51,42,46,46,48,38,20,24,58,58,29,63,64,65,65,65,41,34,58,58,58,5,0,0],"gold":69,"neow_bonus":"BOSS_RELIC","is_daily":false,"chose_seed":false,"campfire_upgraded":1,"win_rate":0.0,"timestamp":1611880570,"path_taken":["M","M","$","M","?","E","R","E","T","R","E","$","?","M","R","BOSS","M","$","?","M","$","R","E","R","T","?","?","E","?","M","R","BOSS","M","?","?","M","?","E","M","R","T","E","R","E","M","?","R","BOSS","BOSS","R","$","E","BOSS"],"items_purchased_type":["Card","Card","Card","Card","Relic","Relic","Potion","Potion","Card"],"build_version":"2020-12-18","purchased_purges":3,"victory":false,"max_hp_per_floor":[71,71,71,71,64,64,64,64,64,64,64,64,64,64,64,64,64,64,64,64,64,64,64,64,64,64,64,64,64,64,64,64,64,64,64,64,64,64,64,64,64,64,64,64,64,64,66,66,66,66,66,66,66,66,68,68,68],"relic_stats":{"Regal Pillow":45,"Torii":32,"Singing Bowl":4,"counters":[29,166],"Golden Idol":197,"Shuriken":[87],"Gambling Chip":[36],"Astrolabe":["RobotSpaceExplorer:Explosion","RobotSpaceExplorer:TurboDodge","RobotSpaceExplorer:SurgingStrike"],"Turnip":[4],"MawBank":300,"obtain_stats":[{"Ice Cream":36,"Girya":11,"Regal Pillow":26,"Torii":8,"Singing Bowl":46,"Golden Idol":5,"Astrolabe":34,"Vajra":24,"RobotSpaceExplorer:RoboCore":0,"RobotSpaceExplorer:Reprocessor":0,"MawBank":29,"RobotSpaceExplorer:FoglandsKnife":40,"HornCleat":54,"Shuriken":6,"Gambling Chip":9,"Toolbox":54,"Turnip":44,"RobotSpaceExplorer:SearchSpecs":17,"Red Mask":27,"Bag of Marbles":55},{"Ice Cream":18,"Girya":6,"Regal Pillow":11,"Torii":5,"Singing Bowl":24,"Golden Idol":3,"Astrolabe":16,"Vajra":11,"RobotSpaceExplorer:RoboCore":0,"RobotSpaceExplorer:Reprocessor":0,"MawBank":13,"RobotSpaceExplorer:FoglandsKnife":21,"HornCleat":27,"Shuriken":4,"Gambling Chip":5,"Toolbox":27,"Turnip":23,"RobotSpaceExplorer:SearchSpecs":8,"Red Mask":12,"Bag of Marbles":28},{"Ice Cream":94,"Girya":27,"Regal Pillow":55,"Torii":23,"Singing Bowl":134,"Golden Idol":13,"Astrolabe":82,"Vajra":55,"RobotSpaceExplorer:RoboCore":0,"RobotSpaceExplorer:Reprocessor":0,"MawBank":64,"RobotSpaceExplorer:FoglandsKnife":114,"HornCleat":158,"Shuriken":18,"Gambling Chip":23,"Toolbox":158,"Turnip":125,"RobotSpaceExplorer:SearchSpecs":39,"Red Mask":58,"Bag of Marbles":164}]},"card_choices":[{"not_picked":["RobotSpaceExplorer:Electroshield","RobotSpaceExplorer:ImprovisedAttack"],"picked":"RobotSpaceExplorer:Pulsar","floor":1},{"not_picked":["RobotSpaceExplorer:FrostMissile","RobotSpaceExplorer:MiniDrones"],"picked":"RobotSpaceExplorer:StarLightning","floor":2},{"not_picked":["RobotSpaceExplorer:FrostMissile","RobotSpaceExplorer:FreezingShield"],"picked":"RobotSpaceExplorer:ScrapToss","floor":4},{"not_picked":["RobotSpaceExplorer:StunGrenade","RobotSpaceExplorer:FreezingShield"],"picked":"RobotSpaceExplorer:ScrapToss","floor":6},{"not_picked":["RobotSpaceExplorer:Accelerator","RobotSpaceExplorer:DualCore"],"picked":"RobotSpaceExplorer:Blitz","floor":8},{"not_picked":["RobotSpaceExplorer:SlimeMissile","RobotSpaceExplorer:Jetpack","RobotSpaceExplorer:MiniBoosters"],"picked":"SKIP","floor":11},{"not_picked":["RobotSpaceExplorer:FranticSearch","RobotSpaceExplorer:GlueShot","RobotSpaceExplorer:PowerCollector"],"picked":"SKIP","floor":14},{"not_picked":["RobotSpaceExplorer:BlastShield","RobotSpaceExplorer:Autoloader"],"picked":"RobotSpaceExplorer:TrailblazerForm","floor":16},{"not_picked":["RobotSpaceExplorer:StunGrenade","RobotSpaceExplorer:SwiftStep"],"picked":"RobotSpaceExplorer:SurgingShield+1","floor":18},{"not_picked":["RobotSpaceExplorer:ScrapShield","RobotSpaceExplorer:ShockKick"],"picked":"RobotSpaceExplorer:FranticSearch+1","floor":21},{"not_picked":["RobotSpaceExplorer:MiniDrones","RobotSpaceExplorer:ShovelStrike+1"],"picked":"RobotSpaceExplorer:IronShell+1","floor":24},{"not_picked":["RobotSpaceExplorer:ImprovisedAttack","RobotSpaceExplorer:Counterblock"],"picked":"RobotSpaceExplorer:Smokescreen+1","floor":27},{"not_picked":["RobotSpaceExplorer:Discharger","RobotSpaceExplorer:ShockKick+1","RobotSpaceExplorer:DualCore"],"picked":"SKIP","floor":29},{"not_picked":["RobotSpaceExplorer:ScrapMissile","RobotSpaceExplorer:GlueSpray"],"picked":"RobotSpaceExplorer:ImprovisedAttack","floor":30},{"not_picked":["RobotSpaceExplorer:ImprovisedAttack","RobotSpaceExplorer:ChargingLaser"],"picked":"RobotSpaceExplorer:Fix","floor":31},{"not_picked":["RobotSpaceExplorer:Wormhole","RobotSpaceExplorer:TrailblazerForm"],"picked":"RobotSpaceExplorer:ChargingLaser","floor":33},{"not_picked":["RobotSpaceExplorer:IronShell","RobotSpaceExplorer:FrostMissile+1","RobotSpaceExplorer:DoubleBlock"],"picked":"SKIP","floor":35},{"not_picked":["RobotSpaceExplorer:ShovelStrike","RobotSpaceExplorer:SurgingStrike+1"],"picked":"RobotSpaceExplorer:MiniDrones","floor":36},{"not_picked":["RobotSpaceExplorer:TurboDodge","RobotSpaceExplorer:Probe+1","RobotSpaceExplorer:FrostMissile"],"picked":"SKIP","floor":38},{"not_picked":["RobotSpaceExplorer:Electropulse","RobotSpaceExplorer:ScrapToss"],"picked":"RobotSpaceExplorer:Calculate+1","floor":39},{"not_picked":["RobotSpaceExplorer:IronShell","RobotSpaceExplorer:ShockKick+1","RobotSpaceExplorer:Reload"],"picked":"SKIP","floor":40},{"not_picked":["RobotSpaceExplorer:Counterblock","RobotSpaceExplorer:ScrapMissile"],"picked":"RobotSpaceExplorer:TurboDodge+1","floor":41},{"not_picked":["RobotSpaceExplorer:Arsenal","RobotSpaceExplorer:GlueShot","RobotSpaceExplorer:FreezingShield"],"picked":"SKIP","floor":44},{"not_picked":["RobotSpaceExplorer:FreezingShield","RobotSpaceExplorer:FrostMissile"],"picked":"RobotSpaceExplorer:Fix+1","floor":46},{"not_picked":["RobotSpaceExplorer:ScrapShield","RobotSpaceExplorer:FranticSearch","RobotSpaceExplorer:Probe+1"],"picked":"Singing Bowl","floor":47},{"not_picked":["RobotSpaceExplorer:Jetpack","RobotSpaceExplorer:Probe","RobotSpaceExplorer:ImprovisedAttack"],"picked":"Singing Bowl","floor":55}],"player_experience":2269856,"relics_obtained":[{"floor":6,"key":"Shuriken"},{"floor":8,"key":"Torii"},{"floor":9,"key":"Gambling Chip"},{"floor":11,"key":"Girya"},{"floor":24,"key":"Vajra"},{"floor":26,"key":"Regal Pillow"},{"floor":27,"key":"Red Mask"},{"floor":29,"key":"MawBank"},{"floor":36,"key":"Ice Cream"},{"floor":40,"key":"RobotSpaceExplorer:FoglandsKnife"},{"floor":44,"key":"Turnip"},{"floor":46,"key":"Singing Bowl"},{"floor":55,"key":"Bag of Marbles"}],"event_choices":[{"damage_healed":0,"gold_gain":0,"player_choice":"Lose Max HP","damage_taken":0,"relics_obtained":["Golden Idol"],"max_hp_gain":0,"max_hp_loss":7,"event_name":"Golden Idol","floor":5,"gold_loss":0},{"damage_healed":0,"gold_gain":0,"player_choice":"Grow","damage_taken":0,"max_hp_gain":0,"max_hp_loss":0,"event_name":"Living Wall","floor":13,"gold_loss":0,"cards_upgraded":["RobotSpaceExplorer:ExhaustFan"]},{"cards_removed":["RobotSpaceExplorer:Strike"],"damage_healed":0,"gold_gain":0,"player_choice":"Gave Gold","damage_taken":0,"max_hp_gain":0,"max_hp_loss":0,"event_name":"Beggar","floor":20,"gold_loss":75},{"damage_healed":0,"gold_gain":0,"player_choice":"Fought Bandits","damage_taken":0,"max_hp_gain":0,"max_hp_loss":0,"event_name":"Masked Bandits","floor":27,"gold_loss":0},{"damage_healed":0,"gold_gain":0,"player_choice":"Fight","damage_taken":0,"max_hp_gain":0,"max_hp_loss":0,"event_name":"MindBloom","floor":36,"gold_loss":0},{"cards_removed":["RobotSpaceExplorer:Defend"],"damage_healed":0,"gold_gain":0,"player_choice":"Purged","damage_taken":0,"max_hp_gain":0,"max_hp_loss":0,"event_name":"Purifier","floor":37,"gold_loss":0},{"cards_removed":["RobotSpaceExplorer:SurgingStrike"],"damage_healed":0,"gold_gain":0,"player_choice":"Removed Attack","damage_taken":0,"max_hp_gain":0,"max_hp_loss":0,"event_name":"Falling","floor":48,"gold_loss":0}],"is_beta":true,"boss_relics":[{"not_picked":["Busted Crown","Cursed Key"],"picked":"RobotSpaceExplorer:SearchSpecs"},{"not_picked":["Tiny House","Empty Cage"],"picked":"Astrolabe"}],"items_purged_floors":[12,28,54],"is_endless":false,"potions_floor_spawned":[2,6,14,18,24,29,30,35,36,39,44,55],"killed_by":"The Heart","ascension_level":20}}