{"host":"1hzg86ju9fvxh562","time":1611931880,"event":{"mods":["AchievementEnabler","Act Like it!","AlwaysNeverKeys","BaseMod","Bestiary","Better Altar","Better Match","Better Note","Better Sensory Stone","Better Skull","Better Third Choice","Colored Map","Colored Powertips","Curses Come First","Displayed Cursed Tome","Filter the Spire","Highlight Path","Keyboard Shortcuts","Minty Spire (QoL Compilation)","Rare Cards Sparkle","Relic Sorter","Relic Stats","ShortenTheSpire","Spicy Shops","StSLib","everything is the same but u backflip on backflip","slay the spire mod where everything is the same but ironclad has a cowboy hat"],"gold_per_floor":[111,111,131,6,18,43,73,87,87,87,98,98,98],"floor_reached":12,"language":"ENG","playtime":697,"items_purged":[],"score":139,"play_id":"244b4edf-7b66-4987-bd58-6313fda67ec2","local_time":"20210129125120","is_ascension_mode":true,"campfire_choices":[],"circlet_count":0,"master_deck":["AscendersBane","Strike_B","Strike_B","Strike_B","Strike_B","Defend_B","Defend_B","Defend_B","Defend_B","Zap","Dualcast","Glacier","Auto Shields","Hologram","Sunder","Compile Driver","Tempest","Hyperbeam"],"relics":["Cursed Key","Regal Pillow","WingedGreaves","Odd Mushroom","Thread and Needle","Spirit Poop"],"acts_visited":["Exordium"],"potions_floor_usage":[],"damage_taken":[{"damage":3,"enemies":"2 Louse","floor":1,"turns":3},{"damage":0,"enemies":"Small Slimes","floor":3,"turns":4},{"damage":0,"enemies":"Cultist","floor":5,"turns":5},{"damage":13,"enemies":"Lagavulin","floor":6,"turns":9},{"damage":3,"enemies":"The Mushroom Lair","floor":7,"turns":5},{"damage":9,"enemies":"Large Slime","floor":8,"turns":7},{"damage":0,"enemies":"Exordium Wildlife","floor":11,"turns":5},{"damage":0,"enemies":"Gremlin Nob","floor":12,"turns":1}],"seed_played":"-8730966979631592473","potions_obtained":[{"floor":1,"key":"DuplicationPotion"},{"floor":5,"key":"Ancient Potion"}],"is_trial":false,"path_per_floor":["M","?","M","?","M","E","?","M","T","?","M","E"],"character_chosen":"DEFECT","items_purchased":[],"campfire_rested":0,"item_purchase_floors":[],"current_hp_per_floor":[61,26,26,26,26,13,10,1,1,1,1,1,1],"gold":98,"neow_bonus":"BOSS_RELIC","is_daily":false,"chose_seed":false,"campfire_upgraded":0,"win_rate":0.0,"timestamp":1611931880,"path_taken":["M","?","M","?","M","E","?","?","T","?","?","E"],"items_purchased_type":[],"build_version":"2020-12-22","purchased_purges":0,"victory":false,"max_hp_per_floor":[71,71,71,71,71,71,71,71,71,71,71,71,71],"relic_stats":{"Regal Pillow":0,"counters":[8,39],"Cursed Key":1,"obtain_stats":[{"Regal Pillow":2,"Spirit Poop":10,"Thread and Needle":9,"WingedGreaves":6,"Odd Mushroom":7,"Cracked Core":0,"Cursed Key":0},{"Regal Pillow":1,"Spirit Poop":6,"Thread and Needle":6,"WingedGreaves":4,"Odd Mushroom":5,"Cracked Core":0,"Cursed Key":0},{"Regal Pillow":3,"Spirit Poop":33,"Thread and Needle":33,"WingedGreaves":21,"Odd Mushroom":26,"Cracked Core":0,"Cursed Key":0}]},"card_choices":[{"not_picked":["Rip and Tear","Darkness"],"picked":"Glacier","floor":1},{"not_picked":["White Noise","Cold Snap"],"picked":"Auto Shields","floor":3},{"not_picked":["Leap","Rainbow"],"picked":"Hologram","floor":5},{"not_picked":["Rip and Tear","Stack"],"picked":"Sunder","floor":6},{"not_picked":["Beam Cell","Steam"],"picked":"Compile Driver","floor":7},{"not_picked":["Streamline","Barrage"],"picked":"Tempest","floor":8},{"not_picked":["Tempest","Turbo"],"picked":"Hyperbeam","floor":11}],"player_experience":503618,"relics_obtained":[{"floor":6,"key":"WingedGreaves"},{"floor":7,"key":"Odd Mushroom"},{"floor":9,"key":"Thread and Needle"}],"event_choices":[{"damage_healed":0,"gold_gain":0,"player_choice":"Relic ","damage_taken":35,"max_hp_gain":0,"max_hp_loss":0,"event_name":"betterThird:BetterScrap","floor":2,"gold_loss":0,"cards_obtained":["Feel No Pain"]},{"damage_healed":0,"gold_gain":0,"player_choice":"3","damage_taken":0,"max_hp_gain":0,"max_hp_loss":0,"event_name":"betterMatch:BetterMatch","floor":4,"gold_loss":0,"cards_obtained":[]},{"damage_healed":0,"gold_gain":0,"player_choice":"Fought Mushrooms","damage_taken":0,"max_hp_gain":0,"max_hp_loss":0,"event_name":"Mushrooms","floor":7,"gold_loss":0},{"cards_removed":["Normality"],"damage_healed":0,"gold_gain":0,"player_choice":"Offered Curse","damage_taken":0,"relics_obtained":["Spirit Poop"],"max_hp_gain":0,"max_hp_loss":0,"event_name":"Bonfire Elementals","floor":10,"gold_loss":0}],"is_beta":false,"boss_relics":[],"items_purged_floors":[],"is_endless":false,"potions_floor_spawned":[1,5,7],"killed_by":"Gremlin Nob","ascension_level":15}}