{"host":"AZZAM","time":1611896801,"event":{"mods":["BaseMod","Colored Map","Highlight Path","Minty Spire (QoL Compilation)","Relic Stats","Unceasing Turn Reminder"],"gold_per_floor":[118,137,152,172,142,142,217,244,268,268,233,0,15,43,43,147,147,158,158,158,158,171,200,200,229,256,286,303,303,314,324,324,428,428,445,461,461,480,496,525,525,525,525],"floor_reached":42,"language":"ENG","playtime":2583,"items_purged":[],"score":598,"play_id":"78fa374f-810a-47bc-9532-9fc4bc33ad2b","local_time":"20210129080641","is_ascension_mode":true,"campfire_choices":[{"data":"Dagger Spray","floor":6,"key":"SMITH"},{"data":"Apotheosis","floor":15,"key":"SMITH"},{"floor":24,"key":"RECALL"},{"floor":32,"key":"REST"},{"data":"1","floor":41,"key":"LIFT"}],"circlet_count":0,"master_deck":["Defend_G","Defend_G","Survivor","Neutralize","PiercingWail","Dagger Spray+1","Footwork","Deflect","Backflip","Doppelganger","Apotheosis+1","Poisoned Stab","Sucker Punch","Envenom","PiercingWail+1","Bite","Bite","Bite","Bite","Caltrops","Skewer+1","Sucker Punch+1","Well Laid Plans","Leg Sweep+1","Blade Dance","Heel Hook+1","After Image","Outmaneuver+1","Predator+1","Bandage Up+1","PiercingWail+1","Flechettes+1","Acrobatics"],"relics":["Ring of the Snake","NeowsBlessing","MealTicket","Akabeko","Vajra","Paper Crane","Fusion Hammer","Mango","Molten Egg 2","Question Card","Toy Ornithopter","TungstenRod","Astrolabe","Girya"],"acts_visited":["Exordium","TheCity","TheBeyond"],"potions_floor_usage":[14,16,27,30,33,39,40,40],"damage_taken":[{"damage":0,"enemies":"Jaw Worm","floor":1,"turns":1},{"damage":0,"enemies":"Small Slimes","floor":2,"turns":1},{"damage":0,"enemies":"2 Louse","floor":3,"turns":1},{"damage":1,"enemies":"Exordium Thugs","floor":4,"turns":6},{"damage":0,"enemies":"Looter","floor":5,"turns":4},{"damage":35,"enemies":"3 Sentries","floor":8,"turns":10},{"damage":1,"enemies":"Gremlin Gang","floor":13,"turns":2},{"damage":27,"enemies":"Gremlin Nob","floor":14,"turns":4},{"damage":4,"enemies":"The Guardian","floor":16,"turns":15},{"damage":14,"enemies":"2 Thieves","floor":18,"turns":4},{"damage":9,"enemies":"Spheric Guardian","floor":22,"turns":5},{"damage":12,"enemies":"Slavers","floor":23,"turns":6},{"damage":24,"enemies":"Book of Stabbing","floor":25,"turns":4},{"damage":7,"enemies":"Slavers","floor":27,"turns":2},{"damage":0,"enemies":"Snecko","floor":28,"turns":4},{"damage":11,"enemies":"Cultist and Chosen","floor":30,"turns":6},{"damage":0,"enemies":"3 Cultists","floor":31,"turns":3},{"damage":57,"enemies":"Collector","floor":33,"turns":6},{"damage":5,"enemies":"Orb Walker","floor":35,"turns":4},{"damage":17,"enemies":"3 Darklings","floor":36,"turns":9},{"damage":9,"enemies":"Maw","floor":38,"turns":8},{"damage":35,"enemies":"Transient","floor":39,"turns":5},{"damage":38,"enemies":"Giant Head","floor":40,"turns":11},{"damage":48,"enemies":"Reptomancer","floor":42,"turns":3}],"seed_played":"1579400406554951182","potions_obtained":[{"floor":1,"key":"Energy Potion"},{"floor":3,"key":"SpeedPotion"},{"floor":14,"key":"SpeedPotion"},{"floor":23,"key":"Explosive Potion"},{"floor":27,"key":"Dexterity Potion"},{"floor":29,"key":"EntropicBrew"},{"floor":29,"key":"Weak Potion"},{"floor":39,"key":"Fruit Juice"}],"is_trial":false,"path_per_floor":["M","M","M","M","M","R","?","E","T","?","?","$","M","E","R","B",null,"M","?","T","?","M","E","R","E","T","E","M","?","M","M","R","B",null,"M","M","?","M","M","E","R","E"],"character_chosen":"THE_SILENT","items_purchased":["Apotheosis","AttackPotion"],"campfire_rested":1,"item_purchase_floors":[12,12],"current_hp_per_floor":[70,70,70,69,69,69,58,23,23,20,37,52,51,24,24,20,70,56,49,63,63,63,63,63,45,45,47,59,59,61,63,63,17,63,63,63,63,63,31,35,35,0,0],"gold":525,"neow_bonus":"THREE_ENEMY_KILL","is_daily":false,"chose_seed":false,"campfire_upgraded":2,"win_rate":0.0,"timestamp":1611896801,"path_taken":["M","M","M","M","M","R","?","E","T","?","?","$","?","E","R","BOSS","M","?","?","?","?","E","R","E","T","E","M","?","?","M","R","BOSS","M","M","?","M","?","E","R","E"],"items_purchased_type":["Card","Potion"],"build_version":"2020-12-18","purchased_purges":0,"victory":false,"max_hp_per_floor":[70,70,70,70,70,70,70,70,70,70,70,70,70,70,70,70,70,70,49,63,63,63,63,63,63,63,63,63,63,63,63,63,63,63,63,63,63,63,63,68,68,68,68],"relic_stats":{"counters":[24,124],"Astrolabe":["Outmaneuver","Predator","Bandage Up"],"MealTicket":15,"Question Card":10,"obtain_stats":[{"Girya":40,"NeowsBlessing":0,"Astrolabe":34,"Vajra":10,"Mango":20,"Paper Crane":14,"Question Card":25,"Akabeko":9,"MealTicket":8,"Molten Egg 2":23,"Fusion Hammer":17,"Toy Ornithopter":26,"TungstenRod":27,"Ring of the Snake":0},{"Girya":23,"NeowsBlessing":0,"Astrolabe":18,"Vajra":6,"Mango":10,"Paper Crane":8,"Question Card":13,"Akabeko":6,"MealTicket":6,"Molten Egg 2":12,"Fusion Hammer":9,"Toy Ornithopter":13,"TungstenRod":14,"Ring of the Snake":0},{"Girya":121,"NeowsBlessing":0,"Astrolabe":84,"Vajra":23,"Mango":48,"Paper Crane":29,"Question Card":63,"Akabeko":23,"MealTicket":23,"Molten Egg 2":59,"Fusion Hammer":44,"Toy Ornithopter":63,"TungstenRod":65,"Ring of the Snake":0}],"Toy Ornithopter":25,"TungstenRod":29,"Ring of the Snake":[48]},"card_choices":[{"not_picked":["Reflex","Well Laid Plans"],"picked":"PiercingWail","floor":1},{"not_picked":["Outmaneuver","Well Laid Plans"],"picked":"Dagger Spray","floor":2},{"not_picked":["PiercingWail","Leg Sweep"],"picked":"Footwork","floor":3},{"not_picked":["Dagger Spray","Slice"],"picked":"Deflect","floor":4},{"not_picked":["Calculated Gamble","Bane"],"picked":"Backflip","floor":5},{"not_picked":["Dagger Spray","Reflex"],"picked":"Doppelganger","floor":8},{"not_picked":["Prepared","Backflip"],"picked":"Poisoned Stab","floor":13},{"not_picked":["Prepared","Bullet Time"],"picked":"Sucker Punch","floor":14},{"not_picked":["Night Terror","Bullet Time"],"picked":"Envenom","floor":16},{"not_picked":["Endless Agony+1","Leg Sweep"],"picked":"PiercingWail+1","floor":18},{"not_picked":["Slice","Underhanded Strike+1"],"picked":"Skewer+1","floor":22},{"not_picked":["Prepared+1","Caltrops+1"],"picked":"Sucker Punch+1","floor":23},{"not_picked":["Outmaneuver","Expertise"],"picked":"Well Laid Plans","floor":25},{"not_picked":["Underhanded Strike+1","Dodge and Roll","Quick Slash+1","Riddle With Holes+1"],"picked":"SKIP","floor":27},{"not_picked":["Distraction","Tactician","Prepared"],"picked":"Leg Sweep+1","floor":28},{"not_picked":["Cloak And Dagger","Quick Slash+1","Infinite Blades"],"picked":"Blade Dance","floor":30},{"not_picked":["Dagger Throw+1","Escape Plan+1","PiercingWail"],"picked":"Heel Hook+1","floor":31},{"not_picked":["Venomology","Bullet Time","Burst"],"picked":"After Image","floor":33},{"not_picked":["Masterful Stab+1","Backflip","Reflex","Distraction+1"],"picked":"SKIP","floor":35},{"not_picked":["Outmaneuver+1","Slice+1","Flying Knee+1","Backflip"],"picked":"SKIP","floor":36},{"not_picked":["Noxious Fumes+1","Prepared+1","Poisoned Stab+1"],"picked":"PiercingWail+1","floor":38},{"not_picked":["Setup","Dodge and Roll","Sucker Punch+1"],"picked":"Flechettes+1","floor":39},{"not_picked":["Slice+1","Bullet Time","PiercingWail"],"picked":"Acrobatics","floor":40}],"player_experience":65334,"relics_obtained":[{"floor":8,"key":"MealTicket"},{"floor":9,"key":"Akabeko"},{"floor":14,"key":"Paper Crane"},{"floor":20,"key":"Mango"},{"floor":23,"key":"Molten Egg 2"},{"floor":25,"key":"Question Card"},{"floor":26,"key":"Toy Ornithopter"},{"floor":27,"key":"TungstenRod"},{"floor":40,"key":"Girya"}],"event_choices":[{"damage_healed":0,"gold_gain":75,"player_choice":"Gather Gold","damage_taken":11,"max_hp_gain":0,"max_hp_loss":0,"event_name":"World of Goop","floor":7,"gold_loss":0},{"damage_healed":0,"gold_gain":0,"player_choice":"Success","damage_taken":3,"relics_obtained":["Vajra"],"max_hp_gain":0,"max_hp_loss":0,"event_name":"Scrap Ooze","floor":10,"gold_loss":0},{"damage_healed":17,"gold_gain":0,"player_choice":"Healed","damage_taken":0,"max_hp_gain":0,"max_hp_loss":0,"event_name":"The Cleric","floor":11,"gold_loss":35},{"damage_healed":0,"gold_gain":0,"player_choice":"Became a vampire","damage_taken":0,"max_hp_gain":0,"max_hp_loss":21,"event_name":"Vampires","floor":19,"gold_loss":0,"cards_obtained":["Bite","Bite","Bite","Bite","Bite"]},{"damage_healed":0,"gold_gain":0,"player_choice":"1 cards matched","damage_taken":0,"max_hp_gain":0,"max_hp_loss":0,"event_name":"Match and Keep!","floor":21,"gold_loss":0,"cards_obtained":["Caltrops"]},{"damage_healed":0,"gold_gain":0,"player_choice":"Got Potions","damage_taken":0,"max_hp_gain":0,"max_hp_loss":0,"event_name":"Lab","floor":29,"gold_loss":0},{"cards_removed":["Defend_G"],"damage_healed":0,"gold_gain":0,"player_choice":"Offered Basic","damage_taken":0,"max_hp_gain":0,"max_hp_loss":0,"event_name":"Bonfire Elementals","floor":37,"gold_loss":0}],"is_beta":true,"boss_relics":[{"not_picked":["Coffee Dripper","SacredBark"],"picked":"Fusion Hammer"},{"not_picked":["HoveringKite","Runic Dome"],"picked":"Astrolabe"}],"items_purged_floors":[],"is_endless":false,"potions_floor_spawned":[1,3,14,23,27,33,39],"killed_by":"Reptomancer","ascension_level":3}}