{"host":"a3oe3gstxz77c7qu","time":1611917576,"event":{"mods":["2.2 Compatiblity","Act Like it!","Astrologer","BaseMod","Bestiary","Better Altar","Better Match","Better Note","Better Skull","Better Third Choice","Block Reminder","Curses Come First","Custom Start","Dark Map","Downfall","Friendly Minions","GifTheSpireLib","Hallownest","Hermit","Jorbs\u0027s Wanderer Trilogy","Lobotomy","LobotomyExtend","Marisa????????","Minty Spire (QoL Compilation)","Permanent Neow","Quick Restart","Relic Filter Mod","Relic Stats","Reliquary","Smile Girya","Spire Arcade","StSLib","The Bug Knight","The Cursed","The Disciple","The Jungle","Uncapped","Unknown Chances","Wandering Minibosses"],"gold_per_floor":[99,118,135,152,152,0,0,0,20,20,5,5,5,32,51,149,149,49,66,86,186,276,288,288,188,202,217,217,217,246,317,335,335,335,335],"floor_reached":33,"language":"ENG","playtime":2410,"items_purged":[],"score":400,"play_id":"31e3a6ee-88f9-4c0d-8279-e1c37556190b","local_time":"20210129105256","is_ascension_mode":true,"campfire_choices":[{"floor":1.0,"key":"RECALL"},{"data":"Guardian:PrismaticBarrier","floor":8.0,"key":"SMITH"},{"floor":13,"key":"REST"},{"data":"Guardian:GemFinder","floor":18,"key":"SMITH"},{"floor":25,"key":"REST"},{"floor":29,"key":"REST"}],"circlet_count":0,"master_deck":["Guardian:Strike_Guardian","Guardian:Strike_Guardian","Guardian:Strike_Guardian","Guardian:Defend_Guardian","Guardian:Defend_Guardian","Guardian:Defend_Guardian","Guardian:Defend_Guardian","Guardian:CurlUp","Guardian:TwinSlam","Guardian:GemFinder+1","Guardian:PrismaticBarrier+1","Guardian:BodySlam","Guardian:BodySlam","Guardian:VentSteam","Guardian:PrimingBeam","Guardian:ShieldCharger","Guardian:StasisEngine","Guardian:Gem_Cyan","Guardian:AncientConstruct","Guardian:Gem_Cyan","Guardian:Gem_Cyan","Guardian:Gem_Blue","Guardian:CrystalBeam+1","Guardian:BronzeOrb","Guardian:PrimingBeam+1"],"relics":["Guardian:ModeShifter","LetterFromLob","ClockworkSouvenir","The Courier","reliquary:KinkedSpring","downfall:HeartBlessingRed","downfall:HeartBlessingBlue","Nloth\u0027s Gift","TungstenRod"],"acts_visited":["Exordium","TheCity"],"potions_floor_usage":[15,19,22,22,27,33],"damage_taken":[{"damage":4.0,"enemies":"2 Louse","floor":2.0,"turns":4.0},{"damage":8.0,"enemies":"Small Slimes","floor":3.0,"turns":6.0},{"damage":15.0,"enemies":"Jaw Worm","floor":4.0,"turns":7.0},{"damage":7.0,"enemies":"downfall:FleeingMerchant","floor":6.0,"turns":4.0},{"damage":8,"enemies":"3 Louse","floor":9,"turns":4},{"damage":3,"enemies":"downfall:FleeingMerchant","floor":11,"turns":4},{"damage":0,"enemies":"Lagavulin","floor":14,"turns":6},{"damage":12,"enemies":"Exordium Thugs","floor":15,"turns":4},{"damage":25,"enemies":"DF_ARCHETYPE_STREAMLINE","floor":16,"turns":13},{"damage":18,"enemies":"3 Byrds","floor":19,"turns":7},{"damage":19,"enemies":"Snake Plant","floor":20,"turns":5},{"damage":26,"enemies":"Snecko","floor":22,"turns":9},{"damage":3,"enemies":"Centurion and Healer","floor":23,"turns":7},{"damage":5,"enemies":"3 Cultists","floor":26,"turns":6},{"damage":10,"enemies":"Chosen and Byrds","floor":27,"turns":6},{"damage":6,"enemies":"HollowMod:Nosk","floor":30,"turns":4},{"damage":20,"enemies":"Cultist and Chosen","floor":31,"turns":8},{"damage":11,"enemies":"Centurion and Healer","floor":32,"turns":6},{"damage":13,"enemies":"IC_MUSHROOM_ARCHETYPE","floor":33,"turns":1}],"seed_played":"-2411036472070263766","potions_obtained":[{"floor":3.0,"key":"EssenceOfSteel"},{"floor":14,"key":"Explosive Potion"},{"floor":15,"key":"Guardian:BlockOnCardUsePotion"},{"floor":16,"key":"DuplicationPotion"},{"floor":19,"key":"Regen Potion"},{"floor":22,"key":"LiquidBronze"},{"floor":26,"key":"PowerPotion"},{"floor":30,"key":"Strength Potion"}],"is_trial":false,"path_per_floor":["R","M","M","M","?","$","T","R","M","?","$","?","R","E","M","B",null,"R","M","M","?","M","M","T","R","M","M","?","R","E","M","M","B"],"character_chosen":"GUARDIAN","items_purchased":["ClockworkSouvenir"],"campfire_rested":3,"item_purchase_floors":[6],"current_hp_per_floor":[72,68,60,45,45,38,38,38,30,30,27,27,48,48,36,11,57,57,39,20,20,9,6,6,37,32,22,22,46,40,20,9,0,0,0],"gold":335,"neow_bonus":"THREE_RARE_CARDS","is_daily":false,"chose_seed":false,"campfire_upgraded":2,"win_rate":0.0,"timestamp":1611917576,"path_taken":["R","M","M","M","?","$","T","R","M","?","$","?","R","E","M","BOSS","R","M","M","?","M","M","T","R","M","M","?","R","E","?","M","BOSS"],"items_purchased_type":["Relic"],"build_version":"2020-12-22","purchased_purges":0,"victory":false,"max_hp_per_floor":[72,72,72,72,72,72,72,72,72,72,72,72,72,72,72,72,72,72,72,72,72,72,72,72,82,82,82,82,82,82,82,82,82,82,82],"relic_stats":{"counters":[19,111],"Nloth\u0027s Gift":0,"obtain_stats":[{"reliquary:KinkedSpring":17,"reliquary:PorcupineQuills":14,"downfall:HeartBlessingRed":18,"downfall:HeartBlessingBlue":25,"Guardian:ModeShifter":0,"The Courier":7,"LetterFromLob":2,"Nloth\u0027s Gift":28,"TungstenRod":30,"ClockworkSouvenir":6},{"reliquary:KinkedSpring":9,"reliquary:PorcupineQuills":7,"downfall:HeartBlessingRed":9,"downfall:HeartBlessingBlue":13,"Guardian:ModeShifter":0,"The Courier":4,"LetterFromLob":1,"Nloth\u0027s Gift":15,"TungstenRod":16,"ClockworkSouvenir":4},{"reliquary:KinkedSpring":52,"reliquary:PorcupineQuills":35,"downfall:HeartBlessingRed":52,"downfall:HeartBlessingBlue":80,"Guardian:ModeShifter":0,"The Courier":21,"LetterFromLob":4,"Nloth\u0027s Gift":92,"TungstenRod":96,"ClockworkSouvenir":21}],"TungstenRod":7},"card_choices":[{"not_picked":["Guardian:ExploitGems","Guardian:TimeSifter"],"picked":"Guardian:GemFinder","floor":0.0},{"not_picked":["Guardian:PiercingHide","Guardian:Planning"],"picked":"Guardian:PrismaticBarrier","floor":2.0},{"not_picked":["Guardian:Gem_Green","Guardian:Gem_Lightblue"],"picked":"Guardian:Gem_Cyan","floor":2.0},{"not_picked":["Guardian:Gem_Red","Guardian:Gem_Lightblue"],"picked":"Guardian:Gem_Cyan","floor":3.0},{"not_picked":["Guardian:Planning","Guardian:Suspension"],"picked":"Guardian:Gem_Cyan","floor":3.0},{"not_picked":["Guardian:Gem_Green","Guardian:Gem_Cyan"],"picked":"Guardian:Gem_Red","floor":4.0},{"not_picked":["Guardian:Reroute","Guardian:Gem_Red"],"picked":"Guardian:BodySlam","floor":4.0},{"not_picked":["Guardian:RollAttack","Guardian:Clone"],"picked":"Guardian:BodySlam","floor":6.0},{"not_picked":["Guardian:Gem_Lightblue","Guardian:Gem_Cyan"],"picked":"Guardian:Gem_Green","floor":6.0},{"not_picked":["Guardian:Gem_Lightblue","Guardian:Gem_Green"],"picked":"Guardian:Gem_Red","floor":9},{"not_picked":["Guardian:WalkerClaw","Guardian:Gem_Cyan"],"picked":"Guardian:VentSteam","floor":9},{"not_picked":["Guardian:Gem_Cyan","Guardian:Gem_Green"],"picked":"Guardian:Gem_Red","floor":11},{"not_picked":["Guardian:Harden","Guardian:VentSteam"],"picked":"Guardian:PrimingBeam","floor":11},{"not_picked":["Guardian:Gem_Green","Guardian:Gem_Red"],"picked":"Guardian:Gem_Cyan","floor":14},{"not_picked":["Guardian:WalkerClaw","Guardian:Gem_Lightblue"],"picked":"Guardian:ShieldCharger","floor":14},{"not_picked":["Guardian:FuturePlans","Guardian:CrystalBeam"],"picked":"Guardian:StasisEngine","floor":15},{"not_picked":["Guardian:Gem_Red","Guardian:Gem_Lightblue"],"picked":"Guardian:Gem_Cyan","floor":15},{"not_picked":["Guardian:GatlingBeam","Guardian:RevengeProtocol"],"picked":"Guardian:AncientConstruct","floor":16},{"not_picked":["Guardian:Gem_Lightblue","Guardian:Gem_Red"],"picked":"Guardian:Gem_Cyan","floor":16},{"not_picked":["Guardian:Gem_Red","Guardian:Gem_Green"],"picked":"Guardian:Gem_Cyan","floor":19},{"not_picked":["Guardian:TimeBomb","Guardian:Recover","Guardian:VentSteam"],"picked":"SKIP","floor":19},{"not_picked":["Guardian:PiercingHide","Guardian:Incinerate"],"picked":"Guardian:Gem_Blue","floor":20},{"not_picked":["Guardian:Preprogram","Guardian:PrimingBeam"],"picked":"Guardian:CrystalBeam+1","floor":22},{"not_picked":["Guardian:Reroute","Guardian:Gem_Cyan"],"picked":"Guardian:BronzeOrb","floor":23},{"not_picked":["Guardian:Incinerate+1","Guardian:Gem_Fragmented"],"picked":"Guardian:PrimingBeam+1","floor":26},{"not_picked":["Guardian:CrystalBeam","Guardian:TimeCapacitor","Guardian:RollAttack"],"picked":"SKIP","floor":27},{"not_picked":["Guardian:TemporalShield","Guardian:WalkerClaw","Guardian:GatlingBeam"],"picked":"SKIP","floor":30},{"not_picked":["Guardian:Reroute+1","Guardian:Gem_Purple","Guardian:RollAttack+1"],"picked":"SKIP","floor":31},{"not_picked":["Guardian:Clone","Guardian:Gem_Lightblue","Guardian:Gem_Red"],"picked":"SKIP","floor":32}],"player_experience":1114234,"relics_obtained":[{"floor":2.0,"key":"LetterFromLob"},{"floor":7.0,"key":"The Courier"},{"floor":14,"key":"reliquary:PorcupineQuills"},{"floor":30,"key":"TungstenRod"}],"event_choices":[],"is_beta":false,"boss_relics":[{"not_picked":["Velvet Choker","Snecko Eye"],"picked":"reliquary:KinkedSpring"}],"items_purged_floors":[],"is_endless":false,"potions_floor_spawned":[3,14,15,16,19,22,26,30,32],"killed_by":"IC_MUSHROOM_ARCHETYPE","ascension_level":7}}