{"host":"c3lc60y5x60jlt1y","time":1611936192,"event":{"mods":["AchievementEnabler","BaseMod","Bestiary","Colored Map","Minty Spire (QoL Compilation)","Quick Restart","StSLib","ojb\u0027s Info Mod"],"gold_per_floor":[113,113,113,133,133,133,152,152,152,27,27,2,2,16,16,119,119,129,129,140,152,62,62,77,77,77,77,77],"floor_reached":27,"language":"ENG","playtime":836,"items_purged":["Strike_P"],"score":201,"play_id":"13e100bd-074e-4f8e-83ad-f0630cbd9b58","local_time":"20210129180312","is_ascension_mode":false,"campfire_choices":[{"data":"PathToVictory","floor":6,"key":"SMITH"},{"data":"ConjureBlade","floor":8,"key":"SMITH"},{"data":"Vigilance","floor":11,"key":"SMITH"},{"data":"ThirdEye","floor":15,"key":"SMITH"},{"floor":23,"key":"REST"},{"data":"Blasphemy","floor":25,"key":"SMITH"}],"circlet_count":0,"master_deck":["Strike_P","Strike_P+1","Defend_P","Defend_P","Eruption+1","Vigilance+1","FlurryOfBlows+1","ConjureBlade+1","PathToVictory+1","Evaluate","ThirdEye+1","InnerPeace","Blasphemy+1","PathToVictory","Adaptation","WaveOfTheHand","CutThroughFate"],"relics":["PureWater"],"acts_visited":["Exordium","TheCity"],"potions_floor_usage":[16,18],"damage_taken":[{"damage":0,"enemies":"Cultist","floor":1,"turns":2},{"damage":6,"enemies":"Jaw Worm","floor":4,"turns":3},{"damage":0,"enemies":"Small Slimes","floor":7,"turns":1},{"damage":7,"enemies":"Exordium Thugs","floor":14,"turns":4},{"damage":36,"enemies":"The Guardian","floor":16,"turns":6},{"damage":24,"enemies":"2 Thieves","floor":18,"turns":4},{"damage":17,"enemies":"Shell Parasite","floor":20,"turns":4},{"damage":24,"enemies":"Snake Plant","floor":21,"turns":4},{"damage":27,"enemies":"Shelled Parasite and Fungi","floor":24,"turns":5},{"damage":17,"enemies":"Chosen and Byrds","floor":27,"turns":4}],"seed_played":"7774581290548609955","potions_obtained":[{"floor":16,"key":"SkillPotion"}],"is_trial":false,"path_per_floor":["M","?","?","M","?","R","M","R","T","$","R","$","?","M","R","B",null,"M","?","M","M","?","R","M","R","T","M"],"character_chosen":"WATCHER","items_purchased":["BottledMiracle","ThirdEye"],"campfire_rested":1,"item_purchase_floors":[10,12],"current_hp_per_floor":[79,79,63,57,57,57,57,57,57,57,57,57,57,50,50,14,79,55,55,38,14,14,37,10,10,10,0,0],"gold":77,"neow_bonus":"TEN_PERCENT_HP_BONUS","is_daily":false,"chose_seed":false,"campfire_upgraded":5,"win_rate":0.0,"timestamp":1611936192,"path_taken":["M","?","?","M","?","R","?","R","T","$","R","?","?","M","R","BOSS","M","?","M","M","?","R","M","R","T","?"],"items_purchased_type":["Potion","Card"],"build_version":"2020-12-22","purchased_purges":1,"victory":false,"max_hp_per_floor":[79,79,79,79,79,79,79,79,79,79,79,79,79,79,79,79,79,79,79,79,79,79,79,79,79,79,79,79],"card_choices":[{"not_picked":["FlyingSleeves","Protect"],"picked":"FlurryOfBlows","floor":1},{"not_picked":["CutThroughFate","ClearTheMind"],"picked":"PathToVictory","floor":4},{"not_picked":["SashWhip","WaveOfTheHand"],"picked":"Evaluate","floor":7},{"not_picked":["EmptyBody","Wireheading"],"picked":"InnerPeace","floor":14},{"not_picked":["Establishment","ConjureBlade"],"picked":"Blasphemy","floor":16},{"not_picked":["SashWhip","Consecrate+1"],"picked":"PathToVictory","floor":18},{"not_picked":["JustLucky","CrushJoints"],"picked":"Adaptation","floor":20},{"not_picked":["FlyingSleeves","BowlingBash"],"picked":"WaveOfTheHand","floor":21},{"not_picked":["InnerPeace","Prostrate"],"picked":"CutThroughFate","floor":24}],"player_experience":8757103,"relics_obtained":[],"event_choices":[{"damage_healed":0,"gold_gain":0,"cards_transformed":["Defend_P"],"player_choice":"Change","damage_taken":0,"max_hp_gain":0,"max_hp_loss":0,"event_name":"Living Wall","floor":2,"gold_loss":0,"cards_obtained":["ConjureBlade"]},{"damage_healed":0,"gold_gain":0,"player_choice":"Entered Light","damage_taken":16,"max_hp_gain":0,"max_hp_loss":0,"event_name":"Shining Light","floor":3,"gold_loss":0,"cards_upgraded":["Eruption","Strike_P"]},{"cards_removed":["Defend_P"],"damage_healed":0,"gold_gain":0,"player_choice":"Offered Basic","damage_taken":0,"max_hp_gain":0,"max_hp_loss":0,"event_name":"Bonfire Elementals","floor":5,"gold_loss":0},{"damage_healed":0,"gold_gain":0,"player_choice":"Ignored","damage_taken":0,"max_hp_gain":0,"max_hp_loss":0,"event_name":"Golden Idol","floor":13,"gold_loss":0},{"damage_healed":0,"gold_gain":0,"player_choice":"Ignored","damage_taken":0,"max_hp_gain":0,"max_hp_loss":0,"event_name":"Vampires","floor":19,"gold_loss":0},{"cards_removed":["Strike_P"],"damage_healed":0,"gold_gain":0,"player_choice":"Upgrade and Remove","damage_taken":0,"max_hp_gain":0,"max_hp_loss":0,"event_name":"Designer","floor":22,"gold_loss":90,"cards_upgraded":["FlurryOfBlows"]}],"is_beta":false,"boss_relics":[{"not_picked":["SlaversCollar","Empty Cage","Busted Crown"]}],"items_purged_floors":[10],"is_endless":false,"potions_floor_spawned":[16],"killed_by":"Chosen and Byrds","ascension_level":0}}