{"host":"815dqs41i1y8uxms","time":1611957790,"event":{"mods":["A Penny For Your Troubles","Act Like it!","BaseMod","Dark Map","Elementarium","Fox Events","Minty Spire (QoL Compilation)","Shop Mod","StSLib","The Cursed"],"gold_per_floor":[16,33,33,53,68,68,81,112,187,187,187,199,199,216,216,216,216],"floor_reached":16,"language":"ENG","playtime":1174,"items_purged":[],"score":104,"play_id":"f6b771ca-b9ee-492f-9fe7-14c5e340e38f","local_time":"20210129230310","is_ascension_mode":false,"campfire_choices":[{"floor":6,"key":"RECALL"},{"floor":10,"key":"REST"},{"data":"Sadistic Nature","floor":13,"key":"SMITH"},{"floor":15,"key":"REST"}],"circlet_count":0,"master_deck":["TheCursedMod:Strike_TheCursed","TheCursedMod:Strike_TheCursed","TheCursedMod:Strike_TheCursed","TheCursedMod:Defend_TheCursed","TheCursedMod:Defend_TheCursed","TheCursedMod:Defend_TheCursed","TheCursedMod:Defend_TheCursed","TheCursedMod:CursedWand","TheCursedMod:CleanUpWorkshop","TheCursedMod:Dregs","Sadistic Nature+1","TheCursedMod:ReleasedKnowledge","TheCursedMod:Torture","TheCursedMod:WearCloak","TheCursedMod:CircleOfBlood","TheCursedMod:Mangle","TheCursedMod:SpreadPlague","TheCursedMod:Stretching","TheCursedMod:BloodBarrier","TheCursedMod:SaltUponWound"],"relics":["TheCursedMod:BlackMagic101","Tiny Chest","Gremlin Horn","SsserpentHead"],"acts_visited":["Exordium"],"potions_floor_usage":[16,16,16,16],"damage_taken":[{"damage":0,"enemies":"2 Louse","floor":1,"turns":2},{"damage":0,"enemies":"Cultist","floor":2,"turns":4},{"damage":0,"enemies":"Small Slimes","floor":4,"turns":4},{"damage":16,"enemies":"2 Fungi Beasts","floor":5,"turns":5},{"damage":0,"enemies":"Blue Slaver","floor":7,"turns":4},{"damage":59,"enemies":"3 Sentries","floor":8,"turns":19},{"damage":8,"enemies":"Gremlin Gang","floor":12,"turns":3},{"damage":12,"enemies":"2 Fungi Beasts","floor":14,"turns":3},{"damage":60,"enemies":"Slime Boss","floor":16,"turns":13}],"seed_played":"-1820153034048944915","potions_obtained":[{"floor":5,"key":"FairyPotion"},{"floor":8,"key":"Fire Potion"},{"floor":12,"key":"LiquidMemories"},{"floor":14,"key":"EntropicBrew"}],"is_trial":false,"path_per_floor":["M","M","?","M","M","R","M","E","T","R","?","M","R","M","R","B"],"character_chosen":"THE_CURSED","items_purchased":[],"campfire_rested":2,"item_purchase_floors":[],"current_hp_per_floor":[75,75,75,75,59,59,61,4,4,26,26,22,22,10,32,0,0],"gold":216,"neow_bonus":"RANDOM_COLORLESS_2","is_daily":false,"chose_seed":false,"campfire_upgraded":1,"win_rate":0.0,"timestamp":1611957790,"path_taken":["M","M","?","?","M","R","M","E","T","R","?","M","R","M","R","BOSS"],"items_purchased_type":[],"build_version":"2020-12-22","purchased_purges":0,"victory":false,"max_hp_per_floor":[75,75,75,75,75,75,75,75,75,75,75,75,75,75,75,75,75],"card_choices":[{"not_picked":["Master of Strategy","Secret Weapon"],"picked":"Sadistic Nature","floor":0},{"not_picked":["TheCursedMod:Stretching","TheCursedMod:RavingStaff"],"picked":"TheCursedMod:ReleasedKnowledge","floor":1},{"not_picked":["TheCursedMod:CursedStaff","TheCursedMod:Obscuration"],"picked":"TheCursedMod:Torture","floor":2},{"not_picked":["TheCursedMod:WearCloak","TheCursedMod:CursedBlade"],"picked":"TheCursedMod:CircleOfBlood","floor":4},{"not_picked":["TheCursedMod:CursedBlade","TheCursedMod:ReleasedStrength"],"picked":"TheCursedMod:Mangle","floor":5},{"not_picked":["TheCursedMod:RapidMovement","TheCursedMod:HellfireBreathing"],"picked":"TheCursedMod:SpreadPlague","floor":7},{"not_picked":["TheCursedMod:CursedBlade","TheCursedMod:RapidMovement"],"picked":"TheCursedMod:Stretching","floor":8},{"not_picked":["TheCursedMod:HellsGateOpen","TheCursedMod:ReleasedKnowledge"],"picked":"TheCursedMod:BloodBarrier","floor":12},{"not_picked":["TheCursedMod:Evocation","TheCursedMod:SmokeScreen"],"picked":"TheCursedMod:SaltUponWound","floor":14}],"player_experience":3822632,"relics_obtained":[{"floor":8,"key":"Tiny Chest"},{"floor":9,"key":"Gremlin Horn"}],"event_choices":[{"damage_healed":0,"gold_gain":0,"cards_transformed":["TheCursedMod:Strike_TheCursed"],"player_choice":"Transformed","damage_taken":0,"max_hp_gain":0,"max_hp_loss":0,"event_name":"Transmorgrifier","floor":3,"gold_loss":0,"cards_obtained":["TheCursedMod:WearCloak"]},{"damage_healed":0,"gold_gain":0,"player_choice":"Trade","damage_taken":0,"relics_obtained":["SsserpentHead"],"max_hp_gain":0,"max_hp_loss":0,"event_name":"FaceTrader","floor":11,"gold_loss":0}],"is_beta":false,"boss_relics":[],"items_purged_floors":[],"is_endless":false,"potions_floor_spawned":[5,8,12,14],"killed_by":"Slime Boss","ascension_level":0}}