{"host":"5ddwedapke4fsx0r","time":1611956680,"event":{"mods":["BaseMod","Downfall","Hero for Fun","Infinite Spire","Jedi Mod","Minty Spire (QoL Compilation)","Reliquary","StSLib","SuperFastMode","The Bladedancer","The Clintock","The Construct","The Forsaken","The Gatherer","The Hierophant","TheHero","TheSurvivalist"],"gold_per_floor":[1,21,36,36,36,66,66,122,272,272,272,306,106,206,223,324,324,224,224,239,239,289,289,315,315,315,315,315,330,330,330,330,330,330,330],"floor_reached":34,"language":"ENG","playtime":327,"items_purged":[],"score":585,"play_id":"6e15e39d-f474-4d32-85a9-8f383fab0c87","local_time":"20210129224440","is_ascension_mode":false,"campfire_choices":[{"data":"Strike_Y","floor":1,"key":"SMITH"},{"floor":13,"key":"RECALL"},{"data":"Strike_Y","floor":18,"key":"SMITH"},{"floor":25,"key":"REST"},{"floor":28,"key":"REST"}],"circlet_count":0,"master_deck":["Strike_Y+1","Strike_Y","Strike_Y","Strike_Y","Strike_Y+1","Defend_Y","Defend_Y","Defend_Y","Defend_Y","Consecutive_Normal_Punch+1","theForsaken:PlagueCurse","Wear_Disguise","Yawn","downfall:Icky","Toss_Stone","Serious_Side_Hops","Slap","Hip_Strike"],"relics":["Cape","theForsaken:PlagueMask","infinitespire:Satchel","jedi:archwizardhat","Tiny Chest","reliquary:SharkskinSheath","downfall:HeartBlessingBlue","downfall:HeartBlessingGreen","Sozu","downfall:HeartBlessingRed","reliquary:PartyBalloon","jedi:shrinkray","jedi:paperlyon"],"acts_visited":["Exordium","TheCity"],"potions_floor_usage":[],"damage_taken":[{"damage":0,"enemies":"2 Louse","floor":2,"turns":1},{"damage":0,"enemies":"Jaw Worm","floor":3,"turns":1},{"damage":0,"enemies":"3 Sentries","floor":6,"turns":1},{"damage":0,"enemies":"downfall:FleeingMerchant","floor":8,"turns":1},{"damage":0,"enemies":"Small Slimes","floor":10,"turns":1},{"damage":0,"enemies":"Gremlin Nob","floor":12,"turns":2},{"damage":0,"enemies":"downfall:Heads","floor":14,"turns":2},{"damage":0,"enemies":"Exordium Thugs","floor":15,"turns":1},{"damage":0,"enemies":"DF_ARCHETYPE_STREAMLINE","floor":16,"turns":1},{"damage":0,"enemies":"Shell Parasite","floor":20,"turns":1},{"damage":0,"enemies":"Centurion and Healer","floor":23,"turns":2},{"damage":0,"enemies":"Chosen and Byrds","floor":27,"turns":1},{"damage":0,"enemies":"3 Cultists","floor":29,"turns":2},{"damage":0,"enemies":"Centurion and Healer","floor":30,"turns":1},{"damage":0,"enemies":"Cultist and Chosen","floor":32,"turns":1},{"damage":0,"enemies":"WA_ARCHETYPE_CALM","floor":33,"turns":1}],"seed_played":"9182342949257526658","potions_obtained":[{"floor":2,"key":"FearPotion"},{"floor":3,"key":"ColorlessPotion"},{"floor":15,"key":"SteroidPotion"}],"is_trial":false,"path_per_floor":["R","M","M","?","?","E","T","$","?","M","T","E","R","?","M","B",null,"R","?","M","?","T","M","T","R","$","M","R","M","M","?","M","B",null],"character_chosen":"OPM","items_purchased":["jedi:archwizardhat"],"campfire_rested":2,"item_purchase_floors":[8],"current_hp_per_floor":[1098,1098,1098,1098,1098,1098,1098,1098,1098,1098,1098,1098,1108,1108,1108,1108,1108,1108,1108,1108,1108,1108,1108,1108,1108,1108,1108,1108,1108,1108,1108,1108,1108,1108,1108],"gold":330,"neow_bonus":"TEN_PERCENT_HP_BONUS","is_daily":false,"chose_seed":false,"campfire_upgraded":2,"win_rate":0.0,"timestamp":1611956680,"path_taken":["R","M","M","?","?","E","T","$","?","?","?","E","R","?","M","BOSS","R","?","M","?","?","?","T","R","$","M","R","M","M","?","M","BOSS"],"items_purchased_type":["Relic"],"build_version":"2020-12-22","purchased_purges":0,"victory":false,"max_hp_per_floor":[1098,1098,1098,1098,1098,1098,1098,1098,1098,1098,1098,1098,1108,1108,1108,1108,1108,1108,1108,1108,1108,1108,1108,1108,1108,1108,1108,1108,1108,1108,1108,1108,1108,1108,1108],"card_choices":[{"not_picked":["Do_Nothing","Yawn"],"picked":"Consecutive_Normal_Punch","floor":2},{"not_picked":["Slap","Ignore"],"picked":"Yawn","floor":3},{"not_picked":["Get_Hopes_Up","Toss_Stone"],"picked":"Wear_Disguise","floor":6},{"not_picked":["Hop","Ignore"],"picked":"Yawn","floor":8},{"not_picked":["Normal_Punch","Consecutive_Normal_Punch","Slap"],"picked":"SKIP","floor":10},{"not_picked":["Side_Hop","Wear_Disguise"],"picked":"Toss_Stone","floor":12},{"not_picked":["Side_Hop","Yawn"],"picked":"Slap","floor":15},{"not_picked":["Oh","Get_Hopes_Up"],"picked":"Hip_Strike","floor":16},{"not_picked":["Yawn","Toss_Stone","Ignore+1"],"picked":"SKIP","floor":20},{"not_picked":["Yawn","Ignore+1","Side_Hop"],"picked":"SKIP","floor":23},{"not_picked":["Yawn","Normal_Punch","Wear_Disguise+1"],"picked":"SKIP","floor":27},{"not_picked":["Slap","Hop+1","Ignore+1"],"picked":"SKIP","floor":29},{"not_picked":["Slap","Wear_Disguise+1","Ignore"],"picked":"SKIP","floor":30},{"not_picked":["Slap","Toss_Stone","Side_Hop"],"picked":"SKIP","floor":32}],"player_experience":480848,"relics_obtained":[{"floor":6,"key":"infinitespire:Satchel"},{"floor":11,"key":"Tiny Chest"},{"floor":12,"key":"reliquary:SharkskinSheath"},{"floor":22,"key":"reliquary:PartyBalloon"},{"floor":24,"key":"jedi:shrinkray"}],"event_choices":[{"damage_healed":0,"gold_gain":0,"player_choice":"Obtain Plague Curse","damage_taken":0,"max_hp_gain":0,"max_hp_loss":0,"event_name":"Plague Doctor","floor":5,"gold_loss":0,"cards_obtained":["theForsaken:PlagueCurse"]},{"damage_healed":0,"gold_gain":0,"player_choice":"Ignored","damage_taken":0,"max_hp_gain":0,"max_hp_loss":0,"event_name":"Ghosts","floor":21,"gold_loss":0}],"is_beta":false,"boss_relics":[{"not_picked":["reliquary:Ember","Runic Pyramid"],"picked":"Sozu"},{"not_picked":["SacredBark","Velvet Choker"],"picked":"jedi:paperlyon"}],"items_purged_floors":[],"is_endless":false,"potions_floor_spawned":[2,3,15,16,23,27,30],"ascension_level":0}}