{"host":"szp1d6dso4pv7ddl","time":1611887507,"event":{"mods":["AchievementEnabler","Alarm Clock","BaseMod","Bestiary","Block Reminder","Colored Map","Colored Powertips","Curses Come First","Dark Map","Displayed Cursed Tome","Highlight Path","Minty Spire (QoL Compilation)","Permanent Neow","Quick Restart","Relic Sorter","Relic Stats","StSLib","Synergy Search"],"gold_per_floor":[109,128,203,378,378,393,132,132,158,186,214,214,24,43,43,121,121,139,58,58,58,78,78,94,94,94,112,112,137,149,261,273,356,368,397,5,18,43,54,54,54],"floor_reached":40,"language":"ENG","playtime":3012,"items_purged":["Doubt","Writhe"],"score":705,"play_id":"a605f07a-b6c4-48f8-850e-56845166ef20","local_time":"20210128183147","is_ascension_mode":true,"campfire_choices":[{"data":"Mayhem","floor":15,"key":"SMITH"},{"data":"Defragment","floor":23,"key":"SMITH"},{"data":"Coolheaded","floor":25,"key":"SMITH"},{"data":"Rainbow","floor":32,"key":"SMITH"}],"circlet_count":0,"master_deck":["AscendersBane","Strike_B","Strike_B","Strike_B","Strike_B","Defend_B","Defend_B","Defend_B","Defend_B","Zap","Dualcast","Reinforced Body","Undo","Leap","Coolheaded+1","Self Repair","Blind+1","Stack","Echo Form","Mayhem+1","Conserve Battery","Rainbow+1","Defragment+1","Barrage","Ball Lightning","Rainbow+1","Compile Driver","Multi-Cast","Stack","Conserve Battery","Steam Power","Chaos+1","Conserve Battery+1"],"relics":["FrozenCore","StoneCalendar","Bronze Scales","Odd Mushroom","Blue Candle","MealTicket","Sozu","Gremlin Horn","Meat on the Bone","Nilry\u0027s Codex","MawBank","Emotion Chip","The Courier","HandDrill","Strawberry","Gambling Chip"],"acts_visited":["Exordium","TheCity","TheBeyond"],"potions_floor_usage":[29],"damage_taken":[{"damage":9,"enemies":"Small Slimes","floor":1,"turns":4},{"damage":0,"enemies":"2 Louse","floor":2,"turns":4},{"damage":7,"enemies":"Jaw Worm","floor":6,"turns":4},{"damage":19,"enemies":"The Mushroom Lair","floor":10,"turns":7},{"damage":0,"enemies":"Lagavulin","floor":11,"turns":8},{"damage":9,"enemies":"Looter","floor":14,"turns":5},{"damage":6,"enemies":"Hexaghost","floor":16,"turns":11},{"damage":12,"enemies":"Spheric Guardian","floor":18,"turns":5},{"damage":11,"enemies":"Shell Parasite","floor":22,"turns":7},{"damage":10,"enemies":"Shelled Parasite and Fungi","floor":24,"turns":6},{"damage":11,"enemies":"Snecko","floor":27,"turns":7},{"damage":10,"enemies":"Slavers","floor":29,"turns":4},{"damage":10,"enemies":"Colosseum Slavers","floor":31,"turns":6},{"damage":30,"enemies":"Colosseum Nobs","floor":31,"turns":6},{"damage":21,"enemies":"Automaton","floor":33,"turns":8},{"damage":18,"enemies":"Orb Walker","floor":35,"turns":7},{"damage":12,"enemies":"3 Shapes","floor":37,"turns":4},{"damage":19,"enemies":"Mind Bloom Boss Battle","floor":38,"turns":6},{"damage":43,"enemies":"Transient","floor":39,"turns":5},{"damage":38,"enemies":"Reptomancer","floor":40,"turns":2}],"seed_played":"4685626637236771479","potions_obtained":[{"floor":1,"key":"DistilledChaos"},{"floor":10,"key":"ColorlessPotion"},{"floor":16,"key":"PotionOfCapacity"}],"is_trial":false,"path_per_floor":["M","M","?","?","?","M","$","?","T","?","E","T","$","M","R","B",null,"M","$","?","?","M","R","M","R","T","M","?","E","?","?","R","B",null,"M","$","M","?","M","E"],"character_chosen":"DEFECT","items_purchased":["Coolheaded","Self Repair","Blind","Mayhem","Defragment","HandDrill","Strawberry","Conserve Battery","Steam Power"],"campfire_rested":0,"item_purchase_floors":[7,7,7,13,19,36,36,36,36],"current_hp_per_floor":[59,59,48,48,53,46,46,46,46,34,41,41,56,47,47,48,67,62,73,73,73,73,73,70,70,70,66,50,40,64,50,50,48,67,56,78,66,54,30,0,0],"gold":54,"neow_bonus":"ONE_RARE_RELIC","is_daily":false,"chose_seed":false,"campfire_upgraded":4,"win_rate":0.0,"timestamp":1611887507,"path_taken":["M","M","?","?","?","M","$","?","T","?","E","?","?","M","R","BOSS","M","$","?","?","?","R","M","R","T","M","?","E","?","?","R","BOSS","M","$","M","?","M","E"],"items_purchased_type":["Card","Card","Card","Card","Card","Relic","Relic","Card","Card"],"build_version":"2020-12-22","purchased_purges":2,"victory":false,"max_hp_per_floor":[68,68,68,68,73,73,73,73,73,73,73,73,73,73,73,73,73,73,73,73,73,73,73,73,73,73,73,73,73,73,73,73,73,73,73,80,80,80,80,80,80],"relic_stats":{"Gremlin Horn":[8,8],"counters":[20,116],"Blue Candle":[10],"StoneCalendar":[158],"MawBank":84,"FrozenCore":[7],"Sozu":5,"Emotion Chip":[31,10,15,5,1],"Bronze Scales":[354],"Gambling Chip":[7],"MealTicket":41,"HandDrill":[0],"obtain_stats":[{"Gremlin Horn":20,"Nilry\u0027s Codex":28,"Blue Candle":11,"StoneCalendar":0,"The Courier":31,"Odd Mushroom":10,"MawBank":29,"FrozenCore":34,"Sozu":17,"Emotion Chip":31,"Bronze Scales":9,"Strawberry":36,"Gambling Chip":38,"MealTicket":12,"HandDrill":36,"Cracked Core":0,"Meat on the Bone":26},{"Gremlin Horn":8,"Nilry\u0027s Codex":11,"Blue Candle":5,"StoneCalendar":0,"The Courier":14,"Odd Mushroom":4,"MawBank":12,"FrozenCore":15,"Sozu":7,"Emotion Chip":14,"Bronze Scales":3,"Strawberry":16,"Gambling Chip":18,"MealTicket":5,"HandDrill":16,"Cracked Core":0,"Meat on the Bone":10},{"Gremlin Horn":48,"Nilry\u0027s Codex":68,"Blue Candle":27,"StoneCalendar":0,"The Courier":84,"Odd Mushroom":19,"MawBank":72,"FrozenCore":92,"Sozu":43,"Emotion Chip":84,"Bronze Scales":12,"Strawberry":99,"Gambling Chip":109,"MealTicket":27,"HandDrill":99,"Cracked Core":0,"Meat on the Bone":61}],"Meat on the Bone":36},"card_choices":[{"not_picked":["Streamline","Double Energy"],"picked":"Reinforced Body","floor":1},{"not_picked":["Turbo","Rebound"],"picked":"Undo","floor":2},{"not_picked":["Beam Cell","Turbo"],"picked":"Leap","floor":6},{"not_picked":["Lockon","Chaos"],"picked":"Stack","floor":10},{"not_picked":["All For One","Tempest"],"picked":"Echo Form","floor":11},{"not_picked":["Loop","Gash"],"picked":"Conserve Battery","floor":14},{"not_picked":["Meteor Strike","Fission"],"picked":"Rainbow","floor":16},{"not_picked":["Streamline","Hologram","Leap"],"picked":"SKIP","floor":18},{"not_picked":["Leap","Sweeping Beam"],"picked":"Barrage","floor":22},{"not_picked":["Beam Cell","Rebound"],"picked":"Ball Lightning","floor":24},{"not_picked":["White Noise","Reinforced Body+1"],"picked":"Rainbow","floor":27},{"not_picked":["Ball Lightning","Cold Snap"],"picked":"Compile Driver","floor":31},{"not_picked":["Creative AI","Biased Cognition"],"picked":"Multi-Cast","floor":33},{"not_picked":["Rebound","Leap"],"picked":"Stack","floor":35},{"not_picked":["Rebound","Blizzard"],"picked":"Chaos+1","floor":37},{"not_picked":["Go for the Eyes","Beam Cell"],"picked":"Conserve Battery+1","floor":39}],"player_experience":1307458,"relics_obtained":[{"floor":9,"key":"Bronze Scales"},{"floor":10,"key":"Odd Mushroom"},{"floor":11,"key":"Blue Candle"},{"floor":12,"key":"MealTicket"},{"floor":26,"key":"Meat on the Bone"},{"floor":29,"key":"MawBank"},{"floor":31,"key":"Emotion Chip"},{"floor":31,"key":"The Courier"},{"floor":38,"key":"Gambling Chip"}],"event_choices":[{"damage_healed":0,"gold_gain":75,"player_choice":"Gather Gold","damage_taken":11,"max_hp_gain":0,"max_hp_loss":0,"event_name":"World of Goop","floor":3,"gold_loss":0},{"damage_healed":0,"gold_gain":175,"player_choice":"AGREE","damage_taken":0,"max_hp_gain":0,"max_hp_loss":0,"event_name":"Liars Game","floor":4,"gold_loss":0,"cards_obtained":["Doubt"]},{"damage_healed":0,"gold_gain":0,"player_choice":"Donut","damage_taken":0,"max_hp_gain":5,"max_hp_loss":0,"event_name":"Big Fish","floor":5,"gold_loss":0},{"damage_healed":0,"gold_gain":0,"player_choice":"Grow","damage_taken":0,"max_hp_gain":0,"max_hp_loss":0,"event_name":"Living Wall","floor":8,"gold_loss":0,"cards_upgraded":["Blind"]},{"damage_healed":0,"gold_gain":0,"player_choice":"Fought Mushrooms","damage_taken":0,"max_hp_gain":0,"max_hp_loss":0,"event_name":"Mushrooms","floor":10,"gold_loss":0},{"damage_healed":0,"gold_gain":0,"player_choice":"Opened","damage_taken":0,"relics_obtained":["Gremlin Horn"],"max_hp_gain":0,"max_hp_loss":0,"event_name":"The Mausoleum","floor":20,"gold_loss":0,"cards_obtained":["Writhe"]},{"damage_healed":0,"gold_gain":0,"player_choice":"Upgraded","damage_taken":0,"max_hp_gain":0,"max_hp_loss":0,"event_name":"Upgrade Shrine","floor":21,"gold_loss":0,"cards_upgraded":["Rainbow"]},{"damage_healed":0,"gold_gain":0,"player_choice":"Obtained Book","damage_taken":16,"max_hp_gain":0,"max_hp_loss":0,"event_name":"Cursed Tome","floor":28,"gold_loss":0},{"damage_healed":24,"gold_gain":0,"player_choice":"Heal","damage_taken":0,"max_hp_gain":0,"max_hp_loss":0,"event_name":"The Library","floor":30,"gold_loss":0},{"damage_healed":0,"gold_gain":0,"player_choice":"Fight","damage_taken":0,"max_hp_gain":0,"max_hp_loss":0,"event_name":"Colosseum","floor":31,"gold_loss":0},{"damage_healed":0,"gold_gain":0,"player_choice":"Fought Nobs","damage_taken":0,"max_hp_gain":0,"max_hp_loss":0,"event_name":"Colosseum","floor":31,"gold_loss":0},{"damage_healed":0,"gold_gain":0,"player_choice":"Fight","damage_taken":0,"max_hp_gain":0,"max_hp_loss":0,"event_name":"MindBloom","floor":38,"gold_loss":0}],"is_beta":false,"boss_relics":[{"not_picked":["Ectoplasm","Runic Dome"],"picked":"Sozu"},{"not_picked":["Tiny House","SacredBark"],"picked":"FrozenCore"}],"items_purged_floors":[7,36],"is_endless":false,"potions_floor_spawned":[1,10,16,22,29,31,33,37],"killed_by":"Reptomancer","ascension_level":13}}