{"host":"9tzam4717zt8ei1o","time":1611933093,"event":{"mods":["BaseMod","Colored Map","Keyboard Shortcuts","Minty Spire (QoL Compilation)","Quick Restart","StSLib","SuperFastMode"],"gold_per_floor":[111,111,131,148,148,148,162,87,87,87,87,115,41,41,41,41,41],"floor_reached":16,"language":"KOR","playtime":231,"items_purged":["Strike_R"],"score":196,"play_id":"d41d702e-14a3-43bb-8ff6-300df9832460","local_time":"20210130001133","is_ascension_mode":true,"campfire_choices":[{"data":"Blood for Blood","floor":6.0,"key":"SMITH"},{"data":"Wild Strike","floor":11.0,"key":"SMITH"},{"floor":15.0,"key":"DIG"}],"circlet_count":0,"master_deck":["AscendersBane","Defend_R","Defend_R","Defend_R","Defend_R","Bash","Wild Strike+1","Feel No Pain","Blood for Blood+1","Bloodletting","Offering","Power Through"],"relics":["Burning Blood","Mango","Eternal Feather","Shovel","Ancient Tea Set"],"acts_visited":["Exordium"],"potions_floor_usage":[16],"damage_taken":[{"damage":9.0,"enemies":"Jaw Worm","floor":1.0,"turns":6.0},{"damage":1.0,"enemies":"Cultist","floor":3.0,"turns":3.0},{"damage":9.0,"enemies":"2 Louse","floor":4.0,"turns":3.0},{"damage":28.0,"enemies":"Exordium Thugs","floor":7.0,"turns":6.0},{"damage":8.0,"enemies":"Gremlin Nob","floor":12.0,"turns":3.0},{"damage":84,"enemies":"The Guardian","floor":16,"turns":11}],"seed_played":"2379025962481701185","potions_obtained":[{"floor":3.0,"key":"LiquidMemories"},{"floor":4.0,"key":"SneckoOil"}],"is_trial":false,"path_per_floor":["M","?","M","M","?","R","M","$","T","?","R","E","$","?","R","B"],"character_chosen":"IRONCLAD","items_purchased":["Power Through"],"campfire_rested":0,"item_purchase_floors":[13],"current_hp_per_floor":[61,61,66,63,63,63,41,41,41,41,47,45,45,45,51,0,0],"gold":41,"neow_bonus":"ONE_RARE_RELIC","is_daily":false,"chose_seed":false,"campfire_upgraded":2,"win_rate":0.0,"timestamp":1611933093,"path_taken":["M","?","?","M","?","R","?","?","T","?","R","E","$","?","R","BOSS"],"items_purchased_type":["Card"],"build_version":"2020-12-22","purchased_purges":1,"victory":false,"max_hp_per_floor":[89,89,89,89,89,89,89,89,89,89,89,89,89,89,89,89,89],"card_choices":[{"not_picked":["Body Slam","Bloodletting"],"picked":"Wild Strike","floor":1.0},{"not_picked":["Headbutt","Metallicize"],"picked":"Feel No Pain","floor":3.0},{"not_picked":["Havoc","Iron Wave"],"picked":"Blood for Blood","floor":4.0},{"not_picked":["Perfected Strike","Armaments","True Grit"],"picked":"SKIP","floor":7.0},{"not_picked":["Sever Soul","Twin Strike"],"picked":"Offering","floor":12.0}],"player_experience":111413,"relics_obtained":[{"floor":9.0,"key":"Eternal Feather"},{"floor":12.0,"key":"Shovel"},{"floor":15.0,"key":"Ancient Tea Set"}],"event_choices":[{"cards_removed":["Strike_R"],"damage_healed":0.0,"max_hp_gain":0.0,"max_hp_loss":0.0,"gold_gain":0.0,"event_name":"Bonfire Elementals","player_choice":"Offered Basic","floor":2.0,"gold_loss":0.0,"damage_taken":0.0},{"damage_healed":0.0,"max_hp_gain":0.0,"max_hp_loss":0.0,"gold_gain":0.0,"cards_transformed":["Strike_R"],"event_name":"Transmorgrifier","player_choice":"Transformed","floor":5.0,"gold_loss":0.0,"damage_taken":0.0,"cards_obtained":["Bloodletting"]},{"cards_removed":["Strike_R"],"damage_healed":0.0,"max_hp_gain":0.0,"max_hp_loss":0.0,"gold_gain":0.0,"event_name":"Living Wall","player_choice":"Forget","floor":10.0,"gold_loss":0.0,"damage_taken":0.0},{"cards_removed":["Strike_R"],"damage_healed":0.0,"max_hp_gain":0.0,"max_hp_loss":0.0,"gold_gain":0.0,"event_name":"Purifier","player_choice":"Purged","floor":14.0,"gold_loss":0.0,"damage_taken":0.0}],"is_beta":false,"boss_relics":[],"items_purged_floors":[8],"is_endless":false,"potions_floor_spawned":[3,4],"killed_by":"The Guardian","ascension_level":20}}