{"host":"ewns8ifhbubwkcum","time":1611898964,"event":{"mods":["BaseMod","Block Reminder","Colored Map","Colored Powertips","Downfall","Highlight Path","Minty Spire (QoL Compilation)","Permanent Neow","Quick Restart","Random Character Button","StSLib"],"gold_per_floor":[99,117,137,137,156,21,45,45,78,78,106,6,39,49,68,163,213,113,129,129,139,153,178,178,178,73,92,119,136,136,167,178,282,282,282,302,315,465,479,507,507,80,93,106,117,128,161,161,180,180,180,180],"floor_reached":50,"language":"ENG","playtime":5817,"items_purged":["bronze:Strike"],"score":964,"play_id":"b9bff81e-052e-45d7-9537-7dea8c16ea3b","local_time":"20210128234244","is_ascension_mode":true,"campfire_choices":[{"floor":1.0,"key":"RECALL"},{"data":"bronze:TinkerersToolbox","floor":8.0,"key":"SMITH"},{"data":"bronze:Fortify","floor":10.0,"key":"SMITH"},{"floor":12.0,"key":"REST"},{"data":"bronze:Verify","floor":18.0,"key":"SMITH"},{"data":"bronze:Assembly","floor":30.0,"key":"SMITH"},{"data":"bronze:ThunderWave","floor":35.0,"key":"SMITH"}],"circlet_count":0,"master_deck":["bronze:Strike","bronze:Strike","bronze:Strike+1","bronze:Defend+1","bronze:Defend","bronze:Defend","bronze:Defend","bronze:Replicate+1","bronze:Goto+1","bronze:Terminator+1","bronze:Refactor","bronze:Branch","bronze:Fortify+1","bronze:TinkerersToolbox+1","bronze:FineTuning","bronze:ChildClass","bronze:Frontload","bronze:Overheat","bronze:BronzeOrb","bronze:FollowUp","bronze:Verify+1","bronze:DelayedGuard","bronze:CloningBeam+1","bronze:Iterate+1","bronze:Invalidate+1","bronze:Assembly+1","Bandage Up","bronze:ForLoop","bronze:DelayedSlice","bronze:FineTuning+1","bronze:Frontload+1","bronze:FineTuning","bronze:ThunderWave+1","bronze:Overheat+1","bronze:CutThrough+1","bronze:Optimize+1","bronze:DarkDash","bronze:BronzeArmor","bronze:Shield","bronze:Separator","Mayhem","bronze:DelayedSlice","bronze:Shell+1","bronze:FineTuning","bronze:Fortify+1","bronze:TinkerersToolbox","bronze:Optimize+1"],"relics":["bronze:BronzeCore","Dead Branch","StrikeDummy","Thread and Needle","downfall:HeartBlessingRed","Pen Nib","Tiny House","downfall:HeartBlessingGreen","sneckomod:BlankCard","Gremlin Horn","Membership Card","Bag of Marbles","Happy Flower","Mercury Hourglass","White Beast Statue","Black Star","bronze:BronzeIdol","InkBottle","bronze:DecasWashers","Bag of Preparation","HandDrill","Omamori","Whetstone","Vajra","Bottled Tornado"],"acts_visited":["Exordium","TheCity","TheBeyond"],"potions_floor_usage":[50],"damage_taken":[{"damage":2.0,"enemies":"2 Louse","floor":2.0,"turns":3.0},{"damage":1.0,"enemies":"Cultist","floor":3.0,"turns":4.0},{"damage":1.0,"enemies":"Jaw Worm","floor":5.0,"turns":2.0},{"damage":0.0,"enemies":"downfall:FleeingMerchant","floor":6.0,"turns":4.0},{"damage":18.0,"enemies":"Lagavulin","floor":9.0,"turns":6.0},{"damage":2.0,"enemies":"Gremlin Nob","floor":11.0,"turns":4.0},{"damage":0.0,"enemies":"3 Sentries","floor":13.0,"turns":7.0},{"damage":0.0,"enemies":"Large Slime","floor":14.0,"turns":3.0},{"damage":0.0,"enemies":"Exordium Thugs","floor":15.0,"turns":2.0},{"damage":34.0,"enemies":"DF_ARCHETYPE_STREAMLINE","floor":16.0,"turns":9.0},{"damage":0.0,"enemies":"Shell Parasite","floor":19.0,"turns":3.0},{"damage":1.0,"enemies":"Chosen","floor":21.0,"turns":4.0},{"damage":0.0,"enemies":"Centurion and Healer","floor":22.0,"turns":7.0},{"damage":7.0,"enemies":"Slavers","floor":25.0,"turns":2.0},{"damage":0.0,"enemies":"downfall:FleeingMerchant","floor":26.0,"turns":3.0},{"damage":0.0,"enemies":"Chosen and Byrds","floor":27.0,"turns":2.0},{"damage":0.0,"enemies":"Gremlin Leader","floor":28.0,"turns":3.0},{"damage":0.0,"enemies":"Snake Plant","floor":29.0,"turns":1.0},{"damage":11.0,"enemies":"Slavers","floor":31.0,"turns":4.0},{"damage":0.0,"enemies":"Shelled Parasite and Fungi","floor":32.0,"turns":1.0},{"damage":0.0,"enemies":"SI_MIRROR_ARCHETYPE","floor":33.0,"turns":7.0},{"damage":0.0,"enemies":"Orb Walker","floor":36.0,"turns":3.0},{"damage":10.0,"enemies":"3 Darklings","floor":37.0,"turns":3.0},{"damage":0.0,"enemies":"Jaw Worm Horde","floor":39.0,"turns":2.0},{"damage":0.0,"enemies":"Giant Head","floor":40.0,"turns":9.0},{"damage":0.0,"enemies":"Spire Growth","floor":43.0,"turns":2.0},{"damage":0.0,"enemies":"3 Darklings","floor":44.0,"turns":1.0},{"damage":6.0,"enemies":"Maw","floor":45.0,"turns":8.0},{"damage":4.0,"enemies":"4 Shapes","floor":46.0,"turns":1.0},{"damage":0,"enemies":"Nemesis","floor":47,"turns":3},{"damage":0,"enemies":"Sphere and 2 Shapes","floor":49,"turns":2},{"damage":76,"enemies":"WA_ARCHETYPE_DIVINITY","floor":50,"turns":5}],"seed_played":"6320581214124700932","potions_obtained":[{"floor":5.0,"key":"SpeedPotion"},{"floor":11.0,"key":"SpeedPotion"},{"floor":14.0,"key":"GamblersBrew"},{"floor":15.0,"key":"Fruit Juice"},{"floor":17.0,"key":"SmokeBomb"},{"floor":22.0,"key":"Weak Potion"},{"floor":27.0,"key":"champ:CounterPotion"},{"floor":29.0,"key":"EssenceOfSteel"},{"floor":32.0,"key":"SpeedPotion"},{"floor":33.0,"key":"hexamod:SoulburnPotion"},{"floor":36.0,"key":"bronze:CleanCodePotion"},{"floor":37.0,"key":"Strength Potion"},{"floor":39.0,"key":"SkillPotion"},{"floor":40.0,"key":"bronze:FreeFunctionsPotion"},{"floor":46.0,"key":"Dexterity Potion"},{"floor":47,"key":"Energy Potion"}],"is_trial":false,"path_per_floor":["R","M","M","?","M","$","T","R","E","R","E","R","E","M","M","B",null,"R","M","?","M","M","T","T","E","$","M","E","M","R","E","M","B",null,"R","M","M","?","M","E","T","$","M","M","M","M","E","?","M","B"],"character_chosen":"THE_AUTOMATON","items_purchased":["bronze:TinkerersToolbox","bronze:FineTuning","Membership Card","Bag of Marbles","Happy Flower","bronze:Assembly","Bandage Up","Bag of Preparation","HandDrill","Omamori","bronze:BronzeArmor","bronze:Shield","bronze:Separator","Mayhem"],"campfire_rested":1,"item_purchase_floors":[6,6,26,26,26,26,26,42,42,42,42,42,42,42],"current_hp_per_floor":[63,61,60,60,59,59,59,59,41,41,39,57,57,57,57,23,68,68,68,56,55,55,55,55,48,48,48,52,56,56,54,54,58,78,78,78,68,68,72,76,76,76,76,76,72,68,68,68,72,0,0,0],"gold":180,"neow_bonus":"ONE_RARE_RELIC","is_daily":false,"chose_seed":false,"campfire_upgraded":5,"win_rate":0.0,"timestamp":1611898964,"path_taken":["R","M","M","?","?","$","T","R","E","R","E","R","E","M","M","BOSS","R","M","?","M","M","?","T","E","$","M","E","M","R","E","M","BOSS","R","M","M","?","M","E","T","?","M","M","M","M","E","?","M","BOSS"],"items_purchased_type":["Card","Card","Relic","Relic","Relic","Card","Card","Relic","Relic","Relic","Card","Card","Card","Card"],"build_version":"2020-12-22","purchased_purges":1,"victory":false,"max_hp_per_floor":[63,63,63,63,63,63,63,63,63,63,63,63,63,63,63,63,68,68,68,73,73,73,73,73,73,73,73,73,73,73,78,78,78,78,78,78,78,78,78,78,78,78,78,78,78,78,78,78,78,78,78,78],"card_choices":[{"not_picked":["bronze:BuggyMess","bronze:Overload"],"picked":"bronze:Terminator","floor":2.0},{"not_picked":["bronze:Iterate","bronze:OilSpill"],"picked":"bronze:Refactor","floor":3.0},{"not_picked":["bronze:Deprecate","bronze:Turbo"],"picked":"bronze:Branch","floor":5.0},{"not_picked":["bronze:Terminator","bronze:Turbo"],"picked":"bronze:Fortify","floor":6.0},{"not_picked":["bronze:Optimize","bronze:Mutator"],"picked":"bronze:ChildClass","floor":9.0},{"not_picked":["bronze:Safeguard","bronze:DarkDash"],"picked":"bronze:Frontload","floor":11.0},{"not_picked":["bronze:BugBarrage","bronze:Safeguard"],"picked":"bronze:Overheat","floor":13.0},{"not_picked":["bronze:CutThrough","bronze:BugBarrage"],"picked":"bronze:BronzeOrb","floor":14.0},{"not_picked":["bronze:DelayedGuard","bronze:WildBeam"],"picked":"bronze:FollowUp","floor":15.0},{"not_picked":["bronze:Assembly","bronze:ShipIt"],"picked":"bronze:Verify","floor":16.0},{"not_picked":["bronze:ChosenStrike","bronze:Constructor"],"picked":"bronze:DelayedGuard","floor":17.0},{"not_picked":["bronze:FineTuning","bronze:Philosophize"],"picked":"bronze:CloningBeam+1","floor":19.0},{"not_picked":["bronze:Invalidate","bronze:Overheat"],"picked":"bronze:Iterate+1","floor":21.0},{"not_picked":["bronze:Safeguard","bronze:WildBeam"],"picked":"bronze:Invalidate+1","floor":22.0},{"not_picked":["bronze:Refactor","bronze:Shield","bronze:ItsAFeature+1"],"picked":"SKIP","floor":26.0},{"not_picked":["bronze:Shield","bronze:WhirlingStrike"],"picked":"bronze:ForLoop","floor":27.0},{"not_picked":["bronze:Terminator","bronze:Branch+1"],"picked":"bronze:DelayedSlice","floor":28.0},{"not_picked":["bronze:Boost","bronze:HardenedForm"],"picked":"bronze:FineTuning+1","floor":29.0},{"not_picked":["bronze:Turbo+1","bronze:BugBarrage+1"],"picked":"bronze:Frontload+1","floor":31.0},{"not_picked":["bronze:DelayedGuard+1","bronze:Separator+1"],"picked":"bronze:FineTuning","floor":32.0},{"not_picked":["bronze:SpaghettiCode","bronze:Break"],"picked":"bronze:ThunderWave","floor":33.0},{"not_picked":["bronze:OilSpill+1","bronze:WhirlingStrike"],"picked":"bronze:Overheat+1","floor":36.0},{"not_picked":["bronze:Branch","bronze:Overheat"],"picked":"bronze:CutThrough+1","floor":37.0},{"not_picked":["bronze:CloningBeam+1","bronze:Return+1"],"picked":"bronze:Optimize+1","floor":39.0},{"not_picked":["bronze:Mutator","bronze:CutThrough+1"],"picked":"bronze:DarkDash","floor":40.0},{"not_picked":["bronze:Refactor+1","bronze:ForceShield+1"],"picked":"bronze:DelayedSlice","floor":43.0},{"not_picked":["bronze:ChildClass","bronze:Turbo"],"picked":"bronze:Shell+1","floor":44.0},{"not_picked":["bronze:Fortify+1","bronze:DelayedGuard"],"picked":"bronze:FineTuning","floor":45.0},{"not_picked":["bronze:WhirlingStrike+1","bronze:Invalidate"],"picked":"bronze:Fortify","floor":46.0},{"not_picked":["bronze:Invalidate+1","bronze:WildBeam+1"],"picked":"bronze:TinkerersToolbox","floor":47},{"not_picked":["bronze:BuggyMess+1","bronze:DelayedSlice"],"picked":"bronze:Optimize+1","floor":49}],"player_experience":1061182,"relics_obtained":[{"floor":7.0,"key":"Boot"},{"floor":9.0,"key":"StrikeDummy"},{"floor":11.0,"key":"Thread and Needle"},{"floor":13.0,"key":"Pen Nib"},{"floor":23.0,"key":"sneckomod:BlankCard"},{"floor":24.0,"key":"Gremlin Horn"},{"floor":28.0,"key":"Mercury Hourglass"},{"floor":31.0,"key":"White Beast Statue"},{"floor":40.0,"key":"bronze:BronzeIdol"},{"floor":40.0,"key":"InkBottle"},{"floor":41.0,"key":"bronze:DecasWashers"},{"floor":47,"key":"Whetstone"},{"floor":47,"key":"Vajra"},{"floor":48,"key":"Bottled Tornado"}],"event_choices":[],"is_beta":false,"boss_relics":[{"not_picked":["Empty Cage","Runic Pyramid"],"picked":"Tiny House"},{"not_picked":["Snecko Eye","Cursed Key"],"picked":"Black Star"}],"items_purged_floors":[42],"is_endless":false,"potions_floor_spawned":[5,11,14,15,22,25,27,29,32,33,36,37,39,40,43,44,45,46,47,49],"killed_by":"WA_ARCHETYPE_DIVINITY","ascension_level":2}}