{"host":"nwd160me4iqdtr8u","time":1611889443,"event":{"mods":["AchievementEnabler","Act Like it!","BaseMod","Colored Map","DeckTracker","Minty Spire (QoL Compilation)","Quick Restart","Rare Cards Sparkle","StSLib","SuperFastMode","everything is the same but u backflip on backflip"],"gold_per_floor":[115,130,130,150,75,109,109,109,154,169,191,191,214,61,61,162,162,172,172,185,195,214,214,214,214,260,274,274,84,84,101,101,205,205,215,215,234,284,82,82,95,105,105,105,117,130,130,147,147,147],"floor_reached":51,"language":"KOR","playtime":2131,"items_purged":["Strike_G","Deadly Poison"],"score":649,"play_id":"5c4a3111-0aea-4621-935e-6a3bccdd28a0","local_time":"20210129120403","is_ascension_mode":false,"campfire_choices":[{"data":"All Out Attack","floor":7,"key":"SMITH"},{"data":"Venomology","floor":12,"key":"SMITH"},{"data":"Crippling Poison","floor":15,"key":"SMITH"},{"data":"Bouncing Flask","floor":23,"key":"SMITH"},{"data":"Malaise","floor":25,"key":"SMITH"},{"floor":30,"key":"REST"},{"data":"Calculated Gamble","floor":32,"key":"SMITH"},{"floor":44,"key":"REST"},{"data":"Prepared","floor":49,"key":"SMITH"}],"circlet_count":0,"master_deck":["Defend_G","Defend_G","Defend_G+1","Survivor","Neutralize","Finisher","All Out Attack+1","Dagger Throw+1","Crippling Poison+1","Venomology+1","Malaise+1","Eviscerate+1","Heel Hook+1","Envenom+1","Reflex","Deadly Poison+1","Bouncing Flask+1","Backflip","Backstab+1","Panacea","Calculated Gamble+1","Dodge and Roll+1","Burst+1","PiercingWail+1","Bane+1","Prepared+1","Escape Plan+1","Prepared+1"],"relics":["Ring of the Snake","Regal Pillow","Ancient Tea Set","Odd Mushroom","Snake Skull","Akabeko","Astrolabe","Dream Catcher","Runic Pyramid","Turnip","Potion Belt","Bottled Lightning"],"acts_visited":["Exordium","TheCity","TheBeyond"],"potions_floor_usage":[6,16,20,20,21,27,33,33,35,37,38,38,41,42,45,46,46,50,50,50,50],"damage_taken":[{"damage":2,"enemies":"Small Slimes","floor":1,"turns":4},{"damage":8,"enemies":"2 Louse","floor":2,"turns":2},{"damage":0,"enemies":"Cultist","floor":4,"turns":2},{"damage":6,"enemies":"3 Sentries","floor":6,"turns":6},{"damage":0,"enemies":"Gremlin Gang","floor":10,"turns":2},{"damage":4,"enemies":"The Mushroom Lair","floor":11,"turns":3},{"damage":39,"enemies":"Hexaghost","floor":16,"turns":12},{"damage":11,"enemies":"Shell Parasite","floor":18,"turns":6},{"damage":6,"enemies":"2 Thieves","floor":20,"turns":3},{"damage":6,"enemies":"Centurion and Healer","floor":21,"turns":5},{"damage":0,"enemies":"Snecko","floor":22,"turns":4},{"damage":4,"enemies":"3 Cultists","floor":27,"turns":4},{"damage":6,"enemies":"Centurion and Healer","floor":31,"turns":5},{"damage":15,"enemies":"Champ","floor":33,"turns":10},{"damage":11,"enemies":"3 Darklings","floor":35,"turns":3},{"damage":15,"enemies":"Orb Walker","floor":37,"turns":2},{"damage":16,"enemies":"Mind Bloom Boss Battle","floor":38,"turns":8},{"damage":20,"enemies":"Spire Growth","floor":41,"turns":5},{"damage":14,"enemies":"Transient","floor":42,"turns":5},{"damage":16,"enemies":"3 Darklings","floor":45,"turns":4},{"damage":6,"enemies":"Maw","floor":46,"turns":6},{"damage":2,"enemies":"4 Shapes","floor":48,"turns":3},{"damage":12,"enemies":"Time Eater","floor":50,"turns":7}],"seed_played":"4862041991204874428","potions_obtained":[{"floor":4,"key":"Explosive Potion"},{"floor":16,"key":"Explosive Potion"},{"floor":21,"key":"ColorlessPotion"},{"floor":22,"key":"SpeedPotion"},{"floor":31,"key":"PowerPotion"},{"floor":37,"key":"Swift Potion"},{"floor":38,"key":"PowerPotion"},{"floor":41,"key":"EntropicBrew"},{"floor":48,"key":"Strength Potion"}],"is_trial":false,"path_per_floor":["M","M","?","M","$","E","R","?","T","M","?","R","T","$","R","B",null,"M","?","M","M","M","R","?","R","T","M","?","$","R","M","R","B",null,"M","?","M","?","$","?","M","M","T","R","M","M","?","M","R","B",null],"character_chosen":"THE_SILENT","items_purchased":["Akabeko","Panacea","Potion Belt","Prepared"],"campfire_rested":2,"item_purchase_floors":[14,29,39,39],"current_hp_per_floor":[68,60,46,46,46,40,40,45,45,45,41,41,41,41,41,2,75,64,57,51,45,45,45,45,45,45,41,27,27,66,60,60,45,80,69,69,54,38,38,38,18,4,4,41,25,19,66,64,64,52],"gold":147,"neow_bonus":"TRANSFORM_CARD","is_daily":false,"chose_seed":false,"campfire_upgraded":7,"win_rate":0.0,"timestamp":1611889443,"path_taken":["M","M","?","M","$","E","R","?","T","M","?","R","?","$","R","BOSS","M","?","?","M","?","R","?","R","T","M","?","$","R","M","R","BOSS","M","?","?","?","$","?","M","M","T","R","M","M","?","M","R","BOSS"],"items_purchased_type":["Relic","Card","Relic","Card"],"build_version":"2020-12-22","purchased_purges":2,"victory":true,"max_hp_per_floor":[70,70,70,70,70,70,70,75,75,75,75,75,75,75,75,75,75,75,75,75,75,75,75,75,75,75,75,80,80,80,80,80,80,80,80,80,80,80,80,76,76,76,76,76,76,76,66,66,66,66],"card_choices":[{"not_picked":["Flying Knee","Acrobatics"],"picked":"All Out Attack","floor":1},{"not_picked":["Skewer","Flying Knee"],"picked":"Dagger Throw","floor":2},{"not_picked":["Dodge and Roll","Underhanded Strike"],"picked":"Crippling Poison","floor":4},{"not_picked":["Sucker Punch","Dash","Outmaneuver"],"picked":"SKIP","floor":6},{"not_picked":["Sucker Punch","Dash","Outmaneuver"],"picked":"SKIP","floor":6},{"not_picked":["Blade Dance","Well Laid Plans"],"picked":"Venomology","floor":10},{"not_picked":["Adrenaline","Glass Knife"],"picked":"Malaise","floor":16},{"not_picked":["PiercingWail","Quick Slash","Deadly Poison"],"picked":"SKIP","floor":18},{"not_picked":["Sucker Punch","Slice"],"picked":"Reflex","floor":20},{"not_picked":["Quick Slash","Dagger Spray"],"picked":"Deadly Poison+1","floor":21},{"not_picked":["Outmaneuver","Poisoned Stab"],"picked":"Bouncing Flask","floor":22},{"not_picked":["Deflect","PiercingWail"],"picked":"Backstab+1","floor":27},{"not_picked":["Prepared","Acrobatics"],"picked":"Calculated Gamble","floor":30},{"not_picked":["Flying Knee+1","Dagger Spray+1"],"picked":"Dodge and Roll+1","floor":31},{"not_picked":["Adrenaline","Tools of the Trade"],"picked":"Burst","floor":33},{"not_picked":["Flying Knee","Sucker Punch+1"],"picked":"PiercingWail+1","floor":35},{"not_picked":["Setup+1","Cloak And Dagger+1"],"picked":"Bane+1","floor":37},{"not_picked":["Dagger Throw","Leg Sweep"],"picked":"Escape Plan+1","floor":41},{"not_picked":["Dagger Throw","Night Terror","Cloak And Dagger"],"picked":"SKIP","floor":42},{"not_picked":["Sucker Punch+1","Dagger Spray","Deflect+1"],"picked":"SKIP","floor":45},{"not_picked":["Slice","Underhanded Strike","Bane"],"picked":"SKIP","floor":46},{"not_picked":["Quick Slash","Underhanded Strike"],"picked":"Prepared+1","floor":48}],"player_experience":287201,"relics_obtained":[{"floor":6,"key":"Regal Pillow"},{"floor":9,"key":"Ancient Tea Set"},{"floor":11,"key":"Odd Mushroom"},{"floor":13,"key":"Snake Skull"},{"floor":26,"key":"Dream Catcher"},{"floor":38,"key":"Turnip"},{"floor":43,"key":"Bottled Lightning"}],"event_choices":[{"damage_healed":0,"gold_gain":0,"player_choice":"Entered Light","damage_taken":14,"max_hp_gain":0,"max_hp_loss":0,"event_name":"Shining Light","floor":3,"gold_loss":0,"cards_upgraded":["Defend_G","Dagger Throw"]},{"damage_healed":0,"gold_gain":0,"player_choice":"Donut","damage_taken":0,"max_hp_gain":5,"max_hp_loss":0,"event_name":"Big Fish","floor":8,"gold_loss":0},{"damage_healed":0,"gold_gain":0,"player_choice":"Fought Mushrooms","damage_taken":0,"max_hp_gain":0,"max_hp_loss":0,"event_name":"Mushrooms","floor":11,"gold_loss":0},{"damage_healed":0,"gold_gain":0,"player_choice":"Damaged","damage_taken":7,"max_hp_gain":0,"max_hp_loss":0,"event_name":"Wheel of Change","floor":19,"gold_loss":0},{"damage_healed":0,"gold_gain":0,"cards_transformed":["Strike_G","Defend_G"],"player_choice":"Became Test Subject","damage_taken":0,"max_hp_gain":0,"max_hp_loss":0,"event_name":"Drug Dealer","floor":24,"gold_loss":0,"cards_obtained":["Backflip","Deadly Poison"]},{"damage_healed":0,"gold_gain":0,"player_choice":"Shed Blood","damage_taken":19,"max_hp_gain":5,"max_hp_loss":0,"event_name":"Forgotten Altar","floor":28,"gold_loss":0},{"damage_healed":0,"gold_gain":0,"player_choice":"Upgraded","damage_taken":0,"max_hp_gain":0,"max_hp_loss":0,"event_name":"Upgrade Shrine","floor":36,"gold_loss":0,"cards_upgraded":["Burst"]},{"damage_healed":0,"gold_gain":0,"player_choice":"Fight","damage_taken":0,"max_hp_gain":0,"max_hp_loss":0,"event_name":"MindBloom","floor":38,"gold_loss":0},{"damage_healed":0,"gold_gain":0,"player_choice":"Max HP","damage_taken":0,"max_hp_gain":0,"max_hp_loss":4,"event_name":"Winding Halls","floor":40,"gold_loss":0},{"damage_healed":66,"gold_gain":0,"player_choice":"Heal","damage_taken":0,"max_hp_gain":0,"max_hp_loss":10,"event_name":"The Moai Head","floor":47,"gold_loss":0}],"is_beta":false,"boss_relics":[{"not_picked":["SlaversCollar","Velvet Choker"],"picked":"Astrolabe"},{"not_picked":["Ring of the Serpent","WristBlade"],"picked":"Runic Pyramid"}],"items_purged_floors":[5,29],"is_endless":false,"potions_floor_spawned":[4,16,21,22,31,37,38,41,48],"ascension_level":0}}