{"host":"o3b7ow6d1xe49css","time":1611902808,"event":{"mods":["Act Like it!","Aspiration","BaseMod","Bestiary","Better Altar","Better Match","Better Note","Better Sensory Stone","Better Skull","Better Third Choice","Colored Powertips","Conspire","Energized Spire","Force Act Four","GifTheSpireLib","Halation","Hermit","Hubris","Infinite Spire","Lobotomy","Minty Spire (QoL Compilation)","Quick Restart","Relic Filter Mod","Reliquary","Replay The Spire","Spicy Shops","Spikes Relics","Spire Arcade","StSLib","Stuff the Spire","The Blue Laboratory","Wandering Minibosses"],"gold_per_floor":[118,133,143,143,157,183,216,27,27,59,59,59,90,119,119,215,215,228,245,170,170,18,46,46,121,121,121,147,147,147],"floor_reached":29,"language":"ENG","playtime":960,"items_purged":["Injury","Strike_P"],"score":465,"play_id":"d4fe609e-e15a-45fa-a761-2bc4a70b7ef3","local_time":"20210128214648","daily_mods":["Heirloom","Flight"],"is_ascension_mode":true,"campfire_choices":[{"data":"Eruption","floor":11,"key":"SMITH"},{"data":"Protect","floor":12,"key":"SMITH"},{"data":"TalkToTheHand","floor":15,"key":"SMITH"},{"floor":24,"key":"REST"},{"data":"infinitespire:Punishment","floor":27,"key":"SMITH"}],"circlet_count":0,"master_deck":["Strike_P","Strike_P+1","Defend_P+1","Defend_P","Defend_P+1","Defend_P","Eruption+1","Vigilance+1","TalkToTheHand+1","UniverseFragment","Protect+1","Consecrate","Consecrate","Crescendo","OldLady","Establishment","Tantrum","infinitespire:Punishment+1","Meditate+1","CutThroughFate","Ragnarok","EmptyFist"],"relics":["PureWater","Ring of Chaos","aspiration:DSix","CogitoBucket","Juzu Bracelet","conspire:TopHat","Lee\u0027s Waffle","Replay:Purple Gloves","StuffTheSpire:Rhapsscallions","War Paint","Gremlin Food","energizedSpire:MagnifyingGlass","ResearcherNote","Orrery","Question Card","StuffTheSpire:OldFever"],"acts_visited":["Exordium","TheCity"],"potions_floor_usage":[6,10,14,16,23],"damage_taken":[{"damage":0,"enemies":"Cultist","floor":1,"turns":4},{"damage":8,"enemies":"2 Louse","floor":2,"turns":3},{"damage":0,"enemies":"Jaw Worm","floor":3,"turns":5},{"damage":0,"enemies":"Large Slime","floor":5,"turns":4},{"damage":16,"enemies":"Gremlin Nob","floor":6,"turns":3},{"damage":15,"enemies":"Lagavulin","floor":7,"turns":10},{"damage":16,"enemies":"3 Sentries","floor":10,"turns":3},{"damage":0,"enemies":"Gremlin Nob","floor":13,"turns":2},{"damage":0,"enemies":"Lagavulin","floor":14,"turns":5},{"damage":38,"enemies":"Hexaghost","floor":16,"turns":11},{"damage":0,"enemies":"3 Byrds","floor":18,"turns":5},{"damage":0,"enemies":"Spheric Guardian","floor":19,"turns":1},{"damage":42,"enemies":"Slavers","floor":23,"turns":3},{"damage":20,"enemies":"Book of Stabbing","floor":28,"turns":4},{"damage":33,"enemies":"Nightmare","floor":29,"turns":4}],"seed_played":"-8353215175122961440","potions_obtained":[{"floor":1,"key":"blueLaboratory:HeartbeatPotion"},{"floor":7,"key":"Weak Potion"},{"floor":10,"key":"StancePotion"},{"floor":13,"key":"Dexterity Potion"},{"floor":18,"key":"SteroidPotion"}],"is_trial":true,"path_per_floor":["M","M","M","?","M","E","E","$","T","E","R","R","E","E","R","B",null,"M","M","?","AVR","$","E","R","?","T","R","E","NM"],"character_chosen":"WATCHER","items_purchased":["Lee\u0027s Waffle","Block Potion","Ragnarok"],"campfire_rested":1,"item_purchase_floors":[8,8,22],"current_hp_per_floor":[72,64,64,64,64,48,33,79,79,67,67,67,67,67,67,29,70,70,70,70,70,70,28,52,44,44,44,24,0,0],"gold":147,"neow_bonus":"","is_daily":false,"chose_seed":false,"campfire_upgraded":4,"win_rate":0.0,"timestamp":1611902808,"path_taken":["M","M","M","?","M","E","E","$","T","E","R","R","E","E","R","BOSS","M","M","?","AVR","$","E","R","?","T","R","E","NM"],"items_purchased_type":["Relic","Potion","Card"],"build_version":"2020-12-22","purchased_purges":2,"victory":false,"max_hp_per_floor":[72,72,72,72,72,72,72,79,79,83,83,83,83,83,83,83,83,83,83,83,83,83,83,83,83,83,83,83,83,83],"card_choices":[{"not_picked":["BeautyBeast","SnowQueen","Porccubus"],"picked":"Singing Bowl","floor":1},{"not_picked":["EmptyBody","Replay:Anticipation"],"picked":"TalkToTheHand","floor":1},{"not_picked":["Bloodbath","OSAHOGD"],"picked":"UniverseFragment","floor":2},{"not_picked":["EmptyFist","FollowUp"],"picked":"Protect","floor":2},{"not_picked":["SpiderBud","FairyFestival","VoidDream"],"picked":"Singing Bowl","floor":3},{"not_picked":["Vengeance","Collect"],"picked":"Consecrate","floor":3},{"not_picked":["CrumblingArmor","Woodsman","Mercenary"],"picked":"Singing Bowl","floor":5},{"not_picked":["Evaluate","WheelKick","MasterReality"],"picked":"SKIP","floor":5},{"not_picked":["Alriune","FairyFestival","BeautyBeast"],"picked":"Singing Bowl","floor":6},{"not_picked":["Swivel","Adaptation"],"picked":"Consecrate","floor":6},{"not_picked":["CherryBlossoms","MeatLantern","PunishingBird"],"picked":"Singing Bowl","floor":7},{"not_picked":["FollowUp","Consecrate","FlyingSleeves"],"picked":"SKIP","floor":7},{"not_picked":["SpiderBud","Porccubus","Mercenary"],"picked":"Singing Bowl","floor":10},{"not_picked":["EmptyFist","Swivel","Replay:Hum"],"picked":"SKIP","floor":10},{"not_picked":["Porccubus","Funeral","GreedKing"],"picked":"Singing Bowl","floor":13},{"not_picked":["Protect","Alpha","CrushJoints"],"picked":"SKIP","floor":13},{"not_picked":["LittleHelper","BeautyBeast","Murderer"],"picked":"Singing Bowl","floor":14},{"not_picked":["Replay:BluntJabs","Worship"],"picked":"Crescendo","floor":14},{"not_picked":["WhitesApple","CrumblingArmor","VoidDream"],"picked":"Singing Bowl","floor":16},{"not_picked":["CrumblingArmor","Murderer"],"picked":"OldLady","floor":16},{"not_picked":["SpiritShield","Judgement"],"picked":"Establishment","floor":16},{"not_picked":["PunishingBird","Funeral","SnowQueen"],"picked":"Singing Bowl","floor":18},{"not_picked":["FearNoEvil","SignatureMove+1"],"picked":"Tantrum","floor":18},{"not_picked":["NakedNest","FieryBird","MeatLantern"],"picked":"Singing Bowl","floor":19},{"not_picked":["Vengeance+1","ThirdEye","CrushJoints+1"],"picked":"SKIP","floor":19},{"not_picked":["Evaluate","Replay:ManipulateFuture+1"],"picked":"Meditate+1","floor":21},{"not_picked":["SignatureMove","Replay:ManipulateFuture"],"picked":"CutThroughFate","floor":21},{"not_picked":["FairyFestival","VoidDream","CrumblingArmor"],"picked":"Singing Bowl","floor":23},{"not_picked":["Replay:Battleflow","DeceiveReality"],"picked":"EmptyFist","floor":23},{"not_picked":["LittleHelper","BlackSwan","Murderer"],"picked":"Singing Bowl","floor":28},{"not_picked":["Replay:LoomingThreat","Sanctity+1","JustLucky+1","FlurryOfBlows"],"picked":"SKIP","floor":28}],"player_experience":1881244,"relics_obtained":[{"floor":6,"key":"Juzu Bracelet"},{"floor":7,"key":"conspire:TopHat"},{"floor":9,"key":"Replay:Purple Gloves"},{"floor":10,"key":"StuffTheSpire:Rhapsscallions"},{"floor":13,"key":"War Paint"},{"floor":14,"key":"Gremlin Food"},{"floor":23,"key":"Question Card"},{"floor":28,"key":"StuffTheSpire:OldFever"}],"event_choices":[{"damage_healed":0,"gold_gain":0,"player_choice":"1","damage_taken":0,"max_hp_gain":0,"max_hp_loss":0,"event_name":"betterMatch:BetterMatch","floor":20,"gold_loss":0,"cards_obtained":["betterMatch:UncommonCard","betterMatch:CommonCard"]},{"damage_healed":0,"gold_gain":75,"player_choice":"Touch","damage_taken":8,"max_hp_gain":0,"max_hp_loss":0,"event_name":"FaceTrader","floor":25,"gold_loss":0}],"is_beta":false,"boss_relics":[{"not_picked":["VioletLotus","StuffTheSpire:RunicConfusion"],"picked":"energizedSpire:MagnifyingGlass"}],"items_purged_floors":[8,21],"is_endless":false,"potions_floor_spawned":[1,7,10,13,18],"killed_by":"Nightmare","ascension_level":5}}