{"host":"d9m9v0h6vo0edadb","time":1611940957,"event":{"mods":["BaseMod","Hermit","Keyboard Shortcuts","Minty Spire (QoL Compilation)","StSLib","SuperFastMode","The Cursed"],"gold_per_floor":[118,132,147,167,167,167,183,183,230,265,276,286,126,126,126,199,199,210,221,121,121,121,121,139,139,139,139,14,28,56,67,67,144,144,155,167,183,183,199,199,230,249,249,266,246,266,301,320,320,320,320],"floor_reached":50,"language":"KOR","playtime":1318,"items_purged":["Strike_G","Strike_G","Strike_G"],"score":1335,"play_id":"76f87141-9fc2-464a-9415-05fdebc5e204","local_time":"20210130022237","is_ascension_mode":true,"campfire_choices":[{"data":"Dagger Spray","floor":6.0,"key":"SMITH"},{"data":"Prepared","floor":8.0,"key":"SMITH"},{"data":"Acrobatics","floor":15.0,"key":"SMITH"},{"data":"Reflex","floor":23.0,"key":"SMITH"},{"data":"Backflip","floor":25.0,"key":"SMITH"},{"data":"Neutralize","floor":27.0,"key":"SMITH"},{"floor":32,"key":"REST"},{"data":"Adrenaline","floor":40,"key":"SMITH"},{"floor":49,"key":"RECALL"}],"circlet_count":0,"master_deck":["AscendersBane","Defend_G","Defend_G","Defend_G","Defend_G","Survivor","Neutralize+1","Backflip+1","Reflex+1","Dagger Throw","Dagger Spray+1","Prepared+1","Dagger Throw","Acrobatics+1","Tactician+1","Grand Finale","Adrenaline+1","Adrenaline"],"relics":["Ring of the Snake","Lantern","Gremlin Horn","HoveringKite","Molten Egg 2","Dream Catcher","Empty Cage","Pear","Meat on the Bone"],"acts_visited":["Exordium","TheCity","TheBeyond"],"potions_floor_usage":[31,50],"damage_taken":[{"damage":0.0,"enemies":"2 Louse","floor":1.0,"turns":3.0},{"damage":7.0,"enemies":"Jaw Worm","floor":2.0,"turns":7.0},{"damage":9.0,"enemies":"Cultist","floor":3.0,"turns":5.0},{"damage":3.0,"enemies":"Looter","floor":4.0,"turns":4.0},{"damage":0.0,"enemies":"2 Fungi Beasts","floor":7.0,"turns":2.0},{"damage":10.0,"enemies":"3 Sentries","floor":10.0,"turns":8.0},{"damage":0.0,"enemies":"Large Slime","floor":11.0,"turns":6.0},{"damage":3.0,"enemies":"Exordium Thugs","floor":12.0,"turns":5.0},{"damage":9.0,"enemies":"The Guardian","floor":16.0,"turns":17.0},{"damage":0.0,"enemies":"Chosen","floor":18.0,"turns":3.0},{"damage":3.0,"enemies":"3 Byrds","floor":19.0,"turns":3.0},{"damage":0.0,"enemies":"Cultist and Chosen","floor":24.0,"turns":2.0},{"damage":0.0,"enemies":"Centurion and Healer","floor":29.0,"turns":2.0},{"damage":0.0,"enemies":"Slavers","floor":30.0,"turns":1.0},{"damage":25,"enemies":"Snecko","floor":31,"turns":8},{"damage":21,"enemies":"Collector","floor":33,"turns":5},{"damage":0,"enemies":"Orb Walker","floor":35,"turns":2},{"damage":0,"enemies":"3 Darklings","floor":36,"turns":1},{"damage":0,"enemies":"Transient","floor":37,"turns":6},{"damage":0,"enemies":"4 Shapes","floor":39,"turns":1},{"damage":0,"enemies":"Giant Head","floor":41,"turns":3},{"damage":0,"enemies":"3 Darklings","floor":42,"turns":1},{"damage":0,"enemies":"Spire Growth","floor":44,"turns":1},{"damage":0,"enemies":"Jaw Worm Horde","floor":46,"turns":1},{"damage":0,"enemies":"Nemesis","floor":47,"turns":1},{"damage":0,"enemies":"Writhing Mass","floor":48,"turns":1},{"damage":114,"enemies":"Time Eater","floor":50,"turns":10}],"seed_played":"-2673580686869833229","potions_obtained":[{"floor":7.0,"key":"BlessingOfTheForge"},{"floor":10.0,"key":"EssenceOfSteel"},{"floor":12.0,"key":"LiquidMemories"},{"floor":16.0,"key":"SteroidPotion"},{"floor":29.0,"key":"Fire Potion"},{"floor":31,"key":"SpeedPotion"},{"floor":33,"key":"Ancient Potion"}],"is_trial":false,"path_per_floor":["M","M","M","M","?","R","M","R","T","E","M","M","$","?","R","B",null,"M","M","$","?","?","R","M","R","T","R","$","M","E","M","R","B",null,"M","M","M","?","M","R","E","M","T","M","?","M","E","M","R","B"],"character_chosen":"THE_SILENT","items_purchased":["Grand Finale"],"campfire_rested":1,"item_purchase_floors":[13],"current_hp_per_floor":[65,58,49,46,51,51,51,51,51,41,41,38,38,38,38,29,65,65,62,62,62,62,62,62,62,62,62,62,62,62,37,60,39,68,68,68,68,68,68,68,78,78,78,78,78,78,78,78,78,0,0],"gold":320,"neow_bonus":"TEN_PERCENT_HP_BONUS","is_daily":false,"chose_seed":false,"campfire_upgraded":7,"win_rate":0.0,"timestamp":1611940957,"path_taken":["M","M","M","M","?","R","M","R","T","E","M","M","$","?","R","BOSS","M","M","?","?","?","R","M","R","T","R","$","M","E","M","R","BOSS","M","M","M","?","M","R","E","M","T","M","?","M","E","M","R","BOSS"],"items_purchased_type":["Card"],"build_version":"2020-12-22","purchased_purges":3,"victory":false,"max_hp_per_floor":[72,72,72,72,77,77,77,77,77,77,77,77,77,77,77,77,77,77,77,77,77,77,77,77,77,77,77,77,77,77,77,77,77,77,77,77,77,77,77,77,87,87,87,87,87,87,87,87,87,87,87],"card_choices":[{"not_picked":["Slice","Sucker Punch"],"picked":"Backflip","floor":1.0},{"not_picked":["Bane","Prepared"],"picked":"Reflex","floor":2.0},{"not_picked":["Underhanded Strike","Deadly Poison"],"picked":"Dagger Throw","floor":3.0},{"not_picked":["Backflip","Finisher"],"picked":"Dagger Spray","floor":4.0},{"not_picked":["Sucker Punch","Glass Knife"],"picked":"Prepared","floor":7.0},{"not_picked":["Prepared","Flechettes"],"picked":"Dagger Throw","floor":10.0},{"not_picked":["Dagger Spray","Deadly Poison"],"picked":"Acrobatics","floor":11.0},{"not_picked":["Outmaneuver","Masterful Stab"],"picked":"Tactician","floor":12.0},{"not_picked":["Sucker Punch","Finisher","Bane"],"picked":"SKIP","floor":18.0},{"not_picked":["Deadly Poison","Cloak And Dagger","Choke"],"picked":"SKIP","floor":19.0},{"not_picked":["Poisoned Stab","Blade Dance","Dagger Spray"],"picked":"SKIP","floor":24.0},{"not_picked":["Flying Knee+1","Quick Slash+1","Masterful Stab+1"],"picked":"SKIP","floor":29.0},{"not_picked":["Bane+1","Dash+1","Backflip"],"picked":"SKIP","floor":30.0},{"not_picked":["Dagger Throw+1","Tactician","Burst"],"picked":"SKIP","floor":31},{"not_picked":["Venomology","Bullet Time"],"picked":"Adrenaline","floor":33},{"not_picked":["Outmaneuver","Bane+1","Blur+1"],"picked":"SKIP","floor":35},{"not_picked":["PiercingWail","Finisher+1","Heel Hook+1"],"picked":"SKIP","floor":36},{"not_picked":["Deadly Poison+1","Bane+1","Dagger Spray+1"],"picked":"SKIP","floor":37},{"not_picked":["Flechettes+1","Poisoned Stab+1","Skewer+1"],"picked":"SKIP","floor":39},{"not_picked":["Eviscerate+1","Dagger Spray+1","Deflect+1"],"picked":"SKIP","floor":41},{"not_picked":["Deflect+1","PiercingWail"],"picked":"Adrenaline","floor":42},{"not_picked":["Predator+1","Bane+1","Backstab+1"],"picked":"SKIP","floor":44},{"not_picked":["Underhanded Strike+1","Concentrate","Bane+1"],"picked":"SKIP","floor":46},{"not_picked":["Bane+1","Heel Hook+1","Deflect"],"picked":"SKIP","floor":47},{"not_picked":["Underhanded Strike+1","Setup","Eviscerate+1"],"picked":"SKIP","floor":48}],"player_experience":999124,"relics_obtained":[{"floor":9.0,"key":"Lantern"},{"floor":10.0,"key":"Gremlin Horn"},{"floor":26.0,"key":"Molten Egg 2"},{"floor":30.0,"key":"Dream Catcher"},{"floor":41,"key":"Pear"},{"floor":47,"key":"Meat on the Bone"}],"event_choices":[{"damage_healed":0.0,"max_hp_gain":5.0,"max_hp_loss":0.0,"gold_gain":0.0,"event_name":"Big Fish","player_choice":"Donut","floor":5.0,"gold_loss":0.0,"damage_taken":0.0},{"damage_healed":0.0,"max_hp_gain":0.0,"max_hp_loss":0.0,"gold_gain":0.0,"event_name":"Upgrade Shrine","player_choice":"Upgraded","floor":14.0,"gold_loss":0.0,"damage_taken":0.0,"cards_upgraded":["Tactician"]},{"damage_healed":0.0,"max_hp_gain":0.0,"max_hp_loss":0.0,"gold_gain":0.0,"event_name":"Vampires","player_choice":"Ignored","floor":21.0,"gold_loss":0.0,"damage_taken":0.0},{"damage_healed":0.0,"max_hp_gain":0.0,"max_hp_loss":0.0,"gold_gain":0.0,"event_name":"Cursed Tome","player_choice":"Ignored","floor":22.0,"gold_loss":0.0,"damage_taken":0.0},{"cards_removed":["Defend_G"],"damage_healed":0,"gold_gain":0,"player_choice":"Removed Skill","damage_taken":0,"max_hp_gain":0,"max_hp_loss":0,"event_name":"Falling","floor":38,"gold_loss":0},{"damage_healed":0,"gold_gain":0,"player_choice":"Bought 1 Potion","damage_taken":0,"max_hp_gain":0,"max_hp_loss":0,"event_name":"The Woman in Blue","floor":45,"gold_loss":0}],"is_beta":false,"boss_relics":[{"not_picked":["SacredBark","Velvet Choker"],"picked":"HoveringKite"},{"not_picked":["WristBlade","Snecko Eye"],"picked":"Empty Cage"}],"items_purged_floors":[13,20,28],"is_endless":false,"potions_floor_spawned":[7,10,12,16,29,31,33,35,37,44,48],"killed_by":"Time Eater","ascension_level":20}}