{"host":"4ag909k4xupnj24b","time":1611927310,"event":{"mods":["BaseMod","Minty Spire (QoL Compilation)","StSLib"],"gold_per_floor":[110,121,196,196,0,31,31,57,57,57,114,132,151,169,169,169,169],"floor_reached":16,"language":"ENG","playtime":474,"items_purged":[],"score":243,"play_id":"4b1a53a9-6cfe-4f51-b8c4-17f7bb49ef6e","local_time":"20210129053510","is_ascension_mode":true,"campfire_choices":[{"data":"Zap","floor":7,"key":"SMITH"},{"data":"Defragment","floor":10,"key":"SMITH"},{"floor":15,"key":"REST"}],"circlet_count":0,"master_deck":["AscendersBane","Strike_B","Strike_B","Strike_B","Strike_B","Defend_B","Defend_B","Defend_B","Defend_B","Zap+1","Dualcast","Go for the Eyes","Sweeping Beam","Echo Form","Defragment+1","Leap","Turbo","Reinforced Body"],"relics":["Cracked Core","NeowsBlessing","Membership Card","Turnip","Sundial","Bird Faced Urn","Bag of Preparation"],"acts_visited":["Exordium"],"potions_floor_usage":[8,11,13],"damage_taken":[{"damage":0,"enemies":"Jaw Worm","floor":1,"turns":1},{"damage":0,"enemies":"2 Louse","floor":2,"turns":1},{"damage":0,"enemies":"Gremlin Nob","floor":6,"turns":1},{"damage":10,"enemies":"Lagavulin","floor":8,"turns":7},{"damage":45,"enemies":"3 Sentries","floor":11,"turns":7},{"damage":4,"enemies":"Cultist","floor":12,"turns":3},{"damage":0,"enemies":"Looter","floor":13,"turns":3},{"damage":8,"enemies":"Exordium Wildlife","floor":14,"turns":4},{"damage":36,"enemies":"The Guardian","floor":16,"turns":2}],"seed_played":"1683444740986129351","potions_obtained":[{"floor":1,"key":"AttackPotion"},{"floor":8,"key":"AttackPotion"},{"floor":14,"key":"PotionOfCapacity"}],"is_trial":false,"path_per_floor":["M","M","?","?","$","E","R","E","T","R","?","M","M","M","R","B"],"character_chosen":"DEFECT","items_purchased":["Membership Card","Block Potion"],"campfire_rested":1,"item_purchase_floors":[5,5],"current_hp_per_floor":[64,64,53,58,58,58,58,48,48,48,9,5,7,3,25,0,0],"gold":169,"neow_bonus":"THREE_ENEMY_KILL","is_daily":false,"chose_seed":false,"campfire_upgraded":2,"win_rate":0.0,"timestamp":1611927310,"path_taken":["M","M","?","?","?","E","R","E","T","R","?","M","M","M","R","BOSS"],"items_purchased_type":["Relic","Potion"],"build_version":"2020-12-22","purchased_purges":0,"victory":false,"max_hp_per_floor":[71,71,71,76,76,76,76,76,76,76,76,76,76,76,76,76,76],"card_choices":[{"not_picked":["White Noise","Turbo"],"picked":"Go for the Eyes","floor":1},{"not_picked":["Steam Power","Compile Driver"],"picked":"Sweeping Beam","floor":2},{"not_picked":["Melter","Sweeping Beam"],"picked":"Echo Form","floor":6},{"not_picked":["Hologram","Rip and Tear"],"picked":"Defragment","floor":8},{"not_picked":["Genetic Algorithm","Fusion"],"picked":"Leap","floor":11},{"not_picked":["Blizzard","Sweeping Beam"],"picked":"Turbo","floor":12},{"not_picked":["Coolheaded","Storm"],"picked":"Reinforced Body","floor":13},{"not_picked":["Turbo","Redo","Stack"],"picked":"SKIP","floor":14}],"player_experience":885640,"relics_obtained":[{"floor":6,"key":"Turnip"},{"floor":8,"key":"Sundial"},{"floor":9,"key":"Bird Faced Urn"},{"floor":11,"key":"Bag of Preparation"}],"event_choices":[{"damage_healed":0,"gold_gain":75,"player_choice":"Gather Gold","damage_taken":11,"max_hp_gain":0,"max_hp_loss":0,"event_name":"World of Goop","floor":3,"gold_loss":0},{"damage_healed":0,"gold_gain":0,"player_choice":"Donut","damage_taken":0,"max_hp_gain":5,"max_hp_loss":0,"event_name":"Big Fish","floor":4,"gold_loss":0},{"damage_healed":0,"gold_gain":0,"player_choice":"Searched \u00272\u0027 times","damage_taken":0,"max_hp_gain":0,"max_hp_loss":0,"event_name":"Dead Adventurer","floor":11,"gold_loss":0}],"is_beta":false,"boss_relics":[],"items_purged_floors":[],"is_endless":false,"potions_floor_spawned":[1,6,8,14],"killed_by":"The Guardian","ascension_level":16}}