{"host":"u1dfzl6o6mfmauc3","time":1611909914,"event":{"mods":["2.2 Compatiblity","AchievementEnabler","BaseMod","Bestiary","Block Reminder","Challenge The Spire","Colored Map","Dark Map","Hermit","Minty Spire (QoL Compilation)","Random Character Button","Rare Cards Sparkle","Relic Stats","Robot Space Explorer","StSLib","The Disciple"],"gold_per_floor":[212,487,498,17,34,67,29,29,54,54,66,79,111,126,126,223,223,241,241,166,137,236,262,274,286,326,338,401,413,452,478,505,517,517],"floor_reached":33,"language":"ENG","playtime":1871,"items_purged":["hermit:Strike_Hermit"],"score":459,"play_id":"6d78aa75-b5ed-471a-8649-0014168a301d","local_time":"20210129034514","is_ascension_mode":true,"campfire_choices":[{"data":"Discovery","floor":8,"key":"SMITH"},{"data":"hermit:Adapt","floor":15,"key":"SMITH"},{"floor":24,"key":"REST"},{"floor":29,"key":"REST"}],"circlet_count":0,"master_deck":["hermit:Strike_Hermit","hermit:Strike_Hermit","hermit:Strike_Hermit","hermit:Defend_Hermit","hermit:Defend_Hermit","hermit:Defend_Hermit","hermit:Defend_Hermit","hermit:Snapshot+1","hermit:Covet","Regret","hermit:Headshot","hermit:FinalCanter","Discovery+1","hermit:Glare","hermit:Combo+1","hermit:ShadowCloak","hermit:Adapt+1","hermit:Manifest","hermit:Deadeye+1","hermit:BlackWind","hermit:DeadMansHand+1"],"relics":["hermit:Momento","ClockworkSouvenir","Juzu Bracelet","Blood Vial","Pantograph","Sozu","MawBank","Whetstone","CeramicFish","Art of War"],"acts_visited":["Exordium","TheCity"],"potions_floor_usage":[13,33],"damage_taken":[{"damage":0,"enemies":"Small Slimes","floor":1,"turns":3},{"damage":1,"enemies":"Cultist","floor":3,"turns":3},{"damage":0,"enemies":"2 Louse","floor":5,"turns":2},{"damage":15,"enemies":"Lagavulin","floor":6,"turns":7},{"damage":7,"enemies":"Large Slime","floor":11,"turns":5},{"damage":0,"enemies":"Looter","floor":12,"turns":2},{"damage":15,"enemies":"3 Sentries","floor":13,"turns":7},{"damage":16,"enemies":"3 Louse","floor":14,"turns":4},{"damage":0,"enemies":"Slime Boss","floor":16,"turns":6},{"damage":13,"enemies":"Spheric Guardian","floor":18,"turns":6},{"damage":26,"enemies":"2 Thieves","floor":21,"turns":5},{"damage":25,"enemies":"Book of Stabbing","floor":23,"turns":4},{"damage":36,"enemies":"Slavers","floor":26,"turns":6},{"damage":28,"enemies":"Centurion and Healer","floor":30,"turns":6},{"damage":0,"enemies":"Snake Plant","floor":31,"turns":1},{"damage":7,"enemies":"Chosen and Byrds","floor":32,"turns":6},{"damage":24,"enemies":"Gremlin Leader","floor":33,"turns":1}],"seed_played":"2860581732900442150","potions_obtained":[{"floor":5,"key":"SpeedPotion"},{"floor":6,"key":"Explosive Potion"},{"floor":12,"key":"Fire Potion"},{"floor":14,"key":"Ancient Potion"}],"is_trial":false,"path_per_floor":["M","?","M","$","M","E","$","R","T","?","M","M","E","M","R","B",null,"M","?","?","M","?","E","R","?","E","T","T","R","M","M","M","E"],"character_chosen":"HERMIT","items_purchased":["ClockworkSouvenir","hermit:FinalCanter","Discovery","hermit:Combo"],"campfire_rested":2,"item_purchase_floors":[4,4,4,7],"current_hp_per_floor":[75,75,74,74,74,59,59,59,59,59,54,56,43,29,29,56,70,59,59,59,35,35,12,34,59,25,25,25,47,21,23,18,0,0],"gold":517,"neow_bonus":"HUNDRED_GOLD","is_daily":false,"chose_seed":false,"campfire_upgraded":2,"win_rate":0.0,"timestamp":1611909914,"path_taken":["M","?","?","$","M","E","?","R","T","?","M","M","E","M","R","BOSS","M","?","?","M","?","E","R","?","E","T","T","R","M","M","M","E"],"items_purchased_type":["Relic","Card","Card","Card"],"build_version":"2020-12-22","purchased_purges":1,"victory":false,"max_hp_per_floor":[75,75,75,75,75,75,75,75,75,75,75,75,75,75,75,75,75,75,75,75,75,75,75,75,75,75,75,75,75,75,75,75,75,75],"relic_stats":{"Blood Vial":26,"Sozu":1,"counters":[17,74],"Pantograph":25,"CeramicFish":9,"Juzu Bracelet":0,"Art of War":[0],"Whetstone":["hermit:Snapshot","hermit:Deadeye"],"MawBank":120,"obtain_stats":[{"Blood Vial":9,"Sozu":17,"Pantograph":13,"CeramicFish":27,"Juzu Bracelet":6,"Art of War":28,"Whetstone":26,"MawBank":23,"hermit:Momento":0,"ClockworkSouvenir":4},{"Blood Vial":4,"Sozu":9,"Pantograph":7,"CeramicFish":13,"Juzu Bracelet":4,"Art of War":13,"Whetstone":13,"MawBank":12,"hermit:Momento":0,"ClockworkSouvenir":2},{"Blood Vial":15,"Sozu":39,"Pantograph":29,"CeramicFish":60,"Juzu Bracelet":15,"Art of War":60,"Whetstone":60,"MawBank":54,"hermit:Momento":0,"ClockworkSouvenir":6}]},"card_choices":[{"not_picked":["hermit:LowProfile","hermit:CalledShot"],"picked":"hermit:Shortfuse","floor":1},{"not_picked":["hermit:BodyArmor","hermit:HoleUp"],"picked":"hermit:Headshot","floor":3},{"not_picked":["hermit:Showdown","hermit:Grudge"],"picked":"hermit:Glare","floor":5},{"not_picked":["hermit:Ricochet","hermit:FullyLoaded","hermit:Roulette"],"picked":"SKIP","floor":6},{"not_picked":["hermit:HighCaliber","hermit:SprayPray"],"picked":"hermit:ShadowCloak","floor":11},{"not_picked":["hermit:Deadeye","hermit:DeadMansHand"],"picked":"hermit:Adapt","floor":12},{"not_picked":["hermit:Glare","hermit:Malice"],"picked":"hermit:Manifest","floor":13},{"not_picked":["hermit:Misfire","hermit:LowProfile"],"picked":"hermit:Deadeye","floor":14},{"not_picked":["hermit:FatalDesire","hermit:HighNoon"],"picked":"hermit:BlackWind","floor":16},{"not_picked":["hermit:Manifest","hermit:Dive+1","hermit:Headshot"],"picked":"SKIP","floor":18},{"not_picked":["hermit:ItchyTrigger+1","hermit:Coalescence","hermit:Midnight"],"picked":"SKIP","floor":21},{"not_picked":["hermit:Brawl+1","hermit:PistolWhip","hermit:ItchyTrigger"],"picked":"SKIP","floor":23},{"not_picked":["hermit:Coalescence","hermit:Combo","hermit:Quickdraw+1"],"picked":"SKIP","floor":26},{"not_picked":["hermit:PistolWhip","hermit:WideOpen+1"],"picked":"hermit:DeadMansHand+1","floor":30},{"not_picked":["hermit:Malice","hermit:Manifest+1","hermit:GoldenBullet"],"picked":"SKIP","floor":31},{"not_picked":["hermit:Quickdraw","hermit:LuckOfTheDraw","hermit:Spite"],"picked":"SKIP","floor":32}],"player_experience":187794,"relics_obtained":[{"floor":6,"key":"Juzu Bracelet"},{"floor":9,"key":"Blood Vial"},{"floor":13,"key":"Pantograph"},{"floor":23,"key":"MawBank"},{"floor":26,"key":"Whetstone"},{"floor":27,"key":"CeramicFish"},{"floor":28,"key":"Art of War"}],"event_choices":[{"damage_healed":0,"gold_gain":275,"player_choice":"Desecrate","damage_taken":0,"max_hp_gain":0,"max_hp_loss":0,"event_name":"Golden Shrine","floor":2,"gold_loss":0,"cards_obtained":["Regret"]},{"damage_healed":0,"gold_gain":0,"player_choice":"Grow","damage_taken":0,"max_hp_gain":0,"max_hp_loss":0,"event_name":"Living Wall","floor":10,"gold_loss":0,"cards_upgraded":["hermit:Combo"]},{"damage_healed":0,"gold_gain":0,"player_choice":"Ignored","damage_taken":0,"max_hp_gain":0,"max_hp_loss":0,"event_name":"Vampires","floor":19,"gold_loss":0},{"cards_removed":["hermit:Shortfuse"],"damage_healed":0,"gold_gain":0,"player_choice":"Gave Gold","damage_taken":0,"max_hp_gain":0,"max_hp_loss":0,"event_name":"Beggar","floor":20,"gold_loss":75},{"damage_healed":0,"gold_gain":99,"player_choice":"Stole From Cult","damage_taken":0,"max_hp_gain":0,"max_hp_loss":0,"event_name":"Nest","floor":22,"gold_loss":0},{"damage_healed":25,"gold_gain":0,"player_choice":"Heal","damage_taken":0,"max_hp_gain":0,"max_hp_loss":0,"event_name":"The Library","floor":25,"gold_loss":0}],"is_beta":false,"boss_relics":[{"not_picked":["Philosopher\u0027s Stone","Cursed Key"],"picked":"Sozu"}],"items_purged_floors":[4],"is_endless":false,"potions_floor_spawned":[5,6,12,14,16,21,30,32],"killed_by":"Gremlin Leader","ascension_level":5}}