{"host":"tvwbxqry54t86y0v","time":1611911756,"event":{"mods":["2.2 Compatiblity","A Magickal Journey","Arknights The Spire","Astrologer","BaseMod","Beaked The Cultist","BetterRewards","Block Reminder","Clockwork Mod","Colored Powertips","DeckTracker","Downfall","Fiend Mod","GungeonMod","Hermit","Hubris","Infinite Spire","Ironclad Rager","Marked Mod","Mimic Mod","Minty Spire (QoL Compilation)","Potionbrewer","Replay The Spire","Shade Mod","Somnambulant","StSLib","The Bug Knight","The Cursed","The Death Knight","The Druid","The Elementalist","The Exalted","The Forsaken","The Hierophant","The Jungle","The Marked","The Mystic","The Problem Sleuth","The Runesmith","The Senshi","The Spell Scribe","The Valiant","The Wild Card","TheFirefly","TheHeartMod","Unceasing Turn Reminder","thorton"],"gold_per_floor":[118,118,45,55,71,102,120,149,173,173,190,190,204,223,223,319,319,332,332,332,332,346,372,372,372],"floor_reached":24,"language":"ENG","playtime":1627,"items_purged":[],"score":228,"play_id":"b0df08e7-9b42-4b43-a2e9-f6cd91bc4052","local_time":"20210129201556","is_ascension_mode":false,"campfire_choices":[{"floor":10,"key":"REST"},{"floor":15,"key":"REST"}],"circlet_count":0,"master_deck":["somnambulantmod: SomnambulantStrike+1","somnambulantmod: SomnambulantStrike","somnambulantmod: SomnambulantStrike","somnambulantmod: SomnambulantStrike","somnambulantmod: SomnambulantStrike","somnambulantmod: Defend_Somnambulant","somnambulantmod: Defend_Somnambulant","somnambulantmod: Defend_Somnambulant","somnambulantmod: Defend_Somnambulant","somnambulantmod: Defend_Somnambulant","somnambulantmod: QuickNap","somnambulantmod: PrimingPunch","somnambulantmod: HorrificThought","somnambulantmod: LightSleeper+1","somnambulantmod: TimeCompression","somnambulantmod: DarkeningMind","somnambulantmod: Trauma","somnambulantmod: Reinterpret+1","somnambulantmod: Hush","somnambulantmod: DarkeningMind","somnambulantmod: Damping","somnambulantmod: OpeningUp","CurseOfTheBell","somnambulantmod: HorrificThought+1","somnambulantmod: ImpenetrableMind"],"relics":["somnambulantmod: DreamJournal","NlothsMask","Pantograph","Bromod:ArcaneDeflection","thethorton:BottledFunds","Regal Pillow","Calling Bell","hubris:SlimyHat","Molten Egg 2","Unceasing Top","hubris:Towel","theSenshi:FeatherClipsRelic"],"acts_visited":["Exordium","TheCity"],"potions_floor_usage":[8,8,23,23],"damage_taken":[{"damage":6,"enemies":"Jaw Worm","floor":1,"turns":6},{"damage":3,"enemies":"Cultist","floor":4,"turns":5},{"damage":8,"enemies":"Small Slimes","floor":5,"turns":4},{"damage":17,"enemies":"Lagavulin","floor":6,"turns":6},{"damage":13,"enemies":"Exordium Thugs","floor":7,"turns":6},{"damage":16,"enemies":"3 Sentries","floor":8,"turns":6},{"damage":0,"enemies":"Large Slime","floor":11,"turns":5},{"damage":6,"enemies":"3 Louse","floor":13,"turns":6},{"damage":14,"enemies":"Blue Slaver","floor":14,"turns":3},{"damage":11,"enemies":"Slime Boss","floor":16,"turns":5},{"damage":21,"enemies":"Chosen","floor":18,"turns":6},{"damage":31,"enemies":"Shell Parasite","floor":22,"turns":5},{"damage":2,"enemies":"Replay:Snechameleon","floor":23,"turns":6},{"damage":21,"enemies":"Snecko","floor":24,"turns":4}],"seed_played":"-7539293407844938040","potions_obtained":[{"floor":0,"key":"DeathKnight:BottledBloodEchoes"},{"floor":0,"key":"Fire Potion"},{"floor":0,"key":"SteroidPotion"},{"floor":8,"key":"EssenceOfSteel"},{"floor":13,"key":"champ:CounterPotion"},{"floor":22,"key":"DemoMod:LeadSkinPotion"}],"is_trial":false,"path_per_floor":["M","?","$","M","M","E","M","E","T","R","M","?","M","M","R","B",null,"M","AVR","?","?","M","E","M"],"character_chosen":"THE_SOMNAMBULANT","items_purchased":["somnambulantmod: LightSleeper"],"campfire_rested":2,"item_purchase_floors":[3],"current_hp_per_floor":[64,64,64,61,53,36,23,7,7,30,30,30,24,10,33,47,74,53,53,53,53,22,20,0,0],"gold":372,"neow_bonus":"THREE_SMALL_POTIONS","is_daily":false,"chose_seed":false,"campfire_upgraded":0,"win_rate":0.0,"timestamp":1611911756,"path_taken":["M","?","?","M","M","E","?","E","T","R","M","?","M","M","R","BOSS","M","AVR","?","?","M","E","M"],"items_purchased_type":["Card"],"build_version":"2020-12-22","purchased_purges":0,"victory":false,"max_hp_per_floor":[70,70,70,70,70,70,70,70,70,72,72,72,72,72,74,74,74,74,74,74,74,74,74,74,74],"card_choices":[{"not_picked":["somnambulantmod: Harden","somnambulantmod: HeadSmack"],"picked":"somnambulantmod: HorrificThought","floor":1},{"not_picked":["somnambulantmod: Relive","somnambulantmod: Wake"],"picked":"somnambulantmod: TimeCompression","floor":4},{"not_picked":["somnambulantmod: TrepanningBlow","somnambulantmod: LeechFears"],"picked":"somnambulantmod: DarkeningMind","floor":5},{"not_picked":["somnambulantmod: SnuggleUp","somnambulantmod: BrainFeeder","somnambulantmod: Nosebleed"],"picked":"SKIP","floor":6},{"not_picked":["somnambulantmod: Pinch","somnambulantmod: Amnausea"],"picked":"somnambulantmod: Trauma","floor":7},{"not_picked":["somnambulantmod: TrepanningBlow","somnambulantmod: HorrificThought"],"picked":"somnambulantmod: Reinterpret","floor":8},{"not_picked":["somnambulantmod: MindWave","somnambulantmod: Repression"],"picked":"somnambulantmod: Hush","floor":11},{"not_picked":["somnambulantmod: Sleepyhead","somnambulantmod: Trauma"],"picked":"somnambulantmod: DarkeningMind","floor":13},{"not_picked":["somnambulantmod: Unknow","somnambulantmod: TrepanningBlow","somnambulantmod: PourItOut"],"picked":"SKIP","floor":14},{"not_picked":["somnambulantmod: Lucidity","somnambulantmod: LoseForm"],"picked":"somnambulantmod: Damping","floor":16},{"not_picked":["somnambulantmod: LayeredDefense","somnambulantmod: Unmake+1"],"picked":"somnambulantmod: OpeningUp","floor":18},{"not_picked":["somnambulantmod: PillowFort","somnambulantmod: ViralIdea+1"],"picked":"somnambulantmod: HorrificThought+1","floor":22},{"not_picked":["somnambulantmod: InLimbo+1","somnambulantmod: Stumble+1"],"picked":"somnambulantmod: ImpenetrableMind","floor":23}],"player_experience":1121056,"relics_obtained":[{"floor":6,"key":"Pantograph"},{"floor":8,"key":"Bromod:ArcaneDeflection"},{"floor":19,"key":"hubris:SlimyHat"},{"floor":19,"key":"Molten Egg 2"},{"floor":19,"key":"Unceasing Top"},{"floor":23,"key":"theSenshi:FeatherClipsRelic"}],"event_choices":[{"damage_healed":0,"gold_gain":0,"player_choice":"Trade","damage_taken":0,"relics_obtained":["NlothsMask"],"max_hp_gain":0,"max_hp_loss":0,"event_name":"FaceTrader","floor":2,"gold_loss":0}],"is_beta":false,"boss_relics":[{"not_picked":["Bromod:ArcaneGrace","Fusion Hammer"],"picked":"thethorton:BottledFunds"}],"items_purged_floors":[],"is_endless":false,"potions_floor_spawned":[4,6,8,13,14,22],"killed_by":"Snecko","ascension_level":0}}