{"host":"ojezjkpqju62j8xy","time":1611901622,"event":{"mods":["ATMod(°¢èªMod)","Act Like it!","Aspiration","BaseMod","Conspire","Gensokyo","Minty Spire (QoL Compilation)","Pale of the Ancients","Replay The Spire","Spicy Shops","StSLib","¡¾ÒÅÎï¿¨ÅÆ¡¿REMEMod","²ÐÁôÖ®Îï"],"gold_per_floor":[115,115,135,154,171,205,205,240,240,260,260,260],"floor_reached":11,"language":"ZHS","playtime":412,"items_purged":[],"score":150,"play_id":"5e44d01b-0fc8-44fe-849c-70812bc7751a","local_time":"20210129142702","is_ascension_mode":true,"campfire_choices":[],"circlet_count":0,"master_deck":["AscendersBane","Strike_R","Strike_R","Strike_R","Strike_R","Strike_R","Defend_R","Defend_R","Defend_R","Defend_R","Bash","AT_FamilyPortrait","Gensokyo:RisingWorld","Anger","Doubt","Wild Strike","Thunderclap","Flame Barrier","Impervious","Cleave","Battle Trance"],"relics":["Burning Blood","AT_ATBox","REME_ComplimentaryCards","NeowsBlessing","ReplayTheSpireMod:Ring of Addiction","Ring of Hypnosis","White Beast Statue","SacredBark","ReplayTheSpireMod:Lightbulb","conspire:TopHat"],"acts_visited":["Gensokyo:Gensokyo"],"potions_floor_usage":[4,5,6,8,8,11],"damage_taken":[{"damage":0,"enemies":"Gensokyo:3_Fairies","floor":1,"turns":1},{"damage":0,"enemies":"Gensokyo:Gryphon","floor":3,"turns":1},{"damage":0,"enemies":"Gensokyo:Python","floor":4,"turns":1},{"damage":0,"enemies":"Gensokyo:LivingMonolith","floor":5,"turns":2},{"damage":62,"enemies":"Gensokyo:Cirno","floor":6,"turns":7},{"damage":2,"enemies":"Gensokyo:Mamizou","floor":8,"turns":10},{"damage":7,"enemies":"Gensokyo:Gryphon_and_Rabbit","floor":10,"turns":4},{"damage":27,"enemies":"Gensokyo:Cirno","floor":11,"turns":5}],"seed_played":"4079206806360648006","potions_obtained":[{"floor":2,"key":"DistilledChaos"},{"floor":2,"key":"DistilledChaos"},{"floor":4,"key":"Milkshake"},{"floor":5,"key":"SpeedPotion"},{"floor":6,"key":"Block Potion"},{"floor":8,"key":"FearPotion"},{"floor":10,"key":"FearPotion"}],"is_trial":false,"path_per_floor":["M","?","M","M","M","E","?","E","T","M","E"],"character_chosen":"IRONCLAD","items_purchased":[],"campfire_rested":0,"item_purchase_floors":[],"current_hp_per_floor":[74,74,75,75,75,19,23,27,27,26,0,0],"gold":260,"neow_bonus":"THREE_ENEMY_KILL","is_daily":false,"chose_seed":false,"campfire_upgraded":0,"win_rate":0.0,"timestamp":1611901622,"path_taken":["M","?","M","M","M","E","?","E","T","?","E"],"items_purchased_type":[],"build_version":"2020-12-22","purchased_purges":0,"victory":false,"max_hp_per_floor":[75,75,75,75,75,75,75,75,75,75,75,75],"card_choices":[{"not_picked":["Havoc","Searing Blow"],"picked":"Anger","floor":1},{"not_picked":["Sword Boomerang","ReplayTheSpireMod:Strike From Hell"],"picked":"Wild Strike","floor":3},{"not_picked":["Shrug It Off","Armaments"],"picked":"Thunderclap","floor":4},{"not_picked":["Perfected Strike","Defy Death"],"picked":"Flame Barrier","floor":5},{"not_picked":["Abandon","Body Slam"],"picked":"Impervious","floor":6},{"not_picked":["Havoc","conspire:Charge"],"picked":"Cleave","floor":8},{"not_picked":["Sword Boomerang","Havoc"],"picked":"Battle Trance","floor":10}],"player_experience":1492147,"relics_obtained":[{"floor":2,"key":"ReplayTheSpireMod:Ring of Addiction"},{"floor":2,"key":"Ring of Hypnosis"},{"floor":2,"key":"White Beast Statue"},{"floor":2,"key":"SacredBark"},{"floor":6,"key":"ReplayTheSpireMod:Lightbulb"},{"floor":8,"key":"conspire:TopHat"}],"event_choices":[],"is_beta":false,"boss_relics":[],"items_purged_floors":[],"is_endless":false,"potions_floor_spawned":[3,4,5,6,8,10],"killed_by":"Gensokyo:Cirno","ascension_level":20}}