{"host":"wvwkddos141hgtsy","time":1611886851,"event":{"mods":["AchievementEnabler","AlwaysNeverKeys","BaseMod","Better Altar","Better Match","Better Note","Better Sensory Stone","Better Skull","Better Third Choice","Better Vampires","BetterRewards","ChefMod","Colored Map","Colored Powertips","Custom Start","Downfall","Googly Eyes","Hermit","Highlight Path","Minty Spire (QoL Compilation)","Relic Stats","StSLib","SuperFastMode","The Cursed","The Hayseed","The Hierophant"],"gold_per_floor":[114,126,143,113,123,153,153,182,229,247,266,24,24,37,37,140,140,150,168,178,178,188,221,221,221,221],"floor_reached":25,"language":"ENG","playtime":11562,"items_purged":[],"score":262,"play_id":"e9edf222-50ca-4326-9bba-16fa9e70ca96","local_time":"20210128212051","is_ascension_mode":false,"campfire_choices":[{"data":"TheSimpletonMod:Swelter","floor":7,"key":"SMITH"},{"floor":15,"key":"REST"}],"circlet_count":0,"master_deck":["TheSimpletonMod:Strike_TheSimpleton","TheSimpletonMod:Strike_TheSimpleton","TheSimpletonMod:Strike_TheSimpleton","TheSimpletonMod:Strike_TheSimpleton","TheSimpletonMod:Defend_TheSimpleton","TheSimpletonMod:Defend_TheSimpleton","TheSimpletonMod:Defend_TheSimpleton","TheSimpletonMod:Defend_TheSimpleton","TheSimpletonMod:Haymaker","TheSimpletonMod:ReapAndSow","TheSimpletonMod:Mulch","TheSimpletonMod:Sunchoke","TheSimpletonMod:Pruning","TheSimpletonMod:Innovate","TheSimpletonMod:CrackOfDawn","TheSimpletonMod:Swelter+1","TheSimpletonMod:DoubleBarrel","TheSimpletonMod:SpiceUp","Sadistic Nature","Flash of Steel","TheSimpletonMod:Rake","TheSimpletonMod:CrackOfDawn","TheSimpletonMod:PestManagement","TheSimpletonMod:Rake","TheSimpletonMod:CrackOfDawn","TheSimpletonMod:Swelter","TheSimpletonMod:CrackOfDawn"],"relics":["TheSimpletonMod:SpudOfTheInnocent","TheSimpletonMod:NightSoil","TheSimpletonMod:TheHarvester","NeowsBlessing","Omamori","Mummified Hand","Tiny Chest","Cursed Key","Smiling Mask"],"acts_visited":["Exordium","TheCity"],"potions_floor_usage":[5,8,19],"damage_taken":[{"damage":0,"enemies":"Small Slimes","floor":1,"turns":1},{"damage":0,"enemies":"Jaw Worm","floor":2,"turns":1},{"damage":0,"enemies":"2 Louse","floor":3,"turns":1},{"damage":5,"enemies":"Looter","floor":4,"turns":4},{"damage":6,"enemies":"Exordium Wildlife","floor":5,"turns":3},{"damage":22,"enemies":"3 Sentries","floor":6,"turns":4},{"damage":5,"enemies":"Gremlin Nob","floor":8,"turns":5},{"damage":21,"enemies":"3 Louse","floor":10,"turns":3},{"damage":4,"enemies":"2 Fungi Beasts","floor":11,"turns":3},{"damage":23,"enemies":"Exordium Thugs","floor":14,"turns":4},{"damage":17,"enemies":"Hexaghost","floor":16,"turns":8},{"damage":5,"enemies":"Shell Parasite","floor":18,"turns":5},{"damage":10,"enemies":"2 Thieves","floor":19,"turns":2},{"damage":13,"enemies":"Snecko","floor":20,"turns":5},{"damage":14,"enemies":"Sentry and Sphere","floor":22,"turns":3},{"damage":24,"enemies":"Book of Stabbing","floor":23,"turns":6},{"damage":28,"enemies":"Centurion and Healer","floor":25,"turns":4}],"seed_played":"1879802680146177177","potions_obtained":[{"floor":2,"key":"SkillPotion"},{"floor":5,"key":"Block Potion"},{"floor":6,"key":"DuplicationPotion"},{"floor":11,"key":"AttackPotion"},{"floor":18,"key":"CultistPotion"},{"floor":19,"key":"PowerPotion"}],"is_trial":false,"path_per_floor":["M","M","M","M","M","E","R","E","T","M","M","$","?","M","R","B",null,"M","M","M","?","M","E","?","M"],"character_chosen":"THE_SIMPLETON","items_purchased":["TheSimpletonMod:SpiceUp","Sadistic Nature"],"campfire_rested":1,"item_purchase_floors":[12,12],"current_hp_per_floor":[75,75,75,74,68,46,46,45,45,28,24,24,24,1,23,10,75,70,64,55,55,45,25,25,0,0],"gold":221,"neow_bonus":"THREE_ENEMY_KILL","is_daily":false,"chose_seed":false,"campfire_upgraded":1,"win_rate":0.0,"timestamp":1611886851,"path_taken":["M","M","M","M","M","E","R","E","T","M","M","$","?","M","R","BOSS","M","M","M","?","M","E","?","M"],"items_purchased_type":["Card","Card"],"build_version":"2020-12-22","purchased_purges":0,"victory":false,"max_hp_per_floor":[75,75,75,75,75,75,75,75,75,75,75,75,75,75,75,75,75,75,75,75,75,75,75,75,75,75],"relic_stats":{"counters":[17,56],"Mummified Hand":[29],"Tiny Chest":0,"Cursed Key":0,"Smiling Mask":0,"obtain_stats":[{"TheSimpletonMod:TheHarvester":0,"NeowsBlessing":0,"Mummified Hand":8,"Tiny Chest":9,"TheSimpletonMod:SpudOfTheInnocent":0,"Omamori":6,"TheSimpletonMod:NightSoil":0,"Cursed Key":17,"Smiling Mask":23},{"TheSimpletonMod:TheHarvester":0,"NeowsBlessing":0,"Mummified Hand":7,"Tiny Chest":7,"TheSimpletonMod:SpudOfTheInnocent":0,"Omamori":6,"TheSimpletonMod:NightSoil":0,"Cursed Key":11,"Smiling Mask":16},{"TheSimpletonMod:TheHarvester":0,"NeowsBlessing":0,"Mummified Hand":18,"Tiny Chest":18,"TheSimpletonMod:SpudOfTheInnocent":0,"Omamori":13,"TheSimpletonMod:NightSoil":0,"Cursed Key":33,"Smiling Mask":52}]},"card_choices":[{"not_picked":["TheSimpletonMod:Ferment","TheSimpletonMod:DigIn"],"picked":"TheSimpletonMod:Mulch","floor":1},{"not_picked":["TheSimpletonMod:CropRotation","TheSimpletonMod:PestManagement"],"picked":"TheSimpletonMod:Sunchoke","floor":2},{"not_picked":["TheSimpletonMod:Germinate","TheSimpletonMod:BumperCrop"],"picked":"TheSimpletonMod:Pruning","floor":3},{"not_picked":["TheSimpletonMod:CullingStrike","TheSimpletonMod:CloseScrape"],"picked":"TheSimpletonMod:Innovate","floor":4},{"not_picked":["TheSimpletonMod:StockTheCellar","TheSimpletonMod:Thresh"],"picked":"TheSimpletonMod:CrackOfDawn","floor":5},{"not_picked":["TheSimpletonMod:Mulch","TheSimpletonMod:ToughenUp"],"picked":"TheSimpletonMod:Swelter","floor":6},{"not_picked":["TheSimpletonMod:SoilSample","TheSimpletonMod:SaladShooter"],"picked":"TheSimpletonMod:DoubleBarrel","floor":8},{"not_picked":["TheSimpletonMod:Onions","TheSimpletonMod:Ferment","TheSimpletonMod:SoilSample"],"picked":"SKIP","floor":10},{"not_picked":["TheSimpletonMod:ErosionControl","TheSimpletonMod:Sunseed","TheSimpletonMod:Ferment"],"picked":"SKIP","floor":11},{"not_picked":["Swift Strike","Mayhem"],"picked":"Flash of Steel","floor":13},{"not_picked":["TheSimpletonMod:Fertilaser","TheSimpletonMod:ToughenUp"],"picked":"TheSimpletonMod:Rake","floor":14},{"not_picked":["TheSimpletonMod:BuzzBomb","TheSimpletonMod:Biorefinement"],"picked":"TheSimpletonMod:CrackOfDawn","floor":16},{"not_picked":["TheSimpletonMod:Ferment","TheSimpletonMod:OnionBloom"],"picked":"TheSimpletonMod:PestManagement","floor":18},{"not_picked":["TheSimpletonMod:Ferment","TheSimpletonMod:Innovate"],"picked":"TheSimpletonMod:Rake","floor":19},{"not_picked":["TheSimpletonMod:ToughenUp","TheSimpletonMod:SeedCoat+1","TheSimpletonMod:Strawberries"],"picked":"SKIP","floor":20},{"not_picked":["TheSimpletonMod:GoToMarket+1","TheSimpletonMod:DigIn"],"picked":"TheSimpletonMod:Swelter","floor":22},{"not_picked":["TheSimpletonMod:Mulch","TheSimpletonMod:Onions"],"picked":"TheSimpletonMod:CrackOfDawn","floor":23}],"player_experience":353267,"relics_obtained":[{"floor":6,"key":"Omamori"},{"floor":8,"key":"Mummified Hand"},{"floor":9,"key":"Tiny Chest"},{"floor":23,"key":"Smiling Mask"}],"event_choices":[{"damage_healed":0,"gold_gain":1,"player_choice":"1","damage_taken":0,"max_hp_gain":0,"max_hp_loss":0,"event_name":"betterStone:BetterStone","floor":13,"gold_loss":0},{"damage_healed":0,"gold_gain":0,"player_choice":"Copied","damage_taken":0,"max_hp_gain":0,"max_hp_loss":0,"event_name":"Duplicator","floor":21,"gold_loss":0,"cards_obtained":["TheSimpletonMod:CrackOfDawn"]},{"damage_healed":0,"gold_gain":0,"player_choice":"Ignored","damage_taken":0,"max_hp_gain":0,"max_hp_loss":0,"event_name":"Transmorgrifier","floor":24,"gold_loss":0}],"is_beta":false,"boss_relics":[{"not_picked":["Snecko Eye","Runic Pyramid"],"picked":"Cursed Key"}],"items_purged_floors":[],"is_endless":false,"potions_floor_spawned":[2,5,6,11,18,19,23],"killed_by":"Centurion and Healer","ascension_level":0}}