{"host":"h5wult4bedbgdxyl","time":1611935468,"event":{"mods":["AchievementEnabler","BaseMod","Colored Map","Minty Spire (QoL Compilation)","Quick Restart"],"gold_per_floor":[118,118,118,129,129,155,3,3,26,26,26,41,53,6,6,111,161,151,170,170,170],"floor_reached":20,"language":"ZHS","playtime":768,"items_purged":[],"score":217,"play_id":"2210bcea-661f-45c0-bb28-657518c5b35e","local_time":"20210129235108","is_ascension_mode":true,"campfire_choices":[{"data":"Limit Break","floor":8.0,"key":"SMITH"},{"data":"Heavy Blade","floor":10.0,"key":"SMITH"},{"data":"Warcry","floor":15.0,"key":"SMITH"}],"circlet_count":0,"master_deck":["Strike_R","Strike_R","Strike_R","Strike_R+1","Strike_R","Defend_R","Defend_R","Defend_R","Bash","Pummel+1","Armaments","True Grit+1","Heavy Blade+1","Limit Break+1","Iron Wave","Cleave","Warcry+1","Exhume","Flex","Battle Trance"],"relics":["Burning Blood","NeowsBlessing","Toy Ornithopter","Vajra","Tiny House"],"acts_visited":[],"potions_floor_usage":[],"damage_taken":[{"damage":0.0,"enemies":"Cultist","floor":1.0,"turns":1.0},{"damage":0.0,"enemies":"2 Louse","floor":4.0,"turns":1.0},{"damage":0.0,"enemies":"Gremlin Nob","floor":6.0,"turns":1.0},{"damage":10.0,"enemies":"Small Slimes","floor":12.0,"turns":3.0},{"damage":18.0,"enemies":"Red Slaver","floor":13.0,"turns":4.0},{"damage":60.0,"enemies":"The Guardian","floor":16.0,"turns":8.0},{"damage":28.0,"enemies":"2 Thieves","floor":18.0,"turns":4.0},{"damage":25.0,"enemies":"Spheric Guardian","floor":19.0,"turns":4.0},{"damage":0,"enemies":"Centurion and Healer","floor":20,"turns":1}],"seed_played":"6786253162429590158","potions_obtained":[{"floor":1.0,"key":"PowerPotion"},{"floor":4.0,"key":"SteroidPotion"},{"floor":17.0,"key":"CultistPotion"},{"floor":18.0,"key":"Energy Potion"}],"is_trial":false,"path_per_floor":["M","?","?","M","?","E","$","R","T","R","?","M","M","$","R","B",null,"M","M","M"],"character_chosen":"IRONCLAD","items_purchased":["Limit Break","Warcry"],"campfire_rested":0,"item_purchase_floors":[7,14],"current_hp_per_floor":[80,64,64,70,70,76,76,76,76,76,76,72,60,60,60,16,85,63,49,49,49],"gold":170,"neow_bonus":"THREE_ENEMY_KILL","is_daily":false,"chose_seed":false,"campfire_upgraded":3,"win_rate":0.0,"timestamp":1611935468,"path_taken":["M","?","?","?","?","E","$","R","T","R","?","?","M","$","R","BOSS","M","?","M"],"items_purchased_type":["Card","Card"],"build_version":"2020-12-22","purchased_purges":0,"victory":false,"max_hp_per_floor":[80,80,80,80,80,80,80,80,80,80,80,80,80,80,80,80,85,85,85,85,85],"card_choices":[{"not_picked":["Searing Blow","Entrench"],"picked":"Pummel","floor":1.0},{"not_picked":["True Grit","Rampage"],"picked":"Armaments","floor":4.0},{"not_picked":["True Grit","Fire Breathing"],"picked":"Heavy Blade","floor":6.0},{"not_picked":["Thunderclap","Cleave"],"picked":"Iron Wave","floor":12.0},{"not_picked":["Perfected Strike","Clash"],"picked":"Cleave","floor":13.0},{"not_picked":["Feed","Double Tap"],"picked":"Exhume","floor":16.0},{"not_picked":["Warcry","Sword Boomerang"],"picked":"Flex","floor":17.0},{"not_picked":["Cleave+1","Flame Barrier"],"picked":"Battle Trance","floor":18.0},{"not_picked":["Carnage","Clash","Power Through+1"],"picked":"SKIP","floor":19.0}],"player_experience":43440,"relics_obtained":[{"floor":6.0,"key":"Toy Ornithopter"},{"floor":11.0,"key":"Vajra"}],"event_choices":[{"damage_healed":0.0,"max_hp_gain":0.0,"max_hp_loss":0.0,"gold_gain":0.0,"event_name":"Shining Light","player_choice":"Entered Light","floor":2.0,"gold_loss":0.0,"damage_taken":16.0,"cards_upgraded":["Pummel","Strike_R"]},{"damage_healed":0.0,"max_hp_gain":0.0,"max_hp_loss":0.0,"gold_gain":0.0,"event_name":"The Woman in Blue","player_choice":"Bought 0 Potions","floor":3.0,"gold_loss":0.0,"damage_taken":0.0},{"damage_healed":0.0,"max_hp_gain":0.0,"max_hp_loss":0.0,"gold_gain":0.0,"cards_transformed":["Defend_R"],"event_name":"Living Wall","player_choice":"Change","floor":5.0,"gold_loss":0.0,"damage_taken":0.0,"cards_obtained":["True Grit"]},{"damage_healed":0.0,"max_hp_gain":0.0,"max_hp_loss":0.0,"gold_gain":0.0,"event_name":"Wheel of Change","player_choice":"Relic","floor":11.0,"gold_loss":0.0,"damage_taken":0.0}],"is_beta":false,"boss_relics":[{"not_picked":["Runic Dome","Snecko Eye"],"picked":"Tiny House"}],"items_purged_floors":[],"is_endless":false,"potions_floor_spawned":[1,4,18],"killed_by":"Centurion and Healer","ascension_level":2}}