{"host":"y7357sx8ps3jkgoj","time":1611888012,"event":{"mods":["BaseMod","Friendly Minions","Minty Spire (QoL Compilation)","Permanent Neow","Relic Stats","Shop Mod","StSLib","The Alterego","Uncapped","Unceasing Turn Reminder"],"gold_per_floor":[370,203,203,203,243,274,274,335,381,416,457,457,507,507,507,638,638,677,677,717,38,38,38,94,94,94,138,204,250,250,263,263,409,409,458,527,565,334,334,394,417,473,473,499,105,105,438,492,492,492,492],"floor_reached":50,"language":"ENG","playtime":3990,"items_purged":["alterego_mod:Strike","alterego_mod:Defend"],"score":758,"play_id":"01a82243-8f02-417d-8d78-de1f24dadd5e","local_time":"20210128204012","is_ascension_mode":true,"campfire_choices":[{"data":"alterego_mod:Venus","floor":7.0,"key":"SMITH"},{"floor":12.0,"key":"REST"},{"data":"alterego_mod:Punishment","floor":15.0,"key":"SMITH"},{"data":"alterego_mod:Table","floor":23.0,"key":"SMITH"},{"data":"alterego_mod:Punishment","floor":25.0,"key":"SMITH"},{"data":"alterego_mod:ClassAdvantage","floor":30.0,"key":"SMITH"},{"data":"alterego_mod:Clones","floor":32.0,"key":"SMITH"},{"floor":46,"key":"RECALL"},{"data":"alterego_mod:ChallengeComplete","floor":49,"key":"SMITH"}],"circlet_count":0,"master_deck":["alterego_mod:Strike","alterego_mod:Strike","alterego_mod:Defend","alterego_mod:Defend+1","alterego_mod:BrynhildrsRune+1","alterego_mod:Undulate","HandOfGreed+1","alterego_mod:Punishment+1","alterego_mod:Venus+1","alterego_mod:Nekomimi","alterego_mod:IndependentAction","alterego_mod:Cushion","alterego_mod:Punishment+1","alterego_mod:Weigh","alterego_mod:TrickOrTreatment+1","alterego_mod:RidiculouslyBig+1","alterego_mod:SakuraLabyrinth+1","alterego_mod:Table+1","alterego_mod:Clones+1","alterego_mod:Birthday","alterego_mod:ClassAdvantage+1","alterego_mod:MagicResistance+1","alterego_mod:Birthday+1","alterego_mod:RingBreak","alterego_mod:ChallengeComplete+1","alterego_mod:Punishment+1","alterego_mod:Belts+1","alterego_mod:Birthday","alterego_mod:Schoolgirl+1"],"relics":["alterego_mod:MasochisticConstitution","War Paint","Juzu Bracelet","Vajra","Peace Pipe","Astrolabe","Kunai","Mango","HandDrill","Ginger","Coffee Dripper","Shuriken","OrangePellets","The Courier","Boot","Bottled Flame","MawBank","Bottled Lightning","Ancient Tea Set","Gambling Chip"],"acts_visited":["Exordium","TheCity","TheBeyond"],"potions_floor_usage":[48],"damage_taken":[{"damage":7.0,"enemies":"2 Louse","floor":1.0,"turns":5.0},{"damage":2.0,"enemies":"Cultist","floor":5.0,"turns":5.0},{"damage":31.0,"enemies":"Gremlin Nob","floor":6.0,"turns":6.0},{"damage":15.0,"enemies":"Lagavulin","floor":8.0,"turns":6.0},{"damage":15.0,"enemies":"Gremlin Nob","floor":10.0,"turns":3.0},{"damage":0.0,"enemies":"Jaw Worm","floor":11.0,"turns":3.0},{"damage":8.0,"enemies":"Blue Slaver","floor":13.0,"turns":6.0},{"damage":20.0,"enemies":"The Guardian","floor":16.0,"turns":10.0},{"damage":11.0,"enemies":"Shell Parasite","floor":18.0,"turns":7.0},{"damage":6.0,"enemies":"Spheric Guardian","floor":20.0,"turns":5.0},{"damage":32.0,"enemies":"Slavers","floor":24.0,"turns":6.0},{"damage":0.0,"enemies":"Centurion and Healer","floor":27.0,"turns":5.0},{"damage":56.0,"enemies":"Chosen and Byrds","floor":28.0,"turns":7.0},{"damage":25.0,"enemies":"3 Cultists","floor":29.0,"turns":7.0},{"damage":30.0,"enemies":"Snake Plant","floor":31.0,"turns":7.0},{"damage":18.0,"enemies":"Automaton","floor":33.0,"turns":22.0},{"damage":47.0,"enemies":"3 Darklings","floor":35.0,"turns":12.0},{"damage":39.0,"enemies":"Orb Walker","floor":37.0,"turns":7.0},{"damage":44,"enemies":"Reptomancer","floor":40,"turns":8},{"damage":3,"enemies":"Maw","floor":41,"turns":8},{"damage":53,"enemies":"Nemesis","floor":42,"turns":9},{"damage":13,"enemies":"Giant Head","floor":48,"turns":8},{"damage":106,"enemies":"Donu and Deca","floor":50,"turns":5}],"seed_played":"7162547743510501421","potions_obtained":[{"floor":6.0,"key":"DistilledChaos"},{"floor":10.0,"key":"Dexterity Potion"},{"floor":16.0,"key":"DistilledChaos"},{"floor":22.0,"key":"CultistPotion"},{"floor":48,"key":"AttackPotion"}],"is_trial":false,"path_per_floor":["M","$","?","?","M","E","R","E","T","E","M","R","M","?","R","B",null,"M","?","M","$","?","R","E","R","T","M","M","M","R","M","R","B",null,"M","T","M","$","?","E","M","E","T","T","$","R","?","E","R","B"],"character_chosen":"The_Alterego","items_purchased":["HandOfGreed","Kunai","Mango","HandDrill","OrangePellets","Bottled Lightning","Ancient Tea Set"],"campfire_rested":1,"item_purchase_floors":[2,21,21,21,38,45,45],"current_hp_per_floor":[64,64,48,48,54,24,24,17,17,3,10,30,30,30,30,18,57,71,71,72,86,86,86,55,55,55,69,30,47,47,69,69,91,91,92,92,72,72,72,92,95,88,88,88,88,88,88,97,97,0,0],"gold":492,"neow_bonus":"TWO_FIFTY_GOLD","is_daily":false,"chose_seed":false,"campfire_upgraded":7,"win_rate":0.0,"timestamp":1611888012,"path_taken":["M","$","?","?","?","E","R","E","T","E","M","R","M","?","R","BOSS","M","?","M","$","?","R","E","R","T","M","M","M","R","M","R","BOSS","M","?","M","$","?","E","M","E","T","?","?","R","?","E","R","BOSS"],"items_purchased_type":["Card","Relic","Relic","Relic","Relic","Relic","Relic"],"build_version":"2020-12-22","purchased_purges":2,"victory":false,"max_hp_per_floor":[64,64,64,64,65,66,66,67,67,68,68,68,69,69,69,70,70,71,71,72,86,86,86,87,87,87,87,88,89,89,90,90,91,91,92,92,93,93,93,94,95,96,96,96,96,96,96,97,97,97,97],"relic_stats":{"counters":[23,167],"Astrolabe":["alterego_mod:TrickOrTreatment","alterego_mod:RidiculouslyBig","alterego_mod:SakuraLabyrinth"],"Juzu Bracelet":1,"Ginger":[13],"War Paint":["alterego_mod:Defend","alterego_mod:BrynhildrsRune"],"Boot":[0],"MawBank":12,"Peace Pipe":1,"OrangePellets":[1],"Shuriken":[2],"Gambling Chip":[1],"HandDrill":[10],"Kunai":[6],"obtain_stats":[{"alterego_mod:MasochisticConstitution":0,"Golden Idol":3,"Astrolabe":17,"Vajra":9,"Mango":21,"The Courier":40,"Juzu Bracelet":8,"Ginger":24,"War Paint":6,"Boot":42,"MawBank":44,"Ancient Tea Set":45,"Peace Pipe":10,"OrangePellets":38,"Bottled Flame":43,"Shuriken":36,"Gambling Chip":48,"HandDrill":21,"Coffee Dripper":34,"Kunai":21,"Bottled Lightning":45},{"alterego_mod:MasochisticConstitution":0,"Golden Idol":1,"Astrolabe":8,"Vajra":4,"Mango":10,"The Courier":19,"Juzu Bracelet":4,"Ginger":11,"War Paint":3,"Boot":21,"MawBank":21,"Ancient Tea Set":21,"Peace Pipe":5,"OrangePellets":18,"Bottled Flame":21,"Shuriken":17,"Gambling Chip":22,"HandDrill":10,"Coffee Dripper":16,"Kunai":10,"Bottled Lightning":21},{"alterego_mod:MasochisticConstitution":0,"Golden Idol":5,"Astrolabe":44,"Vajra":22,"Mango":56,"The Courier":137,"Juzu Bracelet":22,"Ginger":62,"War Paint":16,"Boot":154,"MawBank":154,"Ancient Tea Set":154,"Peace Pipe":25,"OrangePellets":129,"Bottled Flame":154,"Shuriken":122,"Gambling Chip":162,"HandDrill":56,"Coffee Dripper":110,"Kunai":56,"Bottled Lightning":154}]},"card_choices":[{"not_picked":["alterego_mod:PerceptionDisorder","alterego_mod:Lingerie"],"picked":"alterego_mod:Undulate","floor":1.0},{"not_picked":["alterego_mod:BusterCard","alterego_mod:DeftHands"],"picked":"alterego_mod:Punishment","floor":5.0},{"not_picked":["alterego_mod:MagicResistance","alterego_mod:Skirt"],"picked":"alterego_mod:Venus","floor":6.0},{"not_picked":["alterego_mod:Undulate","alterego_mod:BeGentle"],"picked":"alterego_mod:Nekomimi","floor":8.0},{"not_picked":["alterego_mod:Belle","alterego_mod:BeGentle"],"picked":"alterego_mod:IndependentAction","floor":10.0},{"not_picked":["alterego_mod:Nekomimi","alterego_mod:Stockings"],"picked":"alterego_mod:Cushion","floor":11.0},{"not_picked":["alterego_mod:BiFurious","alterego_mod:Mirror"],"picked":"alterego_mod:Punishment","floor":13.0},{"not_picked":["alterego_mod:TrickOrTreatment","alterego_mod:Antipathy"],"picked":"alterego_mod:Weigh","floor":16.0},{"not_picked":["alterego_mod:Rip","alterego_mod:Cycle"],"picked":"alterego_mod:Table","floor":18.0},{"not_picked":["alterego_mod:DeftHands","alterego_mod:Collar","alterego_mod:MagicResistance"],"picked":"SKIP","floor":20.0},{"not_picked":["alterego_mod:Pet+1","alterego_mod:Birthday"],"picked":"alterego_mod:Clones","floor":24.0},{"not_picked":["alterego_mod:BiFurious+1","alterego_mod:SakuraPetals"],"picked":"alterego_mod:Birthday","floor":27.0},{"not_picked":["alterego_mod:Undulate","alterego_mod:Nekomimi"],"picked":"alterego_mod:ClassAdvantage","floor":28.0},{"not_picked":["alterego_mod:Schoolgirl+1","alterego_mod:Bloomers"],"picked":"alterego_mod:MagicResistance+1","floor":29.0},{"not_picked":["alterego_mod:Rip","alterego_mod:Nekomimi"],"picked":"alterego_mod:Birthday+1","floor":31.0},{"not_picked":["alterego_mod:TrickOrTreatment","alterego_mod:Antipathy"],"picked":"alterego_mod:RingBreak","floor":33.0},{"not_picked":["alterego_mod:Complex+1","alterego_mod:BreastValley","alterego_mod:Lingerie"],"picked":"SKIP","floor":35.0},{"not_picked":["alterego_mod:BusterCard+1","alterego_mod:Mirror"],"picked":"alterego_mod:ChallengeComplete","floor":37.0},{"not_picked":["alterego_mod:Undulate","alterego_mod:PerceptionDisorder+1"],"picked":"alterego_mod:Punishment+1","floor":40},{"not_picked":["alterego_mod:Mirror","alterego_mod:Cushion"],"picked":"alterego_mod:Belts+1","floor":41},{"not_picked":["alterego_mod:DustData","alterego_mod:DiscoLights"],"picked":"alterego_mod:Birthday","floor":42},{"not_picked":["alterego_mod:Maid+1","alterego_mod:Stockings"],"picked":"alterego_mod:Schoolgirl+1","floor":48}],"player_experience":332517,"relics_obtained":[{"floor":6.0,"key":"War Paint"},{"floor":8.0,"key":"Juzu Bracelet"},{"floor":9.0,"key":"Vajra"},{"floor":10.0,"key":"Peace Pipe"},{"floor":24.0,"key":"Ginger"},{"floor":36.0,"key":"Shuriken"},{"floor":40,"key":"The Courier"},{"floor":42,"key":"Boot"},{"floor":43,"key":"Bottled Flame"},{"floor":44,"key":"MawBank"},{"floor":48,"key":"Gambling Chip"}],"event_choices":[{"damage_healed":0.0,"max_hp_gain":0.0,"max_hp_loss":0.0,"gold_gain":0.0,"event_name":"Golden Idol","player_choice":"Take Damage","floor":3.0,"gold_loss":0.0,"damage_taken":16.0,"relics_obtained":["Golden Idol"]},{"damage_healed":0.0,"max_hp_gain":0.0,"max_hp_loss":0.0,"gold_gain":0.0,"event_name":"Upgrade Shrine","player_choice":"Upgraded","floor":4.0,"gold_loss":0.0,"damage_taken":0.0,"cards_upgraded":["HandOfGreed"]},{"cards_removed":["alterego_mod:Impale"],"damage_healed":0.0,"max_hp_gain":0.0,"max_hp_loss":0.0,"gold_gain":0.0,"event_name":"Living Wall","player_choice":"Forget","floor":14.0,"gold_loss":0.0,"damage_taken":0.0},{"damage_healed":0.0,"max_hp_gain":0.0,"max_hp_loss":0.0,"gold_gain":0.0,"event_name":"Ghosts","player_choice":"Ignored","floor":19.0,"gold_loss":0.0,"damage_taken":0.0},{"damage_healed":0.0,"max_hp_gain":0.0,"max_hp_loss":0.0,"gold_gain":0.0,"event_name":"Lab","player_choice":"Got Potions","floor":22.0,"gold_loss":0.0,"damage_taken":0.0},{"damage_healed":0,"gold_gain":0,"player_choice":"Ignored","damage_taken":0,"max_hp_gain":0,"max_hp_loss":0,"event_name":"Mysterious Sphere","floor":39,"gold_loss":0},{"damage_healed":0,"gold_gain":333,"player_choice":"Gave Idol","damage_taken":0,"max_hp_gain":0,"max_hp_loss":0,"event_name":"The Moai Head","floor":47,"relics_lost":["Golden Idol"],"gold_loss":0}],"is_beta":false,"boss_relics":[{"not_picked":["Cursed Key","Calling Bell"],"picked":"Astrolabe"},{"not_picked":["Philosopher\u0027s Stone","SacredBark"],"picked":"Coffee Dripper"}],"items_purged_floors":[38,45],"is_endless":false,"potions_floor_spawned":[6,10,16,24,27,29,31,37,48],"killed_by":"Donu and Deca","ascension_level":5}}