{"host":"8abfg9qscoja4hwf","time":1611886925,"event":{"mods":["AchievementEnabler","BaseMod","Colored Powertips","Highlight Path","Minty Spire (QoL Compilation)","Quick Restart","Relic Stats","Slay-I","slay the spire mod where everything is the same but ironclad has a cowboy hat"],"gold_per_floor":[113,126,145,162,177,177,212,212,285,285,360,388,388,404,404,404,404],"floor_reached":16,"language":"ENG","playtime":802,"items_purged":[],"score":140,"play_id":"f34f9dfb-1fe3-4c3e-b75a-47bdc8d9d828","local_time":"20210129022205","is_ascension_mode":true,"campfire_choices":[{"floor":6,"key":"REST"},{"floor":8,"key":"RECALL"},{"data":"Heavy Blade","floor":10,"key":"SMITH"},{"floor":15,"key":"REST"}],"circlet_count":0,"master_deck":["Strike_R","Strike_R","Strike_R","Strike_R","Strike_R","Defend_R","Defend_R","Defend_R","Defend_R","Bash","Heavy Blade+1","Perfected Strike+1","Sword Boomerang","Anger","Pummel","Cleave","Flex","Thunderclap"],"relics":["Burning Blood","Mango","PreservedInsect","Kunai","Shovel"],"acts_visited":["Exordium"],"potions_floor_usage":[7,14,16],"damage_taken":[{"damage":1,"enemies":"Cultist","floor":1,"turns":3},{"damage":10,"enemies":"Small Slimes","floor":2,"turns":4},{"damage":2,"enemies":"2 Louse","floor":3,"turns":3},{"damage":10,"enemies":"2 Fungi Beasts","floor":4,"turns":4},{"damage":12,"enemies":"3 Louse","floor":5,"turns":3},{"damage":5,"enemies":"Gremlin Nob","floor":7,"turns":3},{"damage":34,"enemies":"Lagavulin","floor":12,"turns":6},{"damage":11,"enemies":"Looter","floor":14,"turns":2},{"damage":81,"enemies":"Hexaghost","floor":16,"turns":9}],"seed_played":"-1712660549287701351","potions_obtained":[{"floor":1,"key":"Ancient Potion"},{"floor":4,"key":"DistilledChaos"},{"floor":12,"key":"BlessingOfTheForge"}],"is_trial":false,"path_per_floor":["M","M","M","M","M","R","E","R","T","R","?","E","?","M","R","B"],"character_chosen":"IRONCLAD","items_purchased":[],"campfire_rested":2,"item_purchase_floors":[],"current_hp_per_floor":[75,71,75,71,65,93,94,94,94,94,83,55,55,50,78,0,0],"gold":404,"neow_bonus":"ONE_RARE_RELIC","is_daily":false,"chose_seed":false,"campfire_upgraded":1,"win_rate":0.0,"timestamp":1611886925,"path_taken":["M","M","?","?","M","R","E","R","T","R","?","E","?","M","R","BOSS"],"items_purchased_type":[],"build_version":"2020-12-22","purchased_purges":0,"victory":false,"max_hp_per_floor":[94,94,94,94,94,94,94,94,94,94,94,94,94,94,94,94,94],"relic_stats":{"Shovel":0,"counters":[9,37],"PreservedInsect":28,"Kunai":[7],"obtain_stats":[{"Shovel":12,"Mango":0,"PreservedInsect":7,"Kunai":9,"Burning Blood":0},{"Shovel":7,"Mango":0,"PreservedInsect":6,"Kunai":6,"Burning Blood":0},{"Shovel":26,"Mango":0,"PreservedInsect":20,"Kunai":20,"Burning Blood":0}],"Burning Blood":48},"card_choices":[{"not_picked":["Burning Pact","True Grit"],"picked":"Heavy Blade","floor":1},{"not_picked":["Havoc","Iron Wave"],"picked":"Perfected Strike","floor":2},{"not_picked":["Disarm","Perfected Strike"],"picked":"Sword Boomerang","floor":3},{"not_picked":["Thunderclap","Warcry"],"picked":"Anger","floor":4},{"not_picked":["Havoc","Body Slam"],"picked":"Pummel","floor":5},{"not_picked":["Spot Weakness","Juggernaut"],"picked":"Cleave","floor":7},{"not_picked":["Clothesline","Fiend Fire"],"picked":"Flex","floor":12},{"not_picked":["Battle Trance","Iron Wave"],"picked":"Thunderclap","floor":14}],"player_experience":361097,"relics_obtained":[{"floor":7,"key":"PreservedInsect"},{"floor":9,"key":"Kunai"},{"floor":12,"key":"Shovel"}],"event_choices":[{"damage_healed":0,"gold_gain":75,"player_choice":"Gather Gold","damage_taken":11,"max_hp_gain":0,"max_hp_loss":0,"event_name":"World of Goop","floor":11,"gold_loss":0},{"damage_healed":0,"gold_gain":0,"player_choice":"Grow","damage_taken":0,"max_hp_gain":0,"max_hp_loss":0,"event_name":"Living Wall","floor":13,"gold_loss":0,"cards_upgraded":["Perfected Strike"]}],"is_beta":false,"boss_relics":[],"items_purged_floors":[],"is_endless":false,"potions_floor_spawned":[1,4,12],"killed_by":"Hexaghost","ascension_level":5}}