{"host":"9tzam4717zt8ei1o","time":1611929929,"event":{"mods":["BaseMod","Colored Map","Keyboard Shortcuts","Minty Spire (QoL Compilation)","Quick Restart","StSLib","SuperFastMode"],"gold_per_floor":[20,33,48,68,68,68,68,96,123,137,156,156,106,181,181,260,260,271,196,231,251,99,99,109,144,171,202,202,202,213,544,544,616,616,627,407,423,442,457,492,492,518,518,532,557,591,642,668,668,668,668,668,61,87,87],"floor_reached":56,"language":"KOR","playtime":1363,"items_purged":["Strike_G","Defend_G","Defend_G","Defend_G"],"score":2578,"play_id":"659b9687-c9cb-41f0-8cab-326dd5cbf55e","local_time":"20210129231849","is_ascension_mode":true,"campfire_choices":[{"data":"Prepared","floor":6.0,"key":"SMITH"},{"data":"Neutralize","floor":12,"key":"SMITH"},{"data":"Underhanded Strike","floor":15,"key":"SMITH"},{"data":"Adrenaline","floor":23,"key":"SMITH"},{"data":"Backflip","floor":29,"key":"SMITH"},{"data":"Tactician","floor":32,"key":"SMITH"},{"data":"Finesse","floor":41,"key":"SMITH"},{"floor":49,"key":"RECALL"},{"data":"Well Laid Plans","floor":52,"key":"SMITH"}],"circlet_count":0,"master_deck":["AscendersBane","Survivor","Neutralize+1","Prepared+1","Underhanded Strike+1","Dagger Throw","Grand Finale","Adrenaline+1","Backflip+1","Acrobatics","Tactician+1","Grand Finale","Finesse+1","Reflex+1","Well Laid Plans+1"],"relics":["Ring of the Snake","Blood Vial","MealTicket","Empty Cage","Red Mask","Lantern","Nunchaku","Old Coin","Philosopher\u0027s Stone","Paper Crane","Gambling Chip","Orichalcum","FossilizedHelix","Mummified Hand","Thread and Needle","Pocketwatch","Pear","OrangePellets","Bottled Tornado"],"acts_visited":["TheCity","TheBeyond","TheEnding"],"potions_floor_usage":[8,55],"damage_taken":[{"damage":2.0,"enemies":"2 Louse","floor":1.0,"turns":3.0},{"damage":5.0,"enemies":"Jaw Worm","floor":2.0,"turns":4.0},{"damage":0.0,"enemies":"Small Slimes","floor":3.0,"turns":4.0},{"damage":2.0,"enemies":"3 Louse","floor":4.0,"turns":6.0},{"damage":11,"enemies":"3 Sentries","floor":8,"turns":4},{"damage":0,"enemies":"Blue Slaver","floor":10,"turns":5},{"damage":6,"enemies":"2 Fungi Beasts","floor":11,"turns":3},{"damage":16,"enemies":"The Guardian","floor":16,"turns":11},{"damage":10,"enemies":"Shell Parasite","floor":18,"turns":7},{"damage":0,"enemies":"Masked Bandits","floor":20,"turns":1},{"damage":0,"enemies":"Chosen","floor":21,"turns":2},{"damage":0,"enemies":"Shelled Parasite and Fungi","floor":24,"turns":1},{"damage":0,"enemies":"Book of Stabbing","floor":25,"turns":2},{"damage":0,"enemies":"Slavers","floor":27,"turns":1},{"damage":0,"enemies":"Snake Plant","floor":30,"turns":1},{"damage":0,"enemies":"Gremlin Leader","floor":31,"turns":1},{"damage":0,"enemies":"Collector","floor":33,"turns":3},{"damage":0,"enemies":"3 Shapes","floor":35,"turns":1},{"damage":0,"enemies":"Orb Walker","floor":37,"turns":1},{"damage":0,"enemies":"Sphere and 2 Shapes","floor":38,"turns":1},{"damage":0,"enemies":"Writhing Mass","floor":39,"turns":1},{"damage":0,"enemies":"Nemesis","floor":40,"turns":1},{"damage":0,"enemies":"Giant Head","floor":42,"turns":2},{"damage":0,"enemies":"4 Shapes","floor":44,"turns":1},{"damage":0,"enemies":"Mind Bloom Boss Battle","floor":45,"turns":1},{"damage":0,"enemies":"Reptomancer","floor":46,"turns":1},{"damage":0,"enemies":"2 Orb Walkers","floor":47,"turns":1},{"damage":0,"enemies":"Nemesis","floor":48,"turns":1},{"damage":0,"enemies":"Awakened One","floor":50,"turns":2},{"damage":0,"enemies":"Shield and Spear","floor":54,"turns":1},{"damage":11,"enemies":"The Heart","floor":55,"turns":4}],"seed_played":"-7090653909691217883","potions_obtained":[{"floor":2.0,"key":"EssenceOfSteel"},{"floor":10,"key":"CunningPotion"},{"floor":11,"key":"SpeedPotion"},{"floor":18,"key":"FairyPotion"},{"floor":38,"key":"Block Potion"}],"is_trial":false,"path_per_floor":["M","M","M","M","?","R","?","E","T","M","M","R","?","?","R","B",null,"M","$","?","M","$","R","M","E","T","E","?","R","M","E","R","B",null,"M","$","M","M","M","E","R","E","T","M","?","E","?","E","R","B",null,"R","$","E","B",null],"character_chosen":"THE_SILENT","items_purchased":["Backflip","Finesse","Pear","OrangePellets","PowerPotion"],"campfire_rested":0,"item_purchase_floors":[22,36,53,53,53],"current_hp_per_floor":[61,56,56,54,59,59,52,41,41,43,39,39,39,28,28,14,60,52,67,69,71,75,75,75,75,75,75,75,75,75,75,75,75,75,75,75,75,75,75,75,75,75,75,75,75,75,75,75,75,75,75,75,85,85,74],"gold":87,"neow_bonus":"REMOVE_TWO","is_daily":false,"chose_seed":false,"campfire_upgraded":8,"win_rate":0.0,"timestamp":1611929929,"path_taken":["M","M","M","M","?","R","?","E","T","M","M","R","?","?","R","BOSS","M","$","?","M","$","R","M","E","T","E","?","R","M","E","R","BOSS","M","$","M","M","M","E","R","E","T","M","?","E","?","E","R","BOSS","R","$","E","BOSS"],"items_purchased_type":["Card","Card","Relic","Relic","Potion"],"build_version":"2020-12-22","purchased_purges":4,"victory":true,"max_hp_per_floor":[70,70,70,70,75,75,75,75,75,75,75,75,75,75,75,75,75,75,75,75,75,75,75,75,75,75,75,75,75,75,75,75,75,75,75,75,75,75,75,75,75,75,75,75,75,75,75,75,75,75,75,75,85,85,85],"card_choices":[{"not_picked":["Sucker Punch","PiercingWail"],"picked":"Prepared","floor":1.0},{"not_picked":["Bane","Dagger Throw"],"picked":"Underhanded Strike","floor":2.0},{"not_picked":["Prepared","Masterful Stab"],"picked":"Dagger Throw","floor":3.0},{"not_picked":["Blade Dance","Deadly Poison"],"picked":"Grand Finale","floor":4.0},{"not_picked":["Dodge and Roll","Distraction","Skewer"],"picked":"SKIP","floor":8},{"not_picked":["Deflect","Crippling Poison","Sucker Punch"],"picked":"SKIP","floor":10},{"not_picked":["Flying Knee","Blade Dance","Leg Sweep"],"picked":"SKIP","floor":11},{"not_picked":["Slice","All Out Attack","PiercingWail"],"picked":"SKIP","floor":18},{"not_picked":["Blade Dance","Deflect"],"picked":"Adrenaline","floor":21},{"not_picked":["Dodge and Roll","Flechettes","Bouncing Flask"],"picked":"SKIP","floor":24},{"not_picked":["Blade Dance","Doppelganger"],"picked":"Acrobatics","floor":25},{"not_picked":["Cloak And Dagger","Terror","Blade Dance"],"picked":"SKIP","floor":27},{"not_picked":["A Thousand Cuts","Concentrate","Cloak And Dagger"],"picked":"SKIP","floor":30},{"not_picked":["Poisoned Stab","Acrobatics"],"picked":"Tactician","floor":31},{"not_picked":["Doppelganger","Corpse Explosion"],"picked":"Grand Finale","floor":33},{"not_picked":["Flying Knee","Riddle With Holes","Deflect"],"picked":"SKIP","floor":35},{"not_picked":["Endless Agony","Heel Hook","Blade Dance"],"picked":"SKIP","floor":37},{"not_picked":["Bane+1","Dodge and Roll+1","Flechettes"],"picked":"SKIP","floor":38},{"not_picked":["Finisher","Choke","Doppelganger"],"picked":"SKIP","floor":39},{"not_picked":["Flying Knee","Flechettes","Eviscerate"],"picked":"SKIP","floor":40},{"not_picked":["Prepared","Outmaneuver+1","Doppelganger"],"picked":"SKIP","floor":42},{"not_picked":["Heel Hook","Infinite Blades"],"picked":"Reflex+1","floor":44},{"not_picked":["Deflect","PiercingWail"],"picked":"Well Laid Plans","floor":46},{"not_picked":["Deadly Poison","PiercingWail+1","Reflex+1"],"picked":"SKIP","floor":48},{"not_picked":["Night Terror","Prepared","Acrobatics+1"],"picked":"SKIP","floor":54}],"player_experience":110050,"relics_obtained":[{"floor":8,"key":"Blood Vial"},{"floor":9,"key":"MealTicket"},{"floor":20,"key":"Red Mask"},{"floor":25,"key":"Lantern"},{"floor":27,"key":"Nunchaku"},{"floor":31,"key":"Old Coin"},{"floor":40,"key":"Paper Crane"},{"floor":42,"key":"Gambling Chip"},{"floor":43,"key":"Orichalcum"},{"floor":45,"key":"FossilizedHelix"},{"floor":46,"key":"Mummified Hand"},{"floor":47,"key":"Thread and Needle"},{"floor":48,"key":"Pocketwatch"},{"floor":54,"key":"Bottled Tornado"}],"event_choices":[{"damage_healed":0.0,"max_hp_gain":5.0,"max_hp_loss":0.0,"gold_gain":0.0,"event_name":"Big Fish","player_choice":"Donut","floor":5.0,"gold_loss":0.0,"damage_taken":0.0},{"cards_removed":["Strike_G"],"damage_healed":0.0,"max_hp_gain":0.0,"max_hp_loss":0.0,"gold_gain":0.0,"event_name":"Golden Wing","player_choice":"Card Removal","floor":7.0,"gold_loss":0.0,"damage_taken":7.0},{"cards_removed":["Strike_G"],"damage_healed":0,"gold_gain":0,"player_choice":"Card Removal","damage_taken":0,"max_hp_gain":0,"max_hp_loss":0,"event_name":"The Cleric","floor":13,"gold_loss":50},{"damage_healed":0,"gold_gain":75,"player_choice":"Gather Gold","damage_taken":11,"max_hp_gain":0,"max_hp_loss":0,"event_name":"World of Goop","floor":14,"gold_loss":0},{"damage_healed":0,"gold_gain":0,"player_choice":"Fought Bandits","damage_taken":0,"max_hp_gain":0,"max_hp_loss":0,"event_name":"Masked Bandits","floor":20,"gold_loss":0},{"damage_healed":0,"gold_gain":0,"player_choice":"Ignored","damage_taken":0,"max_hp_gain":0,"max_hp_loss":0,"event_name":"Vampires","floor":28,"gold_loss":0},{"damage_healed":0,"gold_gain":0,"player_choice":"Fight","damage_taken":0,"max_hp_gain":0,"max_hp_loss":0,"event_name":"MindBloom","floor":45,"gold_loss":0},{"damage_healed":0,"gold_gain":0,"player_choice":"Fight","damage_taken":0,"max_hp_gain":0,"max_hp_loss":0,"event_name":"Mysterious Sphere","floor":47,"gold_loss":0}],"is_beta":false,"boss_relics":[{"not_picked":["Ring of the Serpent","Sozu"],"picked":"Empty Cage"},{"not_picked":["SacredBark","Cursed Key"],"picked":"Philosopher\u0027s Stone"}],"items_purged_floors":[19,22,36,53],"is_endless":false,"potions_floor_spawned":[2,10,11,16,18,20,25,27,31,38,39,40,45,46,48],"ascension_level":13}}