{"host":"j4g6ia6asvpyu2b0","time":1611931840,"event":{"mods":["BaseMod","Colored Map","Minty Spire (QoL Compilation)","Permanent Neow","Quick Restart","Relic Stats","StSLib","Unceasing Turn Reminder"],"gold_per_floor":[118,130,141,157,157,192,203,235,235,262,279,279,310,326,326,425,425,440,456,474,573,495,495,528,528,552,578,598,618,651,662,662,758,758,775,624,639,656,656,683,683,714,714,734,734,767,767,795,795,795],"floor_reached":51,"language":"ENG","playtime":1980,"items_purged":[],"score":1293,"play_id":"67564492-23a4-438c-92d2-2995afb8d7cd","local_time":"20210129075040","is_ascension_mode":true,"campfire_choices":[{"data":"Pommel Strike","floor":12.0,"key":"SMITH"},{"data":"Clothesline","floor":15.0,"key":"SMITH"},{"data":"Shockwave","floor":23.0,"key":"SMITH"},{"floor":25.0,"key":"RECALL"},{"data":"Dual Wield","floor":32,"key":"SMITH"},{"data":"Feel No Pain","floor":45,"key":"SMITH"},{"data":"Shockwave","floor":49,"key":"SMITH"}],"circlet_count":0,"master_deck":["Strike_R","Strike_R","Strike_R","Strike_R","Strike_R","Defend_R","Defend_R","Defend_R","Defend_R","Bash+1","Perfected Strike","Pommel Strike+1","Cleave","Feel No Pain+1","Clothesline+1","Shrug It Off","Battle Trance","Clothesline","Flame Barrier","Metallicize+1","Barricade+1","Dual Wield+1","Shockwave+1","Bludgeon+1","Clothesline+1","Feed+1","Shockwave+1"],"relics":["Burning Blood","Incense Burner","Pantograph","Tiny Chest","StrikeDummy","Meat on the Bone","Frozen Egg 2","Snecko Eye","Singing Bowl","Bronze Scales","Molten Egg 2","Regal Pillow","Busted Crown","PrismaticShard","Bottled Tornado","Ancient Tea Set","Dead Branch","Bag of Marbles","Sundial"],"acts_visited":["Exordium","TheCity","TheBeyond"],"potions_floor_usage":[35,50],"damage_taken":[{"damage":1.0,"enemies":"Jaw Worm","floor":1.0,"turns":5.0},{"damage":1.0,"enemies":"Small Slimes","floor":2.0,"turns":4.0},{"damage":4.0,"enemies":"2 Louse","floor":3.0,"turns":4.0},{"damage":7.0,"enemies":"Looter","floor":4.0,"turns":3.0},{"damage":11.0,"enemies":"Lagavulin","floor":6.0,"turns":5.0},{"damage":23.0,"enemies":"Large Slime","floor":7.0,"turns":5.0},{"damage":15.0,"enemies":"3 Sentries","floor":8.0,"turns":7.0},{"damage":0.0,"enemies":"Gremlin Nob","floor":10.0,"turns":2.0},{"damage":0.0,"enemies":"Lots of Slimes","floor":11.0,"turns":3.0},{"damage":8.0,"enemies":"Lagavulin","floor":13.0,"turns":6.0},{"damage":2.0,"enemies":"Gremlin Gang","floor":14.0,"turns":4.0},{"damage":49.0,"enemies":"Hexaghost","floor":16.0,"turns":9.0},{"damage":6.0,"enemies":"Shell Parasite","floor":18.0,"turns":3.0},{"damage":2.0,"enemies":"Chosen","floor":19.0,"turns":5.0},{"damage":0.0,"enemies":"Centurion and Healer","floor":20.0,"turns":5.0},{"damage":0.0,"enemies":"Book of Stabbing","floor":24.0,"turns":3.0},{"damage":11.0,"enemies":"Gremlin Leader","floor":27.0,"turns":9.0},{"damage":0.0,"enemies":"Snecko","floor":28.0,"turns":3.0},{"damage":14.0,"enemies":"Sentry and Sphere","floor":29.0,"turns":5.0},{"damage":48,"enemies":"Book of Stabbing","floor":30,"turns":5},{"damage":3,"enemies":"Centurion and Healer","floor":31,"turns":4},{"damage":17,"enemies":"Champ","floor":33,"turns":9},{"damage":27,"enemies":"3 Darklings","floor":35,"turns":3},{"damage":3,"enemies":"3 Shapes","floor":37,"turns":6},{"damage":13,"enemies":"Spire Growth","floor":38,"turns":5},{"damage":21,"enemies":"Reptomancer","floor":40,"turns":6},{"damage":0,"enemies":"Nemesis","floor":42,"turns":2},{"damage":4,"enemies":"Sphere and 2 Shapes","floor":44,"turns":3},{"damage":39,"enemies":"Reptomancer","floor":46,"turns":6},{"damage":4,"enemies":"Giant Head","floor":48,"turns":5},{"damage":16,"enemies":"Donu and Deca","floor":50,"turns":6}],"seed_played":"2996188554845916168","potions_obtained":[{"floor":1.0,"key":"AttackPotion"},{"floor":3.0,"key":"Regen Potion"},{"floor":4.0,"key":"Explosive Potion"},{"floor":8.0,"key":"DuplicationPotion"},{"floor":10.0,"key":"DuplicationPotion"},{"floor":24.0,"key":"DistilledChaos"},{"floor":27.0,"key":"Fire Potion"},{"floor":33,"key":"FearPotion"},{"floor":35,"key":"PowerPotion"},{"floor":40,"key":"BloodPotion"}],"is_trial":false,"path_per_floor":["M","M","M","M","?","E","M","E","T","E","M","R","E","M","R","B",null,"M","M","M","?","$","R","E","R","T","E","M","M","E","M","R","B",null,"M","$","M","M","?","E","$","E","T","M","R","E","?","E","R","B",null],"character_chosen":"IRONCLAD","items_purchased":["Shockwave","PrismaticShard"],"campfire_rested":0,"item_purchase_floors":[22,36],"current_hp_per_floor":[72,72,72,71,71,66,49,40,40,46,52,52,50,54,54,41,64,64,68,72,72,72,72,74,74,74,69,76,70,40,57,57,69,77,60,60,69,64,60,59,59,67,67,75,75,60,60,76,76,91],"gold":795,"neow_bonus":"ONE_RARE_RELIC","is_daily":false,"chose_seed":false,"campfire_upgraded":6,"win_rate":0.0,"timestamp":1611931840,"path_taken":["M","M","M","M","?","E","M","E","T","E","M","R","E","M","R","BOSS","M","M","M","?","$","R","E","R","T","E","M","M","E","M","R","BOSS","M","$","M","M","?","E","$","E","T","M","R","E","?","E","R","BOSS"],"items_purchased_type":["Card","Relic"],"build_version":"2020-12-22","purchased_purges":0,"victory":true,"max_hp_per_floor":[72,72,72,72,72,72,72,72,72,72,72,72,72,72,72,72,72,72,72,72,72,72,72,74,74,74,74,76,78,78,80,80,80,80,84,84,90,92,98,100,100,102,102,108,108,114,114,116,116,116],"relic_stats":{"Regal Pillow":0,"Singing Bowl":28,"counters":[31,150],"Dead Branch":[45],"Burning Blood":165,"Busted Crown":22,"Sundial":[0],"Pantograph":66,"Bronze Scales":[188],"Snecko Eye":[222,171,190,153],"Tiny Chest":0,"obtain_stats":[{"Regal Pillow":30,"Singing Bowl":24,"Dead Branch":43,"Incense Burner":0,"Frozen Egg 2":13,"Bottled Tornado":40,"PrismaticShard":36,"Ancient Tea Set":42,"Burning Blood":0,"Busted Crown":34,"Sundial":48,"Pantograph":6,"Bronze Scales":26,"Snecko Eye":17,"Tiny Chest":8,"Molten Egg 2":27,"Bag of Marbles":46,"StrikeDummy":9,"Meat on the Bone":10},{"Regal Pillow":20,"Singing Bowl":16,"Dead Branch":27,"Incense Burner":0,"Frozen Egg 2":10,"Bottled Tornado":26,"PrismaticShard":23,"Ancient Tea Set":27,"Burning Blood":0,"Busted Crown":22,"Sundial":30,"Pantograph":5,"Bronze Scales":16,"Snecko Eye":12,"Tiny Chest":7,"Molten Egg 2":17,"Bag of Marbles":29,"StrikeDummy":7,"Meat on the Bone":8},{"Regal Pillow":95,"Singing Bowl":73,"Dead Branch":130,"Incense Burner":0,"Frozen Egg 2":44,"Bottled Tornado":128,"PrismaticShard":111,"Ancient Tea Set":130,"Burning Blood":0,"Busted Crown":108,"Sundial":144,"Pantograph":21,"Bronze Scales":73,"Snecko Eye":57,"Tiny Chest":33,"Molten Egg 2":82,"Bag of Marbles":139,"StrikeDummy":33,"Meat on the Bone":35}],"Meat on the Bone":72},"card_choices":[{"not_picked":["Carnage","Fire Breathing"],"picked":"Pommel Strike","floor":1.0},{"not_picked":["Sentinel","Intimidate"],"picked":"Perfected Strike","floor":2.0},{"not_picked":["Hemokinesis","Feel No Pain"],"picked":"Pommel Strike","floor":3.0},{"not_picked":["Combust","Body Slam"],"picked":"Cleave","floor":4.0},{"not_picked":["Fiend Fire","Rupture"],"picked":"Feel No Pain","floor":6.0},{"not_picked":["Headbutt","Combust"],"picked":"Clothesline","floor":7.0},{"not_picked":["Twin Strike","Armaments"],"picked":"Shrug It Off","floor":8.0},{"not_picked":["Metallicize","Combust"],"picked":"Battle Trance","floor":10.0},{"not_picked":["Twin Strike","Clash"],"picked":"Clothesline","floor":11.0},{"not_picked":["Rampage","Clash"],"picked":"Flame Barrier","floor":13.0},{"not_picked":["Iron Wave","Dropkick"],"picked":"Metallicize+1","floor":14.0},{"not_picked":["Bludgeon","Immolate"],"picked":"Barricade+1","floor":16.0},{"not_picked":["Wild Strike+1","Clash","Headbutt"],"picked":"SKIP","floor":18.0},{"not_picked":["Second Wind","Battle Trance+1","Clash"],"picked":"SKIP","floor":19.0},{"not_picked":["True Grit+1","Rage"],"picked":"Dual Wield","floor":20.0},{"not_picked":["Headbutt+1","Cleave+1","Thunderclap"],"picked":"Singing Bowl","floor":24.0},{"not_picked":["Body Slam+1","Warcry"],"picked":"Bludgeon+1","floor":27.0},{"not_picked":["Havoc","Feel No Pain+1","Power Through"],"picked":"Singing Bowl","floor":28.0},{"not_picked":["Body Slam+1","Evolve+1","Power Through"],"picked":"Singing Bowl","floor":29.0},{"not_picked":["Cleave+1","Berserk+1"],"picked":"Clothesline+1","floor":30},{"not_picked":["Sword Boomerang+1","Havoc","Sever Soul+1"],"picked":"Singing Bowl","floor":31},{"not_picked":["Berserk+1","Limit Break"],"picked":"Feed+1","floor":33},{"not_picked":[],"picked":"Shockwave","floor":35},{"not_picked":["Steam"],"picked":"Singing Bowl","floor":37},{"not_picked":["Twin Strike+1"],"picked":"Singing Bowl","floor":38},{"not_picked":["Thinking Ahead"],"picked":"Singing Bowl","floor":39},{"not_picked":["Bandage Up"],"picked":"Singing Bowl","floor":39},{"not_picked":["Mind Blast+1"],"picked":"Singing Bowl","floor":39},{"not_picked":["Deadly Poison+1"],"picked":"Singing Bowl","floor":40},{"not_picked":["Clothesline+1"],"picked":"Singing Bowl","floor":42},{"not_picked":["White Noise+1"],"picked":"Singing Bowl","floor":44},{"not_picked":["Hemokinesis+1"],"picked":"Singing Bowl","floor":46},{"not_picked":["Twin Strike+1"],"picked":"Singing Bowl","floor":48}],"player_experience":1077236,"relics_obtained":[{"floor":6.0,"key":"Pantograph"},{"floor":8.0,"key":"Tiny Chest"},{"floor":9.0,"key":"StrikeDummy"},{"floor":10.0,"key":"Meat on the Bone"},{"floor":13.0,"key":"Frozen Egg 2"},{"floor":24.0,"key":"Singing Bowl"},{"floor":26.0,"key":"Bronze Scales"},{"floor":27.0,"key":"Molten Egg 2"},{"floor":30,"key":"Regal Pillow"},{"floor":40,"key":"Bottled Tornado"},{"floor":42,"key":"Ancient Tea Set"},{"floor":43,"key":"Dead Branch"},{"floor":46,"key":"Bag of Marbles"},{"floor":48,"key":"Sundial"}],"event_choices":[{"damage_healed":0.0,"max_hp_gain":0.0,"max_hp_loss":0.0,"gold_gain":0.0,"event_name":"Living Wall","player_choice":"Grow","floor":5.0,"gold_loss":0.0,"damage_taken":0.0,"cards_upgraded":["Bash"]},{"damage_healed":0.0,"max_hp_gain":0.0,"max_hp_loss":0.0,"gold_gain":99.0,"event_name":"Nest","player_choice":"Stole From Cult","floor":21.0,"gold_loss":0.0,"damage_taken":0.0},{"damage_healed":0,"gold_gain":0,"player_choice":"Memory 3","damage_taken":10,"max_hp_gain":0,"max_hp_loss":0,"event_name":"SensoryStone","floor":39,"gold_loss":0},{"cards_removed":["Pommel Strike"],"damage_healed":0,"gold_gain":0,"player_choice":"Removed Attack","damage_taken":0,"max_hp_gain":0,"max_hp_loss":0,"event_name":"Falling","floor":47,"gold_loss":0}],"is_beta":false,"boss_relics":[{"not_picked":["Empty Cage","Runic Cube"],"picked":"Snecko Eye"},{"not_picked":["Runic Pyramid","Sozu"],"picked":"Busted Crown"}],"items_purged_floors":[],"is_endless":false,"potions_floor_spawned":[1,3,4,8,10,11,24,27,28,33,35,40,48],"ascension_level":7}}