{"host":"8by3m8mve9y2rhh4","time":1611879542,"event":{"mods":["BaseMod","Minty Spire (QoL Compilation)","Quick Restart"],"gold_per_floor":[117,129,142,217,217,245,259,259,259,269,285,285,46,46,46,146,146,160,179,179,189,41,41,66,66,66,95,5,24,50,62,62,159,209,225,235,185,202,202,227,227,255,255,288,30,44,44,144,144,144,144,144,43,74,74],"floor_reached":56,"language":"ENG","playtime":3253,"items_purged":["Regret","Strike_G","Strike_G","Defend_G"],"score":1397,"play_id":"4b824e0a-4849-475a-98ac-4b8e9de71105","local_time":"20210129001902","is_ascension_mode":true,"campfire_choices":[{"floor":8,"key":"REST"},{"floor":12,"key":"REST"},{"floor":15,"key":"RECALL"},{"floor":23,"key":"REST"},{"floor":25,"key":"REST"},{"floor":32,"key":"REST"},{"floor":41,"key":"REST"},{"floor":49,"key":"REST"},{"floor":52,"key":"REST"}],"circlet_count":0,"master_deck":["Defend_G","Defend_G","Defend_G","Defend_G","Survivor+1","Bouncing Flask","Poisoned Stab","Backstab","Escape Plan","Adrenaline+1","Night Terror+1","Leg Sweep+1","Dash+1","Cloak And Dagger+1","Blade Dance+1","Footwork","Panacea","Dodge and Roll","Leg Sweep","Dodge and Roll","Accuracy","Dodge and Roll","After Image","Backstab+1","Cloak And Dagger+1","Backflip+1","Terror+1","Footwork","Flash of Steel+1","Blur","Dodge and Roll","Night Terror"],"relics":["Fusion Hammer","Kunai","The Courier","Gremlin Horn","Regal Pillow","Pantograph","Astrolabe","Smiling Mask","Letter Opener","War Paint","Bottled Lightning","Tiny House","Oddly Smooth Stone","Molten Egg 2","Ninja Scroll","Shuriken","Nunchaku"],"acts_visited":["Exordium","TheCity","TheBeyond","TheEnding"],"potions_floor_usage":[16,30,30,31,38,55,55,55],"damage_taken":[{"damage":0,"enemies":"Jaw Worm","floor":1,"turns":4},{"damage":0,"enemies":"Cultist","floor":2,"turns":3},{"damage":0,"enemies":"2 Louse","floor":3,"turns":2},{"damage":33,"enemies":"3 Sentries","floor":6,"turns":11},{"damage":1,"enemies":"Looter","floor":7,"turns":4},{"damage":4,"enemies":"Red Slaver","floor":10,"turns":3},{"damage":2,"enemies":"Large Slime","floor":11,"turns":8},{"damage":26,"enemies":"The Guardian","floor":16,"turns":9},{"damage":0,"enemies":"Shell Parasite","floor":18,"turns":5},{"damage":0,"enemies":"3 Byrds","floor":19,"turns":5},{"damage":16,"enemies":"Sentry and Sphere","floor":21,"turns":5},{"damage":20,"enemies":"Book of Stabbing","floor":24,"turns":7},{"damage":6,"enemies":"Gremlin Leader","floor":27,"turns":9},{"damage":0,"enemies":"Snake Plant","floor":29,"turns":4},{"damage":0,"enemies":"Slavers","floor":30,"turns":5},{"damage":1,"enemies":"Centurion and Healer","floor":31,"turns":8},{"damage":5,"enemies":"Champ","floor":33,"turns":17},{"damage":1,"enemies":"Orb Walker","floor":35,"turns":3},{"damage":0,"enemies":"3 Darklings","floor":36,"turns":6},{"damage":0,"enemies":"Sphere and 2 Shapes","floor":38,"turns":7},{"damage":1,"enemies":"Nemesis","floor":40,"turns":9},{"damage":0,"enemies":"Reptomancer","floor":42,"turns":5},{"damage":0,"enemies":"Giant Head","floor":44,"turns":5},{"damage":7,"enemies":"Writhing Mass","floor":46,"turns":6},{"damage":16,"enemies":"Time Eater","floor":50,"turns":17},{"damage":17,"enemies":"Shield and Spear","floor":54,"turns":13},{"damage":25,"enemies":"The Heart","floor":55,"turns":15}],"seed_played":"-1268603808210290528","potions_obtained":[{"floor":1,"key":"PowerPotion"},{"floor":7,"key":"Dexterity Potion"},{"floor":10,"key":"Ancient Potion"},{"floor":16,"key":"Ancient Potion"},{"floor":30,"key":"Fruit Juice"},{"floor":33,"key":"SneckoOil"},{"floor":34,"key":"GhostInAJar"},{"floor":35,"key":"Explosive Potion"},{"floor":38,"key":"BlessingOfTheForge"},{"floor":54,"key":"Block Potion"}],"is_trial":false,"path_per_floor":["M","M","M","?","?","E","M","R","T","M","M","R","$","?","R","B",null,"M","M","?","M","$","R","E","R","T","E","$","M","E","M","R","B",null,"M","M","$","M","?","E","R","E","T","E","$","M","?","?","R","B",null,"R","$","E","B",null],"character_chosen":"THE_SILENT","items_purchased":["Regal Pillow","Escape Plan","Panacea","Dodge and Roll","Shuriken","Footwork","Blur","Dodge and Roll"],"campfire_rested":8,"item_purchase_floors":[13,13,22,28,45,45,53,53],"current_hp_per_floor":[70,70,70,59,59,26,25,46,46,42,40,61,61,61,61,44,70,70,70,70,54,54,70,50,70,70,64,64,64,64,68,75,70,80,79,79,79,79,79,78,80,80,80,80,80,73,73,73,80,64,80,80,80,63,55],"gold":74,"neow_bonus":"BOSS_RELIC","is_daily":false,"chose_seed":false,"campfire_upgraded":0,"win_rate":0.0,"timestamp":1611879542,"path_taken":["M","M","M","?","?","E","M","R","T","M","M","R","$","?","R","BOSS","M","?","?","M","$","R","E","R","T","E","$","M","E","M","R","BOSS","M","M","$","M","?","E","R","E","T","E","$","M","?","?","R","BOSS","R","$","E","BOSS"],"items_purchased_type":["Relic","Card","Card","Card","Relic","Card","Card","Card"],"build_version":"2020-12-22","purchased_purges":4,"victory":true,"max_hp_per_floor":[70,70,70,70,70,70,70,70,70,70,70,70,70,70,70,70,70,70,70,70,70,70,70,70,70,70,70,70,70,70,75,75,75,80,80,80,80,80,80,80,80,80,80,80,80,80,80,80,80,80,80,80,80,80,80],"card_choices":[{"not_picked":["Finisher","Deflect"],"picked":"Bouncing Flask","floor":1},{"not_picked":["Outmaneuver","Dash"],"picked":"Poisoned Stab","floor":2},{"not_picked":["Heel Hook","Quick Slash","Concentrate"],"picked":"SKIP","floor":3},{"not_picked":["Quick Slash","Heel Hook","Concentrate"],"picked":"SKIP","floor":6},{"not_picked":["Dagger Throw","Dagger Spray"],"picked":"PiercingWail","floor":7},{"not_picked":["All Out Attack","Flying Knee","Deflect"],"picked":"SKIP","floor":10},{"not_picked":["Underhanded Strike","Quick Slash"],"picked":"Backstab","floor":11},{"not_picked":["Phantasmal Killer","Doppelganger"],"picked":"Adrenaline","floor":16},{"not_picked":["Crippling Poison","Deflect"],"picked":"Cloak And Dagger+1","floor":18},{"not_picked":["Deflect","Dash"],"picked":"Blade Dance","floor":19},{"not_picked":["Quick Slash","Finisher+1","Choke"],"picked":"SKIP","floor":21},{"not_picked":["Quick Slash","Finisher+1","Choke"],"picked":"SKIP","floor":21},{"not_picked":["Doppelganger","Slice"],"picked":"Dodge and Roll","floor":24},{"not_picked":["Calculated Gamble","Outmaneuver+1"],"picked":"Leg Sweep","floor":27},{"not_picked":["Blade Dance","Crippling Poison","PiercingWail"],"picked":"SKIP","floor":29},{"not_picked":["Finisher","Blade Dance"],"picked":"Accuracy","floor":30},{"not_picked":["Deadly Poison+1","Eviscerate"],"picked":"Dodge and Roll","floor":31},{"not_picked":["Unload","Storm of Steel"],"picked":"After Image","floor":33},{"not_picked":["Acrobatics","Predator"],"picked":"Backstab+1","floor":34},{"not_picked":["Dagger Spray","Backstab+1"],"picked":"Cloak And Dagger+1","floor":35},{"not_picked":["Outmaneuver","Predator+1"],"picked":"Backflip+1","floor":36},{"not_picked":["Underhanded Strike+1","Blade Dance"],"picked":"Terror+1","floor":38},{"not_picked":["Well Laid Plans+1","Sucker Punch+1","Wraith Form v2"],"picked":"SKIP","floor":40},{"not_picked":["Masterful Stab+1","Acrobatics+1","Prepared"],"picked":"SKIP","floor":42},{"not_picked":["Dagger Throw+1","Dagger Spray+1","Die Die Die+1"],"picked":"SKIP","floor":44},{"not_picked":["Underhanded Strike+1","Blade Dance","Dagger Spray+1"],"picked":"SKIP","floor":46},{"not_picked":["Madness","Master of Strategy"],"picked":"Flash of Steel+1","floor":47},{"not_picked":["Sucker Punch+1","Acrobatics"],"picked":"Night Terror","floor":54}],"player_experience":739281,"relics_obtained":[{"floor":6,"key":"The Courier"},{"floor":9,"key":"Gremlin Horn"},{"floor":24,"key":"Smiling Mask"},{"floor":26,"key":"Letter Opener"},{"floor":27,"key":"War Paint"},{"floor":30,"key":"Bottled Lightning"},{"floor":40,"key":"Oddly Smooth Stone"},{"floor":42,"key":"Molten Egg 2"},{"floor":44,"key":"Ninja Scroll"},{"floor":54,"key":"Nunchaku"}],"event_choices":[{"damage_healed":0,"gold_gain":75,"player_choice":"Gather Gold","damage_taken":11,"max_hp_gain":0,"max_hp_loss":0,"event_name":"World of Goop","floor":4,"gold_loss":0},{"damage_healed":0,"gold_gain":0,"player_choice":"Box","damage_taken":0,"relics_obtained":["Kunai"],"max_hp_gain":0,"max_hp_loss":0,"event_name":"Big Fish","floor":5,"gold_loss":0,"cards_obtained":["Regret"]},{"cards_removed":["PiercingWail"],"damage_healed":0,"gold_gain":0,"player_choice":"Gave Card","damage_taken":0,"relics_obtained":["Pantograph"],"max_hp_gain":0,"max_hp_loss":0,"event_name":"WeMeetAgain","floor":14,"gold_loss":0},{"damage_healed":0,"gold_gain":0,"player_choice":"Read","damage_taken":0,"max_hp_gain":0,"max_hp_loss":0,"event_name":"The Library","floor":20,"gold_loss":0,"cards_obtained":["Footwork"]},{"cards_removed":["Neutralize"],"damage_healed":0,"gold_gain":0,"player_choice":"Removed Attack","damage_taken":0,"max_hp_gain":0,"max_hp_loss":0,"event_name":"Falling","floor":39,"gold_loss":0},{"damage_healed":0,"gold_gain":0,"player_choice":"Memory 1","damage_taken":0,"max_hp_gain":0,"max_hp_loss":0,"event_name":"SensoryStone","floor":47,"gold_loss":0},{"damage_healed":0,"gold_gain":100,"player_choice":"Pray","damage_taken":0,"max_hp_gain":0,"max_hp_loss":0,"event_name":"Golden Shrine","floor":48,"gold_loss":0}],"is_beta":false,"boss_relics":[{"not_picked":["Pandora\u0027s Box","WristBlade"],"picked":"Astrolabe"},{"not_picked":["HoveringKite","Velvet Choker"],"picked":"Tiny House"}],"items_purged_floors":[13,22,28,37],"is_endless":false,"potions_floor_spawned":[1,7,10,16,21,24,29,30,33,35,38,54],"ascension_level":1}}