{"host":"zk71suw73lg2r165","time":1611888561,"event":{"mods":["BaseMod","Colored Map","Minty Spire (QoL Compilation)","Permanent Neow","Relic Stats","StSLib"],"gold_per_floor":[15,15,31,41,61,91,91,108,131,131,142,142,177,204,204,275,275,295,295,87,87,0,33,33,63,63,13,40,40,53,103,103,103,103],"floor_reached":33,"language":"ENG","playtime":1153,"items_purged":["Strike_B","Strike_B"],"score":647,"play_id":"06ee6b34-34fe-46e7-9f89-ab24b55398aa","local_time":"20210128214921","is_ascension_mode":true,"campfire_choices":[{"data":"Defragment","floor":7.0,"key":"SMITH"},{"data":"Static Discharge","floor":10.0,"key":"SMITH"},{"data":"Hologram","floor":12.0,"key":"SMITH"},{"data":"Sunder","floor":15.0,"key":"SMITH"},{"data":"Biased Cognition","floor":24.0,"key":"SMITH"},{"floor":29.0,"key":"REST"},{"data":"Doom and Gloom","floor":32.0,"key":"SMITH"}],"circlet_count":0,"master_deck":["AscendersBane","Strike_B","Defend_B","Defend_B","Defend_B","Defend_B","Zap","Dualcast","Conserve Battery","Self Repair","Core Surge","Steam","Coolheaded","Go for the Eyes","Defragment+1","Static Discharge+1","Sunder+1","Hologram+1","White Noise","Biased Cognition+1","Doom and Gloom+1","Undo+1","Turbo","Coolheaded+1"],"relics":["FrozenCore","FossilizedHelix","Blue Candle","Smiling Mask","Bag of Marbles","Juzu Bracelet","Akabeko","Lee\u0027s Waffle","Strawberry","Art of War","Matryoshka","PreservedInsect"],"acts_visited":["Exordium","TheCity"],"potions_floor_usage":[33],"damage_taken":[{"damage":4.0,"enemies":"2 Louse","floor":1.0,"turns":3.0},{"damage":0.0,"enemies":"Cultist","floor":3.0,"turns":4.0},{"damage":0.0,"enemies":"Jaw Worm","floor":4.0,"turns":4.0},{"damage":13.0,"enemies":"Gremlin Gang","floor":5.0,"turns":6.0},{"damage":17.0,"enemies":"Lagavulin","floor":6.0,"turns":6.0},{"damage":2.0,"enemies":"2 Fungi Beasts","floor":8.0,"turns":4.0},{"damage":0.0,"enemies":"Large Slime","floor":11.0,"turns":4.0},{"damage":32.0,"enemies":"Gremlin Nob","floor":13.0,"turns":5.0},{"damage":1.0,"enemies":"Slime Boss","floor":16.0,"turns":8.0},{"damage":0.0,"enemies":"Chosen","floor":18.0,"turns":6.0},{"damage":0.0,"enemies":"2 Thieves","floor":22.0,"turns":5.0},{"damage":28.0,"enemies":"Slavers","floor":23.0,"turns":4.0},{"damage":43.0,"enemies":"Gremlin Leader","floor":25.0,"turns":5.0},{"damage":17.0,"enemies":"Book of Stabbing","floor":28.0,"turns":6.0},{"damage":8.0,"enemies":"Snake Plant","floor":30.0,"turns":7.0},{"damage":53,"enemies":"Automaton","floor":33,"turns":8}],"seed_played":"-7748767202771790940","potions_obtained":[{"floor":4.0,"key":"DuplicationPotion"},{"floor":5.0,"key":"AttackPotion"},{"floor":6.0,"key":"FearPotion"},{"floor":13.0,"key":"Fruit Juice"},{"floor":16.0,"key":"SkillPotion"},{"floor":18.0,"key":"FearPotion"},{"floor":23.0,"key":"FearPotion"},{"floor":25.0,"key":"PotionOfCapacity"}],"is_trial":false,"path_per_floor":["M","?","M","M","M","E","R","M","T","R","M","R","E","T","R","B",null,"M","?","$","?","M","E","R","E","T","$","E","R","M","?","R","B"],"character_chosen":"DEFECT","items_purchased":["Lee\u0027s Waffle"],"campfire_rested":1,"item_purchase_floors":[20],"current_hp_per_floor":[60,60,67,71,65,55,55,60,60,60,67,67,42,42,42,53,70,76,76,83,83,83,69,69,33,33,33,23,50,49,49,49,0,0],"gold":103,"neow_bonus":"ONE_RARE_RELIC","is_daily":false,"chose_seed":false,"campfire_upgraded":6,"win_rate":0.0,"timestamp":1611888561,"path_taken":["M","?","M","M","M","E","R","M","T","R","?","R","E","?","R","BOSS","M","?","$","?","M","E","R","E","T","?","E","R","M","?","R","BOSS"],"items_purchased_type":["Relic"],"build_version":"2020-12-22","purchased_purges":2,"victory":false,"max_hp_per_floor":[71,71,71,71,71,71,71,71,71,71,71,71,71,71,71,76,76,76,76,83,83,83,90,90,90,90,90,90,90,90,90,90,90,90],"relic_stats":{"Lee\u0027s Waffle":7,"counters":[16,85],"Blue Candle":[0],"PreservedInsect":0,"Juzu Bracelet":2,"Art of War":[7],"Smiling Mask":75,"obtain_stats":[{"Lee\u0027s Waffle":20,"Blue Candle":6,"PreservedInsect":28,"Juzu Bracelet":14,"Smiling Mask":9,"Akabeko":19,"FrozenCore":17,"Matryoshka":26,"Strawberry":23,"Bag of Marbles":13,"Art of War":25,"Cracked Core":0,"FossilizedHelix":0},{"Lee\u0027s Waffle":10,"Blue Candle":5,"PreservedInsect":14,"Juzu Bracelet":8,"Smiling Mask":6,"Akabeko":10,"FrozenCore":9,"Matryoshka":13,"Strawberry":12,"Bag of Marbles":8,"Art of War":13,"Cracked Core":0,"FossilizedHelix":0},{"Lee\u0027s Waffle":50,"Blue Candle":23,"PreservedInsect":70,"Juzu Bracelet":36,"Smiling Mask":27,"Akabeko":50,"FrozenCore":44,"Matryoshka":64,"Strawberry":59,"Bag of Marbles":36,"Art of War":64,"Cracked Core":0,"FossilizedHelix":0}],"FrozenCore":[13]},"card_choices":[{"not_picked":["Redo","Streamline"],"picked":"Conserve Battery","floor":1.0},{"not_picked":["Gash","Chaos"],"picked":"Coolheaded","floor":3.0},{"not_picked":["Turbo","Rebound"],"picked":"Go for the Eyes","floor":4.0},{"not_picked":["Cold Snap","Thunder Strike"],"picked":"Defragment","floor":5.0},{"not_picked":["Double Energy","Scrape"],"picked":"Static Discharge","floor":6.0},{"not_picked":["Sweeping Beam","Steam"],"picked":"Sunder","floor":8.0},{"not_picked":["Streamline","Beam Cell"],"picked":"Hologram","floor":11.0},{"not_picked":["Tempest","Chaos"],"picked":"White Noise","floor":13.0},{"not_picked":["Seek","Amplify"],"picked":"Biased Cognition","floor":16.0},{"not_picked":["Sweeping Beam","Beam Cell"],"picked":"Doom and Gloom","floor":18.0},{"not_picked":["Skim","Go for the Eyes"],"picked":"Undo+1","floor":22.0},{"not_picked":["Defragment","Static Discharge"],"picked":"Turbo","floor":23.0},{"not_picked":["Streamline","Hologram"],"picked":"Coolheaded+1","floor":25.0},{"not_picked":["Undo+1","Steam","Rebound"],"picked":"SKIP","floor":28.0},{"not_picked":["Stack","Tempest","Lockon"],"picked":"SKIP","floor":30.0}],"player_experience":1410009,"relics_obtained":[{"floor":6.0,"key":"Blue Candle"},{"floor":9.0,"key":"Smiling Mask"},{"floor":13.0,"key":"Bag of Marbles"},{"floor":14.0,"key":"Juzu Bracelet"},{"floor":23.0,"key":"Strawberry"},{"floor":25.0,"key":"Art of War"},{"floor":26.0,"key":"Matryoshka"},{"floor":28.0,"key":"PreservedInsect"}],"event_choices":[{"damage_healed":0.0,"max_hp_gain":0.0,"max_hp_loss":0.0,"gold_gain":0.0,"event_name":"Match and Keep!","player_choice":"3 cards matched","floor":2.0,"gold_loss":0.0,"damage_taken":0.0,"cards_obtained":["Self Repair","Core Surge","Steam"]},{"damage_healed":0.0,"max_hp_gain":0.0,"max_hp_loss":0.0,"gold_gain":0.0,"event_name":"WeMeetAgain","player_choice":"Gave Potion","floor":19.0,"gold_loss":0.0,"damage_taken":0.0,"relics_obtained":["Akabeko"]},{"cards_removed":["Strike_B"],"damage_healed":0.0,"max_hp_gain":0.0,"max_hp_loss":0.0,"gold_gain":0.0,"event_name":"Purifier","player_choice":"Purged","floor":21.0,"gold_loss":0.0,"damage_taken":0.0},{"damage_healed":0.0,"max_hp_gain":0.0,"max_hp_loss":0.0,"gold_gain":50.0,"event_name":"Nest","player_choice":"Stole From Cult","floor":31.0,"gold_loss":0.0,"damage_taken":0.0}],"is_beta":false,"boss_relics":[{"not_picked":["Philosopher\u0027s Stone","Runic Dome"],"picked":"FrozenCore"}],"items_purged_floors":[20,27],"is_endless":false,"potions_floor_spawned":[4,5,6,13,16,18,23,25],"killed_by":"Automaton","ascension_level":20}}