{"host":"wha9hktbkslqvblg","time":1611925880,"event":{"mods":["BaseMod","Colored Map","Minty Spire (QoL Compilation)","Relic Stats","SuperFastMode","everything is the same but u backflip on backflip"],"gold_per_floor":[114,114,133,144,45,70,70,103,126,126,158,176,204,215,215,287,287,302,313,170,170,0,0,0,0,54,54,54,54,54],"floor_reached":29,"language":"KOR","playtime":460,"items_purged":["Defend_P","Strike_P"],"score":598,"play_id":"e65157c6-f613-47b5-80b6-6fcb3bebe660","local_time":"20210129221120","is_ascension_mode":true,"campfire_choices":[{"floor":7.0,"key":"REST"},{"data":"FlurryOfBlows","floor":10.0,"key":"SMITH"},{"data":"Halt","floor":15.0,"key":"SMITH"},{"floor":23,"key":"REST"}],"circlet_count":0,"master_deck":["AscendersBane","Strike_P","Strike_P","Strike_P","Defend_P","Defend_P","Defend_P+1","Eruption+1","Vigilance+1","Tantrum","FlurryOfBlows+1","FearNoEvil","Halt+1","TalkToTheHand"],"relics":["HolyWater","NeowsBlessing","MealTicket","Omamori","War Paint","Bag of Marbles","Orichalcum","Matryoshka","StrikeDummy"],"acts_visited":["Exordium","TheCity"],"potions_floor_usage":[],"damage_taken":[{"damage":0.0,"enemies":"Jaw Worm","floor":1.0,"turns":1.0},{"damage":0.0,"enemies":"Cultist","floor":3.0,"turns":1.0},{"damage":0.0,"enemies":"2 Louse","floor":4.0,"turns":1.0},{"damage":42.0,"enemies":"3 Sentries","floor":6.0,"turns":6.0},{"damage":0.0,"enemies":"Gremlin Nob","floor":8.0,"turns":2.0},{"damage":0.0,"enemies":"3 Sentries","floor":11.0,"turns":2.0},{"damage":5.0,"enemies":"Blue Slaver","floor":12.0,"turns":2.0},{"damage":8.0,"enemies":"Lagavulin","floor":13.0,"turns":3.0},{"damage":0.0,"enemies":"Looter","floor":14.0,"turns":1.0},{"damage":8.0,"enemies":"Hexaghost","floor":16.0,"turns":7.0},{"damage":0.0,"enemies":"Chosen","floor":18.0,"turns":3.0},{"damage":53.0,"enemies":"Shell Parasite","floor":19.0,"turns":7.0},{"damage":0,"enemies":"Centurion and Healer","floor":29,"turns":1}],"seed_played":"5024422479265654931","potions_obtained":[{"floor":3.0,"key":"FearPotion"},{"floor":6.0,"key":"SteroidPotion"},{"floor":8.0,"key":"Strength Potion"},{"floor":13.0,"key":"EssenceOfSteel"}],"is_trial":false,"path_per_floor":["M","?","M","M","$","E","R","E","T","R","E","M","E","M","R","B",null,"M","M","$","?","?","R","?","?","T","$","$","M"],"character_chosen":"WATCHER","items_purchased":["FlurryOfBlows","TalkToTheHand"],"campfire_rested":2,"item_purchase_floors":[5,20],"current_hp_per_floor":[61,61,61,61,61,19,39,39,39,39,39,34,26,26,26,18,56,56,3,18,18,18,38,38,19,19,34,49,49,49],"gold":54,"neow_bonus":"THREE_ENEMY_KILL","is_daily":false,"chose_seed":false,"campfire_upgraded":2,"win_rate":0.0,"timestamp":1611925880,"path_taken":["M","?","?","M","$","E","R","E","T","R","E","M","E","M","R","BOSS","M","M","$","?","?","R","?","?","T","?","$","?"],"items_purchased_type":["Card","Card"],"build_version":"2020-12-22","purchased_purges":2,"victory":false,"max_hp_per_floor":[68,68,68,68,68,68,68,68,68,68,68,68,68,68,68,68,68,68,68,68,68,68,68,68,73,73,73,73,73,73],"relic_stats":{"counters":[13,37],"MealTicket":45,"War Paint":["Defend_P","Vigilance"],"Orichalcum":[24],"obtain_stats":[{"Matryoshka":24,"NeowsBlessing":0,"HolyWater":17,"MealTicket":6,"Omamori":8,"Bag of Marbles":11,"PureWater":0,"War Paint":9,"Orichalcum":13,"StrikeDummy":26},{"Matryoshka":12,"NeowsBlessing":0,"HolyWater":10,"MealTicket":4,"Omamori":5,"Bag of Marbles":6,"PureWater":0,"War Paint":5,"Orichalcum":8,"StrikeDummy":12},{"Matryoshka":36,"NeowsBlessing":0,"HolyWater":26,"MealTicket":9,"Omamori":11,"Bag of Marbles":13,"PureWater":0,"War Paint":11,"Orichalcum":18,"StrikeDummy":36}]},"card_choices":[{"not_picked":["EmptyBody","Prostrate","SashWhip"],"picked":"SKIP","floor":1.0},{"not_picked":["Consecrate","Crescendo","BattleHymn"],"picked":"SKIP","floor":3.0},{"not_picked":["FlyingSleeves","ClearTheMind"],"picked":"Tantrum","floor":4.0},{"not_picked":["Tantrum","PathToVictory"],"picked":"FearNoEvil","floor":6.0},{"not_picked":["EmptyMind","Vengeance","FollowUp"],"picked":"SKIP","floor":8.0},{"not_picked":["Weave","CarveReality"],"picked":"Halt","floor":11.0},{"not_picked":["Wireheading","JustLucky","Brilliance"],"picked":"SKIP","floor":12.0},{"not_picked":["ThirdEye","LikeWater","Sanctity"],"picked":"SKIP","floor":13.0},{"not_picked":["ReachHeaven","Weave","Nirvana"],"picked":"SKIP","floor":14.0},{"not_picked":["CarveReality","JustLucky","Consecrate"],"picked":"SKIP","floor":18.0},{"not_picked":["FlurryOfBlows","Wallop","LikeWater"],"picked":"SKIP","floor":19.0}],"player_experience":991699,"relics_obtained":[{"floor":6.0,"key":"MealTicket"},{"floor":8.0,"key":"Omamori"},{"floor":9.0,"key":"War Paint"},{"floor":11.0,"key":"Bag of Marbles"},{"floor":13.0,"key":"Orichalcum"},{"floor":26,"key":"StrikeDummy"}],"event_choices":[{"damage_healed":0.0,"max_hp_gain":0.0,"max_hp_loss":0.0,"gold_gain":0.0,"event_name":"Upgrade Shrine","player_choice":"Upgraded","floor":2.0,"gold_loss":0.0,"damage_taken":0.0,"cards_upgraded":["Eruption"]},{"damage_healed":0.0,"max_hp_gain":0.0,"max_hp_loss":0.0,"gold_gain":0.0,"event_name":"Cursed Tome","player_choice":"Ignored","floor":21.0,"gold_loss":0.0,"damage_taken":0.0},{"damage_healed":0,"gold_gain":0,"player_choice":"Paid Fearfully","damage_taken":0,"max_hp_gain":0,"max_hp_loss":0,"event_name":"Masked Bandits","floor":22,"gold_loss":170},{"damage_healed":0,"gold_gain":0,"player_choice":"Stole Relic","damage_taken":0,"relics_obtained":["Matryoshka"],"max_hp_gain":0,"max_hp_loss":0,"event_name":"Addict","floor":24,"gold_loss":0,"cards_obtained":["Shame"]},{"damage_healed":0,"gold_gain":0,"player_choice":"Shed Blood","damage_taken":24,"max_hp_gain":5,"max_hp_loss":0,"event_name":"Forgotten Altar","floor":25,"gold_loss":0}],"is_beta":false,"boss_relics":[{"not_picked":["Coffee Dripper","Runic Dome"],"picked":"HolyWater"}],"items_purged_floors":[5,20],"is_endless":false,"potions_floor_spawned":[3,6,8,13],"killed_by":"Centurion and Healer","ascension_level":20}}