{"host":"rw7a2h039i1hcs3q","time":1611914085,"event":{"mods":["BaseMod","Better Altar","Better Match","Better Note","Better Sensory Stone","Better Skull","Better Third Choice","Booster Modes","Colored Powertips","Downfall","Halation","Hermit","Highlight Path","Hubris","Infinite Spire","Jedi Mod","Minty Spire (QoL Compilation)","Random Character Button","Rare Cards Sparkle","StSLib","The Cursed","The Dragon Tamer","The Hierophant","Unceasing Turn Reminder"],"gold_per_floor":[114,389,404,415,415,443,443,476,476,476,530,540,540,555,555,655,655,669,197,226,238,238,282,282,309,309,344,344,344,244,278,278,379,379,390,390,390,265,288,323,323,365,413,441,441,441,461,311,311,311],"floor_reached":51,"language":"ENG","playtime":1800,"items_purged":["Regret","TheCursedMod:CursedWand","TheCursedMod:CircleOfBlood","TheCursedMod:Wield","TheCursedMod:StingEye+1"],"score":1222,"play_id":"76a06122-3e71-427b-a2db-55defab3c32c","local_time":"20210129105445","is_ascension_mode":true,"campfire_choices":[{"data":"TheCursedMod:ManaBullet","floor":7,"key":"SMITH"},{"data":"TheCursedMod:CircleOfWindfury","floor":13,"key":"SMITH"},{"data":"TheCursedMod:StingEye","floor":15,"key":"SMITH"},{"data":"TheCursedMod:HellfireBreathing","floor":24,"key":"SMITH"},{"data":"TheCursedMod:CircleOfAbyss","floor":28,"key":"SMITH"},{"data":"TheCursedMod:CursedSpellbook","floor":29,"key":"SMITH"},{"data":"TheCursedMod:CursedSpellbook","floor":32,"key":"SMITH"},{"data":"TheCursedMod:CircleOfFlame","floor":45,"key":"SMITH"},{"data":"infinitespire:Menacing","floor":49,"key":"SMITH"}],"circlet_count":0,"master_deck":["TheCursedMod:CleanUpWorkshop+1","TheCursedMod:CursedShiv+1","TheCursedMod:ManaBullet+1","TheCursedMod:CircleOfFlame+1","TheCursedMod:CircleOfWindfury+1","TheCursedMod:CircleOfCorruption","TheCursedMod:CircleOfAbyss+1","Finesse","TheCursedMod:DemonSword","hubris:NaturalOne","TheCursedMod:HellfireBreathing+1","TheCursedMod:CursedSpellbook+1","TheCursedMod:CircleOfAbyss+1","infinitespire:Starlight","TheCursedMod:CursedSpellbook+1","TheCursedMod:CircleOfAbyss+1","infinitespire:Menacing+1"],"relics":["TheCursedMod:MagicCandle","jedi:gremlinknob","Bottled Lightning","hubris:Icosahedron","jedi:arcanewood","Busted Crown","Ornamental Fan","halation:IllGainedPizza","Omamori","infinitespire:BottledMercury","hubris:DeckOfHolding","hubris:SlimyHat","Anchor","Runic Dome","halation:StarCompass","War Paint","WingedGreaves","Oddly Smooth Stone","Blood Vial","jedi:crownofsimplicity"],"acts_visited":["Exordium","TheCity","TheBeyond"],"potions_floor_usage":[16,42],"damage_taken":[{"damage":0,"enemies":"Small Slimes","floor":1,"turns":1},{"damage":0,"enemies":"Cultist","floor":3,"turns":2},{"damage":0,"enemies":"2 Louse","floor":4,"turns":2},{"damage":0,"enemies":"3 Sentries","floor":6,"turns":1},{"damage":0,"enemies":"Gremlin Nob","floor":8,"turns":1},{"damage":0,"enemies":"Large Slime","floor":12,"turns":2},{"damage":5,"enemies":"Exordium Thugs","floor":14,"turns":3},{"damage":10,"enemies":"Hexaghost","floor":16,"turns":3},{"damage":0,"enemies":"Chosen","floor":18,"turns":1},{"damage":0,"enemies":"3 Byrds","floor":20,"turns":3},{"damage":0,"enemies":"Cultist and Chosen","floor":21,"turns":2},{"damage":36,"enemies":"Nightmare","floor":23,"turns":2},{"damage":0,"enemies":"Book of Stabbing","floor":25,"turns":2},{"damage":0,"enemies":"Gremlin Leader","floor":27,"turns":2},{"damage":0,"enemies":"Book of Stabbing","floor":31,"turns":2},{"damage":5,"enemies":"hubris:MusketHawk","floor":33,"turns":2},{"damage":0,"enemies":"Orb Walker","floor":35,"turns":1},{"damage":0,"enemies":"3 Shapes","floor":39,"turns":2},{"damage":0,"enemies":"Nemesis","floor":40,"turns":1},{"damage":60,"enemies":"Nightmare","floor":42,"turns":6},{"damage":0,"enemies":"Nemesis","floor":44,"turns":2},{"damage":4,"enemies":"Writhing Mass","floor":47,"turns":2},{"damage":0,"enemies":"Awakened One","floor":50,"turns":2}],"seed_played":"486169824908355868","potions_obtained":[{"floor":4,"key":"SteroidPotion"},{"floor":8,"key":"SpeedPotion"},{"floor":14,"key":"GamblersBrew"},{"floor":16,"key":"jedi:holywater"},{"floor":18,"key":"Block Potion"},{"floor":47,"key":"GamblersBrew"}],"is_trial":false,"path_per_floor":["M","?","M","M","?","E","R","E","T","?","T","M","R","M","R","B",null,"M","$","M","M","?","NM","R","E","T","E","R","R","$","E","R","B",null,"M","?","?","$","M","E","AVR","NM","T","E","R","?","M","$","R","B",null],"character_chosen":"THE_CURSED","items_purchased":["Ornamental Fan","halation:IllGainedPizza"],"campfire_rested":0,"item_purchase_floors":[19,19],"current_hp_per_floor":[82,82,82,82,66,66,66,66,66,66,66,66,66,61,61,51,82,82,82,82,82,82,46,46,56,56,56,56,56,56,70,70,77,82,82,82,82,82,82,82,82,22,22,34,34,34,42,42,42,54],"gold":311,"neow_bonus":"TEN_PERCENT_HP_BONUS","is_daily":false,"chose_seed":false,"campfire_upgraded":9,"win_rate":0.0,"timestamp":1611914085,"path_taken":["M","?","M","?","?","E","R","E","T","?","?","?","R","M","R","BOSS","M","$","M","M","?","NM","R","E","T","E","?","R","$","E","R","BOSS","M","?","?","$","M","E","AVR","NM","T","E","R","?","M","$","R","BOSS"],"items_purchased_type":["Relic","Relic"],"build_version":"2020-12-22","purchased_purges":5,"victory":true,"max_hp_per_floor":[82,82,82,82,82,82,82,82,82,82,82,82,82,82,82,82,82,82,82,82,82,82,82,82,82,82,82,82,82,82,82,82,82,82,82,82,82,82,82,82,82,82,82,82,82,82,82,82,82,82],"card_choices":[{"not_picked":["TheCursedMod:CircleOfFlame","TheCursedMod:Stigma","TheCursedMod:TacticalStrike"],"picked":"SKIP","floor":1},{"not_picked":["TheCursedMod:SpitefulPlan","TheCursedMod:ReleasedStrength","TheCursedMod:CursedBlade"],"picked":"SKIP","floor":3},{"not_picked":["TheCursedMod:Torture","TheCursedMod:CursedStaff"],"picked":"TheCursedMod:StingEye","floor":4},{"not_picked":["TheCursedMod:ReleasedStrength","TheCursedMod:Mangle","TheCursedMod:SoulReap"],"picked":"SKIP","floor":6},{"not_picked":["TheCursedMod:ShockAndAwe","TheCursedMod:CursedAmulet"],"picked":"TheCursedMod:DemonSword","floor":8},{"not_picked":["TheCursedMod:Stigma","TheCursedMod:FleshFromBone"],"picked":"TheCursedMod:HellfireBreathing","floor":12},{"not_picked":["TheCursedMod:HellsGateOpen","TheCursedMod:VitalStrike"],"picked":"TheCursedMod:CursedSpellbook","floor":14},{"not_picked":["TheCursedMod:DarkBarrier","TheCursedMod:VoidForm"],"picked":"TheCursedMod:CircleOfAbyss","floor":16},{"not_picked":["TheCursedMod:CursedArmor+1"],"picked":"SKIP","floor":18},{"not_picked":["TheCursedMod:RavingStaff"],"picked":"SKIP","floor":20},{"not_picked":["TheCursedMod:FuryStrike"],"picked":"SKIP","floor":21},{"not_picked":["TheCursedMod:FuryStrike"],"picked":"SKIP","floor":21},{"not_picked":["infinitespire:SevenWalls","infinitespire:Gouge"],"picked":"infinitespire:Starlight","floor":23},{"not_picked":[],"picked":"TheCursedMod:CursedSpellbook","floor":23},{"not_picked":["TheCursedMod:ReleasedStrength"],"picked":"SKIP","floor":25},{"not_picked":[],"picked":"TheCursedMod:CircleOfBlood","floor":27},{"not_picked":["TheCursedMod:SoulReap"],"picked":"SKIP","floor":31},{"not_picked":[],"picked":"TheCursedMod:CircleOfAbyss","floor":33},{"not_picked":["TheCursedMod:CursedMace+1"],"picked":"SKIP","floor":35},{"not_picked":["TheCursedMod:CursedStaff+1"],"picked":"SKIP","floor":39},{"not_picked":["TheCursedMod:TacticalStrike+1"],"picked":"SKIP","floor":40},{"not_picked":["infinitespire:FutureSight","infinitespire:TheBestDefense"],"picked":"infinitespire:Menacing","floor":42},{"not_picked":["TheCursedMod:Mangle+1"],"picked":"SKIP","floor":42},{"not_picked":["TheCursedMod:RapidMovement"],"picked":"SKIP","floor":44},{"not_picked":["TheCursedMod:WearCloak"],"picked":"SKIP","floor":47}],"player_experience":142064,"relics_obtained":[{"floor":6,"key":"jedi:gremlinknob"},{"floor":8,"key":"Bottled Lightning"},{"floor":11,"key":"jedi:arcanewood"},{"floor":23,"key":"Omamori"},{"floor":25,"key":"infinitespire:BottledMercury"},{"floor":26,"key":"hubris:DeckOfHolding"},{"floor":27,"key":"hubris:SlimyHat"},{"floor":31,"key":"Anchor"},{"floor":40,"key":"War Paint"},{"floor":42,"key":"Oddly Smooth Stone"},{"floor":43,"key":"Blood Vial"},{"floor":44,"key":"jedi:crownofsimplicity"}],"event_choices":[{"damage_healed":0,"gold_gain":275,"player_choice":"Desecrate","damage_taken":0,"max_hp_gain":0,"max_hp_loss":0,"event_name":"Golden Shrine","floor":2,"gold_loss":0,"cards_obtained":["Regret"]},{"damage_healed":82,"gold_gain":0,"player_choice":"Upgrade","damage_taken":16,"max_hp_gain":0,"max_hp_loss":82,"event_name":"betterThird:BetterShining","floor":5,"gold_loss":0,"cards_upgraded":["TheCursedMod:CursedShiv","TheCursedMod:CircleOfAbyss"]},{"damage_healed":0,"gold_gain":0,"player_choice":"Got Potions","damage_taken":0,"max_hp_gain":0,"max_hp_loss":0,"event_name":"Lab","floor":22,"gold_loss":0},{"damage_healed":0,"gold_gain":0,"player_choice":"Ignored","damage_taken":0,"max_hp_gain":0,"max_hp_loss":0,"event_name":"Tomb of Lord Red Mask","floor":36,"gold_loss":0},{"damage_healed":0,"gold_gain":3,"player_choice":"1","damage_taken":0,"max_hp_gain":0,"max_hp_loss":0,"event_name":"betterStone:BetterStone","floor":46,"gold_loss":0}],"is_beta":false,"boss_relics":[{"not_picked":["Velvet Choker","bronze:MakeshiftBattery"],"picked":"Busted Crown"},{"not_picked":["halation:ForbiddenBikini","Astrolabe"],"picked":"Runic Dome"}],"items_purged_floors":[19,30,38,41,48],"is_endless":false,"potions_floor_spawned":[4,8,14,16,18,21,27,33,39,47],"ascension_level":1}}