{"host":"06e3yyzgn8o619wl","time":1611925301,"event":{"mods":["BaseMod","Block Reminder","Colored Map","Colored Powertips","DeckTracker","Minty Spire (QoL Compilation)","Relic Stats","StSLib"],"gold_per_floor":[365,380,380,148,223,223,223,223],"floor_reached":7,"language":"JPN","playtime":384,"items_purged":["Clumsy"],"score":51,"play_id":"749a9407-3016-4137-9600-83413b00b281","local_time":"20210129220141","is_ascension_mode":true,"campfire_choices":[{"data":"TalkToTheHand","floor":6,"key":"SMITH"}],"circlet_count":0,"master_deck":["Strike_P","Strike_P","Strike_P","Strike_P","Defend_P","Defend_P","Defend_P","Defend_P","Eruption","Vigilance","ClearTheMind","CutThroughFate","LikeWater","TalkToTheHand+1"],"relics":["PureWater","Golden Idol"],"acts_visited":["Exordium"],"potions_floor_usage":[],"damage_taken":[{"damage":2,"enemies":"Jaw Worm","floor":1,"turns":6},{"damage":4,"enemies":"Small Slimes","floor":2,"turns":3},{"damage":42,"enemies":"Lagavulin","floor":7,"turns":6}],"seed_played":"-4156659807469103807","potions_obtained":[],"is_trial":false,"path_per_floor":["M","M","?","$","?","R","E"],"character_chosen":"WATCHER","items_purchased":["LikeWater","TalkToTheHand"],"campfire_rested":0,"item_purchase_floors":[4,4],"current_hp_per_floor":[63,59,41,41,30,30,0,0],"gold":223,"neow_bonus":"TWO_FIFTY_GOLD","is_daily":false,"chose_seed":false,"campfire_upgraded":1,"win_rate":0.0,"timestamp":1611925301,"path_taken":["M","M","?","$","?","R","E"],"items_purchased_type":["Card","Card"],"build_version":"2020-12-22","purchased_purges":1,"victory":false,"max_hp_per_floor":[72,72,72,72,72,72,72,72],"relic_stats":{"counters":[3,15],"Golden Idol":0,"obtain_stats":[{"Golden Idol":3,"PureWater":0},{"Golden Idol":2,"PureWater":0},{"Golden Idol":9,"PureWater":0}]},"card_choices":[{"not_picked":["Crescendo","EmptyBody"],"picked":"ClearTheMind","floor":1},{"not_picked":["Halt","Collect"],"picked":"CutThroughFate","floor":2}],"player_experience":120199,"relics_obtained":[],"event_choices":[{"damage_healed":0,"gold_gain":0,"player_choice":"Take Damage","damage_taken":18,"relics_obtained":["Golden Idol"],"max_hp_gain":0,"max_hp_loss":0,"event_name":"Golden Idol","floor":3,"gold_loss":0},{"damage_healed":0,"gold_gain":75,"player_choice":"Gather Gold","damage_taken":11,"max_hp_gain":0,"max_hp_loss":0,"event_name":"World of Goop","floor":5,"gold_loss":0}],"is_beta":false,"boss_relics":[],"items_purged_floors":[4],"is_endless":false,"potions_floor_spawned":[],"killed_by":"Lagavulin","ascension_level":6}}