{"host":"a1eatafr7pisesky","time":1611924460,"event":{"mods":["AchievementEnabler","BaseMod","Colored Map","Keyboard Shortcuts","Minty Spire (QoL Compilation)","Say the Spire","StSLib","SuperFastMode","everything is the same but u backflip on backflip"],"gold_per_floor":[109,184,184,194,70,98,273,293,293,305,305,317,342,352,352,352,352],"floor_reached":16,"language":"KOR","playtime":353,"items_purged":["Strike_G"],"score":179,"play_id":"b5fab461-9fb6-4953-a0ce-b3008aff7694","local_time":"20210129214740","is_ascension_mode":true,"campfire_choices":[{"floor":11.0,"key":"REST"},{"floor":15.0,"key":"REST"}],"circlet_count":0,"master_deck":["AscendersBane","Strike_G","Strike_G","Strike_G","Strike_G","Defend_G","Defend_G","Defend_G","Defend_G","Defend_G","Survivor","Neutralize","Adrenaline","Dagger Spray","Poisoned Stab","Dagger Spray+1","Doubt","Leg Sweep","Footwork","Finisher+1","Footwork","Corpse Explosion"],"relics":["Ring of the Snake","Darkstone Periapt","The Courier","Tiny Chest","Whetstone"],"acts_visited":["Exordium"],"potions_floor_usage":[16],"damage_taken":[{"damage":0.0,"enemies":"Small Slimes","floor":1.0,"turns":4.0},{"damage":1.0,"enemies":"Cultist","floor":4.0,"turns":4.0},{"damage":41.0,"enemies":"3 Sentries","floor":6.0,"turns":9.0},{"damage":3.0,"enemies":"Jaw Worm","floor":8.0,"turns":3.0},{"damage":0.0,"enemies":"3 Louse","floor":10.0,"turns":3.0},{"damage":0.0,"enemies":"Red Slaver","floor":12.0,"turns":6.0},{"damage":22.0,"enemies":"Gremlin Nob","floor":13.0,"turns":5.0},{"damage":0.0,"enemies":"2 Fungi Beasts","floor":14.0,"turns":2.0},{"damage":16,"enemies":"Slime Boss","floor":16,"turns":6}],"seed_played":"8614170255462715709","potions_obtained":[{"floor":4.0,"key":"Weak Potion"},{"floor":6.0,"key":"PowerPotion"},{"floor":14.0,"key":"SpeedPotion"}],"is_trial":false,"path_per_floor":["M","?","?","M","$","E","?","M","T","M","R","M","E","M","R","B"],"character_chosen":"THE_SILENT","items_purchased":["SkillPotion"],"campfire_rested":2,"item_purchase_floors":[5],"current_hp_per_floor":[63,52,45,44,44,3,9,6,6,6,28,28,6,6,28,12,12],"gold":352,"neow_bonus":"ONE_RANDOM_RARE_CARD","is_daily":false,"chose_seed":false,"campfire_upgraded":0,"win_rate":0.0,"timestamp":1611924460,"path_taken":["M","?","?","M","$","E","?","M","T","M","R","M","E","M","R","BOSS"],"items_purchased_type":["Potion"],"build_version":"2020-12-22","purchased_purges":1,"victory":false,"max_hp_per_floor":[70,70,70,70,70,70,76,76,76,76,76,76,76,76,76,76,76],"card_choices":[{"not_picked":["Riddle With Holes","Outmaneuver"],"picked":"Dagger Spray","floor":1.0},{"not_picked":["Quick Slash","Underhanded Strike"],"picked":"Poisoned Stab","floor":4.0},{"not_picked":["Dodge and Roll","Backstab"],"picked":"Dagger Spray","floor":6.0},{"not_picked":["Blade Dance","Quick Slash"],"picked":"Leg Sweep","floor":8.0},{"not_picked":["Flying Knee","Choke"],"picked":"Footwork","floor":10.0},{"not_picked":["Flying Knee","Deadly Poison"],"picked":"Finisher","floor":12.0},{"not_picked":["Skewer","Quick Slash"],"picked":"Footwork","floor":13.0},{"not_picked":["Deadly Poison","Setup"],"picked":"Corpse Explosion","floor":14.0}],"player_experience":382442,"relics_obtained":[{"floor":6.0,"key":"The Courier"},{"floor":9.0,"key":"Tiny Chest"},{"floor":13.0,"key":"Whetstone"}],"event_choices":[{"damage_healed":0.0,"max_hp_gain":0.0,"max_hp_loss":0.0,"gold_gain":75.0,"event_name":"World of Goop","player_choice":"Gather Gold","floor":2.0,"gold_loss":0.0,"damage_taken":11.0},{"damage_healed":0.0,"max_hp_gain":0.0,"max_hp_loss":0.0,"gold_gain":0.0,"event_name":"Scrap Ooze","player_choice":"Success","floor":3.0,"gold_loss":0.0,"damage_taken":7.0,"relics_obtained":["Darkstone Periapt"]},{"damage_healed":0.0,"max_hp_gain":0.0,"max_hp_loss":0.0,"gold_gain":175.0,"event_name":"Liars Game","player_choice":"AGREE","floor":7.0,"gold_loss":0.0,"damage_taken":0.0,"cards_obtained":["Doubt"]}],"is_beta":false,"boss_relics":[],"items_purged_floors":[5],"is_endless":false,"potions_floor_spawned":[4,6,12,14],"killed_by":"Slime Boss","ascension_level":12}}