{"host":"7ap89n2sm7vm35bt","time":1611905978,"event":{"mods":["AchievementEnabler","Aspiration","BaseMod","Minty Spire (QoL Compilation)","StSLib","[IsaacMod]ÒÔÈö¼âËþ"],"gold_per_floor":[209,229,241,261,211,211,211,286,286,299,316,9,9,9,9,108,108,122,141,141,141,141],"floor_reached":21,"language":"ZHS","playtime":693,"items_purged":[],"score":239,"play_id":"2b76bca8-1344-4e31-8ec9-fbb7896eae8c","local_time":"20210129153938","is_ascension_mode":true,"campfire_choices":[{"data":"Armaments","floor":6.0,"key":"SMITH"},{"data":"Rampage","floor":13.0,"key":"SMITH"},{"data":"Rage","floor":15.0,"key":"SMITH"}],"circlet_count":0,"master_deck":["Strike_R","Strike_R+1","Strike_R+1","Strike_R","Defend_R","Defend_R","Defend_R","Defend_R","Bash","Heavy Blade","Rage+1","Armaments+1","Rampage+1","Flex","Fiend Fire"],"relics":["Burning Blood","HushsDoor","DoctorsRemote","Oddly Smooth Stone","Charon\u0027s Ashes","Black Star"],"acts_visited":["Exordium","TheCity"],"potions_floor_usage":[18,21],"damage_taken":[{"damage":0.0,"enemies":"Cultist","floor":1.0,"turns":2.0},{"damage":9.0,"enemies":"Jaw Worm","floor":2.0,"turns":5.0},{"damage":0.0,"enemies":"Small Slimes","floor":3.0,"turns":3.0},{"damage":7.0,"enemies":"2 Fungi Beasts","floor":4.0,"turns":3.0},{"damage":4.0,"enemies":"3 Louse","floor":10.0,"turns":5.0},{"damage":0.0,"enemies":"Blue Slaver","floor":11.0,"turns":2.0},{"damage":40.0,"enemies":"Hexaghost","floor":16.0,"turns":10.0},{"damage":45,"enemies":"3 Byrds","floor":18,"turns":9},{"damage":0,"enemies":"Chosen","floor":19,"turns":4},{"damage":31,"enemies":"Snecko","floor":21,"turns":4}],"seed_played":"-856653746317433312","potions_obtained":[{"floor":1.0,"key":"Weak Potion"},{"floor":2.0,"key":"DistilledChaos"},{"floor":16.0,"key":"LiquidMemories"},{"floor":19,"key":"ColorlessPotion"}],"is_trial":false,"path_per_floor":["M","M","M","M","?","R","?","?","T","M","M","$","R","$","R","B",null,"M","M","?","M"],"character_chosen":"IRONCLAD","items_purchased":["Charon\u0027s Ashes"],"campfire_rested":0,"item_purchase_floors":[12],"current_hp_per_floor":[78,75,80,79,79,79,63,52,52,54,60,60,60,60,60,26,67,28,34,19,0,0],"gold":141,"neow_bonus":"HUNDRED_GOLD","is_daily":false,"chose_seed":false,"campfire_upgraded":3,"win_rate":0.0,"timestamp":1611905978,"path_taken":["M","?","M","M","?","R","?","?","T","M","M","$","R","?","R","BOSS","M","M","?","?"],"items_purchased_type":["Relic"],"build_version":"2020-12-22","purchased_purges":0,"victory":false,"max_hp_per_floor":[80,80,80,80,80,80,80,80,80,80,80,80,80,80,80,80,80,80,80,85,85,85],"card_choices":[{"not_picked":["Bomb","Clothesline"],"picked":"Heavy Blade","floor":1.0},{"not_picked":["Carnage","Sword Boomerang"],"picked":"Rage","floor":2.0},{"not_picked":["Twin Strike","Sword Boomerang","Burning Pact"],"picked":"SKIP","floor":3.0},{"not_picked":["Sword Boomerang","Feed"],"picked":"Armaments","floor":4.0},{"not_picked":["Pommel Strike","Sever Soul"],"picked":"Rampage","floor":10.0},{"not_picked":["Armaments","Pommel Strike"],"picked":"Flex","floor":11.0},{"not_picked":["Double Tap","Feed"],"picked":"Fiend Fire","floor":16.0},{"not_picked":["Flex","Clash+1","Anger"],"picked":"SKIP","floor":18},{"not_picked":["Flex","Clash+1","Anger"],"picked":"SKIP","floor":18},{"not_picked":["Rupture+1","Inflame","Heavy Blade+1"],"picked":"SKIP","floor":19}],"player_experience":234029,"relics_obtained":[{"floor":9.0,"key":"Oddly Smooth Stone"}],"event_choices":[{"cards_removed":["Strike_R"],"damage_healed":0.0,"max_hp_gain":0.0,"max_hp_loss":0.0,"gold_gain":0.0,"event_name":"The Cleric","player_choice":"Card Removal","floor":5.0,"gold_loss":50.0,"damage_taken":0.0},{"damage_healed":0.0,"max_hp_gain":0.0,"max_hp_loss":0.0,"gold_gain":0.0,"event_name":"Shining Light","player_choice":"Entered Light","floor":7.0,"gold_loss":0.0,"damage_taken":16.0,"cards_upgraded":["Strike_R","Strike_R"]},{"damage_healed":0.0,"max_hp_gain":0.0,"max_hp_loss":0.0,"gold_gain":75.0,"event_name":"World of Goop","player_choice":"Gather Gold","floor":8.0,"gold_loss":0.0,"damage_taken":11.0},{"damage_healed":0,"gold_gain":0,"player_choice":"Shed Blood","damage_taken":20,"max_hp_gain":5,"max_hp_loss":0,"event_name":"Forgotten Altar","floor":20,"gold_loss":0}],"is_beta":false,"boss_relics":[{"not_picked":["aspiration:PoetsPen_weak","Runic Pyramid"],"picked":"Black Star"},{"not_picked":[]}],"items_purged_floors":[],"is_endless":false,"potions_floor_spawned":[1,2,16,19],"killed_by":"Snecko","ascension_level":8}}