{"host":"zsnmfqgcm92hlreo","time":1611879579,"event":{"mods":["AchievementEnabler","BaseMod","Bestiary","Block Reminder","Colored Powertips","Minty Spire (QoL Compilation)","Permanent Neow","Quick Restart","Relic Stats","Weighted Paths"],"gold_per_floor":[112,126,51,70,87,87,114,114,114,128,140,140,153,171,171,246,246,258,258,270,53,64,64,64],"floor_reached":23,"language":"ENG","playtime":1107,"items_purged":["Pain","Pain"],"score":394,"play_id":"7f7bb8d4-7313-4f74-b8a1-de996adf95c3","local_time":"20210128181939","is_ascension_mode":true,"campfire_choices":[{"floor":6.0,"key":"REST"},{"floor":8.0,"key":"REST"},{"floor":15.0,"key":"REST"}],"circlet_count":0,"master_deck":["AscendersBane","Strike_P+1","Strike_P+1","Strike_P","Strike_P+1","Defend_P","Defend_P+1","Defend_P","Defend_P","Eruption+1","Vigilance+1","LessonLearned+1","PathToVictory+1","Conclude","LikeWater+1","PathToVictory","Protect","FlurryOfBlows","FlurryOfBlows","SpiritShield","CurseOfTheBell","ThirdEye+1","WaveOfTheHand","Wallop","TalkToTheHand"],"relics":["PureWater","Sundial","StoneCalendar","WarpedTongs","Calling Bell","Potion Belt","Letter Opener","Dead Branch","Bottled Flame"],"acts_visited":["Exordium","TheCity"],"potions_floor_usage":[23,23],"damage_taken":[{"damage":12.0,"enemies":"2 Louse","floor":1.0,"turns":5.0},{"damage":13.0,"enemies":"Cultist","floor":2.0,"turns":5.0},{"damage":9.0,"enemies":"Jaw Worm","floor":4.0,"turns":4.0},{"damage":11.0,"enemies":"Exordium Thugs","floor":5.0,"turns":4.0},{"damage":15.0,"enemies":"3 Sentries","floor":7.0,"turns":10.0},{"damage":0.0,"enemies":"2 Fungi Beasts","floor":10.0,"turns":2.0},{"damage":7.0,"enemies":"Looter","floor":11.0,"turns":4.0},{"damage":14.0,"enemies":"Gremlin Gang","floor":13.0,"turns":2.0},{"damage":9.0,"enemies":"Exordium Wildlife","floor":14.0,"turns":3.0},{"damage":17.0,"enemies":"The Guardian","floor":16.0,"turns":8.0},{"damage":0.0,"enemies":"Chosen","floor":18.0,"turns":5.0},{"damage":19,"enemies":"2 Thieves","floor":20,"turns":4},{"damage":23,"enemies":"Sentry and Sphere","floor":22,"turns":7},{"damage":23,"enemies":"Gremlin Leader","floor":23,"turns":2}],"seed_played":"-9198109679850102350","potions_obtained":[{"floor":4.0,"key":"SkillPotion"},{"floor":7.0,"key":"BottledMiracle"},{"floor":10.0,"key":"Ancient Potion"},{"floor":14.0,"key":"Fire Potion"},{"floor":18,"key":"BottledMiracle"},{"floor":20,"key":"PowerPotion"}],"is_trial":false,"path_per_floor":["M","M","$","M","M","R","E","R","T","M","M","?","M","M","R","B",null,"M","T","M","$","M","E"],"character_chosen":"WATCHER","items_purchased":["WaveOfTheHand","Wallop"],"campfire_rested":3,"item_purchase_floors":[21,21],"current_hp_per_floor":[49,36,36,27,16,36,21,41,41,41,34,34,20,11,31,14,55,55,55,36,36,13,0,0],"gold":64,"neow_bonus":"THREE_RARE_CARDS","is_daily":false,"chose_seed":false,"campfire_upgraded":0,"win_rate":0.0,"timestamp":1611879579,"path_taken":["M","M","$","M","M","R","E","R","T","M","M","?","M","M","R","BOSS","M","?","M","$","M","E"],"items_purchased_type":["Card","Card"],"build_version":"2020-12-22","purchased_purges":2,"victory":false,"max_hp_per_floor":[68,68,68,68,68,68,68,68,68,68,68,68,68,68,68,68,68,68,68,68,68,68,68,68],"relic_stats":{"counters":[14,65],"Sundial":[2],"Dead Branch":[14],"StoneCalendar":[52],"Letter Opener":[15],"obtain_stats":[{"Calling Bell":17,"Potion Belt":17,"Bottled Flame":19,"Sundial":7,"Dead Branch":17,"StoneCalendar":9,"Letter Opener":17,"PureWater":0,"WarpedTongs":12},{"Calling Bell":10,"Potion Belt":10,"Bottled Flame":11,"Sundial":5,"Dead Branch":10,"StoneCalendar":5,"Letter Opener":10,"PureWater":0,"WarpedTongs":7},{"Calling Bell":47,"Potion Belt":47,"Bottled Flame":52,"Sundial":28,"Dead Branch":47,"StoneCalendar":28,"Letter Opener":47,"PureWater":0,"WarpedTongs":34}],"WarpedTongs":[31]},"card_choices":[{"not_picked":["DeusExMachina","Judgement"],"picked":"LessonLearned","floor":0.0},{"not_picked":["EmptyFist","EmptyBody"],"picked":"PathToVictory","floor":1.0},{"not_picked":["FlyingSleeves","EmptyMind","Worship"],"picked":"SKIP","floor":2.0},{"not_picked":["ClearTheMind","CrushJoints"],"picked":"Conclude","floor":4.0},{"not_picked":["WindmillStrike","JustLucky"],"picked":"LikeWater","floor":5.0},{"not_picked":["Wallop","InnerPeace"],"picked":"PathToVictory","floor":7.0},{"not_picked":["EmptyFist","Evaluate","Adaptation"],"picked":"SKIP","floor":10.0},{"not_picked":["Evaluate","CutThroughFate"],"picked":"Protect","floor":11.0},{"not_picked":["Swivel","Perseverance"],"picked":"FlurryOfBlows","floor":13.0},{"not_picked":["Halt","Prostrate"],"picked":"FlurryOfBlows","floor":14.0},{"not_picked":["Wish","LessonLearned"],"picked":"SpiritShield","floor":16.0},{"not_picked":["Tantrum+1","Worship+1"],"picked":"ThirdEye+1","floor":18},{"not_picked":["Pray","Evaluate+1","EmptyMind"],"picked":"SKIP","floor":20},{"not_picked":["Evaluate","Worship"],"picked":"TalkToTheHand","floor":22}],"player_experience":916467,"relics_obtained":[{"floor":7.0,"key":"Sundial"},{"floor":9.0,"key":"StoneCalendar"},{"floor":17.0,"key":"Potion Belt"},{"floor":17.0,"key":"Letter Opener"},{"floor":17.0,"key":"Dead Branch"},{"floor":19,"key":"Bottled Flame"}],"event_choices":[{"damage_healed":0.0,"max_hp_gain":0.0,"max_hp_loss":0.0,"gold_gain":0.0,"event_name":"Accursed Blacksmith","player_choice":"Rummage","floor":12.0,"gold_loss":0.0,"damage_taken":0.0,"relics_obtained":["WarpedTongs"],"cards_obtained":["Pain"]}],"is_beta":false,"boss_relics":[{"not_picked":["Snecko Eye","Pandora\u0027s Box"],"picked":"Calling Bell"}],"items_purged_floors":[3,21],"is_endless":false,"potions_floor_spawned":[4,7,10,14,18,20],"killed_by":"Gremlin Leader","ascension_level":20}}