{"host":"c52z9ixzgdjttcmx","time":1611956365,"event":{"mods":["BaseMod","Colored Powertips","Downfall","Filter the Spire","Minty Spire (QoL Compilation)","Rare Cards Sparkle","Relic Stats","StSLib"],"gold_per_floor":[99,117,217,235,235,235,235,235],"floor_reached":6,"language":"ENG","playtime":2068,"items_purged":[],"score":186,"play_id":"d60ff1e2-c4ea-4881-b311-4890f2c6c7dc","local_time":"20210129153925","is_ascension_mode":true,"campfire_choices":[{"floor":1,"key":"REST"}],"circlet_count":0,"master_deck":["Slimebound:Strike_Slimebound","Slimebound:Strike_Slimebound","Slimebound:Strike_Slimebound","Slimebound:Tackle","Slimebound:Defend_Slimebound","Slimebound:Defend_Slimebound","Slimebound:Defend_Slimebound","Slimebound:Defend_Slimebound","Slimebound:Split","Slimebound:CorrosiveSpit","Slimebound:DouseInSlime","Slimebound:FinishingTackle","downfall:Haunted","downfall:Haunted","downfall:Malfunctioning","Slimebound:Darklings","Injury","Normality","Slimebound:FormOfPuddle"],"relics":["Slimebound:AbsorbEndCombat","Darkstone Periapt","downfall:ShatteredFragment"],"acts_visited":["Exordium"],"potions_floor_usage":[],"damage_taken":[{"damage":24,"enemies":"2 Louse","floor":2,"turns":3},{"damage":18,"enemies":"Small Slimes","floor":4,"turns":4},{"damage":51,"enemies":"3 Sentries","floor":6,"turns":4}],"seed_played":"5400328127733137409","potions_obtained":[{"floor":4,"key":"Block Potion"}],"is_trial":false,"path_per_floor":["R","M","?","M","?","E"],"character_chosen":"SLIMEBOUND","items_purchased":[],"campfire_rested":1,"item_purchase_floors":[],"current_hp_per_floor":[65,43,78,64,46,0,0,0],"gold":235,"neow_bonus":"ONE_RANDOM_RARE_CARD","is_daily":false,"chose_seed":false,"campfire_upgraded":0,"win_rate":0.0,"timestamp":1611956365,"path_taken":["R","M","?","M","?","E"],"items_purchased_type":[],"build_version":"2020-12-22","purchased_purges":0,"victory":false,"max_hp_per_floor":[65,65,100,100,100,100,100,100],"relic_stats":{"Darkstone Periapt":30,"counters":[3,11],"obtain_stats":[{"Darkstone Periapt":3,"downfall:ShatteredFragment":5,"Slimebound:AbsorbEndCombat":0},{"Darkstone Periapt":1,"downfall:ShatteredFragment":2,"Slimebound:AbsorbEndCombat":0},{"Darkstone Periapt":3,"downfall:ShatteredFragment":7,"Slimebound:AbsorbEndCombat":0}]},"card_choices":[{"not_picked":["Slimebound:DisruptingSlam","Slimebound:Nibble"],"picked":"Slimebound:FinishingTackle","floor":2},{"not_picked":["Slimebound:HauntingLick","Slimebound:DivideAndConquer"],"picked":"Slimebound:FormOfPuddle","floor":4}],"player_experience":3394295,"relics_obtained":[],"event_choices":[],"is_beta":false,"boss_relics":[],"items_purged_floors":[],"is_endless":false,"potions_floor_spawned":[4],"killed_by":"3 Sentries","ascension_level":1}}