{"host":"nwd160me4iqdtr8u","time":1611933686,"event":{"mods":["AchievementEnabler","Act Like it!","BaseMod","Colored Map","DeckTracker","Keyboard Shortcuts","Minty Spire (QoL Compilation)","Quick Restart","Rare Cards Sparkle","StSLib","SuperFastMode","everything is the same but u backflip on backflip"],"gold_per_floor":[111,121,121,18,33,77,77,110,187,187,210,210,135,37,37,37,37],"floor_reached":16,"language":"KOR","playtime":653,"items_purged":["Strike_G"],"score":189,"play_id":"4ce36437-c906-40ad-8f7a-b1eabfe178ec","local_time":"20210130002126","is_ascension_mode":true,"campfire_choices":[{"data":"Masterful Stab","floor":7,"key":"SMITH"},{"data":"Blur","floor":10,"key":"SMITH"},{"data":"Escape Plan","floor":12,"key":"SMITH"},{"data":"Neutralize","floor":15,"key":"SMITH"}],"circlet_count":0,"master_deck":["AscendersBane","Strike_G","Strike_G","Strike_G","Defend_G","Defend_G","Defend_G","Defend_G","Defend_G","Survivor","Neutralize+1","Masterful Stab+1","Dagger Throw","Escape Plan+1","Blur+1","Underhanded Strike","Well Laid Plans"],"relics":["Ring of the Snake","Golden Idol","Calipers","Lantern","The Courier"],"acts_visited":["Exordium"],"potions_floor_usage":[6,6,11,16],"damage_taken":[{"damage":0,"enemies":"2 Louse","floor":1,"turns":2},{"damage":0,"enemies":"Small Slimes","floor":2,"turns":4},{"damage":0,"enemies":"Jaw Worm","floor":5,"turns":4},{"damage":6,"enemies":"Gremlin Nob","floor":6,"turns":4},{"damage":21,"enemies":"3 Sentries","floor":8,"turns":12},{"damage":1,"enemies":"Gremlin Gang","floor":11,"turns":5},{"damage":21,"enemies":"Hexaghost","floor":16,"turns":15}],"seed_played":"610191324168720018","potions_obtained":[{"floor":1,"key":"Weak Potion"},{"floor":2,"key":"CultistPotion"},{"floor":8,"key":"Swift Potion"}],"is_trial":false,"path_per_floor":["M","M","?","$","M","E","R","E","T","R","M","R","?","$","R","B"],"character_chosen":"THE_SILENT","items_purchased":["Escape Plan","Blur","SpeedPotion"],"campfire_rested":0,"item_purchase_floors":[4,4,14],"current_hp_per_floor":[59,59,59,59,59,53,53,32,32,32,31,31,31,31,31,10,10],"gold":37,"neow_bonus":"THREE_CARDS","is_daily":false,"chose_seed":false,"campfire_upgraded":4,"win_rate":0.0,"timestamp":1611933686,"path_taken":["M","M","?","$","M","E","R","E","T","R","M","R","?","?","R","BOSS"],"items_purchased_type":["Card","Card","Potion"],"build_version":"2020-12-22","purchased_purges":1,"victory":false,"max_hp_per_floor":[66,66,60,60,60,60,60,60,60,60,60,60,60,60,60,60,60],"card_choices":[{"not_picked":["Bane","Dagger Throw"],"picked":"Masterful Stab","floor":0},{"not_picked":["Skewer","Acrobatics","Catalyst"],"picked":"SKIP","floor":1},{"not_picked":["Blade Dance","Quick Slash"],"picked":"Dagger Throw","floor":2},{"not_picked":["Outmaneuver","Quick Slash"],"picked":"Underhanded Strike","floor":5},{"not_picked":["Prepared","Choke","Doppelganger"],"picked":"SKIP","floor":6},{"not_picked":["Dagger Spray","Footwork"],"picked":"Well Laid Plans","floor":8},{"not_picked":["Leg Sweep","Predator","Flying Knee"],"picked":"SKIP","floor":11}],"player_experience":315657,"relics_obtained":[{"floor":6,"key":"Calipers"},{"floor":8,"key":"Lantern"},{"floor":9,"key":"The Courier"}],"event_choices":[{"damage_healed":0,"gold_gain":0,"player_choice":"Lose Max HP","damage_taken":0,"relics_obtained":["Golden Idol"],"max_hp_gain":0,"max_hp_loss":6,"event_name":"Golden Idol","floor":3,"gold_loss":0},{"cards_removed":["Strike_G"],"damage_healed":0,"gold_gain":0,"player_choice":"Card Removal","damage_taken":0,"max_hp_gain":0,"max_hp_loss":0,"event_name":"The Cleric","floor":13,"gold_loss":75}],"is_beta":false,"boss_relics":[],"items_purged_floors":[14],"is_endless":false,"potions_floor_spawned":[1,2,8],"killed_by":"Hexaghost","ascension_level":15}}