{"host":"tq99ucv8ezzqzioe","time":1611899965,"event":{"mods":["BaseMod","Colored Map","Downfall","Highlight Path","Minty Spire (QoL Compilation)","StSLib"],"gold_per_floor":[116,76,76,100,115,115,128,139,139,139,104,130,130,144,144,247,247,263,263,311,311,311,311,331,347,418,418,418,418,446,460,460,460,460],"floor_reached":33,"language":"ENG","playtime":1197,"items_purged":[],"score":368,"play_id":"7ed805ca-98cb-4d88-b1f6-32613dd2f249","local_time":"20210129005925","is_ascension_mode":true,"campfire_choices":[{"data":"Zap","floor":6,"key":"SMITH"},{"data":"Loop","floor":13,"key":"SMITH"},{"data":"Dualcast","floor":15,"key":"SMITH"},{"floor":23,"key":"RECALL"},{"data":"Cold Snap","floor":27,"key":"SMITH"},{"data":"Cold Snap","floor":29,"key":"SMITH"},{"data":"Loop","floor":32,"key":"SMITH"}],"circlet_count":0,"master_deck":["Defend_B","Defend_B","Defend_B","Defend_B+1","Zap+1","Dualcast+1","Cold Snap+1","Static Discharge+1","Cold Snap+1","Loop+1","Auto Shields","Rainbow+1","Hologram+1","Rainbow+1","Conserve Battery+1","Slimebound:Tackle+1","Slimebound:Tackle+1","Slimebound:Tackle+1","Leap+1","Reinforced Body+1","Loop+1","BootSequence+1"],"relics":["Cracked Core","NeowsBlessing","Lantern","Bottled Lightning","Toxic Egg 2","Runic Pyramid","Tiny Chest","Blue Candle","Darkstone Periapt","Bag of Preparation"],"acts_visited":["Exordium","TheCity"],"potions_floor_usage":[12,16,30,31,31],"damage_taken":[{"damage":0,"enemies":"Small Slimes","floor":1,"turns":1},{"damage":0,"enemies":"Jaw Worm","floor":5,"turns":1},{"damage":0,"enemies":"Cultist","floor":7,"turns":1},{"damage":10,"enemies":"Exordium Thugs","floor":8,"turns":3},{"damage":29,"enemies":"3 Sentries","floor":12,"turns":6},{"damage":0,"enemies":"2 Fungi Beasts","floor":14,"turns":4},{"damage":7,"enemies":"The Guardian","floor":16,"turns":11},{"damage":7,"enemies":"Shell Parasite","floor":18,"turns":4},{"damage":13,"enemies":"Spheric Guardian","floor":24,"turns":4},{"damage":10,"enemies":"Snake Plant","floor":25,"turns":3},{"damage":2,"enemies":"Gremlin Leader","floor":30,"turns":6},{"damage":7,"enemies":"Sentry and Sphere","floor":31,"turns":6},{"damage":73,"enemies":"Champ","floor":33,"turns":12}],"seed_played":"-6179250514403470098","potions_obtained":[{"floor":1,"key":"SpeedPotion"},{"floor":8,"key":"Explosive Potion"},{"floor":12,"key":"SneckoOil"},{"floor":18,"key":"LiquidBronze"},{"floor":24,"key":"Block Potion"},{"floor":30,"key":"Block Potion"}],"is_trial":false,"path_per_floor":["M","$","?","T","M","R","M","M","T","T","?","E","R","M","R","B",null,"M","?","T","?","?","R","M","M","T","R","T","R","E","M","R","B"],"character_chosen":"DEFECT","items_purchased":["Static Discharge"],"campfire_rested":0,"item_purchase_floors":[2],"current_hp_per_floor":[68,68,53,53,53,53,53,43,43,43,61,32,32,32,32,25,63,56,42,42,42,68,68,55,45,45,45,45,45,43,36,36,0,0],"gold":460,"neow_bonus":"THREE_ENEMY_KILL","is_daily":false,"chose_seed":false,"campfire_upgraded":6,"win_rate":0.0,"timestamp":1611899965,"path_taken":["M","$","?","?","M","R","M","?","T","?","?","E","R","M","R","BOSS","M","?","?","?","?","R","M","M","T","R","?","R","E","M","R","BOSS"],"items_purchased_type":["Card"],"build_version":"2020-12-22","purchased_purges":0,"victory":false,"max_hp_per_floor":[75,75,75,75,75,75,75,75,75,75,75,75,75,75,75,75,75,75,80,80,80,80,80,80,80,80,80,80,80,80,80,80,80,80],"card_choices":[{"not_picked":["Double Energy","Leap"],"picked":"Cold Snap","floor":1},{"not_picked":["Ball Lightning","Rebound"],"picked":"Cold Snap","floor":5},{"not_picked":["Hologram","Sweeping Beam"],"picked":"Loop","floor":7},{"not_picked":["Chaos","Leap"],"picked":"Auto Shields","floor":8},{"not_picked":["Force Field+1","Ball Lightning"],"picked":"Rainbow+1","floor":12},{"not_picked":["Gash","Steam+1"],"picked":"Hologram+1","floor":14},{"not_picked":["Thunder Strike","Meteor Strike"],"picked":"Rainbow+1","floor":16},{"not_picked":["Doom and Gloom","Coolheaded+1"],"picked":"Conserve Battery+1","floor":18},{"not_picked":["Stack+1","Self Repair"],"picked":"Leap+1","floor":24},{"not_picked":["Cold Snap","Loop"],"picked":"Reinforced Body+1","floor":25},{"not_picked":["Compile Driver","Sweeping Beam"],"picked":"Loop","floor":30},{"not_picked":["Gash","Turbo+1"],"picked":"BootSequence+1","floor":31}],"player_experience":807407,"relics_obtained":[{"floor":4,"key":"Lantern"},{"floor":10,"key":"Bottled Lightning"},{"floor":12,"key":"Toxic Egg 2"},{"floor":20,"key":"Tiny Chest"},{"floor":26,"key":"Blue Candle"},{"floor":28,"key":"Darkstone Periapt"},{"floor":30,"key":"Bag of Preparation"}],"event_choices":[{"damage_healed":0,"gold_gain":0,"player_choice":"Entered Light","damage_taken":15,"max_hp_gain":0,"max_hp_loss":0,"event_name":"Shining Light","floor":3,"gold_loss":0,"cards_upgraded":["Defend_B","Static Discharge"]},{"damage_healed":18,"gold_gain":0,"player_choice":"Healed","damage_taken":0,"max_hp_gain":0,"max_hp_loss":0,"event_name":"The Cleric","floor":11,"gold_loss":35},{"damage_healed":0,"gold_gain":0,"player_choice":"Shed Blood","damage_taken":19,"max_hp_gain":5,"max_hp_loss":0,"event_name":"Forgotten Altar","floor":19,"gold_loss":0},{"damage_healed":26,"gold_gain":0,"player_choice":"Heal","damage_taken":0,"max_hp_gain":0,"max_hp_loss":0,"event_name":"The Library","floor":22,"gold_loss":0}],"is_beta":false,"boss_relics":[{"not_picked":["Empty Cage","SlaversCollar"],"picked":"Runic Pyramid"}],"items_purged_floors":[],"is_endless":false,"potions_floor_spawned":[1,8,12,18,24,30],"killed_by":"Champ","ascension_level":8}}