{"host":"lh9qfzqeqctr28d2","time":1611913492,"event":{"mods":["BaseMod","CapriCore","Luminous","Minty Spire (QoL Compilation)","Quick Restart","Relic Stats","Remilia£®¿Ÿ√◊¿Ú—«£©","StSLib","Yakumo Yukari mod"],"gold_per_floor":[112,112,112,112,112,137,149,149,230,249,249,279,279,294,294,365,365,377,377,390,390,405,405,434,138,185,100,100,100,119,146,146,224,224,244,294,394,413,432,432,432],"floor_reached":40,"language":"ZHS","playtime":1521,"items_purged":["Wrath_TH"],"score":754,"play_id":"498eae05-0cab-44ae-bb0c-e372ed78c211","local_time":"20210129174452","is_ascension_mode":true,"campfire_choices":[{"data":"LeisurelyOfLord","floor":8.0,"key":"SMITH"},{"data":"Stigmanizer","floor":11.0,"key":"SMITH"},{"data":"EmergencyRegeneration","floor":13.0,"key":"SMITH"},{"floor":15.0,"key":"REST"},{"data":"ScarletDream","floor":23.0,"key":"SMITH"},{"floor":29.0,"key":"REST"},{"floor":32,"key":"REST"}],"circlet_count":0,"master_deck":["AscendersBane","Strike_RM+1","Strike_RM","Defend_RM","Defend_RM+1","Defend_RM","RedMoon","ScarletShoot","Stigmanizer+1","LeisurelyOfLord+1","EndlessAdversity+1","TwelveNightmare+1","EmergencyRegeneration+1","NightDance","EquivalentExchange+1","ScarletDream+1","EndlessPower","CeilingFear","EmergencyRegeneration","ScarletCoffin","BatForm+1","TricksterDevil+1"],"relics":["ScarletHat","NeowsBlessing","Regal Pillow","Gambling Chip","Frozen Egg 2","Strawberry","Runic Dome","Blue Candle","Potion Belt","Vajra","InkBottle","Happy Flower","Philosopher\u0027s Stone","Bird Faced Urn"],"acts_visited":["Exordium","TheCity","TheBeyond"],"potions_floor_usage":[33,33,39],"damage_taken":[{"damage":0.0,"enemies":"Small Slimes","floor":1.0,"turns":1.0},{"damage":0.0,"enemies":"Gremlin Nob","floor":6.0,"turns":1.0},{"damage":0.0,"enemies":"Jaw Worm","floor":7.0,"turns":1.0},{"damage":0.0,"enemies":"2 Louse","floor":10.0,"turns":1.0},{"damage":17.0,"enemies":"3 Sentries","floor":12.0,"turns":7.0},{"damage":38.0,"enemies":"Looter","floor":14.0,"turns":3.0},{"damage":30.0,"enemies":"Hexaghost","floor":16.0,"turns":9.0},{"damage":14.0,"enemies":"2 Thieves","floor":18.0,"turns":3.0},{"damage":13.0,"enemies":"Spheric Guardian","floor":20.0,"turns":4.0},{"damage":99.0,"enemies":"Centurion and Healer","floor":22.0,"turns":3.0},{"damage":119.0,"enemies":"Gremlin Leader","floor":24.0,"turns":6.0},{"damage":85.0,"enemies":"Colosseum Slavers","floor":28.0,"turns":3.0},{"damage":84.0,"enemies":"Shelled Parasite and Fungi","floor":30.0,"turns":3.0},{"damage":78,"enemies":"Book of Stabbing","floor":31,"turns":6},{"damage":52,"enemies":"Automaton","floor":33,"turns":9},{"damage":15,"enemies":"Orb Walker","floor":35,"turns":2},{"damage":41,"enemies":"2 Orb Walkers","floor":36,"turns":2},{"damage":54,"enemies":"3 Darklings","floor":38,"turns":4},{"damage":73,"enemies":"Jaw Worm Horde","floor":39,"turns":3},{"damage":0,"enemies":"Nemesis","floor":40,"turns":1}],"seed_played":"5495797394229835031","potions_obtained":[{"floor":1.0,"key":"Strength Potion"},{"floor":6.0,"key":"AttackPotion"},{"floor":16.0,"key":"Swift Potion"},{"floor":22.0,"key":"AttackPotion"},{"floor":24.0,"key":"ColorlessPotion"},{"floor":31,"key":"BlessingOfTheForge"},{"floor":36,"key":"SkillPotion"}],"is_trial":false,"path_per_floor":["M","?","T","?","?","E","M","R","T","M","R","E","R","M","R","B",null,"M","?","M","?","M","R","E","$","T","?","?","R","M","E","R","B",null,"M","?","?","M","M","E"],"character_chosen":"REMILIA","items_purchased":["Potion Belt","Regen Potion"],"campfire_rested":3,"item_purchase_floors":[25,25],"current_hp_per_floor":[68,53,53,53,53,53,53,53,53,53,53,44,44,44,82,61,77,69,69,58,58,41,41,20,20,20,20,12,51,31,15,54,34,70,58,45,45,30,17,17,17],"gold":432,"neow_bonus":"THREE_ENEMY_KILL","is_daily":false,"chose_seed":false,"campfire_upgraded":4,"win_rate":0.0,"timestamp":1611913492,"path_taken":["M","?","?","?","?","E","?","R","T","M","R","E","R","M","R","BOSS","M","?","M","?","M","R","E","$","T","?","?","R","M","E","R","BOSS","M","?","?","M","?","E"],"items_purchased_type":["Relic","Potion"],"build_version":"2020-12-22","purchased_purges":1,"victory":false,"max_hp_per_floor":[75,75,75,75,75,75,75,75,75,75,75,82,82,82,82,82,82,82,82,82,82,82,82,82,82,82,82,82,82,82,82,82,82,82,82,82,82,82,82,82,82],"relic_stats":{"Regal Pillow":44,"Happy Flower":[7],"counters":[20,71],"Gambling Chip":[33],"Blue Candle":[0],"Bird Faced Urn":[6],"obtain_stats":[{"Potion Belt":25,"Regal Pillow":3,"NeowsBlessing":0,"Happy Flower":31,"Blue Candle":24,"Vajra":26,"Frozen Egg 2":9,"ScarletHat":0,"Runic Dome":17,"Gambling Chip":6,"Strawberry":12,"Bird Faced Urn":36,"Philosopher\u0027s Stone":34,"InkBottle":27},{"Potion Belt":11,"Regal Pillow":1,"NeowsBlessing":0,"Happy Flower":14,"Blue Candle":11,"Vajra":11,"Frozen Egg 2":3,"ScarletHat":0,"Runic Dome":7,"Gambling Chip":2,"Strawberry":5,"Bird Faced Urn":17,"Philosopher\u0027s Stone":15,"InkBottle":11},{"Potion Belt":39,"Regal Pillow":1,"NeowsBlessing":0,"Happy Flower":51,"Blue Candle":39,"Vajra":39,"Frozen Egg 2":3,"ScarletHat":0,"Runic Dome":23,"Gambling Chip":2,"Strawberry":11,"Bird Faced Urn":64,"Philosopher\u0027s Stone":60,"InkBottle":39}],"InkBottle":[12]},"card_choices":[{"not_picked":["BadLadyScramble","ScarletDevil"],"picked":"Stigmanizer","floor":1.0},{"not_picked":["ScarletNetherworld","FitfulNightmare"],"picked":"LeisurelyOfLord","floor":6.0},{"not_picked":["VampireClaw","UnderTheZenith"],"picked":"EndlessAdversity","floor":7.0},{"not_picked":["CharismaGuard+1","RedRainbow"],"picked":"TwelveNightmare+1","floor":10.0},{"not_picked":["RedMagic","EndlessAdversity"],"picked":"EmergencyRegeneration","floor":12.0},{"not_picked":["VampireClaw","ScarletDevil"],"picked":"NightDance","floor":14.0},{"not_picked":["ChaoticDestiny","HellCatastrophe"],"picked":"EquivalentExchange+1","floor":16.0},{"not_picked":["EndlessAdversity","VampireSweep"],"picked":"ScarletDream","floor":18.0},{"not_picked":["Stigmanizer","TwelveNightmare+1","CharismaGuard+1"],"picked":"SKIP","floor":20.0},{"not_picked":["CharismaGuard+1","BombardNight","ScarletDevil"],"picked":"SKIP","floor":22.0},{"not_picked":["StarOfDavid","RedNightlessCastle","VampireFantasy"],"picked":"SKIP","floor":24.0},{"not_picked":["ScarletDream","NightLord","ScarletImprint"],"picked":"SKIP","floor":30.0},{"not_picked":["UnderTheZenith","EndlessAdversity"],"picked":"ScarletCoffin","floor":31},{"not_picked":["ScarletCoffin","CurseOfVladTepes+1"],"picked":"BatForm+1","floor":33},{"not_picked":["GlobalNightmare","UnderTheZenith","DiffusionOfMisfortune"],"picked":"SKIP","floor":35},{"not_picked":["EternalNight","FavorOfDestiny"],"picked":"TricksterDevil+1","floor":38},{"not_picked":["StarOfDavid","EmergencyRegeneration","BloodHunter"],"picked":"SKIP","floor":39}],"player_experience":456831,"relics_obtained":[{"floor":3.0,"key":"Regal Pillow"},{"floor":6.0,"key":"Gambling Chip"},{"floor":9.0,"key":"Frozen Egg 2"},{"floor":12.0,"key":"Strawberry"},{"floor":24.0,"key":"Blue Candle"},{"floor":26.0,"key":"Vajra"},{"floor":31,"key":"Happy Flower"},{"floor":36,"key":"Bird Faced Urn"}],"event_choices":[{"damage_healed":0.0,"max_hp_gain":0.0,"max_hp_loss":0.0,"gold_gain":0.0,"event_name":"Shining Light","player_choice":"Entered Light","floor":2.0,"gold_loss":0.0,"damage_taken":15.0,"cards_upgraded":["Defend_RM","Strike_RM"]},{"damage_healed":0.0,"max_hp_gain":0.0,"max_hp_loss":0.0,"gold_gain":0.0,"event_name":"Liars Game","player_choice":"Ignored","floor":4.0,"gold_loss":0.0,"damage_taken":0.0},{"cards_removed":["Strike_RM"],"damage_healed":0.0,"max_hp_gain":0.0,"max_hp_loss":0.0,"gold_gain":0.0,"event_name":"Purifier","player_choice":"Purged","floor":5.0,"gold_loss":0.0,"damage_taken":0.0},{"damage_healed":0.0,"max_hp_gain":0.0,"max_hp_loss":0.0,"gold_gain":0.0,"cards_transformed":["Strike_RM","Defend_RM"],"event_name":"Drug Dealer","player_choice":"Became Test Subject","floor":21.0,"gold_loss":0.0,"damage_taken":0.0,"cards_obtained":["CeilingFear","EmergencyRegeneration"]},{"damage_healed":0.0,"max_hp_gain":0.0,"max_hp_loss":0.0,"gold_gain":0.0,"event_name":"Addict","player_choice":"Obtained Relic","floor":27.0,"gold_loss":85.0,"damage_taken":0.0,"relics_obtained":["InkBottle"]},{"damage_healed":0.0,"max_hp_gain":0.0,"max_hp_loss":0.0,"gold_gain":0.0,"event_name":"Colosseum","player_choice":"Fight","floor":28.0,"gold_loss":0.0,"damage_taken":0.0},{"damage_healed":0.0,"max_hp_gain":0.0,"max_hp_loss":0.0,"gold_gain":0.0,"event_name":"Colosseum","player_choice":"Fled From Nobs","floor":28.0,"gold_loss":0.0,"damage_taken":0.0},{"damage_healed":0,"gold_gain":0,"player_choice":"Fight","damage_taken":0,"max_hp_gain":0,"max_hp_loss":0,"event_name":"Mysterious Sphere","floor":36,"gold_loss":0},{"damage_healed":0,"gold_gain":100,"player_choice":"Pray","damage_taken":0,"max_hp_gain":0,"max_hp_loss":0,"event_name":"Golden Shrine","floor":37,"gold_loss":0}],"is_beta":false,"boss_relics":[{"not_picked":["Empty Cage","APieceOfRedMist"],"picked":"Runic Dome"},{"not_picked":["Fusion Hammer","Cursed Key"],"picked":"Philosopher\u0027s Stone"}],"items_purged_floors":[25],"is_endless":false,"potions_floor_spawned":[1,6,14,16,22,24,28,31,36],"killed_by":"Nemesis","ascension_level":13}}