{"host":"3fsg94jzvcky9b5u","time":1611899318,"event":{"mods":["2.2 Compatiblity","AchievementEnabler","BaseMod","Better Third Choice","Colored Powertips","Downfall","Hermit","MarisaÅiñ∂âJÅ@ñÇóùçπÅj","Minty Spire (QoL Compilation)","Rare Cards Sparkle","Shop Mod","StSLib","The Cursed","The Disciple","The Hierophant","The Servant 0.9.4"],"gold_per_floor":[99,119,139,8,25,475,501,301,321,321,321,351,351,367,380,380,380,380],"floor_reached":16,"language":"ENG","playtime":776,"items_purged":[],"score":127,"play_id":"b52b3adf-23dc-4718-9d6c-2ca6bfe0114b","local_time":"20210129134838","is_ascension_mode":false,"campfire_choices":[{"floor":1,"key":"RECALL"},{"data":"bronze:Branch","floor":8,"key":"SMITH"},{"data":"bronze:Overload","floor":13,"key":"SMITH"}],"circlet_count":0,"master_deck":["bronze:Strike","bronze:Strike","bronze:Strike","bronze:Strike","bronze:Defend","bronze:Defend","bronze:Defend","bronze:Defend","bronze:Replicate","bronze:Goto","bronze:OilSpill","bronze:Flail","bronze:Turbo","bronze:Optimize","bronze:WhirlingStrike","bronze:Branch+1","downfall:Icky","downfall:Icky","downfall:Icky","bronze:BitShift","bronze:Overload+1","bronze:OilSpill","bronze:HyperBeam"],"relics":["bronze:BronzeCore","downfall:HeartBlessingRed","downfall:HeartBlessingBlue","bronze:SilverBullet"],"acts_visited":["Exordium"],"potions_floor_usage":[],"damage_taken":[{"damage":5,"enemies":"Cultist","floor":2,"turns":4},{"damage":1,"enemies":"Jaw Worm","floor":3,"turns":3},{"damage":5,"enemies":"downfall:FleeingMerchant","floor":4,"turns":4},{"damage":0,"enemies":"2 Louse","floor":5,"turns":2},{"damage":21,"enemies":"Exordium Wildlife","floor":9,"turns":2},{"damage":9,"enemies":"3 Sentries","floor":12,"turns":4},{"damage":6,"enemies":"Large Slime","floor":14,"turns":3},{"damage":0,"enemies":"Red Slaver","floor":15,"turns":1},{"damage":70,"enemies":"SI_SHIV_ARCHETYPE","floor":16,"turns":7}],"seed_played":"8713136264769357654","potions_obtained":[{"floor":3,"key":"Explosive Potion"},{"floor":5,"key":"FearPotion"},{"floor":9,"key":"Strength Potion"}],"is_trial":false,"path_per_floor":["R","M","M","$","M","?","T","R","M","?","?","E","R","M","M","B"],"character_chosen":"THE_AUTOMATON","items_purchased":["bronze:Optimize","bronze:WhirlingStrike"],"campfire_rested":0,"item_purchase_floors":[4,4],"current_hp_per_floor":[77,72,71,66,66,66,66,76,55,84,84,75,75,69,69,0,0,0],"gold":380,"neow_bonus":"TEN_PERCENT_HP_BONUS","is_daily":false,"chose_seed":false,"campfire_upgraded":2,"win_rate":0.0,"timestamp":1611899318,"path_taken":["R","M","?","$","M","?","T","R","M","?","?","E","R","?","M","BOSS"],"items_purchased_type":["Card","Card"],"build_version":"2020-12-22","purchased_purges":0,"victory":false,"max_hp_per_floor":[77,77,77,77,77,77,77,87,87,87,87,87,87,87,87,87,87,87],"card_choices":[{"not_picked":["bronze:Invalidate","bronze:ForLoop"],"picked":"bronze:OilSpill","floor":2},{"not_picked":["bronze:BuggyMess","bronze:Frontload"],"picked":"bronze:Flail","floor":3},{"not_picked":["bronze:Philosophize","bronze:Deprecate"],"picked":"bronze:Turbo","floor":4},{"not_picked":["bronze:Overheat","bronze:Verify"],"picked":"bronze:Branch","floor":5},{"not_picked":["bronze:DelayedGuard","bronze:GetLatest"],"picked":"bronze:BitShift","floor":9},{"not_picked":["bronze:Repair","bronze:Philosophize"],"picked":"bronze:Overload","floor":12},{"not_picked":["bronze:DelayedGuard","bronze:Overload"],"picked":"bronze:OilSpill","floor":14},{"not_picked":["bronze:Turbo","bronze:Iterate"],"picked":"bronze:HyperBeam","floor":15}],"player_experience":89306,"relics_obtained":[{"floor":12,"key":"bronze:SilverBullet"}],"event_choices":[{"damage_healed":29,"gold_gain":0,"player_choice":"Banana","damage_taken":0,"max_hp_gain":0,"max_hp_loss":0,"event_name":"Big Fish","floor":10,"gold_loss":0}],"is_beta":false,"boss_relics":[],"items_purged_floors":[],"is_endless":false,"potions_floor_spawned":[3,5,9,12],"killed_by":"SI_SHIV_ARCHETYPE","ascension_level":0}}