{"host":"3y2rtlgteqp2nuo3","time":1611927660,"event":{"mods":["2.2 Compatiblity","AchievementEnabler","BaseMod","Colored Map","DeckTracker","Highlight Path","Keyboard Shortcuts","Minty Spire (QoL Compilation)","Permanent Neow","Quick Restart","StSLib","SuperFastMode","everything is the same but u backflip on backflip"],"gold_per_floor":[119,137,62,73,85,85,112,112,112,147,97,97,131,148,148,244,244,261,57,70,86,96,96,112,112,112,146,146,156,156,6,6,6,6],"floor_reached":33,"language":"KOR","playtime":587,"items_purged":["Strike_R"],"score":452,"play_id":"fbe219d2-21b0-4b4f-8c2f-38c2e144ec22","local_time":"20210129224100","is_ascension_mode":true,"campfire_choices":[{"data":"Perfected Strike","floor":6.0,"key":"SMITH"},{"data":"Whirlwind","floor":8.0,"key":"SMITH"},{"data":"Immolate","floor":12.0,"key":"SMITH"},{"data":"Blood for Blood","floor":15.0,"key":"SMITH"},{"floor":23.0,"key":"REST"},{"data":"Limit Break","floor":28.0,"key":"SMITH"},{"data":"Flame Barrier","floor":30.0,"key":"SMITH"},{"floor":32.0,"key":"REST"}],"circlet_count":0,"master_deck":["Strike_R","Strike_R","Strike_R","Strike_R","Defend_R","Defend_R","Defend_R","Bash+1","Carnage","Pommel Strike","Perfected Strike+1","Whirlwind+1","Immolate+1","Blood for Blood+1","Limit Break+1","Perfected Strike","Shrug It Off","Flame Barrier+1","Perfected Strike+1","Bloodletting","Evolve","Spot Weakness+1"],"relics":["Burning Blood","Self Forming Clay","Blue Candle","Gremlin Horn","Bronze Scales","Philosopher\u0027s Stone","Ancient Tea Set","Paper Frog","Shovel","Blood Vial"],"acts_visited":["Exordium","TheCity"],"potions_floor_usage":[33],"damage_taken":[{"damage":3.0,"enemies":"Small Slimes","floor":1.0,"turns":4.0},{"damage":8.0,"enemies":"2 Louse","floor":2.0,"turns":2.0},{"damage":2.0,"enemies":"Jaw Worm","floor":4.0,"turns":3.0},{"damage":6.0,"enemies":"2 Fungi Beasts","floor":5.0,"turns":4.0},{"damage":25.0,"enemies":"3 Sentries","floor":7.0,"turns":7.0},{"damage":22.0,"enemies":"Lagavulin","floor":10.0,"turns":5.0},{"damage":0.0,"enemies":"Gremlin Nob","floor":13.0,"turns":2.0},{"damage":7.0,"enemies":"Exordium Wildlife","floor":14.0,"turns":2.0},{"damage":33.0,"enemies":"Slime Boss","floor":16.0,"turns":7.0},{"damage":12.0,"enemies":"Spheric Guardian","floor":18.0,"turns":3.0},{"damage":24.0,"enemies":"Shell Parasite","floor":20.0,"turns":4.0},{"damage":27.0,"enemies":"Snake Plant","floor":21.0,"turns":3.0},{"damage":0.0,"enemies":"3 Cultists","floor":22.0,"turns":2.0},{"damage":2.0,"enemies":"Centurion and Healer","floor":24.0,"turns":4.0},{"damage":10.0,"enemies":"Slavers","floor":27.0,"turns":2.0},{"damage":9.0,"enemies":"Snake Plant","floor":29.0,"turns":2.0},{"damage":99,"enemies":"Collector","floor":33,"turns":7}],"seed_played":"-6880845780295288399","potions_obtained":[{"floor":1.0,"key":"ElixirPotion"},{"floor":2.0,"key":"AttackPotion"},{"floor":13.0,"key":"BlessingOfTheForge"},{"floor":18.0,"key":"GamblersBrew"},{"floor":22.0,"key":"Swift Potion"}],"is_trial":false,"path_per_floor":["M","M","$","M","M","R","E","R","T","E","?","R","E","M","R","B",null,"M","$","M","M","M","R","M","?","T","E","R","M","R","$","R","B"],"character_chosen":"IRONCLAD","items_purchased":["Shrug It Off","Ancient Tea Set","Blood Vial"],"campfire_rested":2,"item_purchase_floors":[19,19,31],"current_hp_per_floor":[75,73,73,77,77,77,58,58,58,42,42,42,48,47,47,20,65,59,59,41,20,26,50,54,54,54,50,50,47,47,47,71,0,0],"gold":6,"neow_bonus":"UPGRADE_CARD","is_daily":false,"chose_seed":false,"campfire_upgraded":6,"win_rate":0.0,"timestamp":1611927660,"path_taken":["M","M","$","M","M","R","E","R","T","E","?","R","E","M","R","BOSS","M","$","M","M","M","R","M","?","T","E","R","M","R","$","R","BOSS"],"items_purchased_type":["Card","Relic","Relic"],"build_version":"2020-12-22","purchased_purges":1,"victory":false,"max_hp_per_floor":[80,80,80,80,80,80,80,80,80,80,80,80,80,80,80,80,80,80,80,80,80,80,80,80,80,80,80,80,80,80,80,80,80,80],"card_choices":[{"not_picked":["Havoc","Ghostly Armor"],"picked":"Carnage","floor":1.0},{"not_picked":["Bloodletting","Anger","Twin Strike"],"picked":"SKIP","floor":2.0},{"not_picked":["Sword Boomerang","Havoc"],"picked":"Pommel Strike","floor":4.0},{"not_picked":["Seeing Red","Headbutt"],"picked":"Perfected Strike","floor":5.0},{"not_picked":["Cleave","Battle Trance"],"picked":"Whirlwind","floor":7.0},{"not_picked":["Cleave","Rampage"],"picked":"Immolate","floor":10.0},{"not_picked":["Sword Boomerang","Clash","Havoc"],"picked":"SKIP","floor":13.0},{"not_picked":["Clothesline","Clash"],"picked":"Blood for Blood","floor":14.0},{"not_picked":["Impervious","Double Tap"],"picked":"Limit Break","floor":16.0},{"not_picked":["Twin Strike+1","Cleave+1"],"picked":"Perfected Strike","floor":18.0},{"not_picked":["Body Slam","Headbutt"],"picked":"Flame Barrier","floor":20.0},{"not_picked":["Body Slam","Thunderclap"],"picked":"Perfected Strike+1","floor":21.0},{"not_picked":["Flex","Twin Strike"],"picked":"Bloodletting","floor":22.0},{"not_picked":["Clash+1","Exhume","Armaments"],"picked":"SKIP","floor":24.0},{"not_picked":["Havoc","Clash+1"],"picked":"Evolve","floor":27.0},{"not_picked":["Thunderclap","Clash+1"],"picked":"Spot Weakness+1","floor":29.0}],"player_experience":732888,"relics_obtained":[{"floor":7.0,"key":"Self Forming Clay"},{"floor":9.0,"key":"Blue Candle"},{"floor":10.0,"key":"Gremlin Horn"},{"floor":13.0,"key":"Bronze Scales"},{"floor":26.0,"key":"Paper Frog"},{"floor":27.0,"key":"Shovel"}],"event_choices":[{"cards_removed":["Defend_R"],"damage_healed":0.0,"max_hp_gain":0.0,"max_hp_loss":0.0,"gold_gain":0.0,"event_name":"The Cleric","player_choice":"Card Removal","floor":11.0,"gold_loss":50.0,"damage_taken":0.0},{"damage_healed":0.0,"max_hp_gain":0.0,"max_hp_loss":0.0,"gold_gain":0.0,"event_name":"Beggar","player_choice":"Ignored","floor":25.0,"gold_loss":0.0,"damage_taken":0.0}],"is_beta":false,"boss_relics":[{"not_picked":["Velvet Choker","Busted Crown"],"picked":"Philosopher\u0027s Stone"}],"items_purged_floors":[3],"is_endless":false,"potions_floor_spawned":[1,2,13,18,21,22],"killed_by":"Collector","ascension_level":9}}