{"host":"ig3ferjl2vi2q99g","time":1611959873,"event":{"mods":["AchievementEnabler","BaseMod","Colored Map","Colored Powertips","Hermit","Minty Spire (QoL Compilation)","Permanent Neow","Quick Restart","SacredBarkPlus","StSLib"],"gold_per_floor":[360,380,52,69,87,87,87,100,145,168,201,201,215,232,232,333,333,351,351],"floor_reached":18,"language":"ENG","playtime":1015,"items_purged":["Injury"],"score":174,"play_id":"0a9637a7-79d7-463c-8a37-210e591eca17","local_time":"20210129233753","is_ascension_mode":true,"campfire_choices":[{"data":"Skewer","floor":6,"key":"SMITH"},{"floor":15,"key":"REST"}],"circlet_count":0,"master_deck":["Strike_G","Strike_G","Strike_G","Strike_G","Defend_G","Defend_G","Defend_G","Defend_G","Defend_G","Survivor","Neutralize","Predator","Leg Sweep","All Out Attack","Footwork","Flechettes","Skewer+1","Terror","Prepared","Bullet Time","Die Die Die","Footwork+1"],"relics":["Ring of the Serpent","Dream Catcher","Odd Mushroom","White Beast Statue"],"acts_visited":["Exordium","TheCity"],"potions_floor_usage":[],"damage_taken":[{"damage":0,"enemies":"2 Louse","floor":1,"turns":3},{"damage":6,"enemies":"Jaw Worm","floor":2,"turns":5},{"damage":1,"enemies":"Cultist","floor":4,"turns":3},{"damage":0,"enemies":"Looter","floor":5,"turns":4},{"damage":0,"enemies":"Exordium Wildlife","floor":8,"turns":2},{"damage":6,"enemies":"The Mushroom Lair","floor":10,"turns":3},{"damage":21,"enemies":"3 Sentries","floor":11,"turns":7},{"damage":0,"enemies":"2 Fungi Beasts","floor":13,"turns":2},{"damage":8,"enemies":"Gremlin Gang","floor":14,"turns":6},{"damage":42,"enemies":"Hexaghost","floor":16,"turns":12},{"damage":8,"enemies":"Chosen","floor":18,"turns":7}],"seed_played":"-84187608776094790","potions_obtained":[{"floor":2,"key":"PowerPotion"},{"floor":4,"key":"SkillPotion"}],"is_trial":false,"path_per_floor":["M","M","$","M","M","R","?","M","T","?","E","?","M","M","R","B",null,"M"],"character_chosen":"THE_SILENT","items_purchased":["All Out Attack","Footwork","FairyPotion"],"campfire_rested":1,"item_purchase_floors":[3,3,3],"current_hp_per_floor":[70,64,64,63,63,63,63,63,63,57,36,36,36,28,49,7,70,62,62],"gold":351,"neow_bonus":"TWO_FIFTY_GOLD","is_daily":false,"chose_seed":false,"campfire_upgraded":1,"win_rate":0.0,"timestamp":1611959873,"path_taken":["M","M","$","M","M","R","?","M","T","?","E","?","?","M","R","BOSS","M"],"items_purchased_type":["Card","Card","Potion"],"build_version":"2020-12-22","purchased_purges":1,"victory":false,"max_hp_per_floor":[70,70,70,70,70,70,70,70,70,70,70,70,70,70,70,70,70,70,70],"card_choices":[{"not_picked":["Bouncing Flask","Flying Knee"],"picked":"Predator","floor":1},{"not_picked":["Eviscerate","Deflect"],"picked":"Leg Sweep","floor":2},{"not_picked":["Deflect","Slice"],"picked":"Flechettes","floor":4},{"not_picked":["Bouncing Flask","Poisoned Stab"],"picked":"Skewer","floor":5},{"not_picked":["Blade Dance","Prepared"],"picked":"Terror","floor":8},{"not_picked":["Deflect","Sucker Punch"],"picked":"Prepared","floor":10},{"not_picked":["Deadly Poison","Reflex","Concentrate"],"picked":"SKIP","floor":11},{"not_picked":["Bane","Endless Agony","PiercingWail"],"picked":"SKIP","floor":13},{"not_picked":["All Out Attack","Dagger Spray"],"picked":"Bullet Time","floor":14},{"not_picked":["A Thousand Cuts","Tools of the Trade"],"picked":"Die Die Die","floor":16},{"not_picked":["Flying Knee","Blade Dance"],"picked":"Footwork+1","floor":18}],"player_experience":294929,"relics_obtained":[{"floor":9,"key":"Dream Catcher"},{"floor":10,"key":"Odd Mushroom"},{"floor":11,"key":"White Beast Statue"}],"event_choices":[{"cards_removed":["Strike_G"],"damage_healed":0,"gold_gain":0,"player_choice":"Forget","damage_taken":0,"max_hp_gain":0,"max_hp_loss":0,"event_name":"Living Wall","floor":7,"gold_loss":0},{"damage_healed":0,"gold_gain":0,"player_choice":"Fought Mushrooms","damage_taken":0,"max_hp_gain":0,"max_hp_loss":0,"event_name":"Mushrooms","floor":10,"gold_loss":0},{"damage_healed":0,"gold_gain":0,"player_choice":"Ignored","damage_taken":0,"max_hp_gain":0,"max_hp_loss":0,"event_name":"NoteForYourself","floor":12,"gold_loss":0}],"is_beta":false,"boss_relics":[{"not_picked":["Sozu","Runic Dome"],"picked":"Ring of the Serpent"}],"items_purged_floors":[3],"is_endless":false,"potions_floor_spawned":[2,4,13,14,16,18],"killed_by":"Chosen","ascension_level":1}}