{"host":"nlowmoq7gy18n72d","time":1611934359,"event":{"mods":["BaseMod","Colored Powertips","Conspire","Downfall","Hermit","Highlight Path","Infinite Spire","Jorbs\u0027s Wanderer Trilogy","Minty Spire (QoL Compilation)","Rare Cards Sparkle","Replay The Spire","StSLib","The Cursed","The Hierophant"],"gold_per_floor":[112,112,135,146,157,192,192,221,221,2,20,36,55,68,68,165,165,183,183,210,220,297,322,322,322,349,349,349],"floor_reached":27,"language":"ENG","playtime":938,"items_purged":["hermit:Strike_Hermit"],"score":245,"play_id":"e7937471-18d9-44f3-9e82-e90194ee8318","local_time":"20210129183239","is_ascension_mode":false,"campfire_choices":[{"floor":7,"key":"REST"},{"data":"hermit:PistolWhip","floor":15,"key":"SMITH"}],"circlet_count":0,"master_deck":["hermit:Strike_Hermit","hermit:Strike_Hermit","hermit:Strike_Hermit","hermit:Defend_Hermit","hermit:Defend_Hermit","hermit:Defend_Hermit","hermit:Defend_Hermit+1","hermit:Snapshot+1","hermit:Covet+1","hermit:Virtue","hermit:LowProfile","hermit:Headshot","hermit:Enervate","hermit:PistolWhip+1","hermit:HoleUp","hermit:DeadOrAlive","conspire:Blindness","sneckomod:SnekBite","hermit:Determination","hermit:Desperado"],"relics":["hermit:Momento","Tiny Chest","Bronze Scales","Oddly Smooth Stone","infinitespire:CheckeredPen","Lantern","ReplayTheSpireMod:SealedPack","Enchiridion","Replay:Ringing Soul","infinitespire:Lucky Rock","Shuriken","Ancient Tea Set"],"acts_visited":["Exordium","TheCity"],"potions_floor_usage":[8,16,23,27,27,27],"damage_taken":[{"damage":1,"enemies":"Jaw Worm","floor":1,"turns":3},{"damage":0,"enemies":"Cultist","floor":4,"turns":3},{"damage":0,"enemies":"2 Louse","floor":5,"turns":3},{"damage":23,"enemies":"Lagavulin","floor":6,"turns":7},{"damage":29,"enemies":"3 Sentries","floor":8,"turns":10},{"damage":0,"enemies":"Looter","floor":11,"turns":2},{"damage":0,"enemies":"Exordium Wildlife","floor":12,"turns":1},{"damage":0,"enemies":"Blue Slaver","floor":13,"turns":2},{"damage":0,"enemies":"Looter","floor":14,"turns":2},{"damage":9,"enemies":"Slime Boss","floor":16,"turns":7},{"damage":20,"enemies":"Spheric Guardian","floor":18,"turns":4},{"damage":6,"enemies":"Shell Parasite","floor":20,"turns":4},{"damage":0,"enemies":"Snake Plant","floor":21,"turns":3},{"damage":11,"enemies":"Book of Stabbing","floor":23,"turns":5},{"damage":34,"enemies":"conspire:SneckoGhost","floor":27,"turns":4}],"seed_played":"1031906409348596714","potions_obtained":[{"floor":4,"key":"Elixir"},{"floor":6,"key":"PowerPotion"},{"floor":11,"key":"bronze:BurnAndBuffPotion"},{"floor":12,"key":"SteroidPotion"},{"floor":18,"key":"SteroidPotion"},{"floor":23,"key":"Strength Potion"}],"is_trial":false,"path_per_floor":["M","?","T","M","M","E","R","E","T","$","M","M","M","M","R","B",null,"M","?","M","M","T","E","?","T","T","E"],"character_chosen":"HERMIT","items_purchased":["Lantern"],"campfire_rested":1,"item_purchase_floors":[10],"current_hp_per_floor":[74,59,59,59,59,36,58,29,29,29,29,29,29,29,29,20,75,55,39,33,33,33,25,25,25,25,0,0],"gold":349,"neow_bonus":"RANDOM_EVENT","is_daily":false,"chose_seed":false,"campfire_upgraded":1,"win_rate":0.0,"timestamp":1611934359,"path_taken":["M","?","?","M","M","E","R","E","T","$","M","?","?","M","R","BOSS","M","?","M","M","?","E","?","?","T","E"],"items_purchased_type":["Relic"],"build_version":"2020-12-22","purchased_purges":1,"victory":false,"max_hp_per_floor":[75,75,75,75,75,75,75,75,75,75,75,75,75,75,75,75,75,75,75,75,75,75,78,78,78,78,78,78],"card_choices":[{"not_picked":["hermit:TakeAim","hermit:Cheat"],"picked":"hermit:Virtue","floor":1},{"not_picked":["hermit:TakeAim","hermit:ItchyTrigger"],"picked":"hermit:LowProfile","floor":4},{"not_picked":["hermit:BodyArmor","hermit:Coalescence"],"picked":"hermit:Headshot","floor":5},{"not_picked":["hermit:Headshot","hermit:Purgatory","hermit:Deadeye"],"picked":"SKIP","floor":6},{"not_picked":["hermit:TakeAim","hermit:Feint"],"picked":"hermit:Enervate","floor":8},{"not_picked":["hermit:Manifest","hermit:Virtue"],"picked":"hermit:PistolWhip","floor":11},{"not_picked":["hermit:Feint","hermit:Grudge","hermit:CalledShot"],"picked":"SKIP","floor":12},{"not_picked":["hermit:Showdown","hermit:Quickdraw"],"picked":"hermit:HoleUp","floor":13},{"not_picked":["hermit:Dive","hermit:Shortfuse","hermit:Enervate"],"picked":"SKIP","floor":14},{"not_picked":["hermit:Dissolve","hermit:Roughhouse"],"picked":"hermit:DeadOrAlive","floor":16},{"not_picked":["stsjorbsmod:Exhale","stsjorbsmod:EyeOfTheStorm"],"picked":"sneckomod:SnekBite","floor":17},{"not_picked":["hermit:Misfire","hermit:Cheat","hermit:ItchyTrigger"],"picked":"SKIP","floor":18},{"not_picked":["hermit:TakeCover","hermit:Brawl+1","hermit:Quickdraw"],"picked":"SKIP","floor":20},{"not_picked":["hermit:Enervate+1","hermit:Showdown"],"picked":"hermit:Determination","floor":21},{"not_picked":["hermit:SprayPray","hermit:Snipe"],"picked":"hermit:Desperado","floor":23}],"player_experience":737935,"relics_obtained":[{"floor":3,"key":"Tiny Chest"},{"floor":6,"key":"Bronze Scales"},{"floor":8,"key":"Oddly Smooth Stone"},{"floor":9,"key":"infinitespire:CheckeredPen"},{"floor":19,"key":"Enchiridion"},{"floor":22,"key":"Replay:Ringing Soul"},{"floor":23,"key":"infinitespire:Lucky Rock"},{"floor":25,"key":"Shuriken"},{"floor":26,"key":"Ancient Tea Set"}],"event_choices":[{"damage_healed":0,"gold_gain":0,"player_choice":"Grow","damage_taken":0,"max_hp_gain":0,"max_hp_loss":0,"event_name":"Living Wall","floor":0,"gold_loss":0,"cards_upgraded":["hermit:Snapshot"]},{"damage_healed":0,"gold_gain":0,"player_choice":"Entered Light","damage_taken":15,"max_hp_gain":0,"max_hp_loss":0,"event_name":"Shining Light","floor":2,"gold_loss":0,"cards_upgraded":["hermit:Covet","hermit:Defend_Hermit"]},{"damage_healed":0,"gold_gain":0,"player_choice":"Obtained Book","damage_taken":16,"max_hp_gain":0,"max_hp_loss":0,"event_name":"Cursed Tome","floor":19,"gold_loss":0},{"damage_healed":0,"gold_gain":0,"player_choice":"Leave","damage_taken":0,"max_hp_gain":0,"max_hp_loss":0,"event_name":"conspire:Investor","floor":24,"gold_loss":0}],"is_beta":false,"boss_relics":[{"not_picked":["Runic Pyramid","ChewingGum"],"picked":"ReplayTheSpireMod:SealedPack"}],"items_purged_floors":[10],"is_endless":false,"potions_floor_spawned":[4,6,11,12,13,14,18,23],"killed_by":"conspire:SneckoGhost","ascension_level":0}}