{"host":"1tl36azeqm6yhdgj","time":1611935476,"event":{"mods":["AchievementEnabler","BaseMod","Minty Spire (QoL Compilation)","StSLib","The IronCluck","everything is the same but u backflip on backflip"],"gold_per_floor":[119,44,44,63,78,103,114,114,114],"floor_reached":8,"language":"ENG","playtime":337,"items_purged":[],"score":116,"play_id":"83917cda-210b-46cc-9976-70c605e9a162","local_time":"20210129105116","is_ascension_mode":true,"campfire_choices":[],"circlet_count":0,"master_deck":["AscendersBane","Strike_R","Strike_R","Strike_R","Strike_R","Defend_R","Defend_R","Defend_R","Defend_R","Bash","Shockwave","Ghostly Armor","Double Tap","Headbutt","Rage","Reckless Charge","Flame Barrier","Infernal Blade"],"relics":["Burning Blood","NeowsBlessing","Bronze Scales"],"acts_visited":["Exordium"],"potions_floor_usage":[8],"damage_taken":[{"damage":0.0,"enemies":"Small Slimes","floor":1.0,"turns":1.0},{"damage":0.0,"enemies":"Cultist","floor":4.0,"turns":1.0},{"damage":0.0,"enemies":"2 Louse","floor":5.0,"turns":1.0},{"damage":46,"enemies":"3 Sentries","floor":6,"turns":19},{"damage":9,"enemies":"Blue Slaver","floor":7,"turns":4},{"damage":66,"enemies":"Gremlin Nob","floor":8,"turns":4}],"seed_played":"7115903444926006498","potions_obtained":[{"floor":4.0,"key":"BloodPotion"},{"floor":6,"key":"EssenceOfSteel"}],"is_trial":false,"path_per_floor":["M","?","?","M","M","E","M","E"],"character_chosen":"IRONCLAD","items_purchased":[],"campfire_rested":0,"item_purchase_floors":[],"current_hp_per_floor":[74,74,74,75,75,35,32,0,0],"gold":114,"neow_bonus":"THREE_ENEMY_KILL","is_daily":false,"chose_seed":false,"campfire_upgraded":0,"win_rate":0.0,"timestamp":1611935476,"path_taken":["M","?","?","?","M","E","M","E"],"items_purchased_type":[],"build_version":"2020-12-22","purchased_purges":0,"victory":false,"max_hp_per_floor":[75,75,75,75,75,75,75,75,75],"card_choices":[{"not_picked":["Heavy Blade","Havoc"],"picked":"Shockwave","floor":1.0},{"not_picked":["True Grit","Perfected Strike"],"picked":"Rage","floor":4.0},{"not_picked":["Warcry","Iron Wave"],"picked":"Reckless Charge","floor":5.0},{"not_picked":["Dual Wield","Headbutt"],"picked":"Flame Barrier","floor":6},{"not_picked":["Sword Boomerang","Brutality"],"picked":"Infernal Blade","floor":7}],"player_experience":2100493,"relics_obtained":[{"floor":6,"key":"Bronze Scales"}],"event_choices":[{"cards_removed":["Strike_R"],"damage_healed":0.0,"max_hp_gain":0.0,"max_hp_loss":0.0,"gold_gain":0.0,"event_name":"The Cleric","player_choice":"Card Removal","floor":2.0,"gold_loss":75.0,"damage_taken":0.0},{"damage_healed":0.0,"max_hp_gain":0.0,"max_hp_loss":0.0,"gold_gain":0.0,"event_name":"Match and Keep!","player_choice":"3 cards matched","floor":3.0,"gold_loss":0.0,"damage_taken":0.0,"cards_obtained":["Ghostly Armor","Double Tap","Headbutt"]}],"is_beta":false,"boss_relics":[],"items_purged_floors":[],"is_endless":false,"potions_floor_spawned":[4,6],"killed_by":"Gremlin Nob","ascension_level":20}}