{"host":"7r6bd5ce6zscnmwq","time":1611915599,"event":{"mods":["BaseMod","Block Reminder","Downfall","Minty Spire (QoL Compilation)","Quick Restart","StSLib"],"gold_per_floor":[99,99,99,30,44,44,125,125,151,170,70,70,83,94,105,208,208,208,223,223,223,13,13,13,13,48,61,73,73,158,173,190,290,290,290,302,302,317,61,106,106,117,117,52,87,87,101,120,135,135],"floor_reached":51,"language":"ENG","playtime":5457,"items_purged":["downfall:Malfunctioning","bronze:DelayedSlice","bronze:Repulsor+1"],"score":697,"play_id":"421178f0-1091-42c4-9177-2ce100cbdafb","local_time":"20210129191959","is_ascension_mode":false,"campfire_choices":[{"data":"bronze:Replicate","floor":1.0,"key":"SMITH"},{"data":"bronze:Repulsor","floor":8.0,"key":"SMITH"},{"data":"bronze:MaxOutput","floor":11.0,"key":"SMITH"},{"data":"bronze:Mutator","floor":18,"key":"SMITH"},{"data":"bronze:ItsAFeature","floor":23,"key":"SMITH"},{"floor":35,"key":"RECALL"},{"floor":43,"key":"REST"},{"floor":46,"key":"REST"}],"circlet_count":0,"master_deck":["bronze:Strike","bronze:Strike","bronze:Strike","bronze:Strike+1","bronze:Defend","bronze:Defend","bronze:Defend","bronze:Defend","bronze:Replicate+1","bronze:Goto+1","bronze:MaxOutput+1","bronze:Frontload+1","bronze:Turbo+1","bronze:CutThrough+1","bronze:ItsAFeature+1","CurseOfTheBell","bronze:OilSpill+1","bronze:Repulsor+1","bronze:Repair","bronze:CloningBeam+1","bronze:BugBarrage+1","bronze:Mutator+1","bronze:Allocate","bronze:OilSpill+1","bronze:ForLoop","bronze:Shield+1","bronze:Flail+1","bronze:BuggyMess+1"],"relics":["bronze:BronzeCore","downfall:HeartsMalice","bronze:CableSpool","Molten Egg 2","downfall:HeartBlessingGreen","Calling Bell","Smiling Mask","WingedGreaves","Frozen Egg 2","Medical Kit","Gremlin Horn","FaceOfCleric","Bag of Preparation","Fusion Hammer","Chemical X","InkBottle","Blood Vial"],"acts_visited":["Exordium","TheCity","TheBeyond"],"potions_floor_usage":[16,26,26,36,42,44,48,50,50],"damage_taken":[{"damage":0.0,"enemies":"2 Louse","floor":2.0,"turns":1.0},{"damage":0.0,"enemies":"Jaw Worm","floor":3.0,"turns":1.0},{"damage":0.0,"enemies":"downfall:FleeingMerchant","floor":4.0,"turns":1.0},{"damage":1.0,"enemies":"Small Slimes","floor":5.0,"turns":3.0},{"damage":19.0,"enemies":"3 Sentries","floor":9.0,"turns":7.0},{"damage":0.0,"enemies":"Gremlin Gang","floor":10.0,"turns":4.0},{"damage":0,"enemies":"3 Louse","floor":13,"turns":2},{"damage":7,"enemies":"Red Slaver","floor":14,"turns":2},{"damage":1,"enemies":"Blue Slaver","floor":15,"turns":3},{"damage":23,"enemies":"IC_STATUS_ARCHETYPE","floor":16,"turns":9},{"damage":13,"enemies":"Shell Parasite","floor":19,"turns":5},{"damage":3,"enemies":"downfall:FleeingMerchant","floor":22,"turns":4},{"damage":28,"enemies":"Book of Stabbing","floor":26,"turns":6},{"damage":8,"enemies":"Snecko","floor":27,"turns":4},{"damage":10,"enemies":"Snake Plant","floor":28,"turns":4},{"damage":5,"enemies":"Chosen and Byrds","floor":31,"turns":5},{"damage":23,"enemies":"Shelled Parasite and Fungi","floor":32,"turns":6},{"damage":68,"enemies":"DF_ARCHETYPE_CLAW","floor":33,"turns":9},{"damage":18,"enemies":"3 Darklings","floor":36,"turns":5},{"damage":0,"enemies":"3 Shapes","floor":38,"turns":3},{"damage":0,"enemies":"downfall:FleeingMerchant","floor":39,"turns":4},{"damage":41,"enemies":"Writhing Mass","floor":42,"turns":6},{"damage":12,"enemies":"downfall:FleeingMerchant","floor":44,"turns":4},{"damage":76,"enemies":"Reptomancer","floor":45,"turns":4},{"damage":12,"enemies":"Jaw Worm Horde","floor":47,"turns":4},{"damage":0,"enemies":"Transient","floor":48,"turns":5},{"damage":0,"enemies":"3 Darklings","floor":49,"turns":5},{"damage":40,"enemies":"SI_POISON_ARCHETYPE","floor":50,"turns":7}],"seed_played":"-8592959851083464877","potions_obtained":[{"floor":9.0,"key":"SpeedPotion"},{"floor":13,"key":"Dexterity Potion"},{"floor":15,"key":"ColorlessPotion"},{"floor":16,"key":"SpeedPotion"},{"floor":19,"key":"Slimebound:ThreeZeroPotion"},{"floor":31,"key":"Dexterity Potion"},{"floor":33,"key":"champ:CounterPotion"},{"floor":36,"key":"LiquidMemories"},{"floor":45,"key":"Ancient Potion"},{"floor":47,"key":"Block Potion"},{"floor":49,"key":"PowerPotion"}],"is_trial":false,"path_per_floor":["R","M","M","$","M","?","T","R","E","M","R","?","M","M","M","B",null,"R","M","?","?","$","R","T","?","E","M","M","?","?","M","M","B",null,"R","M","?","M","$","?","T","M","R","$","E","R","M","M","M","B",null],"character_chosen":"THE_AUTOMATON","items_purchased":["bronze:MaxOutput","Medical Kit","bronze:ForLoop","Chemical X"],"campfire_rested":2,"item_purchase_floors":[4,22,39,39],"current_hp_per_floor":[70,70,70,70,69,74,74,74,55,55,55,55,55,48,47,24,75,75,62,48,48,45,45,45,45,18,11,9,93,79,89,74,14,96,96,86,86,98,99,99,99,66,96,85,17,47,45,48,65,35],"gold":135,"neow_bonus":"THREE_ENEMY_KILL","is_daily":false,"chose_seed":false,"campfire_upgraded":5,"win_rate":0.0,"timestamp":1611915599,"path_taken":["R","M","M","$","M","?","T","R","E","M","R","?","M","M","M","BOSS","R","M","?","?","$","R","T","?","E","?","M","?","?","M","M","BOSS","R","M","?","?","?","?","T","M","R","$","E","R","M","M","M","BOSS"],"items_purchased_type":["Card","Relic","Card","Relic"],"build_version":"2020-12-22","purchased_purges":3,"victory":true,"max_hp_per_floor":[70,70,70,70,70,75,75,75,75,75,75,75,75,75,75,75,75,75,75,80,80,80,80,80,80,81,82,83,93,93,94,95,96,96,96,97,97,98,99,99,99,100,100,101,102,102,103,104,105,106],"card_choices":[{"not_picked":["bronze:Optimize","bronze:WildBeam"],"picked":"bronze:Repulsor","floor":2.0},{"not_picked":["bronze:Iterate","bronze:FineTuning"],"picked":"bronze:DelayedSlice","floor":3.0},{"not_picked":["bronze:ForceShield","bronze:GetLatest","bronze:Branch"],"picked":"SKIP","floor":4.0},{"not_picked":["bronze:WildBeam","bronze:MaxOutput"],"picked":"bronze:Frontload","floor":5.0},{"not_picked":["bronze:ThunderWave+1","bronze:Invalidate","bronze:Optimize"],"picked":"SKIP","floor":9.0},{"not_picked":["bronze:WhirlingStrike+1","bronze:DelayedGuard"],"picked":"bronze:Turbo","floor":10.0},{"not_picked":["bronze:Shield","bronze:WhirlingStrike+1"],"picked":"bronze:CutThrough+1","floor":13},{"not_picked":["bronze:WildBeam+1","bronze:DigitalCarnage+1","bronze:Invalidate"],"picked":"SKIP","floor":14},{"not_picked":["bronze:Turbo","bronze:ChildClass"],"picked":"bronze:ItsAFeature","floor":15},{"not_picked":["bronze:ShipIt+1","bronze:ThunderWave+1"],"picked":"bronze:Mutator","floor":16},{"not_picked":["bronze:Deprecate+1","bronze:Invalidate","bronze:Boost"],"picked":"SKIP","floor":19},{"not_picked":["bronze:Mutator+1","bronze:Shield"],"picked":"bronze:OilSpill+1","floor":22},{"not_picked":["bronze:Backtrace+1","bronze:WildBeam+1"],"picked":"bronze:Repulsor+1","floor":26},{"not_picked":["bronze:NullPointer+1","bronze:FineTuning+1"],"picked":"bronze:Repair","floor":27},{"not_picked":["bronze:Return+1","bronze:Repulsor+1"],"picked":"bronze:CloningBeam+1","floor":28},{"not_picked":["bronze:ChosenStrike+1","bronze:Branch+1","bronze:MaxOutput+1"],"picked":"SKIP","floor":31},{"not_picked":["bronze:WhirlingStrike+1","bronze:DarkDash+1"],"picked":"bronze:BugBarrage+1","floor":32},{"not_picked":["bronze:CleanCode+1","bronze:Verify+1"],"picked":"bronze:Mutator+1","floor":33},{"not_picked":["bronze:Shield+1","bronze:FineTuning"],"picked":"bronze:Allocate","floor":36},{"not_picked":["bronze:BronzeArmor+1","bronze:WhirlingStrike+1","bronze:Safeguard+1"],"picked":"SKIP","floor":38},{"not_picked":["bronze:FollowUp+1","bronze:SpaghettiCode"],"picked":"bronze:OilSpill+1","floor":39},{"not_picked":["bronze:Overheat+1","bronze:Invalidate","bronze:FineTuning+1"],"picked":"SKIP","floor":42},{"not_picked":["bronze:OilSpill+1","bronze:ItsAFeature+1","bronze:DigitalCarnage+1"],"picked":"SKIP","floor":44},{"not_picked":["bronze:Optimize+1","bronze:Turbo+1"],"picked":"bronze:Shield+1","floor":45},{"not_picked":["bronze:Frontload","bronze:Shell"],"picked":"bronze:Flail+1","floor":47},{"not_picked":["bronze:Shell+1","bronze:WhirlingStrike+1"],"picked":"bronze:BuggyMess+1","floor":48},{"not_picked":["bronze:Philosophize+1","bronze:CloningBeam+1","bronze:Invalidate+1"],"picked":"SKIP","floor":49}],"player_experience":633005,"relics_obtained":[{"floor":7.0,"key":"bronze:CableSpool"},{"floor":9.0,"key":"Molten Egg 2"},{"floor":17,"key":"Smiling Mask"},{"floor":17,"key":"WingedGreaves"},{"floor":17,"key":"Frozen Egg 2"},{"floor":24,"key":"Gremlin Horn"},{"floor":26,"key":"Bag of Preparation"},{"floor":41,"key":"InkBottle"},{"floor":45,"key":"Blood Vial"}],"event_choices":[{"damage_healed":0.0,"max_hp_gain":5.0,"max_hp_loss":0.0,"gold_gain":0.0,"event_name":"Big Fish","player_choice":"Donut","floor":6.0,"gold_loss":0.0,"damage_taken":0.0},{"damage_healed":0,"gold_gain":0,"player_choice":"Ignored","damage_taken":0,"max_hp_gain":0,"max_hp_loss":0,"event_name":"Vampires","floor":21,"gold_loss":0},{"damage_healed":0,"gold_gain":0,"player_choice":"Trade","damage_taken":0,"relics_obtained":["FaceOfCleric"],"max_hp_gain":0,"max_hp_loss":0,"event_name":"FaceTrader","floor":25,"gold_loss":0}],"is_beta":false,"boss_relics":[{"not_picked":["Runic Pyramid","Velvet Choker"],"picked":"Calling Bell"},{"not_picked":["Tiny House","bronze:PlatinumCore"],"picked":"Fusion Hammer"}],"items_purged_floors":[22,39,44],"is_endless":false,"potions_floor_spawned":[9,13,15,16,19,31,33,36,45,47,49],"ascension_level":0}}