{"host":"8d3fefv2347kqkpz","time":1611953539,"event":{"mods":["AchievementEnabler","Act Like it!","Aspiration","BaseMod","Better Vampires","Colored Map","Colored Powertips","Conspire","GifTheSpireLib","Highlight Path","Hubris","Mimic Mod","Minty Spire (QoL Compilation)","Quick Restart","Rare Cards Sparkle","Relic Stats","Replay The Spire","Spicy Shops","StSLib","The Jungle","Waifu the Spire"],"gold_per_floor":[109,125,135,135,151,151,169,169,169,185,185,205,217,231,231,328,328,238,249,263,16,16,16],"floor_reached":22,"language":"ZHS","playtime":813,"items_purged":["Strike_R","Strike_R"],"score":182,"play_id":"bfdbb9ab-0e68-4586-9daf-f1eff423e622","local_time":"20210130045219","is_ascension_mode":false,"campfire_choices":[{"data":"Berserk","floor":6.0,"key":"SMITH"},{"data":"Infernal Blade","floor":8.0,"key":"SMITH"},{"data":"Bash","floor":11.0,"key":"SMITH"},{"data":"Rage","floor":15.0,"key":"SMITH"}],"circlet_count":0,"master_deck":["Strike_R","Strike_R","Strike_R","Defend_R","Defend_R","Defend_R","Defend_R","Bash+1","Berserk+1","Infernal Blade+1","Rage+1","Demon Form","ReplayTheSpireMod:Muscle Training","Rupture"],"relics":["Burning Blood","NeowsBlessing","conspire:GiftBox","Quantum Egg"],"acts_visited":["Exordium","TheCity"],"potions_floor_usage":[20],"damage_taken":[{"damage":0.0,"enemies":"2 Louse","floor":1.0,"turns":1.0},{"damage":0.0,"enemies":"Cultist","floor":2.0,"turns":1.0},{"damage":0.0,"enemies":"conspire:RoseBush","floor":3.0,"turns":1.0},{"damage":6.0,"enemies":"Exordium Wildlife","floor":5.0,"turns":7.0},{"damage":4.0,"enemies":"conspire:2 RoseBushes","floor":7.0,"turns":5.0},{"damage":19.0,"enemies":"Large Slime","floor":10.0,"turns":8.0},{"damage":0.0,"enemies":"Exordium Thugs","floor":12.0,"turns":3.0},{"damage":0.0,"enemies":"Blue Slaver","floor":13.0,"turns":2.0},{"damage":11.0,"enemies":"Exordium Wildlife","floor":14.0,"turns":4.0},{"damage":36.0,"enemies":"Fading Forest","floor":16.0,"turns":11.0},{"damage":43.0,"enemies":"2 Thieves","floor":18.0,"turns":5.0},{"damage":21.0,"enemies":"Spheric Guardian","floor":19.0,"turns":5.0},{"damage":27,"enemies":"Snake Plant","floor":20,"turns":3},{"damage":10,"enemies":"Shelled Parasite and Fungi","floor":22,"turns":1}],"seed_played":"-3796316222463497774","potions_obtained":[{"floor":1.0,"key":"LifebloodPotion"},{"floor":5.0,"key":"Strength Potion"},{"floor":10.0,"key":"AttackPotion"},{"floor":13.0,"key":"Fire Potion"},{"floor":19.0,"key":"PowerPotion"},{"floor":20,"key":"SkillPotion"}],"is_trial":false,"path_per_floor":["M","M","M","?","M","R","M","R","T","M","R","M","M","M","R","B",null,"M","M","M","$","M"],"character_chosen":"IRONCLAD","items_purchased":["Rupture"],"campfire_rested":0,"item_purchase_floors":[21],"current_hp_per_floor":[80,80,80,80,80,80,80,80,80,67,67,73,79,74,74,80,80,43,28,7,7,0,0],"gold":16,"neow_bonus":"THREE_ENEMY_KILL","is_daily":false,"chose_seed":false,"campfire_upgraded":4,"win_rate":0.0,"timestamp":1611953539,"path_taken":["M","M","M","?","M","R","M","R","T","?","R","M","M","M","R","BOSS","M","M","M","$","?"],"items_purchased_type":["Card"],"build_version":"2020-12-22","purchased_purges":2,"victory":false,"max_hp_per_floor":[80,80,80,80,80,80,80,80,80,80,80,80,80,80,80,80,80,80,80,80,80,80,80],"relic_stats":{"counters":[14,57],"obtain_stats":[{"conspire:GiftBox":4,"NeowsBlessing":0,"Quantum Egg":9,"Burning Blood":0},{"conspire:GiftBox":3,"NeowsBlessing":0,"Quantum Egg":5,"Burning Blood":0},{"conspire:GiftBox":3,"NeowsBlessing":0,"Quantum Egg":15,"Burning Blood":0}],"Burning Blood":58},"card_choices":[{"not_picked":["Dark Embrace","Pommel Strike","Fire Breathing"],"picked":"SKIP","floor":1.0},{"not_picked":["Headbutt","Havoc","Thunderclap"],"picked":"SKIP","floor":2.0},{"not_picked":["Perfected Strike","Thunderclap","True Grit"],"picked":"SKIP","floor":3.0},{"not_picked":["hubris:StunningStrike","Juggernaut"],"picked":"Berserk","floor":4.0},{"not_picked":["Entrench","Twin Strike"],"picked":"Infernal Blade","floor":5.0},{"not_picked":["Spot Weakness","Sever Soul","Reckless Charge"],"picked":"SKIP","floor":7.0},{"not_picked":["Impervious","Sentinel","Twin Strike"],"picked":"SKIP","floor":10.0},{"not_picked":["Wild Strike","Replay:Undeath\u0027s Touch","Reckless Charge"],"picked":"SKIP","floor":12.0},{"not_picked":["conspire:ExplosiveBarrier","Perfected Strike","Twin Strike"],"picked":"SKIP","floor":13.0},{"not_picked":["Massacre","ReplayTheSpireMod:Limb From Limb"],"picked":"Rage","floor":14.0},{"not_picked":["Impervious","Hemogenesis"],"picked":"Demon Form","floor":16.0},{"not_picked":["Pommel Strike","Warcry","Havoc"],"picked":"SKIP","floor":18.0},{"not_picked":["Perfected Strike","Hemokinesis+1","Anger"],"picked":"SKIP","floor":19.0},{"not_picked":["Life Link","Sword Boomerang"],"picked":"ReplayTheSpireMod:Muscle Training","floor":20}],"player_experience":227897,"relics_obtained":[{"floor":9.0,"key":"Quantum Egg"}],"event_choices":[{"damage_healed":0.0,"max_hp_gain":0.0,"max_hp_loss":0.0,"gold_gain":0.0,"event_name":"WeMeetAgain","player_choice":"Gave Potion","floor":4.0,"gold_loss":0.0,"damage_taken":0.0,"relics_obtained":["conspire:GiftBox"]}],"is_beta":false,"boss_relics":[{"not_picked":["Ring of Chaos","Honey Jar","Cursed Key"]}],"items_purged_floors":[21,21],"is_endless":false,"potions_floor_spawned":[1,5,10,13,19,20],"killed_by":"Shelled Parasite and Fungi","ascension_level":0}}