{"host":"jhohbi8xmmotmpw6","time":1611949253,"event":{"mods":["BaseMod","Downfall","Hermit","Hubris","Infinite Spire","Minty Spire (QoL Compilation)","Reliquary","Replay The Spire","Spicy Shops","StSLib","The Marked"],"gold_per_floor":[117,117,134,134,154,189,364,376,376,376,403,69,69,86,86,181,181,219,219,318,328,370,370,410,410,491,310,510,528,545,589,589,589,589],"floor_reached":33,"language":"ENG","playtime":2537,"items_purged":["ReplayTheSpireMod:Restless Dread"],"score":309,"play_id":"ce8c0237-2747-495a-8f00-4caf33939fbc","local_time":"20210130084053","is_ascension_mode":false,"campfire_choices":[{"floor":10,"key":"REST"},{"floor":15,"key":"REST"},{"floor":23,"key":"REST"},{"floor":32,"key":"REST"}],"circlet_count":0,"master_deck":["Strike_P","Strike_P","Strike_P","Strike_P","Defend_P","Defend_P","Defend_P","Defend_P","Eruption","Vigilance","WheelKick","Fasting2","infinitespire:Pacifist","Worship","Judgement","Doubt","Replay:Battleflow","Replay:DivineShield","Replay:ManipulateFuture","ForeignInfluence+1","Protect","Wish","Tantrum","Halt","Replay:Anticipation","Meditate","FollowUp+1","Decay","LessonLearned","Consecrate+1"],"relics":["PureWater","hubris:AstralHammer","hubris:Spice","ReplayTheSpireMod:Ring of Exchange","Ring of Hypnosis","Chameleon Ring","hubris:FunFungus","hubris:BundleOfHerbs","Toolbox","Bottled Flame"],"acts_visited":["Exordium","TheCity"],"potions_floor_usage":[6,11,14,16,21,22,22,29,29,31,31],"damage_taken":[{"damage":0,"enemies":"Small Slimes","floor":1,"turns":2},{"damage":10,"enemies":"2 Louse","floor":3,"turns":2},{"damage":4,"enemies":"Jaw Worm","floor":5,"turns":4},{"damage":23,"enemies":"Gremlin Nob","floor":6,"turns":3},{"damage":13,"enemies":"Exordium Thugs","floor":8,"turns":4},{"damage":35,"enemies":"Lagavulin","floor":11,"turns":5},{"damage":0,"enemies":"Gremlin Gang","floor":14,"turns":5},{"damage":42,"enemies":"Fading Forest","floor":16,"turns":11},{"damage":4,"enemies":"3 Byrds","floor":18,"turns":6},{"damage":20,"enemies":"Spheric Guardian","floor":21,"turns":5},{"damage":30,"enemies":"Shelled Parasite and Fungi","floor":22,"turns":7},{"damage":0,"enemies":"Snecko","floor":24,"turns":8},{"damage":37,"enemies":"Chosen and Byrds","floor":29,"turns":8},{"damage":0,"enemies":"Snake Plant","floor":30,"turns":5},{"damage":53,"enemies":"Centurion and Healer","floor":31,"turns":16},{"damage":32,"enemies":"hubris:MusketHawk","floor":33,"turns":2}],"seed_played":"161378165683381941","potions_obtained":[{"floor":3,"key":"Slimebound:ThreeZeroPotion"},{"floor":5,"key":"Swift Potion"},{"floor":11,"key":"EssenceOfSteel"},{"floor":14,"key":"Regen Potion"},{"floor":16,"key":"Fire Potion"},{"floor":18,"key":"Explosive Potion"},{"floor":22,"key":"Explosive Potion"},{"floor":24,"key":"EssenceOfSteel"},{"floor":29,"key":"Swift Potion"}],"is_trial":false,"path_per_floor":["M","?","M","?","M","E","?","M","T","R","E","$","?","M","R","B",null,"M","?","?","M","M","R","M","?","T","$","?","M","M","M","R","B"],"character_chosen":"WATCHER","items_purchased":["hubris:BundleOfHerbs","Replay:ManipulateFuture","ForeignInfluence+1","FollowUp+1","hubris:Spice"],"campfire_rested":4,"item_purchase_floors":[12,12,12,27,27],"current_hp_per_floor":[72,68,58,58,54,31,31,18,18,42,7,7,7,13,37,38,80,76,61,61,42,12,37,40,68,68,76,76,41,41,2,29,0,0],"gold":589,"neow_bonus":"ONE_RARE_RELIC","is_daily":false,"chose_seed":false,"campfire_upgraded":0,"win_rate":0.0,"timestamp":1611949253,"path_taken":["M","?","M","?","M","E","?","M","T","R","E","$","?","M","R","BOSS","M","?","?","M","M","R","M","?","T","$","?","?","M","?","R","BOSS"],"items_purchased_type":["Relic","Card","Card","Card","Relic"],"build_version":"2020-12-22","purchased_purges":1,"victory":false,"max_hp_per_floor":[72,80,80,80,80,80,80,80,80,80,80,80,80,80,80,80,80,80,85,85,85,85,85,85,85,85,93,93,93,93,93,93,93,93],"card_choices":[{"not_picked":["Consecrate","InnerPeace"],"picked":"WheelKick","floor":1},{"not_picked":["Weave","Replay:BluntJabs"],"picked":"Fasting2","floor":3},{"not_picked":["ThirdEye","Protect"],"picked":"Worship","floor":5},{"not_picked":["Halt","Consecrate"],"picked":"Judgement","floor":6},{"not_picked":["Replay:BluntJabs","EmptyMind"],"picked":"Replay:Battleflow","floor":8},{"not_picked":["CrushJoints","InnerPeace"],"picked":"Replay:DivineShield","floor":11},{"not_picked":["JustLucky","Crescendo"],"picked":"Protect","floor":14},{"not_picked":["Brilliance","MasterReality"],"picked":"Wish","floor":16},{"not_picked":["Replay:Hum+1","CutThroughFate+1"],"picked":"Tantrum","floor":18},{"not_picked":["Protect","CrushJoints"],"picked":"Halt","floor":21},{"not_picked":["FollowUp","JustLucky"],"picked":"Replay:Anticipation","floor":22},{"not_picked":["TalkToTheHand","Replay:BluntJabs"],"picked":"Meditate","floor":24},{"not_picked":["ConjureBlade","Devotion"],"picked":"LessonLearned","floor":28},{"not_picked":["Weave","PathToVictory","BowlingBash"],"picked":"SKIP","floor":29},{"not_picked":["Replay:BluntJabs","BowlingBash+1","EmptyBody"],"picked":"SKIP","floor":30},{"not_picked":["hubris:SpiceAddiction","Halt"],"picked":"Consecrate+1","floor":31}],"player_experience":121042,"relics_obtained":[{"floor":4,"key":"ReplayTheSpireMod:Ring of Exchange"},{"floor":4,"key":"Ring of Hypnosis"},{"floor":6,"key":"Chameleon Ring"},{"floor":9,"key":"hubris:FunFungus"},{"floor":11,"key":"Pet Ghost"},{"floor":26,"key":"Bottled Flame"}],"event_choices":[{"damage_healed":0,"gold_gain":0,"player_choice":"Success","damage_taken":12,"relics_obtained":["hubris:Spice"],"max_hp_gain":0,"max_hp_loss":0,"event_name":"Scrap Ooze","floor":2,"gold_loss":0},{"damage_healed":0,"gold_gain":175,"player_choice":"AGREE","damage_taken":0,"max_hp_gain":0,"max_hp_loss":0,"event_name":"Liars Game","floor":7,"gold_loss":0,"cards_obtained":["Doubt"]},{"damage_healed":0,"gold_gain":0,"player_choice":"Ignored","damage_taken":0,"max_hp_gain":0,"max_hp_loss":0,"event_name":"Shining Light","floor":13,"gold_loss":0},{"damage_healed":0,"gold_gain":0,"player_choice":"Shed Blood","damage_taken":20,"max_hp_gain":5,"max_hp_loss":0,"event_name":"Forgotten Altar","floor":19,"gold_loss":0},{"damage_healed":0,"gold_gain":99,"player_choice":"Stole From Cult","damage_taken":0,"max_hp_gain":0,"max_hp_loss":0,"event_name":"Nest","floor":20,"gold_loss":0},{"damage_healed":28,"gold_gain":0,"player_choice":"Heal","damage_taken":0,"max_hp_gain":0,"max_hp_loss":0,"event_name":"The Library","floor":25,"gold_loss":0}],"is_beta":false,"boss_relics":[{"not_picked":["reliquary:Bookmark","hubris:Spice"],"picked":"Toolbox"}],"items_purged_floors":[12],"is_endless":false,"potions_floor_spawned":[3,5,11,14,16,18,22,24,29],"killed_by":"hubris:MusketHawk","ascension_level":0}}