{"host":"aj7el8l5kufbk20z","time":1611884515,"event":{"mods":["AchievementEnabler","BaseMod","Colored Map","Colored Powertips","Curses Come First","Highlight Path","Minty Spire (QoL Compilation)","Permanent Neow","Poor People Problems","Quick Restart","Rare Cards Sparkle","Relic Stats","StSLib","SuperFastMode","Waifu the Spire"],"gold_per_floor":[119,133,529,529,545,545,545],"floor_reached":6,"language":"ZHS","playtime":1205,"items_purged":["Strike_G"],"score":38,"play_id":"7cfe27fe-c9f6-40e5-8723-0bbd7f67984f","local_time":"20210129094155","is_ascension_mode":true,"campfire_choices":[],"circlet_count":0,"master_deck":["Strike_G","Strike_G","Strike_G","Defend_G","Defend_G","Defend_G","Defend_G","Defend_G","Survivor","Neutralize","CurseOfTheBell","Deadly Poison+1","Escape Plan+1","Tactician+1","Dodge and Roll+1"],"relics":["Calling Bell","Snake Skull","Toxic Egg 2","Peace Pipe","The Specimen","Lantern"],"acts_visited":["Exordium"],"potions_floor_usage":[],"damage_taken":[{"damage":0.0,"enemies":"2 Louse","floor":1.0,"turns":3.0},{"damage":8.0,"enemies":"Jaw Worm","floor":2.0,"turns":4.0},{"damage":0,"enemies":"Cultist","floor":5,"turns":4},{"damage":2,"enemies":"Lagavulin","floor":6,"turns":3}],"seed_played":"8759606583845470559","potions_obtained":[{"floor":5,"key":"DistilledChaos"}],"is_trial":false,"path_per_floor":["M","M","$","?","M","E"],"character_chosen":"THE_SILENT","items_purchased":["The Specimen","Lantern","Tactician+1"],"campfire_rested":0,"item_purchase_floors":[3,3,3],"current_hp_per_floor":[70,62,62,62,62,60,60],"gold":545,"neow_bonus":"BOSS_RELIC","is_daily":false,"chose_seed":false,"campfire_upgraded":0,"win_rate":0.0,"timestamp":1611884515,"path_taken":["M","M","$","?","M","E"],"items_purchased_type":["Relic","Relic","Card"],"build_version":"2020-12-22","purchased_purges":1,"victory":false,"max_hp_per_floor":[70,70,70,70,70,70,70],"relic_stats":{"Peace Pipe":0,"counters":[4,14],"Snake Skull":[4],"obtain_stats":[{"Calling Bell":0,"Peace Pipe":0,"Lantern":3,"The Specimen":3,"Snake Skull":0,"Toxic Egg 2":0,"Ring of the Snake":0},{"Calling Bell":0,"Peace Pipe":0,"Lantern":2,"The Specimen":2,"Snake Skull":0,"Toxic Egg 2":0,"Ring of the Snake":0},{"Calling Bell":0,"Peace Pipe":0,"Lantern":7,"The Specimen":7,"Snake Skull":0,"Toxic Egg 2":0,"Ring of the Snake":0}]},"card_choices":[{"not_picked":["Blur+1","Concentrate+1"],"picked":"Deadly Poison+1","floor":1.0},{"not_picked":["Sucker Punch","Outmaneuver+1"],"picked":"Escape Plan+1","floor":2.0},{"not_picked":["Poisoned Stab","Tactician+1"],"picked":"Dodge and Roll+1","floor":5}],"player_experience":291111,"relics_obtained":[{"floor":0.0,"key":"Snake Skull"},{"floor":0.0,"key":"Toxic Egg 2"},{"floor":0.0,"key":"Peace Pipe"}],"event_choices":[{"cards_removed":["Strike_G"],"damage_healed":0,"gold_gain":0,"player_choice":"Forget","damage_taken":0,"max_hp_gain":0,"max_hp_loss":0,"event_name":"Living Wall","floor":4,"gold_loss":0}],"is_beta":false,"boss_relics":[],"items_purged_floors":[3],"is_endless":false,"potions_floor_spawned":[5],"killed_by":"Lagavulin","ascension_level":1}}