{"host":"sian7qp8a9pc9xwd","time":1611921646,"event":{"mods":["BaseMod","Minty Spire (QoL Compilation)","StSLib","SuperFastMode"],"gold_per_floor":[111,111,125,75,85,117,117,134,134,134,168,168,179,179,179,282,282,301,21,39,39,59,90,90,106,106,125,125,125,125],"floor_reached":29,"language":"ENG","playtime":1401,"items_purged":["Strike_R"],"score":395,"play_id":"ef0217eb-ddd7-4aa7-8d8a-e6e02d0b8fcb","local_time":"20210129070046","is_ascension_mode":true,"campfire_choices":[{"data":"Bloodletting","floor":7.0,"key":"SMITH"},{"data":"Metallicize","floor":10.0,"key":"SMITH"},{"data":"Bash","floor":15.0,"key":"SMITH"},{"data":"Infernal Blade","floor":28,"key":"SMITH"}],"circlet_count":0,"master_deck":["AscendersBane","Strike_R+1","Strike_R+1","Defend_R+1","Defend_R+1","Defend_R+1","Defend_R+1","Bash+1","Wild Strike","Iron Wave","Bloodletting+1","Clothesline+1","Metallicize+1","Bludgeon","Infernal Blade+1","Dodge and Roll+1","WaveOfTheHand","Infernal Blade","Escape Plan+1","Injury"],"relics":["Burning Blood","NeowsBlessing","Smiling Mask","Red Skull","HornCleat","InkBottle","Cursed Key","PrismaticShard","Pear","Art of War","Matryoshka"],"acts_visited":["Exordium","TheCity"],"potions_floor_usage":[27,29],"damage_taken":[{"damage":0.0,"enemies":"2 Louse","floor":1.0,"turns":1.0},{"damage":0.0,"enemies":"Cultist","floor":3.0,"turns":1.0},{"damage":0.0,"enemies":"Jaw Worm","floor":5.0,"turns":1.0},{"damage":18.0,"enemies":"Gremlin Nob","floor":6.0,"turns":4.0},{"damage":8.0,"enemies":"Blue Slaver","floor":8.0,"turns":3.0},{"damage":43.0,"enemies":"3 Sentries","floor":11.0,"turns":10.0},{"damage":13.0,"enemies":"3 Louse","floor":13.0,"turns":3.0},{"damage":25.0,"enemies":"The Guardian","floor":16.0,"turns":9.0},{"damage":0,"enemies":"Chosen","floor":18,"turns":3},{"damage":0,"enemies":"Spheric Guardian","floor":20,"turns":3},{"damage":0,"enemies":"Centurion and Healer","floor":22,"turns":5},{"damage":22,"enemies":"Book of Stabbing","floor":23,"turns":6},{"damage":11,"enemies":"Cultist and Chosen","floor":25,"turns":5},{"damage":0,"enemies":"Snecko","floor":27,"turns":3},{"damage":83,"enemies":"Gremlin Leader","floor":29,"turns":10}],"seed_played":"-8643991959221185609","potions_obtained":[{"floor":3.0,"key":"Fire Potion"},{"floor":5.0,"key":"Ancient Potion"},{"floor":6.0,"key":"Regen Potion"},{"floor":13.0,"key":"PowerPotion"},{"floor":16.0,"key":"BlessingOfTheForge"},{"floor":20,"key":"Explosive Potion"},{"floor":23,"key":"Dexterity Potion"},{"floor":25,"key":"SkillPotion"}],"is_trial":false,"path_per_floor":["M","?","M","?","M","E","R","M","T","R","E","?","M","T","R","B",null,"M","$","M","?","M","E","?","M","T","M","R","E"],"character_chosen":"IRONCLAD","items_purchased":["PrismaticShard","Infernal Blade"],"campfire_rested":0,"item_purchase_floors":[19,19],"current_hp_per_floor":[78,71,77,77,80,68,68,66,66,66,29,29,22,22,22,18,65,71,71,77,87,90,74,74,69,69,75,75,0,0],"gold":125,"neow_bonus":"THREE_ENEMY_KILL","is_daily":false,"chose_seed":false,"campfire_upgraded":4,"win_rate":0.0,"timestamp":1611921646,"path_taken":["M","?","M","?","M","E","R","M","T","R","E","?","?","?","R","BOSS","M","$","M","?","M","E","?","M","T","M","R","E"],"items_purchased_type":["Relic","Card"],"build_version":"2020-12-22","purchased_purges":1,"victory":false,"max_hp_per_floor":[80,80,80,80,80,80,80,80,80,80,80,80,80,80,80,80,80,80,80,80,90,90,90,90,90,90,90,90,90,90],"card_choices":[{"not_picked":["Headbutt","Combust"],"picked":"Wild Strike","floor":1.0},{"not_picked":["Body Slam","Flex"],"picked":"Iron Wave","floor":3.0},{"not_picked":["Headbutt","Havoc"],"picked":"Bloodletting","floor":5.0},{"not_picked":["Body Slam","Reaper"],"picked":"Clothesline","floor":6.0},{"not_picked":["Wild Strike","Pummel"],"picked":"Metallicize","floor":8.0},{"not_picked":["Armaments","Havoc","Wild Strike"],"picked":"SKIP","floor":11.0},{"not_picked":["Pommel Strike","Heavy Blade","Uppercut"],"picked":"SKIP","floor":13.0},{"not_picked":["Exhume","Corruption"],"picked":"Bludgeon","floor":16.0},{"not_picked":["Perfected Strike+1","Havoc","Headbutt"],"picked":"SKIP","floor":18},{"not_picked":["Glacier","True Grit"],"picked":"Dodge and Roll+1","floor":20},{"not_picked":["Dark Shackles","Go for the Eyes+1"],"picked":"WaveOfTheHand","floor":22},{"not_picked":["Body Slam+1","SignatureMove"],"picked":"Infernal Blade","floor":23},{"not_picked":["Blind","Steam"],"picked":"Escape Plan+1","floor":25},{"not_picked":["Prepared","Pommel Strike","FearNoEvil"],"picked":"SKIP","floor":27}],"player_experience":822041,"relics_obtained":[{"floor":6.0,"key":"Smiling Mask"},{"floor":9.0,"key":"Red Skull"},{"floor":11.0,"key":"HornCleat"},{"floor":14.0,"key":"InkBottle"},{"floor":23,"key":"Art of War"},{"floor":26,"key":"Matryoshka"}],"event_choices":[{"cards_removed":["Strike_R"],"damage_healed":0.0,"max_hp_gain":0.0,"max_hp_loss":0.0,"gold_gain":0.0,"event_name":"Golden Wing","player_choice":"Card Removal","floor":2.0,"gold_loss":0.0,"damage_taken":7.0},{"cards_removed":["Strike_R"],"damage_healed":0.0,"max_hp_gain":0.0,"max_hp_loss":0.0,"gold_gain":0.0,"event_name":"The Cleric","player_choice":"Card Removal","floor":4.0,"gold_loss":50.0,"damage_taken":0.0},{"damage_healed":0.0,"max_hp_gain":0.0,"max_hp_loss":0.0,"gold_gain":0.0,"event_name":"Upgrade Shrine","player_choice":"Upgraded","floor":12.0,"gold_loss":0.0,"damage_taken":0.0,"cards_upgraded":["Clothesline"]},{"damage_healed":0,"gold_gain":0,"player_choice":"Opened","damage_taken":0,"relics_obtained":["Pear"],"max_hp_gain":0,"max_hp_loss":0,"event_name":"The Mausoleum","floor":21,"gold_loss":0},{"damage_healed":0,"gold_gain":0,"player_choice":"Simplicity","damage_taken":0,"max_hp_gain":0,"max_hp_loss":0,"event_name":"Back to Basics","floor":24,"gold_loss":0,"cards_upgraded":["Strike_R","Strike_R","Defend_R","Defend_R","Defend_R","Defend_R"]}],"is_beta":false,"boss_relics":[{"not_picked":["Snecko Eye","Calling Bell"],"picked":"Cursed Key"}],"items_purged_floors":[19],"is_endless":false,"potions_floor_spawned":[3,5,6,13,16,20,23,25],"killed_by":"Gremlin Leader","ascension_level":11}}