{"host":"83h5c79dzf5zv2a9","time":1611921972,"event":{"mods":["2.2 Compatiblity","BaseMod","Bestiary","Colored Map","Colored Powertips","Curses Come First","Highlight Path","Keyboard Shortcuts","Minty Spire (QoL Compilation)","Relic Stats","Slay the Relics Exporter","StSLib","SuperFastMode"],"gold_per_floor":[112,112,112,131,91,91,121,134,159,179,194,194,209,174,174,269,269,286,286,286,286,312,338,1,12,86,86,185,209,219,237,237,338,338,350,403,403,73,73,73,123,151,151,181,8,8,8,18,18,18],"floor_reached":51,"language":"ENG","playtime":3321,"items_purged":[],"score":794,"play_id":"757f12c8-9707-4f7d-acb5-704ae1753e59","local_time":"20210129130612","is_ascension_mode":false,"campfire_choices":[{"data":"Noxious Fumes","floor":6,"key":"SMITH"},{"data":"Crippling Poison","floor":12,"key":"SMITH"},{"data":"Poisoned Stab","floor":15,"key":"SMITH"},{"floor":27,"key":"REST"},{"floor":32,"key":"REST"},{"data":"Crippling Poison","floor":40,"key":"SMITH"},{"floor":46,"key":"REST"},{"data":"Noxious Fumes","floor":49,"key":"SMITH"}],"circlet_count":0,"master_deck":["Strike_G","Strike_G","Strike_G","Strike_G","Strike_G","Defend_G","Defend_G","Defend_G","Defend_G","Neutralize","Eviscerate","Blur","Well Laid Plans","Noxious Fumes+1","Sucker Punch","Crippling Poison+1","PiercingWail","Underhanded Strike","Poisoned Stab+1","After Image","Crippling Poison+1","Writhe","Adrenaline","Deflect","Dagger Throw","Prepared","Poisoned Stab","Doppelganger","Deadly Poison+1","Dodge and Roll+1","Heel Hook","Outmaneuver","Discovery","Deadly Poison+1","Deflect","Noxious Fumes+1","Sucker Punch","Acrobatics"],"relics":["Ring of the Serpent","NeowsBlessing","Happy Flower","Vajra","MutagenicStrength","Potion Belt","Bronze Scales","Centennial Puzzle","Torii","Mummified Hand","Bag of Marbles","Runic Pyramid","Lizard Tail","PreservedInsect","FossilizedHelix","Lantern","TungstenRod","Snake Skull","Anchor"],"acts_visited":["Exordium","TheCity","TheBeyond"],"potions_floor_usage":[33,33,33,33,36,38,42,50],"damage_taken":[{"damage":0,"enemies":"Jaw Worm","floor":1,"turns":1},{"damage":0,"enemies":"2 Louse","floor":4,"turns":1},{"damage":0,"enemies":"3 Sentries","floor":7,"turns":1},{"damage":3,"enemies":"Small Slimes","floor":8,"turns":4},{"damage":13,"enemies":"3 Louse","floor":10,"turns":3},{"damage":11,"enemies":"Looter","floor":11,"turns":4},{"damage":10,"enemies":"Exordium Thugs","floor":13,"turns":4},{"damage":10,"enemies":"Hexaghost","floor":16,"turns":9},{"damage":13,"enemies":"Spheric Guardian","floor":18,"turns":5},{"damage":27,"enemies":"Book of Stabbing","floor":23,"turns":7},{"damage":8,"enemies":"Shell Parasite","floor":25,"turns":5},{"damage":8,"enemies":"Shelled Parasite and Fungi","floor":30,"turns":7},{"damage":2,"enemies":"Centurion and Healer","floor":31,"turns":7},{"damage":10,"enemies":"Automaton","floor":33,"turns":10},{"damage":17,"enemies":"3 Darklings","floor":35,"turns":5},{"damage":48,"enemies":"2 Orb Walkers","floor":36,"turns":6},{"damage":0,"enemies":"Mind Bloom Boss Battle","floor":41,"turns":6},{"damage":0,"enemies":"Nemesis","floor":42,"turns":7},{"damage":27,"enemies":"Giant Head","floor":44,"turns":8},{"damage":0,"enemies":"Orb Walker","floor":48,"turns":3},{"damage":92,"enemies":"Donu and Deca","floor":50,"turns":10}],"seed_played":"-512570206472977604","potions_obtained":[{"floor":4,"key":"Weak Potion"},{"floor":7,"key":"SkillPotion"},{"floor":8,"key":"DistilledChaos"},{"floor":18,"key":"Strength Potion"},{"floor":30,"key":"Block Potion"},{"floor":31,"key":"DistilledChaos"},{"floor":33,"key":"Dexterity Potion"},{"floor":36,"key":"Energy Potion"},{"floor":41,"key":"Ancient Potion"},{"floor":48,"key":"BlessingOfTheForge"}],"is_trial":false,"path_per_floor":["M","?","?","M","$","R","E","M","T","M","M","R","M","?","R","B",null,"M","?","?","?","T","E","$","M","T","R","?","T","M","M","R","B",null,"M","?","?","$","?","R","?","E","T","E","$","R","?","M","R","B",null],"character_chosen":"THE_SILENT","items_purchased":["Noxious Fumes","Torii","Deflect","PreservedInsect","Heel Hook","Outmaneuver","Fruit Juice","Anchor","Sucker Punch"],"campfire_rested":3,"item_purchase_floors":[5,24,24,38,38,38,38,45,45],"current_hp_per_floor":[70,70,70,70,70,70,70,67,67,54,43,43,33,50,50,40,70,57,57,57,57,57,30,30,22,22,43,43,43,35,33,54,44,70,53,5,61,66,66,66,66,66,66,39,39,58,58,58,58,1],"gold":18,"neow_bonus":"THREE_ENEMY_KILL","is_daily":false,"chose_seed":false,"campfire_upgraded":5,"win_rate":0.0,"timestamp":1611921972,"path_taken":["M","?","?","M","$","R","E","M","T","M","M","R","M","?","R","BOSS","M","?","?","?","?","E","?","?","T","R","?","?","M","?","R","BOSS","M","?","?","$","?","R","?","E","T","E","?","R","?","?","R","BOSS"],"items_purchased_type":["Card","Relic","Card","Relic","Card","Card","Potion","Relic","Card"],"build_version":"2020-12-22","purchased_purges":0,"victory":true,"max_hp_per_floor":[70,70,70,70,70,70,70,70,70,70,70,70,70,70,70,70,70,70,70,70,70,70,70,70,70,70,70,70,70,70,70,70,70,70,70,70,61,66,66,66,66,66,66,66,66,66,66,66,66,66],"relic_stats":{"Centennial Puzzle":[24],"Lizard Tail":33,"Happy Flower":[36],"Torii":23,"counters":[21,113],"Mummified Hand":[24],"Bronze Scales":[273],"PreservedInsect":172,"Snake Skull":[26],"obtain_stats":[{"Potion Belt":21,"Lantern":42,"NeowsBlessing":0,"Happy Flower":7,"Torii":24,"Vajra":9,"PreservedInsect":38,"Snake Skull":44,"Centennial Puzzle":23,"Lizard Tail":36,"Anchor":45,"Mummified Hand":26,"MutagenicStrength":19,"Bronze Scales":22,"Bag of Marbles":29,"Ring of the Serpent":17,"FossilizedHelix":41,"TungstenRod":43,"Ring of the Snake":0,"Runic Pyramid":34},{"Potion Belt":9,"Lantern":18,"NeowsBlessing":0,"Happy Flower":3,"Torii":10,"Vajra":4,"PreservedInsect":16,"Snake Skull":19,"Centennial Puzzle":10,"Lizard Tail":16,"Anchor":19,"Mummified Hand":11,"MutagenicStrength":9,"Bronze Scales":9,"Bag of Marbles":11,"Ring of the Serpent":8,"FossilizedHelix":17,"TungstenRod":18,"Ring of the Snake":0,"Runic Pyramid":14},{"Potion Belt":32,"Lantern":92,"NeowsBlessing":0,"Happy Flower":3,"Torii":39,"Vajra":7,"PreservedInsect":79,"Snake Skull":100,"Centennial Puzzle":39,"Lizard Tail":79,"Anchor":100,"Mummified Hand":44,"MutagenicStrength":32,"Bronze Scales":32,"Bag of Marbles":44,"Ring of the Serpent":27,"FossilizedHelix":85,"TungstenRod":92,"Ring of the Snake":0,"Runic Pyramid":68}],"TungstenRod":13},"card_choices":[{"not_picked":["Backflip","Choke"],"picked":"Eviscerate","floor":1},{"not_picked":["Heel Hook","Sucker Punch"],"picked":"Well Laid Plans","floor":4},{"not_picked":["Choke","Eviscerate"],"picked":"Sucker Punch","floor":7},{"not_picked":["Outmaneuver","Quick Slash"],"picked":"Crippling Poison","floor":8},{"not_picked":["Caltrops","Outmaneuver"],"picked":"PiercingWail","floor":10},{"not_picked":["Expertise","Adrenaline"],"picked":"Underhanded Strike","floor":11},{"not_picked":["Prepared","Dagger Spray"],"picked":"Poisoned Stab","floor":13},{"not_picked":["Bullet Time","Burst"],"picked":"After Image","floor":16},{"not_picked":["Slice+1","Terror+1"],"picked":"Crippling Poison","floor":18},{"not_picked":["Noxious Fumes","Expertise+1"],"picked":"Adrenaline","floor":23},{"not_picked":["Deflect","Calculated Gamble"],"picked":"Dagger Throw","floor":25},{"not_picked":["Blade Dance","Predator"],"picked":"Prepared","floor":30},{"not_picked":["Underhanded Strike+1","Dodge and Roll"],"picked":"Poisoned Stab","floor":31},{"not_picked":["Malaise","After Image"],"picked":"Doppelganger","floor":33},{"not_picked":["Deflect+1","Caltrops+1"],"picked":"Deadly Poison+1","floor":35},{"not_picked":["Well Laid Plans+1","Poisoned Stab"],"picked":"Dodge and Roll+1","floor":36},{"not_picked":["Deep Breath","Thinking Ahead"],"picked":"Discovery","floor":39},{"not_picked":["Blade Dance","Flying Knee"],"picked":"Deadly Poison+1","floor":41},{"not_picked":["Prepared","Backflip"],"picked":"Deflect","floor":42},{"not_picked":["Deflect","Choke+1"],"picked":"Noxious Fumes","floor":44},{"not_picked":["Dagger Spray+1","Distraction"],"picked":"Acrobatics","floor":48}],"player_experience":5529,"relics_obtained":[{"floor":7,"key":"Happy Flower"},{"floor":9,"key":"Vajra"},{"floor":22,"key":"Bronze Scales"},{"floor":23,"key":"Centennial Puzzle"},{"floor":26,"key":"Mummified Hand"},{"floor":29,"key":"Bag of Marbles"},{"floor":36,"key":"Lizard Tail"},{"floor":41,"key":"FossilizedHelix"},{"floor":42,"key":"Lantern"},{"floor":43,"key":"TungstenRod"},{"floor":44,"key":"Snake Skull"}],"event_choices":[{"damage_healed":0,"gold_gain":0,"cards_transformed":["Survivor"],"player_choice":"Change","damage_taken":0,"max_hp_gain":0,"max_hp_loss":0,"event_name":"Living Wall","floor":2,"gold_loss":0,"cards_obtained":["Blur"]},{"damage_healed":0,"gold_gain":0,"player_choice":"Ignored","damage_taken":0,"max_hp_gain":0,"max_hp_loss":0,"event_name":"Golden Wing","floor":3,"gold_loss":0},{"damage_healed":17,"gold_gain":0,"player_choice":"Healed","damage_taken":0,"max_hp_gain":0,"max_hp_loss":0,"event_name":"The Cleric","floor":14,"gold_loss":35},{"damage_healed":0,"gold_gain":0,"player_choice":"Inject Mutagens","damage_taken":0,"relics_obtained":["MutagenicStrength"],"max_hp_gain":0,"max_hp_loss":0,"event_name":"Drug Dealer","floor":19,"gold_loss":0},{"damage_healed":0,"gold_gain":0,"player_choice":"Ignored","damage_taken":0,"max_hp_gain":0,"max_hp_loss":0,"event_name":"Vampires","floor":20,"gold_loss":0},{"damage_healed":0,"gold_gain":0,"player_choice":"Opened","damage_taken":0,"relics_obtained":["Potion Belt"],"max_hp_gain":0,"max_hp_loss":0,"event_name":"The Mausoleum","floor":21,"gold_loss":0,"cards_obtained":["Writhe"]},{"damage_healed":0,"gold_gain":99,"player_choice":"Stole From Cult","damage_taken":0,"max_hp_gain":0,"max_hp_loss":0,"event_name":"Nest","floor":28,"gold_loss":0},{"damage_healed":0,"gold_gain":0,"player_choice":"Fight","damage_taken":0,"max_hp_gain":0,"max_hp_loss":0,"event_name":"Mysterious Sphere","floor":36,"gold_loss":0},{"damage_healed":61,"gold_gain":0,"player_choice":"Heal","damage_taken":0,"max_hp_gain":0,"max_hp_loss":9,"event_name":"The Moai Head","floor":37,"gold_loss":0},{"damage_healed":0,"gold_gain":0,"player_choice":"Memory 1","damage_taken":0,"max_hp_gain":0,"max_hp_loss":0,"event_name":"SensoryStone","floor":39,"gold_loss":0},{"damage_healed":0,"gold_gain":0,"player_choice":"Fight","damage_taken":0,"max_hp_gain":0,"max_hp_loss":0,"event_name":"MindBloom","floor":41,"gold_loss":0},{"cards_removed":["Defend_G"],"damage_healed":0,"gold_gain":0,"player_choice":"Removed Skill","damage_taken":0,"max_hp_gain":0,"max_hp_loss":0,"event_name":"Falling","floor":47,"gold_loss":0}],"is_beta":false,"boss_relics":[{"not_picked":["Snecko Eye","Ectoplasm"],"picked":"Ring of the Serpent"},{"not_picked":["Empty Cage","SlaversCollar"],"picked":"Runic Pyramid"}],"items_purged_floors":[],"is_endless":false,"potions_floor_spawned":[4,7,8,10,18,30,31,33,36,41,48],"ascension_level":0}}