{"host":"21ilc3txkeir89i9","time":1611908137,"event":{"mods":["BaseMod","BetterRewards","Block Reminder","Card Forge","Hermit","Minty Spire (QoL Compilation)","Spicy Shops","StSLib","The Jungle"],"gold_per_floor":[115,132,152,163,179,179,199,199,199,217,249,260,293,313,313,417,417,427,517,256,271,287,287,305,322,322,146,180,196,196,196,196,301,301,313,333,333,23,39,0,0,27,73,127,140,140,190,201,201,201,201,201,56,81,81],"floor_reached":56,"language":"ENG","playtime":4488,"items_purged":[],"score":1311,"play_id":"a16e6fdf-febf-46c3-94e6-247bff10ff2d","local_time":"20210129001537","is_ascension_mode":true,"campfire_choices":[{"floor":8,"key":"RECALL"},{"floor":15,"key":"REST"},{"floor":23,"key":"REST"},{"floor":30,"key":"REST"},{"floor":32,"key":"REST"},{"floor":41,"key":"REST"},{"floor":46,"key":"REST"},{"floor":49,"key":"REST"},{"floor":52,"key":"DIG"}],"circlet_count":0,"master_deck":["Survivor+1","Neutralize+1","Quick Slash+1","Dagger Throw+1","Deadly Poison+1","Setup+1","Footwork+1","Backflip+1","Blade Dance+1","Accuracy+1","Infinite Blades+1","Corpse Explosion+1","Neutralize+1","Choke+1","Well Laid Plans+1","Poisoned Stab+1","Noxious Fumes+1","Blur+1","Bane+1","Die Die Die+1","Bane+1","Calculated Gamble+1","Quick Slash+1","Cloak And Dagger+1","Die Die Die+1","Poisoned Stab+1","Dagger Throw+1","Concentrate+1","After Image+1","Reflex+1","Crippling Poison+1","Setup+1","Glass Knife+1","Grand Finale+1","Malaise+1","Night Terror+1","PiercingWail+1","Distraction+1","Well Laid Plans+1","Noxious Fumes+1","Flying Knee+1","Secret Technique+1","Adrenaline+1","Cloak And Dagger+1","Sucker Punch+1","Underhanded Strike+1","Dodge and Roll+1","Quick Slash+1","Riddle With Holes+1","Dagger Spray+1"],"relics":["Ring of the Snake","Hammer of Thor","Seething Fire","Anvil of the Gods","TwistedFunnel","Whetstone","Bronze Scales","Fusion Hammer","StrikeDummy","CaptainsWheel","Snake Skull","Ornamental Fan","Pandora\u0027s Box","Bottled Flame","Red Mask","Shovel","MealTicket","Gambling Chip","Lizard Tail","Pear","Cauldron","Pantograph"],"acts_visited":["Exordium","TheCity","TheBeyond","TheEnding"],"potions_floor_usage":[4,11,21,24,33,50,50,50,53,54,54,55,55],"damage_taken":[{"damage":0,"enemies":"Cultist","floor":1,"turns":3},{"damage":4,"enemies":"2 Louse","floor":2,"turns":2},{"damage":0,"enemies":"Small Slimes","floor":3,"turns":3},{"damage":3,"enemies":"Exordium Thugs","floor":4,"turns":5},{"damage":0,"enemies":"Red Slaver","floor":5,"turns":4},{"damage":2,"enemies":"Looter","floor":7,"turns":3},{"damage":9,"enemies":"Blue Slaver","floor":10,"turns":4},{"damage":1,"enemies":"3 Sentries","floor":11,"turns":4},{"damage":0,"enemies":"Large Slime","floor":12,"turns":3},{"damage":12,"enemies":"Lagavulin","floor":13,"turns":4},{"damage":0,"enemies":"Exordium Wildlife","floor":14,"turns":3},{"damage":26,"enemies":"The Guardian","floor":16,"turns":7},{"damage":1,"enemies":"2 Thieves","floor":18,"turns":3},{"damage":0,"enemies":"Shell Parasite","floor":21,"turns":3},{"damage":0,"enemies":"Cultist and Chosen","floor":22,"turns":3},{"damage":14,"enemies":"Shelled Parasite and Fungi","floor":24,"turns":4},{"damage":1,"enemies":"Snake Plant","floor":25,"turns":3},{"damage":32,"enemies":"Slavers","floor":28,"turns":2},{"damage":5,"enemies":"Centurion and Healer","floor":29,"turns":3},{"damage":27,"enemies":"Collector","floor":33,"turns":6},{"damage":0,"enemies":"3 Shapes","floor":35,"turns":2},{"damage":9,"enemies":"Orb Walker","floor":36,"turns":3},{"damage":0,"enemies":"Sphere and 2 Shapes","floor":39,"turns":3},{"damage":3,"enemies":"Reptomancer","floor":42,"turns":4},{"damage":12,"enemies":"2 Orb Walkers","floor":44,"turns":5},{"damage":4,"enemies":"Spire Growth","floor":45,"turns":4},{"damage":9,"enemies":"Mind Bloom Boss Battle","floor":47,"turns":6},{"damage":14,"enemies":"Maw","floor":48,"turns":6},{"damage":56,"enemies":"Time Eater","floor":50,"turns":9},{"damage":13,"enemies":"Shield and Spear","floor":54,"turns":4},{"damage":91,"enemies":"The Heart","floor":55,"turns":9}],"seed_played":"-8980144673964816605","potions_obtained":[{"floor":2,"key":"CunningPotion"},{"floor":3,"key":"EssenceOfSteel"},{"floor":10,"key":"CultistPotion"},{"floor":14,"key":"SteroidPotion"},{"floor":16,"key":"Regen Potion"},{"floor":18,"key":"Regen Potion"},{"floor":24,"key":"SteroidPotion"},{"floor":29,"key":"CunningPotion"},{"floor":35,"key":"SkillPotion"},{"floor":42,"key":"Ancient Potion"},{"floor":53,"key":"Fruit Juice"},{"floor":53,"key":"CultistPotion"},{"floor":53,"key":"LiquidBronze"},{"floor":53,"key":"CunningPotion"},{"floor":54,"key":"DistilledChaos"}],"is_trial":false,"path_per_floor":["M","M","M","M","M","?","M","R","T","M","E","M","E","M","R","B",null,"M","?","$","M","M","R","M","M","T","$","E","M","R","?","R","B",null,"M","M","?","$","M","?","R","E","T","?","M","R","?","M","R","B",null,"R","$","E","B",null],"character_chosen":"THE_SILENT","items_purchased":["Quick Slash","Dagger Throw","Deadly Poison","Setup","Footwork","TwistedFunnel","StrikeDummy","Poisoned Stab","Snake Skull","Bottled Flame","Adrenaline","Cauldron"],"campfire_rested":7,"item_purchase_floors":[0,0,0,0,0,0,20,27,27,38,38,53],"current_hp_per_floor":[70,66,66,63,63,63,61,61,61,52,51,51,39,39,60,34,70,69,57,57,62,62,70,61,60,60,60,28,23,44,31,53,26,75,75,66,66,66,66,66,75,72,72,60,56,75,66,52,74,18,75,85,90,77,44],"gold":81,"neow_bonus":"","is_daily":false,"chose_seed":false,"campfire_upgraded":0,"win_rate":0.0,"timestamp":1611908137,"path_taken":["M","?","?","M","M","?","?","R","T","M","E","?","E","M","R","BOSS","M","?","?","M","M","R","M","M","T","$","E","?","R","?","R","BOSS","M","M","?","$","M","?","R","E","T","?","M","R","?","M","R","BOSS","R","$","E","BOSS"],"items_purchased_type":["Card","Card","Card","Card","Card","Relic","Relic","Card","Relic","Relic","Card","Relic"],"build_version":"2020-12-22","purchased_purges":0,"victory":true,"max_hp_per_floor":[70,70,70,70,70,70,70,70,70,70,70,70,70,70,70,70,70,70,70,70,70,70,70,70,70,70,70,70,70,70,75,75,75,75,75,75,75,75,75,75,75,75,75,75,75,75,75,75,75,75,75,85,90,90,90],"card_choices":[{"not_picked":["Accuracy","Deflect"],"picked":"Backflip","floor":1},{"not_picked":["Finisher","Cloak And Dagger"],"picked":"Blade Dance","floor":2},{"not_picked":["All Out Attack","Dodge and Roll"],"picked":"Accuracy","floor":3},{"not_picked":["PiercingWail","Dodge and Roll"],"picked":"Infinite Blades","floor":4},{"not_picked":["Accuracy","Noxious Fumes"],"picked":"Corpse Explosion","floor":5},{"not_picked":["All Out Attack","PiercingWail"],"picked":"Choke","floor":7},{"not_picked":["Riddle With Holes","Sucker Punch"],"picked":"Well Laid Plans","floor":10},{"not_picked":["Concentrate","Choke"],"picked":"Poisoned Stab","floor":11},{"not_picked":["Backflip","Choke"],"picked":"Noxious Fumes","floor":12},{"not_picked":["Distraction","Quick Slash"],"picked":"Blur","floor":13},{"not_picked":["Poisoned Stab","Dodge and Roll"],"picked":"Bane","floor":14},{"not_picked":["Phantasmal Killer","Corpse Explosion"],"picked":"Die Die Die","floor":16},{"not_picked":["Blur+1","Endless Agony"],"picked":"Bane","floor":18},{"not_picked":["Eviscerate+1","Endless Agony"],"picked":"Calculated Gamble+1","floor":21},{"not_picked":["Eviscerate","Concentrate+1"],"picked":"Quick Slash","floor":22},{"not_picked":["Prepared","All Out Attack"],"picked":"Cloak And Dagger","floor":24},{"not_picked":["Prepared","Quick Slash+1"],"picked":"Die Die Die","floor":25},{"not_picked":["Poisoned Stab","Blade Dance"],"picked":"Dagger Throw","floor":28},{"not_picked":["Slice","Blade Dance"],"picked":"Concentrate+1","floor":29},{"not_picked":["Corpse Explosion","Venomology"],"picked":"After Image","floor":33},{"not_picked":["PiercingWail","Prepared+1"],"picked":"Noxious Fumes+1","floor":35},{"not_picked":["Heel Hook","Slice"],"picked":"Flying Knee+1","floor":36},{"not_picked":["Apotheosis","Forethought"],"picked":"Secret Technique","floor":37},{"not_picked":["Prepared+1","Eviscerate"],"picked":"Cloak And Dagger+1","floor":39},{"not_picked":["Noxious Fumes","Blade Dance+1"],"picked":"Sucker Punch","floor":42},{"not_picked":["Setup+1","Quick Slash+1"],"picked":"Underhanded Strike+1","floor":44},{"not_picked":["Reflex+1","Underhanded Strike"],"picked":"Dodge and Roll+1","floor":45},{"not_picked":["Blade Dance","Deadly Poison+1"],"picked":"Quick Slash","floor":47},{"not_picked":["Underhanded Strike+1","PiercingWail+1"],"picked":"Riddle With Holes","floor":48},{"not_picked":["Reflex+1","Tactician+1"],"picked":"Dagger Spray","floor":54}],"player_experience":248052,"relics_obtained":[{"floor":11,"key":"Whetstone"},{"floor":13,"key":"Bronze Scales"},{"floor":26,"key":"CaptainsWheel"},{"floor":28,"key":"Ornamental Fan"},{"floor":42,"key":"Shovel"},{"floor":43,"key":"MealTicket"},{"floor":44,"key":"Gambling Chip"},{"floor":47,"key":"Lizard Tail"},{"floor":52,"key":"Pear"},{"floor":54,"key":"Pantograph"}],"event_choices":[{"damage_healed":0,"gold_gain":0,"player_choice":"1 cards matched","damage_taken":0,"max_hp_gain":0,"max_hp_loss":0,"event_name":"Match and Keep!","floor":6,"gold_loss":0,"cards_obtained":["Neutralize"]},{"damage_healed":0,"gold_gain":90,"player_choice":"GOLD ","damage_taken":12,"max_hp_gain":0,"max_hp_loss":0,"event_name":"Knowing Skull","floor":19,"potions_obtained":[],"gold_loss":0,"cards_obtained":[]},{"damage_healed":0,"gold_gain":0,"player_choice":"Shed Blood","damage_taken":18,"max_hp_gain":5,"max_hp_loss":0,"event_name":"Forgotten Altar","floor":31,"gold_loss":0},{"damage_healed":0,"gold_gain":0,"player_choice":"Memory 1","damage_taken":0,"max_hp_gain":0,"max_hp_loss":0,"event_name":"SensoryStone","floor":37,"gold_loss":0},{"damage_healed":0,"gold_gain":0,"player_choice":"Paid","damage_taken":0,"relics_obtained":["Red Mask"],"max_hp_gain":0,"max_hp_loss":0,"event_name":"Tomb of Lord Red Mask","floor":40,"gold_loss":39},{"damage_healed":0,"gold_gain":0,"player_choice":"Fight","damage_taken":0,"max_hp_gain":0,"max_hp_loss":0,"event_name":"Mysterious Sphere","floor":44,"gold_loss":0},{"damage_healed":0,"gold_gain":0,"player_choice":"Fight","damage_taken":0,"max_hp_gain":0,"max_hp_loss":0,"event_name":"MindBloom","floor":47,"gold_loss":0}],"is_beta":false,"boss_relics":[{"not_picked":["Cursed Key","Busted Crown"],"picked":"Fusion Hammer"},{"not_picked":["Philosopher\u0027s Stone","Snecko Eye"],"picked":"Pandora\u0027s Box"}],"items_purged_floors":[],"is_endless":false,"potions_floor_spawned":[2,3,10,14,16,18,24,29,35,42,45,54],"ascension_level":1}}