{"host":"q0qnzbgdx8oqogg9","time":1611960610,"event":{"mods":["BaseMod","Minty Spire (QoL Compilation)","StSLib"],"gold_per_floor":[115,115,125,136,149,179,179,454,454,45,45,59,74,92,92,167,167,185,185,185,196,216,216,232,232,232],"floor_reached":25,"language":"ENG","playtime":1104,"items_purged":["Regret"],"score":342,"play_id":"b290dba6-0da4-4579-b487-421f6c44873e","local_time":"20210129175010","is_ascension_mode":true,"campfire_choices":[{"data":"Skewer","floor":7.0,"key":"SMITH"},{"data":"Calculated Gamble","floor":11.0,"key":"SMITH"},{"floor":15.0,"key":"REST"},{"floor":23.0,"key":"REST"}],"circlet_count":0,"master_deck":["AscendersBane","Strike_G","Strike_G","Strike_G","Strike_G","Strike_G","Defend_G","Defend_G","Defend_G","Defend_G","Defend_G","Survivor","Neutralize","Skewer+1","Flying Knee","Deflect","Heel Hook","Calculated Gamble+1","PanicButton","Dagger Spray","Poisoned Stab","Glass Knife","Die Die Die","Tactician","RitualDagger","Decay","Footwork","Cloak And Dagger","Cloak And Dagger"],"relics":["Runic Pyramid","Bottled Lightning","Darkstone Periapt","ClockworkSouvenir","Black Star"],"acts_visited":["Exordium","TheCity"],"potions_floor_usage":[25],"damage_taken":[{"damage":0.0,"enemies":"Small Slimes","floor":1.0,"turns":3.0},{"damage":0.0,"enemies":"Cultist","floor":3.0,"turns":4.0},{"damage":0.0,"enemies":"2 Louse","floor":4.0,"turns":2.0},{"damage":0.0,"enemies":"Blue Slaver","floor":5.0,"turns":4.0},{"damage":30.0,"enemies":"Gremlin Nob","floor":6.0,"turns":5.0},{"damage":15.0,"enemies":"Exordium Thugs","floor":12.0,"turns":5.0},{"damage":9.0,"enemies":"Large Slime","floor":13.0,"turns":6.0},{"damage":6.0,"enemies":"Exordium Wildlife","floor":14.0,"turns":2.0},{"damage":3.0,"enemies":"Hexaghost","floor":16.0,"turns":7.0},{"damage":12.0,"enemies":"Spheric Guardian","floor":18.0,"turns":6.0},{"damage":2.0,"enemies":"Chosen","floor":21.0,"turns":5.0},{"damage":26.0,"enemies":"Snecko","floor":22.0,"turns":7.0},{"damage":21.0,"enemies":"Shelled Parasite and Fungi","floor":24.0,"turns":10.0},{"damage":21,"enemies":"Slavers","floor":25,"turns":1}],"seed_played":"-189012311500877043","potions_obtained":[{"floor":1.0,"key":"CunningPotion"},{"floor":12.0,"key":"DistilledChaos"},{"floor":14.0,"key":"CultistPotion"},{"floor":22.0,"key":"GamblersBrew"}],"is_trial":false,"path_per_floor":["M","?","M","M","M","E","R","?","T","$","R","M","M","M","R","B",null,"M","?","?","M","M","R","M","E"],"character_chosen":"THE_SILENT","items_purchased":["Calculated Gamble","PanicButton","Dagger Spray","ClockworkSouvenir"],"campfire_rested":2,"item_purchase_floors":[10,10,10,10],"current_hp_per_floor":[63,63,63,63,63,33,33,33,33,33,33,18,9,3,24,21,58,46,40,46,44,18,40,19,0,0],"gold":232,"neow_bonus":"BOSS_RELIC","is_daily":false,"chose_seed":false,"campfire_upgraded":2,"win_rate":0.0,"timestamp":1611960610,"path_taken":["M","?","M","M","M","E","R","?","T","$","R","M","M","?","R","BOSS","M","?","?","?","M","R","M","E"],"items_purchased_type":["Card","Card","Card","Relic"],"build_version":"2020-12-22","purchased_purges":1,"victory":false,"max_hp_per_floor":[70,70,70,70,70,70,70,70,70,70,70,70,70,70,70,70,70,70,70,76,76,76,76,76,76,76],"card_choices":[{"not_picked":["Deflect","Quick Slash"],"picked":"Skewer","floor":1.0},{"not_picked":["Outmaneuver","Distraction"],"picked":"Flying Knee","floor":3.0},{"not_picked":["Blur","Reflex"],"picked":"Deflect","floor":4.0},{"not_picked":["Backflip","Terror"],"picked":"Heel Hook","floor":5.0},{"not_picked":["Dagger Throw","Skewer","Choke"],"picked":"SKIP","floor":6.0},{"not_picked":["Choke","Dodge and Roll","Backflip"],"picked":"SKIP","floor":12.0},{"not_picked":["Quick Slash","Deflect"],"picked":"Poisoned Stab","floor":13.0},{"not_picked":["Sucker Punch","Flying Knee"],"picked":"Glass Knife","floor":14.0},{"not_picked":["Grand Finale","Venomology"],"picked":"Die Die Die","floor":16.0},{"not_picked":["Calculated Gamble","Heel Hook"],"picked":"Tactician","floor":18.0},{"not_picked":["Backstab","PiercingWail"],"picked":"Footwork","floor":21.0},{"not_picked":["Blade Dance","Acrobatics"],"picked":"Cloak And Dagger","floor":22.0},{"not_picked":["Outmaneuver","All Out Attack"],"picked":"Cloak And Dagger","floor":24.0}],"player_experience":316443,"relics_obtained":[{"floor":6.0,"key":"Bottled Lightning"},{"floor":9.0,"key":"Darkstone Periapt"}],"event_choices":[{"damage_healed":0.0,"max_hp_gain":0.0,"max_hp_loss":0.0,"gold_gain":0.0,"event_name":"The Cleric","player_choice":"Leave","floor":2.0,"gold_loss":0.0,"damage_taken":0.0},{"damage_healed":0.0,"max_hp_gain":0.0,"max_hp_loss":0.0,"gold_gain":275.0,"event_name":"Golden Shrine","player_choice":"Desecrate","floor":8.0,"gold_loss":0.0,"damage_taken":0.0,"cards_obtained":["Regret"]},{"damage_healed":0.0,"max_hp_gain":0.0,"max_hp_loss":0.0,"gold_gain":0.0,"event_name":"Nest","player_choice":"Joined the Cult","floor":19.0,"gold_loss":0.0,"damage_taken":6.0,"cards_obtained":["RitualDagger"]},{"damage_healed":0.0,"max_hp_gain":0.0,"max_hp_loss":0.0,"gold_gain":0.0,"event_name":"Forgotten Altar","player_choice":"Smashed Altar","floor":20.0,"gold_loss":0.0,"damage_taken":0.0,"cards_obtained":["Decay"]}],"is_beta":false,"boss_relics":[{"not_picked":["Fusion Hammer","Pandora\u0027s Box"],"picked":"Black Star"}],"items_purged_floors":[10],"is_endless":false,"potions_floor_spawned":[1,12,14,22],"killed_by":"Slavers","ascension_level":13}}