{"host":"bg8va46pgqgvtzim","time":1611936354,"event":{"mods":["BaseMod","Minty Spire (QoL Compilation)","Quick Restart","StSLib","SuperFastMode"],"gold_per_floor":[13,23,23,23,47,71,109,132,200,200,215,64,64,85,118,131,150,190,115,159,182,182,182,312,312,336,350,370,370,395,414,414,452,466,466,218,218,218,262,288,303,322,353,372,202,202,202,327,327,341,404,404,420,434,129,145,161,161,197,220,260,285,311,311,329,369,194,208,541,541,541,557,576,576,576,576,576,576,59,93,93],"floor_reached":82,"language":"ZHS","playtime":2067,"items_purged":["Strike_G","Strike_G","All Out Attack","Glass Knife","Defend_G","Survivor"],"score":2075,"play_id":"fa48373c-e320-40a8-a61d-4fb080f05894","local_time":"20210130000554","is_ascension_mode":true,"campfire_choices":[{"data":"Blade Dance","floor":10.0,"key":"SMITH"},{"data":"Accuracy","floor":22.0,"key":"SMITH"},{"data":"Accuracy","floor":23.0,"key":"SMITH"},{"data":"Acrobatics","floor":32,"key":"SMITH"},{"data":"Well Laid Plans","floor":46,"key":"SMITH"},{"data":"Acrobatics","floor":47,"key":"SMITH"},{"data":"Tactician","floor":58,"key":"SMITH"},{"data":"Finisher","floor":70,"key":"SMITH"},{"data":"Neutralize","floor":74,"key":"SMITH"},{"floor":75,"key":"RECALL"},{"data":"After Image","floor":78,"key":"SMITH"}],"circlet_count":0,"master_deck":["Defend_G+1","Defend_G+1","Neutralize+1","Blade Dance+1","Well Laid Plans+1","Noxious Fumes","Accuracy+1","Accuracy+1","Acrobatics+1","After Image+1","Reflex+1","Blade Dance+1","Blur+1","Concentrate","Acrobatics+1","Acrobatics+1","Tactician+1","Prepared+1","Acrobatics+1","Footwork"],"relics":["Ring of the Snake","Odd Mushroom","Unceasing Top","Medical Kit","Pocketwatch","Sundial","Gambling Chip","Dream Catcher","Philosopher\u0027s Stone","FaceOfCleric","Tough Bandages","Bag of Preparation","PreservedInsect","Snake Skull","Pantograph","Empty Cage","Turnip","Orrery","Happy Flower","Paper Crane","Pen Nib","Nunchaku","Shuriken","War Paint","Mummified Hand","Du-Vu Doll"],"acts_visited":["Exordium","TheCity","TheBeyond","TheEnding"],"potions_floor_usage":[81],"damage_taken":[{"damage":0.0,"enemies":"Small Slimes","floor":1.0,"turns":3.0},{"damage":0.0,"enemies":"Jaw Worm","floor":2.0,"turns":4.0},{"damage":0.0,"enemies":"2 Louse","floor":5.0,"turns":2.0},{"damage":0.0,"enemies":"Red Slaver","floor":6.0,"turns":3.0},{"damage":9.0,"enemies":"The Mushroom Lair","floor":7.0,"turns":4.0},{"damage":4.0,"enemies":"Exordium Wildlife","floor":8.0,"turns":5.0},{"damage":9.0,"enemies":"3 Sentries","floor":9.0,"turns":4.0},{"damage":5.0,"enemies":"Gremlin Gang","floor":11.0,"turns":5.0},{"damage":2.0,"enemies":"Blue Slaver","floor":14.0,"turns":4.0},{"damage":10.0,"enemies":"3 Sentries","floor":15.0,"turns":5.0},{"damage":0.0,"enemies":"2 Fungi Beasts","floor":16.0,"turns":1.0},{"damage":3.0,"enemies":"Lots of Slimes","floor":17.0,"turns":2.0},{"damage":0.0,"enemies":"Gremlin Nob","floor":18.0,"turns":1.0},{"damage":12.0,"enemies":"Lagavulin","floor":20.0,"turns":5.0},{"damage":0.0,"enemies":"Exordium Wildlife","floor":21.0,"turns":4.0},{"damage":5.0,"enemies":"Hexaghost","floor":24.0,"turns":6.0},{"damage":2.0,"enemies":"Chosen","floor":26.0,"turns":3.0},{"damage":6.0,"enemies":"Shell Parasite","floor":27.0,"turns":3.0},{"damage":0.0,"enemies":"3 Cultists","floor":28.0,"turns":4.0},{"damage":0.0,"enemies":"Snecko","floor":30.0,"turns":3.0},{"damage":11,"enemies":"Snake Plant","floor":31,"turns":3},{"damage":7,"enemies":"Gremlin Leader","floor":33,"turns":4},{"damage":0,"enemies":"Cultist and Chosen","floor":34,"turns":3},{"damage":0,"enemies":"Slavers","floor":39,"turns":3},{"damage":0,"enemies":"Snecko","floor":41,"turns":2},{"damage":0,"enemies":"Centurion and Healer","floor":42,"turns":2},{"damage":0,"enemies":"Book of Stabbing","floor":43,"turns":2},{"damage":0,"enemies":"Sentry and Sphere","floor":44,"turns":2},{"damage":0,"enemies":"Collector","floor":48,"turns":5},{"damage":0,"enemies":"3 Shapes","floor":50,"turns":1},{"damage":0,"enemies":"2 Orb Walkers","floor":51,"turns":3},{"damage":0,"enemies":"Orb Walker","floor":53,"turns":2},{"damage":0,"enemies":"Writhing Mass","floor":54,"turns":3},{"damage":0,"enemies":"Spire Growth","floor":56,"turns":1},{"damage":0,"enemies":"Jaw Worm Horde","floor":57,"turns":1},{"damage":0,"enemies":"Reptomancer","floor":59,"turns":1},{"damage":0,"enemies":"Sphere and 2 Shapes","floor":60,"turns":1},{"damage":0,"enemies":"Giant Head","floor":61,"turns":1},{"damage":0,"enemies":"Writhing Mass","floor":65,"turns":1},{"damage":0,"enemies":"Nemesis","floor":66,"turns":1},{"damage":0,"enemies":"3 Darklings","floor":68,"turns":1},{"damage":0,"enemies":"4 Shapes","floor":72,"turns":1},{"damage":0,"enemies":"Transient","floor":73,"turns":1},{"damage":0,"enemies":"Donu and Deca","floor":76,"turns":1},{"damage":0,"enemies":"Shield and Spear","floor":80,"turns":1},{"damage":0,"enemies":"The Heart","floor":81,"turns":3}],"seed_played":"6206335940451100218","potions_obtained":[{"floor":5.0,"key":"Strength Potion"},{"floor":7.0,"key":"GamblersBrew"},{"floor":14.0,"key":"FairyPotion"},{"floor":15.0,"key":"CunningPotion"},{"floor":16.0,"key":"Regen Potion"},{"floor":18.0,"key":"LiquidBronze"},{"floor":24.0,"key":"Swift Potion"},{"floor":27.0,"key":"Strength Potion"}],"is_trial":false,"path_per_floor":["M","M","$","?","M","M","?","M","?","R","M","$","T","M","E","M","M","E","$","E","M","R","R","B",null,"M","M","M","?","M","M","R","E","M","?","$","T","?","E","T","M","M","E","M","$","R","R","B",null,"M","?","?","M","M","$","M","M","R","E","M","E","T","T","T","M","E","$","M","?","R","?","M","M","R","R","B",null,"R","$","E","B",null],"character_chosen":"THE_SILENT","items_purchased":["Medical Kit","Bag of Preparation","Acrobatics","Orrery","Mummified Hand","Footwork"],"campfire_rested":0,"item_purchase_floors":[12,36,45,55,79,79],"current_hp_per_floor":[70,70,70,53,53,53,44,40,31,31,26,26,26,24,14,14,11,11,11,13,13,13,13,8,70,68,62,62,62,63,53,53,47,48,48,48,48,48,49,49,50,51,52,53,53,53,53,79,80,81,82,82,83,84,84,85,86,86,87,88,89,89,89,89,90,91,91,92,92,92,92,93,94,94,94,95,95,95,95,96,97],"gold":93,"neow_bonus":"REMOVE_TWO","is_daily":false,"chose_seed":false,"campfire_upgraded":10,"win_rate":0.0,"timestamp":1611936354,"path_taken":["M","M","$","?","M","M","?","M","?","R","M","?","T","M","E","M","?","E","?","E","M","R","R","BOSS","M","M","M","?","?","M","R","E","M","?","$","T","?","E","?","M","M","E","M","$","R","R","BOSS","M","?","?","M","M","$","M","?","R","E","M","E","?","T","T","M","E","?","M","?","R","?","M","M","R","R","BOSS","R","$","E","BOSS"],"items_purchased_type":["Relic","Relic","Card","Relic","Relic","Card"],"build_version":"2020-12-22","purchased_purges":6,"victory":true,"max_hp_per_floor":[70,70,70,70,70,70,70,70,70,70,70,70,70,70,70,70,70,70,70,70,70,70,70,70,70,70,70,70,70,71,72,72,73,74,74,74,74,74,75,75,76,77,78,79,79,79,79,80,80,81,82,82,83,84,84,85,86,86,87,88,89,89,89,89,90,91,91,92,92,92,92,93,94,94,94,95,95,95,95,96,97],"card_choices":[{"not_picked":["Poisoned Stab","Prepared"],"picked":"All Out Attack","floor":1.0},{"not_picked":["Sucker Punch","Prepared"],"picked":"Blade Dance","floor":5.0},{"not_picked":["Sucker Punch","Outmaneuver"],"picked":"Finisher","floor":6.0},{"not_picked":["Acrobatics","Infinite Blades"],"picked":"Glass Knife","floor":7.0},{"not_picked":["All Out Attack","Sucker Punch","Dagger Spray"],"picked":"SKIP","floor":8.0},{"not_picked":["Noxious Fumes","Setup"],"picked":"Well Laid Plans","floor":9.0},{"not_picked":["Calculated Gamble","Blade Dance"],"picked":"Noxious Fumes","floor":11.0},{"not_picked":["Dagger Throw","Blur","Poisoned Stab"],"picked":"SKIP","floor":14.0},{"not_picked":["Skewer","Expertise"],"picked":"Accuracy","floor":15.0},{"not_picked":["Quick Slash","Dagger Spray","Endless Agony"],"picked":"SKIP","floor":16.0},{"not_picked":["Deadly Poison","Endless Agony"],"picked":"Accuracy","floor":17.0},{"not_picked":["Finisher","Heel Hook","Deadly Poison"],"picked":"SKIP","floor":18.0},{"not_picked":["Grand Finale","Eviscerate"],"picked":"Acrobatics","floor":20.0},{"not_picked":["Deflect","Outmaneuver","Dagger Spray"],"picked":"SKIP","floor":21.0},{"not_picked":["Envenom","Glass Knife"],"picked":"After Image","floor":24.0},{"not_picked":["Poisoned Stab","Endless Agony"],"picked":"Reflex+1","floor":26.0},{"not_picked":["Deadly Poison","Catalyst","Cloak And Dagger"],"picked":"SKIP","floor":27.0},{"not_picked":["Flying Knee","Bane+1","Cloak And Dagger"],"picked":"SKIP","floor":28.0},{"not_picked":["Choke","Outmaneuver"],"picked":"Blade Dance+1","floor":30.0},{"not_picked":["Dagger Spray","All Out Attack","PiercingWail+1"],"picked":"SKIP","floor":31},{"not_picked":["Choke","Noxious Fumes","Skewer"],"picked":"SKIP","floor":33},{"not_picked":["Underhanded Strike","Distraction","Outmaneuver"],"picked":"SKIP","floor":34},{"not_picked":["Noxious Fumes","Quick Slash","Eviscerate"],"picked":"SKIP","floor":39},{"not_picked":["Underhanded Strike","Cloak And Dagger"],"picked":"Blur+1","floor":41},{"not_picked":["Dagger Spray","Flying Knee","Finisher"],"picked":"SKIP","floor":42},{"not_picked":["Endless Agony+1","Reflex+1"],"picked":"Concentrate","floor":43},{"not_picked":["Dodge and Roll+1","Backflip","Glass Knife"],"picked":"SKIP","floor":44},{"not_picked":["Dodge and Roll","Endless Agony+1","Bane+1"],"picked":"SKIP","floor":50},{"not_picked":["Blade Dance+1","Bane","Deadly Poison+1"],"picked":"SKIP","floor":53},{"not_picked":["Blade Dance+1","Backflip"],"picked":"Acrobatics+1","floor":54},{"not_picked":["Tools of the Trade","Sucker Punch+1"],"picked":"Tactician","floor":55},{"not_picked":["Deadly Poison+1","Dagger Throw","Dodge and Roll+1"],"picked":"SKIP","floor":56},{"not_picked":["Dodge and Roll+1","Backflip","Well Laid Plans+1"],"picked":"SKIP","floor":57},{"not_picked":["Outmaneuver+1","Eviscerate+1","Wraith Form v2"],"picked":"SKIP","floor":59},{"not_picked":["Underhanded Strike","Riddle With Holes"],"picked":"Prepared+1","floor":60},{"not_picked":["PiercingWail+1","Poisoned Stab+1"],"picked":"Acrobatics+1","floor":61},{"not_picked":["Quick Slash+1","Cloak And Dagger","Choke+1"],"picked":"SKIP","floor":65},{"not_picked":["Quick Slash+1","Dodge and Roll+1","Poisoned Stab"],"picked":"SKIP","floor":66},{"not_picked":["Dagger Spray","Footwork","Choke"],"picked":"SKIP","floor":68},{"not_picked":["Dagger Throw","Riddle With Holes","Leg Sweep+1"],"picked":"SKIP","floor":72},{"not_picked":["All Out Attack+1","Heel Hook+1","Dash"],"picked":"SKIP","floor":73},{"not_picked":["All Out Attack+1","Calculated Gamble","Endless Agony+1"],"picked":"SKIP","floor":80}],"player_experience":2347204,"relics_obtained":[{"floor":7.0,"key":"Odd Mushroom"},{"floor":13.0,"key":"Pocketwatch"},{"floor":15.0,"key":"Sundial"},{"floor":18.0,"key":"Gambling Chip"},{"floor":20.0,"key":"Dream Catcher"},{"floor":33,"key":"Tough Bandages"},{"floor":37,"key":"PreservedInsect"},{"floor":39,"key":"Snake Skull"},{"floor":43,"key":"Pantograph"},{"floor":51,"key":"Turnip"},{"floor":59,"key":"Happy Flower"},{"floor":61,"key":"Paper Crane"},{"floor":62,"key":"Pen Nib"},{"floor":63,"key":"Nunchaku"},{"floor":64,"key":"Shuriken"},{"floor":66,"key":"War Paint"},{"floor":80,"key":"Du-Vu Doll"}],"event_choices":[{"damage_healed":0.0,"max_hp_gain":0.0,"max_hp_loss":0.0,"gold_gain":0.0,"event_name":"Golden Idol","player_choice":"Take Damage","floor":4.0,"gold_loss":0.0,"damage_taken":17.0,"relics_obtained":["Golden Idol"]},{"damage_healed":0.0,"max_hp_gain":0.0,"max_hp_loss":0.0,"gold_gain":0.0,"event_name":"Mushrooms","player_choice":"Fought Mushrooms","floor":7.0,"gold_loss":0.0,"damage_taken":0.0},{"damage_healed":0.0,"max_hp_gain":0.0,"max_hp_loss":0.0,"gold_gain":30.0,"event_name":"Dead Adventurer","player_choice":"Searched \u00273\u0027 times","floor":9.0,"gold_loss":0.0,"damage_taken":0.0,"relics_obtained":["Unceasing Top"]},{"damage_healed":0.0,"max_hp_gain":0.0,"max_hp_loss":0.0,"gold_gain":0.0,"event_name":"FaceTrader","player_choice":"Trade","floor":29.0,"gold_loss":0.0,"damage_taken":0.0,"relics_obtained":["FaceOfCleric"]},{"damage_healed":0,"gold_gain":0,"player_choice":"Ignored","damage_taken":0,"max_hp_gain":0,"max_hp_loss":0,"event_name":"Vampires","floor":35,"gold_loss":0},{"cards_removed":["Strike_G"],"damage_healed":0,"gold_gain":0,"player_choice":"Elegance","damage_taken":0,"max_hp_gain":0,"max_hp_loss":0,"event_name":"Back to Basics","floor":38,"gold_loss":0},{"damage_healed":0,"gold_gain":0,"player_choice":"Fight","damage_taken":0,"max_hp_gain":0,"max_hp_loss":0,"event_name":"Mysterious Sphere","floor":51,"gold_loss":0},{"damage_healed":0,"gold_gain":0,"player_choice":"Bought 0 Potions","damage_taken":0,"max_hp_gain":0,"max_hp_loss":0,"event_name":"The Woman in Blue","floor":52,"gold_loss":0},{"damage_healed":0,"gold_gain":333,"player_choice":"Gave Idol","damage_taken":0,"max_hp_gain":0,"max_hp_loss":0,"event_name":"The Moai Head","floor":69,"relics_lost":["Golden Idol"],"gold_loss":0},{"cards_removed":["Finisher"],"damage_healed":0,"gold_gain":0,"player_choice":"Removed Attack","damage_taken":0,"max_hp_gain":0,"max_hp_loss":0,"event_name":"Falling","floor":71,"gold_loss":0}],"is_beta":false,"boss_relics":[{"not_picked":["Snecko Eye","Cursed Key"],"picked":"Philosopher\u0027s Stone"},{"not_picked":["Black Star","Calling Bell"],"picked":"Empty Cage"}],"items_purged_floors":[19,36,45,55,67,79],"is_endless":false,"potions_floor_spawned":[5,7,14,15,16,18,24,27,30,39,41,42,48,53,57,60,61,66,72,73],"ascension_level":1}}