{"host":"lww1aq5xm6g9guev","time":1611938779,"event":{"mods":["Act Like it!","BaseMod","Conspire","Minty Spire (QoL Compilation)","Rare Cards Sparkle","Replay The Spire","StSLib","The Hayseed"],"gold_per_floor":[399,441,441,501,546,546,546,645,668,668,668,668],"floor_reached":11,"language":"ZHS","playtime":213,"items_purged":[],"score":167,"play_id":"ac51886f-4c4b-4e59-b361-34ab20dab77b","local_time":"20210130004619","daily_mods":["Hoarder","Shiny","Vintage","Heirloom","Time Dilation","Flight","DeadlyEvents","Midas"],"is_ascension_mode":true,"campfire_choices":[{"floor":6,"key":"REST"},{"floor":7,"key":"REST"}],"circlet_count":0,"master_deck":["AscendersBane","TheSimpletonMod:FlashPasteurize","TheSimpletonMod:Spinach","TheSimpletonMod:CrackOfDawn","TheSimpletonMod:Asparagus","TheSimpletonMod:ErosionControl","TheSimpletonMod:Strawberries","TheSimpletonMod:BirdFeeder","TheSimpletonMod:SaltTheEarth","TheSimpletonMod:Photosynthesis","TheSimpletonMod:Biorefinement","TheSimpletonMod:VolatileFumes","TheSimpletonMod:BuzzBomb","TheSimpletonMod:ResistantStrain","TheSimpletonMod:TakeHeart","TheSimpletonMod:Mushrooms","TheSimpletonMod:HitTheSack","TheSimpletonMod:ResearchGrant","TheSimpletonMod:DesperatePlunge","TheSimpletonMod:VolatileFumes+1","TheSimpletonMod:VolatileFumes+1","TheSimpletonMod:VolatileFumes+1","TheSimpletonMod:SpiceUp","TheSimpletonMod:SpiceUp","TheSimpletonMod:SpiceUp"],"relics":["TheSimpletonMod:SpudOfTheInnocent","TheSimpletonMod:NightSoil","TheSimpletonMod:TheHarvester","Calipers","Old Coin","Akabeko","Bronze Scales","Omamori","Ancient Tea Set","Replay:Baseball"],"acts_visited":["Exordium"],"potions_floor_usage":[],"damage_taken":[{"damage":24,"enemies":"2 Louse","floor":2,"turns":4},{"damage":0,"enemies":"conspire:RoseBush","floor":4,"turns":3},{"damage":9,"enemies":"Small Slimes","floor":5,"turns":2},{"damage":8,"enemies":"Gremlin Nob","floor":8,"turns":3},{"damage":4,"enemies":"3 Sentries","floor":11,"turns":2}],"seed_played":"4645463415174723108","potions_obtained":[{"floor":4,"key":"Languid Potion"},{"floor":5,"key":"Elixir"}],"is_trial":true,"path_per_floor":["WH","M","?","M","M","R","R","E","T","WH","E"],"character_chosen":"THE_SIMPLETON","items_purchased":[],"campfire_rested":2,"item_purchase_floors":[],"current_hp_per_floor":[64,48,48,48,39,60,71,63,63,63,59,59],"gold":668,"neow_bonus":"","is_daily":false,"chose_seed":false,"campfire_upgraded":0,"win_rate":0.0,"timestamp":1611938779,"path_taken":["WH","M","?","M","?","R","R","E","T","WH","E"],"items_purchased_type":[],"build_version":"2020-12-22","purchased_purges":0,"victory":false,"max_hp_per_floor":[71,71,71,71,71,71,71,71,71,71,71,71],"card_choices":[{"not_picked":["TheSimpletonMod:Ferment","TheSimpletonMod:Rake"],"picked":"TheSimpletonMod:SpiceUp","floor":8}],"player_experience":102969,"relics_obtained":[{"floor":2,"key":"Akabeko"},{"floor":4,"key":"Bronze Scales"},{"floor":5,"key":"Omamori"},{"floor":8,"key":"Ancient Tea Set"},{"floor":9,"key":"Replay:Baseball"}],"event_choices":[],"is_beta":false,"boss_relics":[],"items_purged_floors":[],"is_endless":true,"potions_floor_spawned":[4,5,8],"killed_by":"3 Sentries","ascension_level":20}}