{"host":"ve9aztkoyqeblvav","time":1611913315,"event":{"mods":["Act Like it!","BaseMod","Colored Map","Colored Powertips","Highlight Path","Minty Spire (QoL Compilation)","Quick Restart","StSLib","The Hierophant","Waifu the Spire"],"gold_per_floor":[100,1,11,11,27,27,43,43,91,110,128,162,62,82,82,116,116,126,176,15,15,28,58,73,73,98,126,139,158,190,204,204,279,279,298,317,106,116,134,164,164,193,193,83,105,105,105,105,105,105,105,105,105,105,132,112],"floor_reached":57,"language":"ZHS","playtime":1943,"items_purged":["hierophant:Strike_Hierophant","hierophant:Strike_Hierophant","hierophant:Punish"],"score":3358,"play_id":"1857e990-f6a5-453b-8730-7335d6cb6687","local_time":"20210129174155","is_ascension_mode":true,"campfire_choices":[{"data":"hierophant:FlamingChariot","floor":6.0,"key":"SMITH"},{"data":"hierophant:HammerAndAnvil","floor":8.0,"key":"SMITH"},{"data":"hierophant:Glossolalia","floor":15.0,"key":"SMITH"},{"data":"hierophant:Levitation","floor":25.0,"key":"SMITH"},{"floor":32.0,"key":"RECALL"},{"data":"Tools of the Trade","floor":41.0,"key":"SMITH"},{"data":"Berserk","floor":49.0,"key":"SMITH"},{"data":"hierophant:Upheaval","floor":53.0,"key":"SMITH"}],"circlet_count":0,"master_deck":["AscendersBane","hierophant:Defend_Hierophant+1","hierophant:ChurchCoffers+1","hierophant:FlamingChariot+1","hierophant:HammerAndAnvil+1","hierophant:Glossolalia+1","hierophant:Alms+1","hierophant:Levitation+1","hierophant:ChurchCoffers+1","Berserk+1","Brutality","Tools of the Trade+1","hierophant:Upheaval+1","hierophant:Alms+1"],"relics":["hierophant:PropheticMaskRelic","Bag of Marbles","Orichalcum","Coffee Dripper","PrismaticShard","War Paint","StrikeDummy","Blue Candle","Empty Cage","Juzu Bracelet","Ornamental Fan","Ginger","Bronze Scales","Oddly Smooth Stone"],"acts_visited":["Exordium","TheCity","TheBeyond","TheEnding"],"potions_floor_usage":[56],"damage_taken":[{"damage":2.0,"enemies":"Cultist","floor":1.0,"turns":4.0},{"damage":7.0,"enemies":"Jaw Worm","floor":3.0,"turns":3.0},{"damage":3.0,"enemies":"2 Louse","floor":5.0,"turns":2.0},{"damage":0.0,"enemies":"Large Slime","floor":7.0,"turns":3.0},{"damage":0.0,"enemies":"Gremlin Gang","floor":10.0,"turns":4.0},{"damage":6.0,"enemies":"Exordium Thugs","floor":11.0,"turns":2.0},{"damage":0.0,"enemies":"Lagavulin","floor":12.0,"turns":3.0},{"damage":0.0,"enemies":"Lots of Slimes","floor":14.0,"turns":2.0},{"damage":6.0,"enemies":"Slime Boss","floor":16.0,"turns":6.0},{"damage":0.0,"enemies":"Chosen","floor":18.0,"turns":1.0},{"damage":2.0,"enemies":"3 Byrds","floor":22.0,"turns":2.0},{"damage":0.0,"enemies":"Gremlin Leader","floor":23.0,"turns":2.0},{"damage":11.0,"enemies":"Snake Plant","floor":24.0,"turns":2.0},{"damage":0.0,"enemies":"Book of Stabbing","floor":27.0,"turns":1.0},{"damage":0.0,"enemies":"Centurion and Healer","floor":28.0,"turns":1.0},{"damage":0.0,"enemies":"3 Cultists","floor":29.0,"turns":2.0},{"damage":15.0,"enemies":"Gremlin Leader","floor":30.0,"turns":2.0},{"damage":0.0,"enemies":"Snecko","floor":31.0,"turns":2.0},{"damage":1.0,"enemies":"Automaton","floor":33.0,"turns":2.0},{"damage":12.0,"enemies":"Orb Walker","floor":35.0,"turns":2.0},{"damage":4.0,"enemies":"3 Shapes","floor":36.0,"turns":3.0},{"damage":2.0,"enemies":"Transient","floor":38.0,"turns":3.0},{"damage":1.0,"enemies":"Maw","floor":39.0,"turns":2.0},{"damage":0.0,"enemies":"Giant Head","floor":40.0,"turns":1.0},{"damage":3.0,"enemies":"Reptomancer","floor":42.0,"turns":2.0},{"damage":1.0,"enemies":"Nemesis","floor":45.0,"turns":3.0},{"damage":17.0,"enemies":"Awakened One","floor":50.0,"turns":3.0},{"damage":0.0,"enemies":"Donu and Deca","floor":51.0,"turns":1.0},{"damage":0,"enemies":"Shield and Spear","floor":55,"turns":1},{"damage":79,"enemies":"The Heart","floor":56,"turns":6}],"seed_played":"-4817117101715178362","potions_obtained":[{"floor":3.0,"key":"LiquidMemories"},{"floor":5.0,"key":"Dexterity Potion"},{"floor":10.0,"key":"DistilledChaos"},{"floor":22.0,"key":"Swift Potion"},{"floor":23.0,"key":"Weak Potion"},{"floor":31.0,"key":"FairyPotion"},{"floor":42.0,"key":"LiquidBronze"}],"is_trial":false,"path_per_floor":["M","$","M","?","M","R","M","R","T","M","M","E","$","M","R","B",null,"M","?","$","?","M","E","M","R","T","E","M","M","E","M","R","B",null,"M","M","$","M","M","E","R","E","T","?","E","?","?","?","R","B","B",null,"R","$","E","B",null],"character_chosen":"HIEROPHANT","items_purchased":["hierophant:HammerAndAnvil","PrismaticShard","hierophant:Upheaval"],"campfire_rested":0,"item_purchase_floors":[2,20,37],"current_hp_per_floor":[66,66,59,59,56,56,56,56,56,56,50,50,50,50,50,44,62,62,62,62,62,60,60,49,49,49,49,49,49,34,34,34,33,59,47,43,43,41,40,40,40,37,37,37,36,36,36,36,36,19,19,54,54,54,54,6],"gold":112,"neow_bonus":"REMOVE_TWO","is_daily":false,"chose_seed":false,"campfire_upgraded":7,"win_rate":0.0,"timestamp":1611913315,"path_taken":["M","$","?","?","M","R","?","R","T","M","M","E","$","M","R","BOSS","M","?","$","?","M","E","M","R","T","E","M","M","E","M","R","BOSS","M","?","$","M","M","E","R","E","T","?","E","?","?","?","R","BOSS","BOSS","R","$","E","BOSS"],"items_purchased_type":["Card","Relic","Card"],"build_version":"2020-12-22","purchased_purges":3,"victory":true,"max_hp_per_floor":[68,68,68,68,68,68,68,68,68,68,68,68,68,68,68,68,68,68,68,68,68,68,68,68,68,68,68,68,68,68,68,68,68,68,68,68,68,68,68,68,68,68,68,68,68,68,65,65,65,65,65,65,65,65,65,65],"card_choices":[{"not_picked":["hierophant:OrnateBuckler","hierophant:Sermon"],"picked":"hierophant:FlamingChariot","floor":1.0},{"not_picked":["hierophant:MorningPrayer","hierophant:DisplayOfPower"],"picked":"hierophant:Glossolalia","floor":3.0},{"not_picked":["hierophant:FieryStrike","hierophant:Charity","hierophant:Patience"],"picked":"SKIP","floor":5.0},{"not_picked":["hierophant:Empathy","hierophant:Shelter","hierophant:AuricForm"],"picked":"SKIP","floor":7.0},{"not_picked":["hierophant:RustyCrate","hierophant:Purify","hierophant:FlamingChariot"],"picked":"SKIP","floor":10.0},{"not_picked":["hierophant:SealAway","hierophant:Shelter"],"picked":"hierophant:Alms","floor":11.0},{"not_picked":["hierophant:Prophecy","hierophant:AuricBeam"],"picked":"hierophant:Levitation","floor":12.0},{"not_picked":["hierophant:SealAway","hierophant:Refuge","hierophant:FieryStrike"],"picked":"SKIP","floor":14.0},{"not_picked":["hierophant:FaithHealing","hierophant:MorningPrayer","hierophant:OrnateBuckler+1"],"picked":"SKIP","floor":18.0},{"not_picked":["Dual Wield","Clothesline","Barrage"],"picked":"SKIP","floor":22.0},{"not_picked":["hierophant:Flagellation+1","SandsOfTime"],"picked":"Berserk","floor":23.0},{"not_picked":["hierophant:MirrorShield","FlyingSleeves","Indignation+1"],"picked":"SKIP","floor":24.0},{"not_picked":["Armaments","Sucker Punch","Bandage Up"],"picked":"SKIP","floor":27.0},{"not_picked":["Clash","Consecrate","Crescendo"],"picked":"SKIP","floor":28.0},{"not_picked":["hierophant:AuricBeam","Perfected Strike","hierophant:OrnateBuckler"],"picked":"SKIP","floor":29.0},{"not_picked":["Thunderclap","Shrug It Off","Barrage"],"picked":"SKIP","floor":30.0},{"not_picked":["Iron Wave","hierophant:Bribe"],"picked":"Brutality","floor":31.0},{"not_picked":["Apotheosis","Brilliance"],"picked":"Tools of the Trade","floor":33.0},{"not_picked":["ClearTheMind+1","Beam Cell","Dagger Spray"],"picked":"SKIP","floor":35.0},{"not_picked":["Predator+1","hierophant:Encroach","hierophant:DisplayOfPower"],"picked":"SKIP","floor":36.0},{"not_picked":["MentalFortress","JustLucky+1","hierophant:DisplayOfPower"],"picked":"SKIP","floor":38.0},{"not_picked":["hierophant:Patience","Rage","Electrodynamics"],"picked":"SKIP","floor":39.0},{"not_picked":["Halt","hierophant:RustyCrate"],"picked":"hierophant:Alms","floor":40.0},{"not_picked":["hierophant:Remorse","Enlightenment+1","Rebound"],"picked":"SKIP","floor":42.0},{"not_picked":["Heavy Blade","Warcry","Underhanded Strike"],"picked":"SKIP","floor":45.0},{"not_picked":["Heavy Blade","Warcry","Underhanded Strike"],"picked":"SKIP","floor":45.0},{"not_picked":["Riddle With Holes","Clothesline","Flex"],"picked":"SKIP","floor":55}],"player_experience":1630768,"relics_obtained":[{"floor":9.0,"key":"Bag of Marbles"},{"floor":12.0,"key":"Orichalcum"},{"floor":23.0,"key":"War Paint"},{"floor":27.0,"key":"StrikeDummy"},{"floor":30.0,"key":"Blue Candle"},{"floor":40.0,"key":"Juzu Bracelet"},{"floor":42.0,"key":"Ornamental Fan"},{"floor":43.0,"key":"Ginger"},{"floor":45.0,"key":"Bronze Scales"},{"floor":55,"key":"Oddly Smooth Stone"}],"event_choices":[{"damage_healed":0.0,"max_hp_gain":0.0,"max_hp_loss":0.0,"gold_gain":0.0,"event_name":"Accursed Blacksmith","player_choice":"Forge","floor":4.0,"gold_loss":0.0,"damage_taken":0.0,"cards_upgraded":["hierophant:ChurchCoffers"]},{"damage_healed":0.0,"max_hp_gain":0.0,"max_hp_loss":0.0,"gold_gain":50.0,"event_name":"Nest","player_choice":"Stole From Cult","floor":19.0,"gold_loss":0.0,"damage_taken":0.0},{"damage_healed":0.0,"max_hp_gain":0.0,"max_hp_loss":0.0,"gold_gain":0.0,"event_name":"Duplicator","player_choice":"Copied","floor":21.0,"gold_loss":0.0,"damage_taken":0.0,"cards_obtained":["hierophant:ChurchCoffers"]},{"cards_removed":["hierophant:Defend_Hierophant"],"damage_healed":0.0,"max_hp_gain":0.0,"max_hp_loss":0.0,"gold_gain":0.0,"event_name":"Designer","player_choice":"Upgrade and Remove","floor":44.0,"gold_loss":110.0,"damage_taken":0.0,"cards_upgraded":["hierophant:Alms"]},{"damage_healed":0.0,"max_hp_gain":0.0,"max_hp_loss":0.0,"gold_gain":0.0,"event_name":"Tomb of Lord Red Mask","player_choice":"Ignored","floor":46.0,"gold_loss":0.0,"damage_taken":0.0},{"damage_healed":0.0,"max_hp_gain":0.0,"max_hp_loss":3.0,"gold_gain":0.0,"event_name":"Winding Halls","player_choice":"Max HP","floor":47.0,"gold_loss":0.0,"damage_taken":0.0},{"damage_healed":0.0,"max_hp_gain":0.0,"max_hp_loss":0.0,"gold_gain":0.0,"event_name":"Match and Keep!","player_choice":"0 cards matched","floor":48.0,"gold_loss":0.0,"damage_taken":0.0,"cards_obtained":[]}],"is_beta":false,"boss_relics":[{"not_picked":["Fusion Hammer","Ectoplasm"],"picked":"Coffee Dripper"},{"not_picked":["Tiny House","Black Star"],"picked":"Empty Cage"}],"items_purged_floors":[2,13,37],"is_endless":false,"potions_floor_spawned":[3,5,10,22,23,24,31,33,36,39,42],"ascension_level":20}}