{"host":"x7xd4wkamhrqrrvw","time":1611882126,"event":{"mods":["AchievementEnabler","BaseMod","Minty Spire (QoL Compilation)","StSLib"],"gold_per_floor":[116,136,136,32,50,85,85,115,115,115,115,129,129,143,143,217,217,237,253,253,267,286,286,286],"floor_reached":23,"language":"ENG","playtime":907,"items_purged":[],"score":345,"play_id":"3ed83bf0-5892-4499-9b62-705158bc524e","local_time":"20210128230206","is_ascension_mode":true,"campfire_choices":[{"floor":7.0,"key":"REST"},{"data":"Crippling Poison","floor":10.0,"key":"SMITH"},{"data":"Deadly Poison","floor":13.0,"key":"SMITH"},{"data":"Catalyst","floor":15.0,"key":"SMITH"}],"circlet_count":0,"master_deck":["AscendersBane","Strike_G+1","Strike_G","Strike_G+1","Strike_G+1","Defend_G","Defend_G+1","Defend_G","Defend_G","Defend_G","Survivor","Neutralize","Deadly Poison+1","All Out Attack","Crippling Poison+1","Catalyst+1","Escape Plan","Deflect","Backflip","Poisoned Stab","After Image","Deflect"],"relics":["SlaversCollar","Whetstone","White Beast Statue","Vajra","Black Star"],"acts_visited":["Exordium","TheCity"],"potions_floor_usage":[19,22,22,23],"damage_taken":[{"damage":4.0,"enemies":"Small Slimes","floor":1.0,"turns":6.0},{"damage":1.0,"enemies":"Cultist","floor":2.0,"turns":4.0},{"damage":3.0,"enemies":"Jaw Worm","floor":5.0,"turns":4.0},{"damage":24.0,"enemies":"Gremlin Nob","floor":6.0,"turns":5.0},{"damage":10.0,"enemies":"3 Sentries","floor":8.0,"turns":7.0},{"damage":6.0,"enemies":"2 Fungi Beasts","floor":12.0,"turns":4.0},{"damage":1.0,"enemies":"Blue Slaver","floor":14.0,"turns":4.0},{"damage":2.0,"enemies":"The Guardian","floor":16.0,"turns":7.0},{"damage":4.0,"enemies":"Chosen","floor":18.0,"turns":5.0},{"damage":10,"enemies":"2 Thieves","floor":19,"turns":3},{"damage":37,"enemies":"Cultist and Chosen","floor":21,"turns":5},{"damage":9,"enemies":"Centurion and Healer","floor":22,"turns":8},{"damage":14,"enemies":"Gremlin Leader","floor":23,"turns":4}],"seed_played":"1071845573747513937","potions_obtained":[{"floor":2.0,"key":"EntropicBrew"},{"floor":8.0,"key":"Strength Potion"},{"floor":12.0,"key":"LiquidMemories"},{"floor":16.0,"key":"Weak Potion"},{"floor":18.0,"key":"DuplicationPotion"},{"floor":19,"key":"SpeedPotion"},{"floor":21,"key":"Regen Potion"},{"floor":22,"key":"EssenceOfSteel"}],"is_trial":false,"path_per_floor":["M","M","?","$","M","E","R","E","T","R","?","M","R","M","R","B",null,"M","M","?","M","M","E"],"character_chosen":"THE_SILENT","items_purchased":["Crippling Poison","Catalyst"],"campfire_rested":1,"item_purchase_floors":[4,4],"current_hp_per_floor":[55,54,41,41,38,14,33,23,23,23,23,17,17,16,16,14,53,49,39,39,2,8,0,0],"gold":286,"neow_bonus":"BOSS_RELIC","is_daily":false,"chose_seed":false,"campfire_upgraded":3,"win_rate":0.0,"timestamp":1611882126,"path_taken":["M","M","?","$","M","E","R","E","T","R","?","M","R","?","R","BOSS","M","M","?","M","M","E"],"items_purchased_type":["Card","Card"],"build_version":"2020-12-22","purchased_purges":0,"victory":false,"max_hp_per_floor":[66,66,66,66,66,66,66,66,66,66,66,66,66,66,66,66,66,66,66,66,66,66,66,66],"card_choices":[{"not_picked":["Prepared","Cloak And Dagger"],"picked":"Deadly Poison","floor":1.0},{"not_picked":["Expertise","Heel Hook"],"picked":"All Out Attack","floor":2.0},{"not_picked":["All Out Attack","Dagger Throw"],"picked":"Escape Plan","floor":5.0},{"not_picked":["Blur","Distraction"],"picked":"Deflect","floor":6.0},{"not_picked":["Slice","Heel Hook"],"picked":"Backflip","floor":8.0},{"not_picked":["Sucker Punch","Cloak And Dagger","Deflect"],"picked":"SKIP","floor":12.0},{"not_picked":["Backstab","Slice"],"picked":"Poisoned Stab","floor":14.0},{"not_picked":["Doppelganger","Unload"],"picked":"After Image","floor":16.0},{"not_picked":["Masterful Stab","Reflex","Acrobatics+1"],"picked":"SKIP","floor":18.0},{"not_picked":["Cloak And Dagger","Well Laid Plans","Underhanded Strike"],"picked":"SKIP","floor":19},{"not_picked":["Envenom","Expertise"],"picked":"Deflect","floor":21},{"not_picked":["Dodge and Roll","Calculated Gamble","Quick Slash"],"picked":"SKIP","floor":22}],"player_experience":409868,"relics_obtained":[{"floor":6.0,"key":"Whetstone"},{"floor":8.0,"key":"White Beast Statue"},{"floor":9.0,"key":"Vajra"}],"event_choices":[{"damage_healed":0.0,"max_hp_gain":0.0,"max_hp_loss":0.0,"gold_gain":0.0,"event_name":"Shining Light","player_choice":"Entered Light","floor":3.0,"gold_loss":0.0,"damage_taken":13.0,"cards_upgraded":["Strike_G","Defend_G"]},{"cards_removed":["Strike_G"],"damage_healed":0.0,"max_hp_gain":0.0,"max_hp_loss":0.0,"gold_gain":0.0,"event_name":"Purifier","player_choice":"Purged","floor":11.0,"gold_loss":0.0,"damage_taken":0.0},{"damage_healed":0,"gold_gain":0,"player_choice":"Ignored","damage_taken":0,"max_hp_gain":0,"max_hp_loss":0,"event_name":"Vampires","floor":20,"gold_loss":0}],"is_beta":false,"boss_relics":[{"not_picked":["Ectoplasm","HoveringKite"],"picked":"Black Star"}],"items_purged_floors":[],"is_endless":false,"potions_floor_spawned":[2,8,12,14,16,18,19,21,22],"killed_by":"Gremlin Leader","ascension_level":14}}