{"host":"dm4yvegl9um2tlqd","time":1611936008,"event":{"mods":["2.2 Compatiblity","AchievementEnabler","BaseMod","Colored Map","DeckTracker","Highlight Path","KOR Keyword Fix","Keyboard Shortcuts","Minty Spire (QoL Compilation)","Permanent Neow","Quick Restart","Random Character Button","StSLib","SuperFastMode","everything is the same but u backflip on backflip"],"gold_per_floor":[111,130,147,147,165,165,199,210,210,223,223,323,353,363,363,464,464,478,6,6,18,30,75,87,127,165,177,207,219,261,288,300,415,427,451,483,547,559,559],"floor_reached":38,"language":"KOR","playtime":2081,"items_purged":[],"score":583,"play_id":"7f4ca27a-01f3-4145-acca-a1690f9b8428","local_time":"20210130010008","is_ascension_mode":true,"campfire_choices":[{"data":"Rainbow","floor":6.0,"key":"SMITH"},{"data":"Redo","floor":15.0,"key":"SMITH"},{"data":"Machine Learning","floor":24.0,"key":"SMITH"},{"floor":27.0,"key":"RECALL"},{"floor":29.0,"key":"REST"},{"floor":32,"key":"REST"}],"circlet_count":0,"master_deck":["Strike_B","Strike_B","Strike_B","Strike_B","Defend_B","Defend_B","Defend_B","Defend_B","Zap","Dualcast+1","Rainbow+1","Coolheaded","Coolheaded","Reinforced Body","Sweeping Beam","Redo+1","Darkness+1","Chaos+1","Undo+1","Machine Learning+1","Barrage","Apotheosis+1","Sunder","Ghostly+1","Ghostly+1","Ghostly+1","Ghostly+1","Ghostly+1","Decay","Compile Driver+1","Defragment+1","Skim+1","Turbo+1","Defragment+1","Biased Cognition+1","FTL+1","Steam+1","Double Energy+1"],"relics":["Cracked Core","Pocketwatch","Toxic Egg 2","Potion Belt","WingedGreaves","SacredBark","White Beast Statue","MawBank","Blue Candle","Frozen Egg 2","DataDisk","Bag of Preparation","Inserter","Peace Pipe"],"acts_visited":["Exordium","TheCity","TheBeyond"],"potions_floor_usage":[31,31,33,35,37],"damage_taken":[{"damage":2.0,"enemies":"Jaw Worm","floor":1.0,"turns":4.0},{"damage":0.0,"enemies":"Cultist","floor":2.0,"turns":3.0},{"damage":14.0,"enemies":"Small Slimes","floor":3.0,"turns":3.0},{"damage":1.0,"enemies":"Blue Slaver","floor":5.0,"turns":4.0},{"damage":18.0,"enemies":"3 Sentries","floor":7.0,"turns":8.0},{"damage":5.0,"enemies":"Red Slaver","floor":8.0,"turns":2.0},{"damage":6.0,"enemies":"Exordium Thugs","floor":10.0,"turns":4.0},{"damage":3.0,"enemies":"Lagavulin","floor":13.0,"turns":6.0},{"damage":0.0,"enemies":"Large Slime","floor":14.0,"turns":4.0},{"damage":3.0,"enemies":"Hexaghost","floor":16.0,"turns":8.0},{"damage":2.0,"enemies":"Shell Parasite","floor":18.0,"turns":5.0},{"damage":5.0,"enemies":"Slavers","floor":23.0,"turns":7.0},{"damage":1.0,"enemies":"Gremlin Leader","floor":25.0,"turns":9.0},{"damage":14.0,"enemies":"2 Thieves","floor":28.0,"turns":4.0},{"damage":23.0,"enemies":"Slavers","floor":30.0,"turns":7.0},{"damage":0,"enemies":"Snake Plant","floor":31,"turns":1},{"damage":1,"enemies":"Champ","floor":33,"turns":9},{"damage":1,"enemies":"3 Darklings","floor":35,"turns":7},{"damage":1,"enemies":"Orb Walker","floor":36,"turns":5},{"damage":28,"enemies":"2 Orb Walkers","floor":37,"turns":9},{"damage":14,"enemies":"Sphere and 2 Shapes","floor":38,"turns":3}],"seed_played":"-8677689814744978795","potions_obtained":[{"floor":1.0,"key":"Ancient Potion"},{"floor":2.0,"key":"LiquidMemories"},{"floor":5.0,"key":"Swift Potion"},{"floor":16.0,"key":"PowerPotion"},{"floor":23.0,"key":"Swift Potion"},{"floor":25.0,"key":"DuplicationPotion"},{"floor":28.0,"key":"PowerPotion"},{"floor":30.0,"key":"LiquidMemories"},{"floor":31,"key":"DuplicationPotion"},{"floor":33,"key":"GamblersBrew"},{"floor":35,"key":"PotionOfCapacity"},{"floor":36,"key":"BlessingOfTheForge"},{"floor":37,"key":"Energy Potion"}],"is_trial":false,"path_per_floor":["M","M","M","?","M","R","E","M","T","M","?","?","E","M","R","B",null,"M","$","?","?","?","E","R","E","T","R","M","R","E","M","R","B",null,"M","M","?","M"],"character_chosen":"DEFECT","items_purchased":["Apotheosis+1","White Beast Statue","Sunder"],"campfire_rested":2,"item_purchase_floors":[19,19,19],"current_hp_per_floor":[66,66,52,52,51,51,33,28,28,22,15,15,12,12,12,9,68,66,66,66,34,34,29,29,28,28,28,14,24,1,1,11,10,34,33,32,4,0,0],"gold":559,"neow_bonus":"THREE_RARE_CARDS","is_daily":false,"chose_seed":false,"campfire_upgraded":3,"win_rate":0.0,"timestamp":1611936008,"path_taken":["M","M","M","?","?","R","E","M","T","M","?","?","E","?","R","BOSS","M","$","?","?","?","E","R","E","T","R","?","R","E","M","R","BOSS","M","?","?","M"],"items_purchased_type":["Card","Relic","Card"],"build_version":"2020-12-22","purchased_purges":0,"victory":false,"max_hp_per_floor":[68,68,68,68,68,68,68,68,68,68,68,68,68,68,68,68,68,68,68,68,34,34,34,34,34,34,34,34,34,34,34,34,34,34,34,34,34,34,34],"card_choices":[{"not_picked":["Electrodynamics","Core Surge"],"picked":"Rainbow","floor":0.0},{"not_picked":["Genetic Algorithm","Reprogram"],"picked":"Coolheaded","floor":1.0},{"not_picked":["Beam Cell","Rip and Tear"],"picked":"Coolheaded","floor":2.0},{"not_picked":["Coolheaded","Stack"],"picked":"Reinforced Body","floor":3.0},{"not_picked":["Streamline","Fusion"],"picked":"Sweeping Beam","floor":5.0},{"not_picked":["FTL","Rebound"],"picked":"Redo","floor":7.0},{"not_picked":["Conserve Battery","Reinforced Body","All For One"],"picked":"SKIP","floor":8.0},{"not_picked":["Steam+1","Hologram+1"],"picked":"Darkness+1","floor":10.0},{"not_picked":["Doom and Gloom","Coolheaded+1"],"picked":"Chaos+1","floor":13.0},{"not_picked":["Melter","Ball Lightning"],"picked":"Undo+1","floor":14.0},{"not_picked":["Rainbow+1","Thunder Strike"],"picked":"Machine Learning","floor":16.0},{"not_picked":["Heatsinks+1","Cold Snap"],"picked":"Barrage","floor":18.0},{"not_picked":["Capacitor","Tempest+1"],"picked":"Compile Driver+1","floor":23.0},{"not_picked":["Auto Shields+1","Sunder"],"picked":"Defragment+1","floor":25.0},{"not_picked":["Beam Cell","Darkness+1"],"picked":"Skim+1","floor":28.0},{"not_picked":["Compile Driver","Coolheaded+1"],"picked":"Turbo+1","floor":30.0},{"not_picked":["Beam Cell","Skim+1"],"picked":"Defragment+1","floor":31},{"not_picked":["Thunder Strike","Reboot+1"],"picked":"Biased Cognition+1","floor":33},{"not_picked":["Leap+1","Self Repair+1"],"picked":"FTL+1","floor":35},{"not_picked":["Conserve Battery+1","Lockon+1"],"picked":"Steam+1","floor":36},{"not_picked":["Ball Lightning+1","Steam+1"],"picked":"Double Energy+1","floor":37}],"player_experience":94469,"relics_obtained":[{"floor":7.0,"key":"Pocketwatch"},{"floor":9.0,"key":"Toxic Egg 2"},{"floor":13.0,"key":"WingedGreaves"},{"floor":23.0,"key":"Blue Candle"},{"floor":25.0,"key":"Frozen Egg 2"},{"floor":26.0,"key":"DataDisk"},{"floor":30.0,"key":"Bag of Preparation"},{"floor":37,"key":"Peace Pipe"}],"event_choices":[{"damage_healed":0.0,"max_hp_gain":0.0,"max_hp_loss":0.0,"gold_gain":0.0,"event_name":"Upgrade Shrine","player_choice":"Upgraded","floor":4.0,"gold_loss":0.0,"damage_taken":0.0,"cards_upgraded":["Dualcast"]},{"damage_healed":0.0,"max_hp_gain":0.0,"max_hp_loss":0.0,"gold_gain":0.0,"event_name":"Scrap Ooze","player_choice":"Success","floor":11.0,"gold_loss":0.0,"damage_taken":7.0,"relics_obtained":["Potion Belt"]},{"damage_healed":0.0,"max_hp_gain":0.0,"max_hp_loss":0.0,"gold_gain":100.0,"event_name":"Golden Shrine","player_choice":"Pray","floor":12.0,"gold_loss":0.0,"damage_taken":0.0},{"damage_healed":0.0,"max_hp_gain":0.0,"max_hp_loss":0.0,"gold_gain":0.0,"event_name":"The Mausoleum","player_choice":"Opened","floor":20.0,"gold_loss":0.0,"damage_taken":0.0,"relics_obtained":["MawBank"]},{"damage_healed":0.0,"max_hp_gain":0.0,"max_hp_loss":34.0,"gold_gain":0.0,"event_name":"Ghosts","player_choice":"Became a Ghost","floor":21.0,"gold_loss":0.0,"damage_taken":0.0,"cards_obtained":["Ghostly","Ghostly","Ghostly","Ghostly","Ghostly"]},{"damage_healed":0.0,"max_hp_gain":0.0,"max_hp_loss":0.0,"gold_gain":0.0,"event_name":"Wheel of Change","player_choice":"Cursed","floor":22.0,"gold_loss":0.0,"damage_taken":0.0,"cards_obtained":["Decay"]},{"damage_healed":0,"gold_gain":0,"player_choice":"Fight","damage_taken":0,"max_hp_gain":0,"max_hp_loss":0,"event_name":"Mysterious Sphere","floor":37,"gold_loss":0}],"is_beta":false,"boss_relics":[{"not_picked":["Black Star","Tiny House"],"picked":"SacredBark"},{"not_picked":["Velvet Choker","Empty Cage"],"picked":"Inserter"}],"items_purged_floors":[],"is_endless":false,"potions_floor_spawned":[1,2,5,16,23,25,28,30,31,33,35,36,37],"killed_by":"Sphere and 2 Shapes","ascension_level":4}}