{"host":"xo3bvwoo3g0exv0i","time":1611883293,"event":{"mods":["BaseMod","Marisa????????","Minty Spire (QoL Compilation)"],"gold_per_floor":[119,119,119,131,56,56,69,100,100,118,118,143,43,58,58,162,162,181,181,181,181,106,136,136,136,136],"floor_reached":25,"language":"ENG","playtime":1331,"items_purged":["Defend_P","Strike_P"],"score":291,"play_id":"965beb18-9046-4e54-bdf0-b3129eda8376","local_time":"20210128202133","is_ascension_mode":true,"campfire_choices":[{"data":"Eruption","floor":6,"key":"SMITH"},{"data":"Vigilance","floor":11,"key":"SMITH"},{"floor":15,"key":"REST"},{"data":"LessonLearned","floor":24,"key":"SMITH"}],"circlet_count":0,"master_deck":["Strike_P+1","Strike_P+1","Eruption+1","Vigilance+1","SashWhip","CrushJoints","MentalFortress+1","Tantrum","LessonLearned+1","ConjureBlade+1","Omniscience+1","Nirvana+1","SashWhip+1"],"relics":["PureWater","NeowsBlessing","Frozen Egg 2","Letter Opener","Happy Flower","Astrolabe","MutagenicStrength","Nilry\u0027s Codex","Bird Faced Urn"],"acts_visited":["Exordium","TheCity"],"potions_floor_usage":[8,12,18,23,23],"damage_taken":[{"damage":0,"enemies":"Small Slimes","floor":1,"turns":1},{"damage":0,"enemies":"Jaw Worm","floor":4,"turns":1},{"damage":0,"enemies":"Cultist","floor":7,"turns":1},{"damage":17,"enemies":"Lagavulin","floor":8,"turns":3},{"damage":4,"enemies":"Blue Slaver","floor":10,"turns":2},{"damage":18,"enemies":"3 Sentries","floor":12,"turns":7},{"damage":0,"enemies":"2 Fungi Beasts","floor":14,"turns":1},{"damage":0,"enemies":"Slime Boss","floor":16,"turns":3},{"damage":0,"enemies":"Spheric Guardian","floor":18,"turns":2},{"damage":4,"enemies":"Gremlin Leader","floor":23,"turns":5},{"damage":41,"enemies":"Book of Stabbing","floor":25,"turns":4}],"seed_played":"-8675960441611014118","potions_obtained":[{"floor":1,"key":"Explosive Potion"},{"floor":7,"key":"FearPotion"},{"floor":10,"key":"DuplicationPotion"},{"floor":16,"key":"EssenceOfSteel"},{"floor":18,"key":"SneckoOil"}],"is_trial":false,"path_per_floor":["M","?","T","M","$","R","M","E","T","M","R","E","$","M","R","B",null,"M","?","?","?","?","E","R","E"],"character_chosen":"WATCHER","items_purchased":[],"campfire_rested":1,"item_purchase_floors":[],"current_hp_per_floor":[72,58,58,58,58,58,58,41,41,37,37,19,19,19,40,40,72,72,59,59,43,43,39,39,0,0],"gold":136,"neow_bonus":"THREE_ENEMY_KILL","is_daily":false,"chose_seed":false,"campfire_upgraded":3,"win_rate":0.0,"timestamp":1611883293,"path_taken":["M","?","?","M","?","R","M","E","T","M","R","E","$","?","R","BOSS","M","?","?","?","?","E","R","E"],"items_purchased_type":[],"build_version":"2020-12-22","purchased_purges":2,"victory":false,"max_hp_per_floor":[72,72,72,72,72,72,72,72,72,72,72,72,72,72,72,72,72,72,77,77,77,77,77,77,77,77],"card_choices":[{"not_picked":["ThirdEye","Sanctity"],"picked":"SashWhip","floor":1},{"not_picked":["Sanctity","InnerPeace","ThirdEye"],"picked":"SKIP","floor":4},{"not_picked":["Worship","Prostrate","Evaluate"],"picked":"SKIP","floor":7},{"not_picked":["WindmillStrike","Scrawl"],"picked":"CrushJoints","floor":8},{"not_picked":["Wallop","FlurryOfBlows"],"picked":"MentalFortress+1","floor":10},{"not_picked":["EmptyMind","ReachHeaven"],"picked":"Tantrum","floor":12},{"not_picked":["WaveOfTheHand","Prostrate","EmptyFist"],"picked":"SKIP","floor":14},{"not_picked":["Wish","Ragnarok"],"picked":"LessonLearned","floor":16},{"not_picked":["FlurryOfBlows","Worship","EmptyMind+1"],"picked":"SKIP","floor":18},{"not_picked":["Sanctity","Halt"],"picked":"SashWhip+1","floor":23}],"player_experience":66200,"relics_obtained":[{"floor":8,"key":"Frozen Egg 2"},{"floor":9,"key":"Letter Opener"},{"floor":12,"key":"Happy Flower"},{"floor":21,"key":"Nilry\u0027s Codex"},{"floor":23,"key":"Bird Faced Urn"}],"event_choices":[{"damage_healed":0,"gold_gain":0,"player_choice":"Entered Light","damage_taken":14,"max_hp_gain":0,"max_hp_loss":0,"event_name":"Shining Light","floor":2,"gold_loss":0,"cards_upgraded":["Strike_P","Strike_P"]},{"damage_healed":0,"gold_gain":0,"player_choice":"Shed Blood","damage_taken":18,"max_hp_gain":5,"max_hp_loss":0,"event_name":"Forgotten Altar","floor":19,"gold_loss":0},{"damage_healed":0,"gold_gain":0,"player_choice":"Inject Mutagens","damage_taken":0,"relics_obtained":["MutagenicStrength"],"max_hp_gain":0,"max_hp_loss":0,"event_name":"Drug Dealer","floor":20,"gold_loss":0},{"damage_healed":0,"gold_gain":0,"player_choice":"Obtained Book","damage_taken":16,"max_hp_gain":0,"max_hp_loss":0,"event_name":"Cursed Tome","floor":21,"gold_loss":0},{"cards_removed":["Defend_P"],"damage_healed":0,"gold_gain":0,"player_choice":"Gave Gold","damage_taken":0,"max_hp_gain":0,"max_hp_loss":0,"event_name":"Beggar","floor":22,"gold_loss":75}],"is_beta":false,"boss_relics":[{"not_picked":["Runic Pyramid","Sozu"],"picked":"Astrolabe"}],"items_purged_floors":[5,13],"is_endless":false,"potions_floor_spawned":[1,7,10,16,18],"killed_by":"Book of Stabbing","ascension_level":1}}