{"host":"f3zi5bw4of71qj4o","time":1611939445,"event":{"mods":["BaseMod","DeckTracker","Highlight Path","Minty Spire (QoL Compilation)","Relic Stats","StSLib","SuperFastMode"],"gold_per_floor":[114,126,126,145,65,65,81,114,162,12,12,40,40,72,72,144,144,156,171,190,201,28,58,58,58,127,159,159,79,99,110,110,184,184,197,207,224,80,80,80,80,80,80,80,108,122,122,122],"floor_reached":47,"language":"ENG","playtime":3260,"items_purged":["Defend_P","Pain"],"score":1126,"play_id":"fa3404a7-aca0-47ed-82d1-d8ac738b1e97","local_time":"20210129175725","is_ascension_mode":true,"campfire_choices":[{"data":"Eruption","floor":6.0,"key":"SMITH"},{"data":"TalkToTheHand","floor":15.0,"key":"SMITH"},{"data":"Vigilance","floor":25,"key":"SMITH"},{"data":"LessonLearned","floor":28,"key":"SMITH"},{"data":"MentalFortress","floor":32,"key":"SMITH"},{"data":"MentalFortress","floor":40,"key":"SMITH"},{"data":"Omniscience","floor":42,"key":"SMITH"}],"circlet_count":0,"master_deck":["AscendersBane","Strike_P","Strike_P","Strike_P+1","Strike_P","Defend_P","Defend_P","Eruption+1","Vigilance+1","Meditate","Weave","CutThroughFate+1","Halt","BowlingBash","FlurryOfBlows","EmptyMind","TalkToTheHand+1","Wireheading","Ragnarok","Tantrum","WheelKick","Consecrate+1","JustLucky+1","LessonLearned+1","MentalFortress+1","Wallop","CrushJoints","Omniscience+1","WaveOfTheHand+1","MentalFortress+1","Pain","Madness","Madness+1","TalkToTheHand"],"relics":["PureWater","CultistMask","Pear","MealTicket","Orichalcum","Anchor","Ornamental Fan","VioletLotus","Eternal Feather","WarpedTongs","Mummified Hand","Happy Flower","Cursed Key","Oddly Smooth Stone"],"acts_visited":["Exordium","TheCity","TheBeyond"],"potions_floor_usage":[23,27,33,47],"damage_taken":[{"damage":0.0,"enemies":"2 Louse","floor":1.0,"turns":2.0},{"damage":0.0,"enemies":"Cultist","floor":2.0,"turns":3.0},{"damage":12.0,"enemies":"Small Slimes","floor":4.0,"turns":6.0},{"damage":11.0,"enemies":"Exordium Thugs","floor":7.0,"turns":4.0},{"damage":26.0,"enemies":"Lagavulin","floor":8.0,"turns":6.0},{"damage":10.0,"enemies":"3 Sentries","floor":12.0,"turns":5.0},{"damage":2.0,"enemies":"Lagavulin","floor":14.0,"turns":5.0},{"damage":11.0,"enemies":"Hexaghost","floor":16.0,"turns":9.0},{"damage":6.0,"enemies":"2 Thieves","floor":18.0,"turns":4.0},{"damage":0.0,"enemies":"Chosen","floor":19.0,"turns":3.0},{"damage":28.0,"enemies":"Snecko","floor":20.0,"turns":5.0},{"damage":0,"enemies":"Shelled Parasite and Fungi","floor":21,"turns":4},{"damage":1,"enemies":"Gremlin Leader","floor":23,"turns":3},{"damage":14,"enemies":"Slavers","floor":27,"turns":3},{"damage":28,"enemies":"Snake Plant","floor":30,"turns":3},{"damage":9,"enemies":"Cultist and Chosen","floor":31,"turns":4},{"damage":0,"enemies":"Collector","floor":33,"turns":8},{"damage":0,"enemies":"3 Shapes","floor":35,"turns":2},{"damage":14,"enemies":"3 Darklings","floor":36,"turns":5},{"damage":52,"enemies":"Writhing Mass","floor":37,"turns":7},{"damage":36,"enemies":"Nemesis","floor":45,"turns":7},{"damage":19,"enemies":"Jaw Worm Horde","floor":46,"turns":7},{"damage":10,"enemies":"Reptomancer","floor":47,"turns":2}],"seed_played":"-6662257509808932844","potions_obtained":[{"floor":2.0,"key":"Explosive Potion"},{"floor":4.0,"key":"Block Potion"},{"floor":8.0,"key":"FearPotion"},{"floor":18.0,"key":"Strength Potion"},{"floor":21,"key":"Fire Potion"},{"floor":27,"key":"SteroidPotion"},{"floor":30,"key":"Dexterity Potion"},{"floor":45,"key":"DuplicationPotion"}],"is_trial":false,"path_per_floor":["M","M","?","M","$","R","M","E","T","$","?","E","$","E","R","B",null,"M","M","M","M","$","E","?","R","T","E","R","$","M","M","R","B",null,"M","M","M","$","?","R","$","R","T","?","E","M","E"],"character_chosen":"WATCHER","items_purchased":["Halt","BowlingBash","TalkToTheHand","LessonLearned","Wallop","MentalFortress"],"campfire_rested":0,"item_purchase_floors":[5,5,10,22,29,38],"current_hp_per_floor":[67,67,67,55,55,55,44,28,28,43,43,33,48,46,46,35,72,66,66,38,38,53,52,52,67,67,53,68,83,55,46,61,61,78,78,64,12,27,27,45,60,78,78,63,27,8,0,0],"gold":122,"neow_bonus":"TEN_PERCENT_HP_BONUS","is_daily":false,"chose_seed":false,"campfire_upgraded":7,"win_rate":0.0,"timestamp":1611939445,"path_taken":["M","M","?","M","$","R","M","E","T","?","?","E","$","E","R","BOSS","M","M","?","M","$","E","?","R","T","E","R","$","M","M","R","BOSS","M","M","?","$","?","R","?","R","T","?","E","M","E"],"items_purchased_type":["Card","Card","Card","Card","Card","Card"],"build_version":"2020-12-22","purchased_purges":2,"victory":false,"max_hp_per_floor":[74,74,74,74,74,74,74,84,84,84,84,84,84,84,84,84,84,84,84,84,84,84,84,84,84,84,84,84,84,84,84,84,84,84,84,84,84,84,84,84,84,84,84,84,84,84,84,84],"relic_stats":{"Happy Flower":[15],"counters":[23,107],"Ornamental Fan":[252],"Mummified Hand":[17],"MealTicket":90,"Eternal Feather":81,"VioletLotus":[20],"Orichalcum":[24],"Cursed Key":1,"obtain_stats":[{"Pear":8,"Happy Flower":27,"Oddly Smooth Stone":45,"Eternal Feather":23,"Orichalcum":11,"Cursed Key":34,"WarpedTongs":24,"Anchor":12,"Ornamental Fan":14,"Mummified Hand":26,"MealTicket":9,"CultistMask":3,"VioletLotus":17,"PureWater":0},{"Pear":5,"Happy Flower":14,"Oddly Smooth Stone":21,"Eternal Feather":13,"Orichalcum":5,"Cursed Key":17,"WarpedTongs":13,"Anchor":6,"Ornamental Fan":7,"Mummified Hand":13,"MealTicket":5,"CultistMask":2,"VioletLotus":8,"PureWater":0},{"Pear":21,"Happy Flower":62,"Oddly Smooth Stone":98,"Eternal Feather":59,"Orichalcum":21,"Cursed Key":77,"WarpedTongs":59,"Anchor":26,"Ornamental Fan":31,"Mummified Hand":59,"MealTicket":21,"CultistMask":5,"VioletLotus":40,"PureWater":0}],"WarpedTongs":[47]},"card_choices":[{"not_picked":["EmptyBody","Nirvana"],"picked":"Meditate","floor":1.0},{"not_picked":["FlyingSleeves","Indignation"],"picked":"Weave","floor":2.0},{"not_picked":["JustLucky","SignatureMove"],"picked":"CutThroughFate","floor":4.0},{"not_picked":["SashWhip","Halt"],"picked":"FlurryOfBlows","floor":7.0},{"not_picked":["Conclude","Evaluate"],"picked":"EmptyMind","floor":8.0},{"not_picked":["Crescendo","BattleHymn"],"picked":"Wireheading","floor":12.0},{"not_picked":["Crescendo","EmptyBody","PathToVictory"],"picked":"SKIP","floor":14.0},{"not_picked":["Establishment","DeusExMachina"],"picked":"Ragnarok","floor":16.0},{"not_picked":["FearNoEvil+1","Crescendo+1"],"picked":"Tantrum","floor":18.0},{"not_picked":["FearNoEvil","PathToVictory"],"picked":"WheelKick","floor":19.0},{"not_picked":["WheelKick","Collect"],"picked":"Consecrate","floor":20.0},{"not_picked":["Tantrum","FollowUp"],"picked":"JustLucky+1","floor":21},{"not_picked":["DeceiveReality","PathToVictory","Vengeance"],"picked":"SKIP","floor":23},{"not_picked":["Conclude","Judgement"],"picked":"MentalFortress","floor":27},{"not_picked":["FollowUp","SignatureMove"],"picked":"CrushJoints","floor":30},{"not_picked":["ClearTheMind","CrushJoints","ThirdEye"],"picked":"SKIP","floor":31},{"not_picked":["Scrawl","DevaForm"],"picked":"Omniscience","floor":33},{"not_picked":["WreathOfFlame","Swivel","EmptyFist"],"picked":"SKIP","floor":35},{"not_picked":["CrushJoints","JustLucky","Crescendo"],"picked":"SKIP","floor":36},{"not_picked":["Prostrate","FollowUp"],"picked":"WaveOfTheHand+1","floor":37},{"not_picked":["Tantrum","SignatureMove","Pray"],"picked":"SKIP","floor":45},{"not_picked":["CutThroughFate","PathToVictory"],"picked":"TalkToTheHand","floor":46}],"player_experience":2568128,"relics_obtained":[{"floor":8.0,"key":"Pear"},{"floor":9.0,"key":"MealTicket"},{"floor":12.0,"key":"Anchor"},{"floor":14.0,"key":"Ornamental Fan"},{"floor":23,"key":"Eternal Feather"},{"floor":26,"key":"Mummified Hand"},{"floor":27,"key":"Happy Flower"},{"floor":45,"key":"Oddly Smooth Stone"}],"event_choices":[{"damage_healed":0.0,"max_hp_gain":0.0,"max_hp_loss":0.0,"gold_gain":0.0,"event_name":"FaceTrader","player_choice":"Trade","floor":3.0,"gold_loss":0.0,"damage_taken":0.0,"relics_obtained":["CultistMask"]},{"damage_healed":0.0,"max_hp_gain":0.0,"max_hp_loss":0.0,"gold_gain":0.0,"event_name":"WeMeetAgain","player_choice":"Gave Potion","floor":11.0,"gold_loss":0.0,"damage_taken":0.0,"relics_obtained":["Orichalcum"]},{"damage_healed":0,"gold_gain":0,"player_choice":"Rummage","damage_taken":0,"relics_obtained":["WarpedTongs"],"max_hp_gain":0,"max_hp_loss":0,"event_name":"Accursed Blacksmith","floor":24,"gold_loss":0,"cards_obtained":["Pain"]},{"cards_removed":["Defend_P"],"damage_healed":0,"gold_gain":0,"player_choice":"Removed Skill","damage_taken":0,"max_hp_gain":0,"max_hp_loss":0,"event_name":"Falling","floor":39,"gold_loss":0},{"damage_healed":0,"gold_gain":0,"player_choice":"Embrace Madness","damage_taken":15,"max_hp_gain":0,"max_hp_loss":0,"event_name":"Winding Halls","floor":44,"gold_loss":0,"cards_obtained":["Madness","Madness"]}],"is_beta":false,"boss_relics":[{"not_picked":["Sozu","Runic Pyramid"],"picked":"VioletLotus"},{"not_picked":["Empty Cage","HolyWater"],"picked":"Cursed Key"}],"items_purged_floors":[10,38],"is_endless":false,"potions_floor_spawned":[2,4,8,18,21,27,30,45],"killed_by":"Reptomancer","ascension_level":20}}