{"host":"f9ntswufr8mq3t4y","time":1611954912,"event":{"mods":["AchievementEnabler","BaseMod","Best Route Mod","Block Reminder","Colored Map","Colored Powertips","Curses Come First","DeckTracker","Displayed Cursed Tome","Highlight Path","Minty Spire (QoL Compilation)","Permanent Neow","Quick Restart","Slay-I","StSLib"],"gold_per_floor":[119,119,119,139,155,188,188,228,255,270,311,386,386,421,421,421,421],"floor_reached":16,"language":"ENG","playtime":651,"items_purged":[],"score":191,"play_id":"e7cb3472-c7d8-449c-8098-ae99809b40b2","local_time":"20210130001512","is_ascension_mode":true,"campfire_choices":[{"floor":7.0,"key":"REST"},{"floor":13.0,"key":"REST"},{"data":"Dark Embrace","floor":15,"key":"SMITH"}],"circlet_count":0,"master_deck":["Strike_R","Strike_R","Strike_R","Strike_R","Defend_R","Defend_R","Defend_R","Bash","Anger","Dark Embrace+1","Anger+1","Bludgeon+1","Clash","Battle Trance","Burning Pact","Flex","Carnage"],"relics":["Burning Blood","Golden Idol","Pen Nib","Anchor","Blood Vial","Tiny Chest","Whetstone"],"acts_visited":["Exordium"],"potions_floor_usage":[14],"damage_taken":[{"damage":1.0,"enemies":"Cultist","floor":1.0,"turns":3.0},{"damage":8.0,"enemies":"2 Louse","floor":4.0,"turns":2.0},{"damage":12.0,"enemies":"Jaw Worm","floor":5.0,"turns":2.0},{"damage":5.0,"enemies":"Gremlin Nob","floor":6.0,"turns":3.0},{"damage":20.0,"enemies":"3 Sentries","floor":8.0,"turns":4.0},{"damage":0.0,"enemies":"Looter","floor":10.0,"turns":2.0},{"damage":0.0,"enemies":"Lagavulin","floor":11.0,"turns":4.0},{"damage":40,"enemies":"Gremlin Nob","floor":14,"turns":5},{"damage":43,"enemies":"The Guardian","floor":16,"turns":6}],"seed_played":"5528670707146202943","potions_obtained":[{"floor":1.0,"key":"PowerPotion"},{"floor":6.0,"key":"PowerPotion"}],"is_trial":false,"path_per_floor":["M","?","?","M","M","E","R","E","T","M","E","?","R","E","R","B"],"character_chosen":"IRONCLAD","items_purchased":[],"campfire_rested":2,"item_purchase_floors":[],"current_hp_per_floor":[61,41,41,39,33,34,58,44,44,52,60,49,73,41,41,0,0],"gold":421,"neow_bonus":"TRANSFORM_TWO_CARDS","is_daily":false,"chose_seed":false,"campfire_upgraded":1,"win_rate":0.0,"timestamp":1611954912,"path_taken":["M","?","?","M","M","E","R","E","T","?","E","?","R","E","R","BOSS"],"items_purchased_type":[],"build_version":"2020-12-22","purchased_purges":0,"victory":false,"max_hp_per_floor":[80,80,80,80,80,80,80,80,80,80,80,80,80,80,80,80,80],"card_choices":[{"not_picked":["Pummel","Iron Wave"],"picked":"Anger","floor":1.0},{"not_picked":["Pommel Strike","Twin Strike"],"picked":"Clash","floor":4.0},{"not_picked":["True Grit","Pommel Strike"],"picked":"Battle Trance","floor":5.0},{"not_picked":["Heavy Blade","Iron Wave","Brutality"],"picked":"SKIP","floor":6.0},{"not_picked":["Pommel Strike","Twin Strike","Perfected Strike"],"picked":"SKIP","floor":8.0},{"not_picked":["Combust","Havoc"],"picked":"Burning Pact","floor":10.0},{"not_picked":["Sever Soul","Cleave"],"picked":"Flex","floor":11.0},{"not_picked":["Heavy Blade","Thunderclap"],"picked":"Carnage","floor":14}],"player_experience":369335,"relics_obtained":[{"floor":6.0,"key":"Pen Nib"},{"floor":8.0,"key":"Anchor"},{"floor":9.0,"key":"Blood Vial"},{"floor":11.0,"key":"Tiny Chest"},{"floor":14,"key":"Whetstone"}],"event_choices":[{"damage_healed":0.0,"max_hp_gain":0.0,"max_hp_loss":0.0,"gold_gain":0.0,"event_name":"Golden Idol","player_choice":"Take Damage","floor":2.0,"gold_loss":0.0,"damage_taken":20.0,"relics_obtained":["Golden Idol"]},{"damage_healed":0.0,"max_hp_gain":0.0,"max_hp_loss":0.0,"gold_gain":0.0,"event_name":"Match and Keep!","player_choice":"1 cards matched","floor":3.0,"gold_loss":0.0,"damage_taken":0.0,"cards_obtained":["Bludgeon"]},{"damage_healed":0.0,"max_hp_gain":0.0,"max_hp_loss":0.0,"gold_gain":75.0,"event_name":"World of Goop","player_choice":"Gather Gold","floor":12.0,"gold_loss":0.0,"damage_taken":11.0}],"is_beta":false,"boss_relics":[],"items_purged_floors":[],"is_endless":false,"potions_floor_spawned":[1,6],"killed_by":"The Guardian","ascension_level":5}}