{"host":"3fsg94jzvcky9b5u","time":1611936986,"event":{"mods":["2.2 Compatiblity","AchievementEnabler","BaseMod","Better Third Choice","Colored Powertips","Downfall","Hermit","MarisaÅiñ∂âJÅ@ñÇóùçπÅj","Minty Spire (QoL Compilation)","Rare Cards Sparkle","Shop Mod","StSLib","The Cursed","The Disciple","The Hierophant","The Servant 0.9.4"],"gold_per_floor":[99,11100,11116,11116,9716,9616,9640,9667,9685,9702,9721,9748,9648,9648,9658,9658,9658,9658],"floor_reached":16,"language":"ENG","playtime":973,"items_purged":["bronze:Defend"],"score":137,"play_id":"61a19506-d7a2-40cd-86ae-01e45f7eea6b","local_time":"20210130001626","is_ascension_mode":false,"campfire_choices":[{"floor":1,"key":"RECALL"},{"data":"Violence","floor":6,"key":"SMITH"},{"floor":13,"key":"REST"}],"circlet_count":0,"master_deck":["bronze:Strike","bronze:Strike","bronze:Strike","bronze:Defend","bronze:Defend","bronze:Defend","bronze:Replicate","bronze:Goto","bronze:Optimize","bronze:Branch","bronze:InfiniteLoop","bronze:ClassDefault","Violence+1","expansioncontent:AwakenDeath+1","bronze:ItsAFeature+1","bronze:InfiniteLoop","bronze:Terminator","bronze:Turbo","bronze:WildBeam","bronze:InfiniteBeams+1","bronze:ChosenStrike","bronze:WildBeam"],"relics":["bronze:BronzeCore","Eternal Feather","Frozen Egg 2","Lee\u0027s Waffle","MerchantsRug","downfall:HeartBlessingRed","Unceasing Top","Orichalcum","downfall:HeartBlessingBlue","downfall:BrokenWingStatue"],"acts_visited":["Exordium"],"potions_floor_usage":[],"damage_taken":[{"damage":7,"enemies":"Small Slimes","floor":2,"turns":4},{"damage":5,"enemies":"Cultist","floor":3,"turns":4},{"damage":0,"enemies":"downfall:FleeingMerchant","floor":5,"turns":4},{"damage":12,"enemies":"3 Sentries","floor":8,"turns":5},{"damage":5,"enemies":"2 Louse","floor":9,"turns":2},{"damage":21,"enemies":"Exordium Thugs","floor":10,"turns":4},{"damage":13,"enemies":"3 Louse","floor":11,"turns":3},{"damage":38,"enemies":"Gremlin Nob","floor":12,"turns":5},{"damage":8,"enemies":"Red Slaver","floor":15,"turns":2},{"damage":78,"enemies":"SI_SHIV_ARCHETYPE","floor":16,"turns":7}],"seed_played":"-5718265860355893334","potions_obtained":[{"floor":2,"key":"Guardian:BlockOnCardUsePotion"},{"floor":3,"key":"Energy Potion"},{"floor":12,"key":"DistilledChaos"}],"is_trial":false,"path_per_floor":["R","M","M","?","$","R","T","E","M","M","M","E","R","?","M","B"],"character_chosen":"THE_AUTOMATON","items_purchased":["Eternal Feather","Frozen Egg 2","Lee\u0027s Waffle","Violence","expansioncontent:AwakenDeath+1","bronze:ItsAFeature+1","MerchantsRug","bronze:InfiniteLoop"],"campfire_rested":1,"item_purchase_floors":[5,5,5,5,5,5,5,5],"current_hp_per_floor":[77,70,65,65,84,84,84,72,67,46,33,30,80,80,72,0,0,0],"gold":9658,"neow_bonus":"TEN_PERCENT_HP_BONUS","is_daily":false,"chose_seed":false,"campfire_upgraded":1,"win_rate":0.0,"timestamp":1611936986,"path_taken":["R","M","M","?","$","R","T","E","M","?","M","E","R","?","M","BOSS"],"items_purchased_type":["Relic","Relic","Relic","Card","Card","Card","Relic","Card"],"build_version":"2020-12-22","purchased_purges":1,"victory":false,"max_hp_per_floor":[77,77,77,77,84,84,84,84,84,84,84,84,94,94,94,94,94,94],"card_choices":[{"not_picked":["bronze:CutThrough","bronze:Overheat"],"picked":"bronze:Optimize","floor":2},{"not_picked":["bronze:MaxOutput","bronze:Invalidate"],"picked":"bronze:Branch","floor":3},{"not_picked":["bronze:CutThrough","bronze:BitShift"],"picked":"bronze:ClassDefault","floor":5},{"not_picked":["bronze:Boost","bronze:Separator"],"picked":"bronze:Terminator","floor":8},{"not_picked":["bronze:Constructor","bronze:DelayedGuard"],"picked":"bronze:Turbo","floor":9},{"not_picked":["bronze:Safeguard","bronze:Frontload"],"picked":"bronze:WildBeam","floor":10},{"not_picked":["bronze:WildBeam","bronze:BitShift"],"picked":"bronze:InfiniteBeams+1","floor":11},{"not_picked":["bronze:FineTuning","bronze:HardenedForm+1"],"picked":"bronze:ChosenStrike","floor":12},{"not_picked":["bronze:BuggyMess","bronze:WhirlingStrike"],"picked":"bronze:WildBeam","floor":15}],"player_experience":101638,"relics_obtained":[{"floor":8,"key":"Unceasing Top"},{"floor":12,"key":"Orichalcum"}],"event_choices":[],"is_beta":false,"boss_relics":[],"items_purged_floors":[5],"is_endless":false,"potions_floor_spawned":[2,3,9,12,15],"killed_by":"SI_SHIV_ARCHETYPE","ascension_level":0}}