{"host":"pgm1p3lvdjflie30","time":1611912238,"event":{"mods":["100% Spire Juice","ATMod(阿瑾Mod)","AchievementEnabler","Alarm Clock","Aspiration","BaseMod","Colored Map","Colored Powertips","Conspire","Dark Map","Dota2Spire","Downfall","Energized Spire","GungeonMod","Hermit","Highlight Path","HornydragonMod","Minty Spire (QoL Compilation)","MostiFishMod","Quarter Circle Forward PUNCH!","Quick Restart","Relic Stats","Replay The Spire","Robot Space Explorer","Spicy Shops","StSLib","TestMod","The Construct","The Hayseed","The IronCluck","The Jungle","Waifu the Spire","【?物卡牌】REMEMod","篝火指南"],"gold_per_floor":[118,118,132,26,45,45,45,65,65,80,98,98,98],"floor_reached":12,"language":"ZHS","playtime":347,"items_purged":[],"score":74,"play_id":"1333cf8d-a89e-46d8-9313-9b93d0d603ed","local_time":"20210129172358","is_ascension_mode":false,"campfire_choices":[{"floor":6,"key":"RECALL"}],"circlet_count":0,"master_deck":["Moonworks:Strike","Moonworks:Strike","Moonworks:Strike","Moonworks:Strike","Moonworks:Defend","Moonworks:Defend","Moonworks:Defend","Moonworks:Defend","Moonworks:Ambush","Moonworks:LongDistanceShot","RobotSpaceExplorer:ChargingLaser","Moonworks:AwakeningOfTalent","Moonworks:MiracleWalker","Moonworks:IndiscriminateFireSupport","Moonworks:JonathanRush","Moonworks:EvilSpyWorkPreparation","Moonworks:CloudOfSeagulls","Moonworks:ForcedRevival","Moonworks:SakisCookie"],"relics":["Moonworks:BrokenBomb","Moonworks:Homemark","AT_ATBox","DaveBox","testmod-TestBox","REME_ComplimentaryCards","testmod-BouquetWithThorns","ShadowXiaoBlade","SynthV:TestCard","Ring of Panic","ReplayTheSpireMod:Ring of Challenge","Eternal Feather","DemoMod:GlassGuonStoneRelic"],"acts_visited":["Exordium"],"potions_floor_usage":[8,12],"damage_taken":[{"damage":6,"enemies":"Jaw Worm","floor":1,"turns":2},{"damage":0,"enemies":"Cultist","floor":3,"turns":2},{"damage":0,"enemies":"2 Louse","floor":4,"turns":1},{"damage":4,"enemies":"Looter","floor":5,"turns":2},{"damage":3,"enemies":"Exordium Wildlife","floor":8,"turns":2},{"damage":0,"enemies":"Blue Slaver","floor":10,"turns":1},{"damage":0,"enemies":"Large Slime","floor":11,"turns":2},{"damage":999,"enemies":"Gremlin Nob","floor":12,"turns":1}],"seed_played":"4595106310965056192","potions_obtained":[{"floor":3,"key":"Energy Potion"},{"floor":5,"key":"Dota2Spire:Clarity"},{"floor":8,"key":"Venom Potion"},{"floor":10,"key":"AttackPotion"}],"is_trial":false,"path_per_floor":["M","?","M","M","M","R","?","M","T","M","M","E"],"character_chosen":"THE_STARBREAKER","items_purchased":[],"campfire_rested":0,"item_purchase_floors":[],"current_hp_per_floor":[60,60,60,60,56,56,56,53,53,53,53,0,0],"gold":98,"neow_bonus":"TEN_PERCENT_HP_BONUS","is_daily":false,"chose_seed":false,"campfire_upgraded":0,"win_rate":0.0,"timestamp":1611912238,"path_taken":["M","?","M","?","M","R","?","M","T","M","M","E"],"items_purchased_type":[],"build_version":"2020-12-22","purchased_purges":0,"victory":false,"max_hp_per_floor":[66,66,66,66,66,66,66,66,66,66,66,66,66],"relic_stats":{"counters":[8,13],"Eternal Feather":0,"obtain_stats":[{"AT_ATBox":0,"testmod-TestBox":0,"DaveBox":0,"ShadowXiaoBlade":0,"Eternal Feather":9,"DemoMod:GlassGuonStoneRelic":5,"testmod-BouquetWithThorns":0,"SynthV:TestCard":1,"Moonworks:Homemark":0,"Ring of Panic":7,"ReplayTheSpireMod:Ring of Challenge":7,"Moonworks:BrokenBomb":0,"REME_ComplimentaryCards":0},{"AT_ATBox":0,"testmod-TestBox":0,"DaveBox":0,"ShadowXiaoBlade":0,"Eternal Feather":5,"DemoMod:GlassGuonStoneRelic":4,"testmod-BouquetWithThorns":0,"SynthV:TestCard":1,"Moonworks:Homemark":0,"Ring of Panic":4,"ReplayTheSpireMod:Ring of Challenge":4,"Moonworks:BrokenBomb":0,"REME_ComplimentaryCards":0},{"AT_ATBox":0,"testmod-TestBox":0,"DaveBox":0,"ShadowXiaoBlade":0,"Eternal Feather":9,"DemoMod:GlassGuonStoneRelic":7,"testmod-BouquetWithThorns":0,"SynthV:TestCard":2,"Moonworks:Homemark":0,"Ring of Panic":7,"ReplayTheSpireMod:Ring of Challenge":7,"Moonworks:BrokenBomb":0,"REME_ComplimentaryCards":0}]},"card_choices":[{"not_picked":["Moonworks:SelfDestruct","Moonworks:LulusLuckyEgg"],"picked":"Moonworks:AwakeningOfTalent","floor":1},{"not_picked":["Moonworks:NicePresent","Moonworks:Dinner","Moonworks:FinalSurgery","Moonworks:SelfDestruct"],"picked":"Moonworks:IndiscriminateFireSupport","floor":3},{"not_picked":["Moonworks:NicePresent","Moonworks:LulusLuckyEgg","Moonworks:DeployBits","Moonworks:MetallicMonocoque"],"picked":"Moonworks:JonathanRush","floor":4},{"not_picked":["Moonworks:SweetBattle","Moonworks:LulusLuckyEgg","Moonworks:ImOnFire","Moonworks:DeployBits"],"picked":"Moonworks:EvilSpyWorkPreparation","floor":5},{"not_picked":["Moonworks:ReproductionOfRecords","Moonworks:IndiscriminateFireSupport","Moonworks:MiracleWalker","Moonworks:SakisCookie"],"picked":"Moonworks:CloudOfSeagulls","floor":8},{"not_picked":["Moonworks:NicePresent","Moonworks:ImmovableObject","Moonworks:LulusLuckyEgg","Moonworks:FullSpeedAlicianrone"],"picked":"Moonworks:ForcedRevival","floor":10},{"not_picked":["Moonworks:DeployBits","Moonworks:ImOnFire","Moonworks:Assault","Moonworks:FinalSurgery"],"picked":"Moonworks:SakisCookie","floor":11}],"player_experience":322089,"relics_obtained":[{"floor":1,"key":"SynthV:TestCard"},{"floor":7,"key":"Ring of Panic"},{"floor":7,"key":"ReplayTheSpireMod:Ring of Challenge"},{"floor":9,"key":"Eternal Feather"}],"event_choices":[{"damage_healed":0,"gold_gain":0,"cards_transformed":["AT_TinkerSharpsword"],"player_choice":"Transformed","damage_taken":0,"max_hp_gain":0,"max_hp_loss":0,"event_name":"Transmorgrifier","floor":2,"gold_loss":0,"cards_obtained":["Moonworks:MiracleWalker"]}],"is_beta":false,"boss_relics":[],"items_purged_floors":[],"is_endless":false,"potions_floor_spawned":[3,5,8,10],"killed_by":"Gremlin Nob","ascension_level":0}}