{"host":"drjz7zl15rqtgg20","time":1611886044,"event":{"mods":["BaseMod","Downfall","Minty Spire (QoL Compilation)","StSLib"],"gold_per_floor":[99,109,120,135,135,35,35,64,64,98,248,158,58,71,81,81,81,81],"floor_reached":16,"language":"ENG","playtime":1216,"items_purged":["Guardian:Strike_Guardian"],"score":155,"play_id":"851109c7-a4bd-4542-85be-e1efbadd2386","local_time":"20210128210724","is_ascension_mode":true,"campfire_choices":[{"floor":1,"key":"RECALL"},{"data":"Guardian:TwinSlam","floor":6,"key":"SMITH"},{"data":"Guardian:PiercingHide","floor":13,"key":"SMITH"}],"circlet_count":0,"master_deck":["Guardian:Strike_Guardian","Guardian:Strike_Guardian","Guardian:Strike_Guardian","Guardian:Defend_Guardian","Guardian:Defend_Guardian","Guardian:Defend_Guardian","Guardian:Defend_Guardian","Guardian:CurlUp","Guardian:TwinSlam+1","Guardian:PiercingHide+1","Guardian:Planning","Guardian:Incinerate","Guardian:Preprogram+1","downfall:Icky","Guardian:Gem_Purple"],"relics":["Guardian:ModeShifter","Ancient Tea Set","downfall:HeartBlessingRed","Toxic Egg 2","Oddly Smooth Stone","InkBottle","downfall:HeartBlessingGreen"],"acts_visited":["Exordium"],"potions_floor_usage":[8],"damage_taken":[{"damage":0,"enemies":"Cultist","floor":2,"turns":4},{"damage":0,"enemies":"2 Louse","floor":3,"turns":3},{"damage":8,"enemies":"Small Slimes","floor":4,"turns":4},{"damage":6,"enemies":"Gremlin Nob","floor":8,"turns":3},{"damage":0,"enemies":"Lagavulin","floor":10,"turns":7},{"damage":0,"enemies":"downfall:FleeingMerchant","floor":12,"turns":4},{"damage":0,"enemies":"3 Louse","floor":14,"turns":4},{"damage":0,"enemies":"Exordium Wildlife","floor":15,"turns":3},{"damage":28,"enemies":"DF_ARCHETYPE_STREAMLINE","floor":16,"turns":14}],"seed_played":"8420952140262472337","potions_obtained":[{"floor":3,"key":"DistilledChaos"},{"floor":8,"key":"SpeedPotion"},{"floor":10,"key":"LiquidBronze"},{"floor":14,"key":"AttackPotion"},{"floor":15,"key":"Energy Potion"}],"is_trial":false,"path_per_floor":["R","M","M","M","?","R","T","E","?","E","?","$","R","M","M","B"],"character_chosen":"GUARDIAN","items_purchased":[],"campfire_rested":0,"item_purchase_floors":[],"current_hp_per_floor":[80,80,80,72,72,72,72,66,66,66,66,66,66,66,66,38,38,38],"gold":81,"neow_bonus":"THREE_CARDS","is_daily":false,"chose_seed":false,"campfire_upgraded":2,"win_rate":0.0,"timestamp":1611886044,"path_taken":["R","M","M","M","?","R","T","E","?","E","?","$","R","M","M","BOSS"],"items_purchased_type":[],"build_version":"2020-12-22","purchased_purges":1,"victory":false,"max_hp_per_floor":[80,80,80,80,80,80,80,80,80,80,80,80,80,80,80,80,80,80],"card_choices":[{"not_picked":["Guardian:TimeBomb","Guardian:Planning"],"picked":"Guardian:Gem_Fragmented","floor":0.0},{"not_picked":["Guardian:Gem_Green","Guardian:RollAttack"],"picked":"Guardian:PiercingHide","floor":2},{"not_picked":["Guardian:WalkerClaw","Guardian:ShieldCharger"],"picked":"Guardian:Planning","floor":3},{"not_picked":["Guardian:Planning","Guardian:ShieldCharger"],"picked":"Guardian:Incinerate","floor":4},{"not_picked":["Guardian:Repulse","Guardian:CompilePackage+1"],"picked":"Guardian:Preprogram+1","floor":8},{"not_picked":["Guardian:Gem_Cyan","Guardian:Reroute"],"picked":"Guardian:Gem_White","floor":10},{"not_picked":["Guardian:PolyBeam","Guardian:BronzeArmor+1","Guardian:Gem_Cyan"],"picked":"SKIP","floor":12},{"not_picked":["Guardian:Planning+1","Guardian:BronzeOrb","Guardian:ChargeCore"],"picked":"SKIP","floor":14},{"not_picked":["Guardian:EvasiveProtocol","Guardian:FloatingOrbs"],"picked":"Guardian:Gem_Purple","floor":15}],"player_experience":611347,"relics_obtained":[{"floor":7,"key":"Toxic Egg 2"},{"floor":8,"key":"Oddly Smooth Stone"},{"floor":10,"key":"InkBottle"}],"event_choices":[],"is_beta":false,"boss_relics":[],"items_purged_floors":[12],"is_endless":false,"potions_floor_spawned":[3,8,10,14,15],"killed_by":"DF_ARCHETYPE_STREAMLINE","ascension_level":3}}