{"host":"farxtl2u8hmkbdo2","time":1611946359,"event":{"mods":["A Magickal Journey","BaseMod","Better Altar","Better Note","Better Sensory Stone","Better Skull","Better Third Choice","Challenge The Spire","Colored Map","Colored Powertips","Current Relic Mod","Energized Spire","Fox Events","Gremlin Mod","Hermit","Hubris","Mimic Mod","Minty Spire (QoL Compilation)","Quick Restart","READ ME - Guardian Mod","READ ME - Snecko Mod","Rare Cards Sparkle","StSLib","The Bladedancer","The Bug Knight","The Cursed","The Disciple","The Hierophant","The Marked","The Necromancer","The Runesmith","Transform Curses"],"gold_per_floor":[114,114,189,161,161,159,15,15,61,61,62,62,67,77,77,47,47],"floor_reached":16,"language":"SPA","playtime":912,"items_purged":[],"score":128,"play_id":"9930c528-93f9-4afc-9a60-45b300c7f9c1","local_time":"20210129155239","is_ascension_mode":true,"campfire_choices":[{"data":"hierophant:ChurchCoffers","floor":10,"key":"SMITH"},{"data":"hierophant:MorningPrayer","floor":12,"key":"SMITH"},{"data":"hierophant:Flagellation","floor":15,"key":"SMITH"}],"circlet_count":0,"master_deck":["hierophant:Strike_Hierophant","hierophant:Strike_Hierophant","hierophant:Strike_Hierophant","hierophant:Strike_Hierophant","hierophant:Punish","hierophant:Defend_Hierophant","hierophant:Defend_Hierophant","hierophant:Defend_Hierophant","hierophant:Defend_Hierophant","hierophant:ChurchCoffers+1","hierophant:Patience","EmptyMind","hierophant:Repentance+1","hierophant:Batter","hierophant:MorningPrayer+1","hierophant:RepressedViolence","hierophant:Flagellation+1"],"relics":["hierophant:PropheticMaskRelic","Bag of Marbles","Golden Idol","Runesmith:AutoHammer","Anchor","Omamori","hubris:OldNail","Pantograph"],"acts_visited":["Exordium"],"potions_floor_usage":[6,11,16],"damage_taken":[{"damage":5,"enemies":"2 Louse","floor":1,"turns":2},{"damage":4,"enemies":"Jaw Worm","floor":4,"turns":3},{"damage":13,"enemies":"3 Sentries","floor":6,"turns":4},{"damage":5,"enemies":"Gremlin Nob","floor":11,"turns":4},{"damage":31,"enemies":"3 Sentries","floor":13,"turns":9},{"damage":0,"enemies":"Small Slimes","floor":14,"turns":3},{"damage":27,"enemies":"The Guardian","floor":16,"turns":9}],"seed_played":"-7940208897655064770","potions_obtained":[{"floor":1,"key":"LiquidMemories"},{"floor":4,"key":"Block Potion"},{"floor":6,"key":"BlessingOfTheForge"}],"is_trial":false,"path_per_floor":["M","?","?","M","?","E","$","?","T","R","E","R","E","M","R","B"],"character_chosen":"HIEROPHANT","items_purchased":["Anchor"],"campfire_rested":0,"item_purchase_floors":[7],"current_hp_per_floor":[77,65,54,50,50,37,37,37,37,37,32,32,1,1,1,0,0],"gold":47,"neow_bonus":"TEN_PERCENT_HP_BONUS","is_daily":false,"chose_seed":false,"campfire_upgraded":3,"win_rate":0.0,"timestamp":1611946359,"path_taken":["M","?","?","M","?","E","$","?","T","R","E","R","E","M","R","BOSS"],"items_purchased_type":["Relic"],"build_version":"2020-12-22","purchased_purges":0,"victory":false,"max_hp_per_floor":[82,82,82,82,76,76,76,76,76,76,76,76,76,76,76,76,76],"card_choices":[{"not_picked":["hierophant:AuricBeam","hierophant:Exaltation"],"picked":"hierophant:Patience","floor":1},{"not_picked":["hierophant:ArchangelShield","hierophant:AuricShield"],"picked":"hierophant:Repentance","floor":4},{"not_picked":["hierophant:FieryStrike","hierophant:Doubloon"],"picked":"hierophant:Batter","floor":6},{"not_picked":["hierophant:Doubloon","hierophant:Zeal"],"picked":"hierophant:MorningPrayer","floor":11},{"not_picked":["hierophant:Shelter","hierophant:Upheaval"],"picked":"hierophant:RepressedViolence","floor":13},{"not_picked":["hierophant:Embezzle","hierophant:Charity"],"picked":"hierophant:Flagellation","floor":14}],"player_experience":1952425,"relics_obtained":[{"floor":6,"key":"Runesmith:AutoHammer"},{"floor":9,"key":"Omamori"},{"floor":11,"key":"hubris:OldNail"},{"floor":13,"key":"Pantograph"}],"event_choices":[{"damage_healed":0,"gold_gain":75,"player_choice":"Gold","damage_taken":11,"max_hp_gain":0,"max_hp_loss":0,"event_name":"betterThird:BetterGoop","floor":3,"gold_loss":0},{"damage_healed":0,"gold_gain":0,"player_choice":"Lose Max HP","damage_taken":0,"relics_obtained":["Golden Idol"],"max_hp_gain":0,"max_hp_loss":6,"event_name":"Golden Idol","floor":5,"gold_loss":0},{"damage_healed":0,"gold_gain":0,"player_choice":"Grow","damage_taken":0,"max_hp_gain":0,"max_hp_loss":0,"event_name":"Living Wall","floor":8,"gold_loss":0,"cards_upgraded":["hierophant:Repentance"]}],"is_beta":false,"boss_relics":[],"items_purged_floors":[],"is_endless":false,"potions_floor_spawned":[1,4,6],"killed_by":"The Guardian","ascension_level":2}}