{"host":"ewns8ifhbubwkcum","time":1611889497,"event":{"mods":["BaseMod","Block Reminder","Colored Map","Colored Powertips","Downfall","Highlight Path","Minty Spire (QoL Compilation)","Permanent Neow","Quick Restart","Random Character Button","StSLib"],"gold_per_floor":[99,112,22,22,122,157,157,14,14,29,59,159,175,207,218,319,319,119,131,145,62,82,113,113,123,140,140,140,140],"floor_reached":27,"language":"ENG","playtime":9690,"items_purged":["bronze:Strike"],"score":278,"play_id":"87ed7d17-207c-44ac-91d6-268708e25229","local_time":"20210128210457","is_ascension_mode":true,"campfire_choices":[{"floor":1.0,"key":"RECALL"},{"data":"bronze:Assembly","floor":9.0,"key":"SMITH"},{"data":"bronze:Verify","floor":18,"key":"SMITH"}],"circlet_count":0,"master_deck":["bronze:Defend","bronze:Defend","bronze:Replicate","bronze:Goto","bronze:Frontload","bronze:AlphaBuild+1","bronze:DelayedGuard","bronze:SpaghettiCode","bronze:Iterate","bronze:Assembly+1","bronze:Boost","bronze:Branch","bronze:MaxOutput","bronze:Allocate","bronze:Iterate","bronze:Verify+1","bronze:BugBarrage+1","bronze:BurnOut+1","bronze:Boost","bronze:BitShift+1","bronze:Constructor+1","bronze:Refactor","bronze:Shield","bronze:DelayedGuard+1","bronze:Shield+1","bronze:MaxOutput+1"],"relics":["bronze:BronzeCore","Oddly Smooth Stone","Pantograph","Darkstone Periapt","Molten Egg 2","Empty Cage","downfall:HeartBlessingRed","downfall:HeartBlessingGreen","Mango","HornCleat"],"acts_visited":["Exordium","TheCity"],"potions_floor_usage":[16,23,26],"damage_taken":[{"damage":2.0,"enemies":"Small Slimes","floor":2.0,"turns":3.0},{"damage":0.0,"enemies":"downfall:FleeingMerchant","floor":3.0,"turns":4.0},{"damage":28.0,"enemies":"downfall:Heads","floor":5.0,"turns":9.0},{"damage":23.0,"enemies":"3 Sentries","floor":6.0,"turns":13.0},{"damage":0.0,"enemies":"downfall:FleeingMerchant","floor":8.0,"turns":4.0},{"damage":0,"enemies":"2 Louse","floor":10,"turns":1},{"damage":11,"enemies":"Gremlin Nob","floor":11,"turns":6},{"damage":0,"enemies":"Cultist","floor":13,"turns":2},{"damage":2,"enemies":"3 Sentries","floor":14,"turns":6},{"damage":2,"enemies":"Exordium Thugs","floor":15,"turns":5},{"damage":9,"enemies":"IC_STATUS_ARCHETYPE","floor":16,"turns":8},{"damage":23,"enemies":"3 Byrds","floor":19,"turns":7},{"damage":2,"enemies":"Shelled Parasite and Fungi","floor":20,"turns":4},{"damage":0,"enemies":"downfall:FleeingMerchant","floor":21,"turns":4},{"damage":15,"enemies":"Snake Plant","floor":22,"turns":4},{"damage":15,"enemies":"Slavers","floor":23,"turns":6},{"damage":8,"enemies":"Snecko","floor":25,"turns":4},{"damage":32,"enemies":"Cultist and Chosen","floor":26,"turns":9},{"damage":27,"enemies":"Book of Stabbing","floor":27,"turns":5}],"seed_played":"6513147419307846449","potions_obtained":[{"floor":0.0,"key":"FairyPotion"},{"floor":0.0,"key":"LiquidMemories"},{"floor":0.0,"key":"BlessingOfTheForge"},{"floor":5.0,"key":"BlessingOfTheForge"},{"floor":10,"key":"SteroidPotion"},{"floor":11,"key":"BlessingOfTheForge"},{"floor":19,"key":"Weak Potion"},{"floor":23,"key":"Explosive Potion"}],"is_trial":false,"path_per_floor":["R","M","$","?","?","E","T","$","R","M","E","?","M","E","M","B",null,"R","M","M","$","M","E","T","M","M","E"],"character_chosen":"THE_AUTOMATON","items_purchased":["bronze:Boost","bronze:Branch","bronze:Refactor"],"campfire_rested":0,"item_purchase_floors":[8,8,21],"current_hp_per_floor":[70,68,68,68,40,17,17,17,17,17,6,6,6,4,2,18,70,70,47,45,45,30,29,29,21,25,0,0,0],"gold":140,"neow_bonus":"THREE_SMALL_POTIONS","is_daily":false,"chose_seed":false,"campfire_upgraded":2,"win_rate":0.0,"timestamp":1611889497,"path_taken":["R","M","$","?","?","E","T","$","R","M","E","?","M","E","M","BOSS","R","M","M","$","M","E","T","?","M","E"],"items_purchased_type":["Card","Card","Card"],"build_version":"2020-12-22","purchased_purges":1,"victory":false,"max_hp_per_floor":[70,70,70,70,70,70,70,70,70,70,70,70,70,70,70,70,70,70,70,70,70,70,84,84,84,84,84,84,84],"card_choices":[{"not_picked":["bronze:ChildClass","bronze:Turbo"],"picked":"bronze:Frontload","floor":2.0},{"not_picked":["bronze:Safeguard","bronze:BitShift"],"picked":"bronze:AlphaBuild","floor":3.0},{"not_picked":["bronze:WildBeam","bronze:DelayedSlice"],"picked":"bronze:SpaghettiCode","floor":5.0},{"not_picked":["bronze:CutThrough","bronze:Frontload"],"picked":"bronze:Iterate","floor":6.0},{"not_picked":["bronze:ForLoop","bronze:WildBeam"],"picked":"bronze:Assembly","floor":8.0},{"not_picked":["bronze:Deprecate","bronze:Overload"],"picked":"bronze:MaxOutput","floor":10},{"not_picked":["bronze:Branch","bronze:Turbo"],"picked":"bronze:Allocate","floor":11},{"not_picked":["bronze:OilSpill","bronze:Invalidate"],"picked":"bronze:Iterate","floor":13},{"not_picked":["bronze:Deprecate","bronze:Turbo"],"picked":"bronze:Verify","floor":14},{"not_picked":["bronze:WhirlingStrike+1","bronze:FineTuning"],"picked":"bronze:BugBarrage+1","floor":15},{"not_picked":["bronze:HardenedForm","bronze:RecursiveStrike+1"],"picked":"bronze:BurnOut+1","floor":16},{"not_picked":["bronze:Iterate+1","bronze:CutThrough+1"],"picked":"bronze:Boost","floor":19},{"not_picked":["bronze:Frontload","bronze:DarkDash+1"],"picked":"bronze:BitShift+1","floor":20},{"not_picked":["bronze:BitShift","bronze:AlphaBuild+1"],"picked":"bronze:Constructor+1","floor":21},{"not_picked":["bronze:Backtrace+1","bronze:Invalidate"],"picked":"bronze:Shield","floor":22},{"not_picked":["bronze:WildBeam+1","bronze:Branch+1"],"picked":"bronze:DelayedGuard+1","floor":23},{"not_picked":["bronze:BuggyMess","bronze:CloningBeam+1"],"picked":"bronze:Shield+1","floor":25},{"not_picked":["bronze:WhirlingStrike+1","bronze:Constructor"],"picked":"bronze:MaxOutput+1","floor":26}],"player_experience":1051480,"relics_obtained":[{"floor":6.0,"key":"Oddly Smooth Stone"},{"floor":7.0,"key":"Pantograph"},{"floor":11,"key":"Darkstone Periapt"},{"floor":14,"key":"Molten Egg 2"},{"floor":23,"key":"Mango"},{"floor":24,"key":"HornCleat"}],"event_choices":[],"is_beta":false,"boss_relics":[{"not_picked":["Snecko Eye","Fusion Hammer"],"picked":"Empty Cage"}],"items_purged_floors":[3],"is_endless":false,"potions_floor_spawned":[5,10,11,15,19,22,23],"killed_by":"Book of Stabbing","ascension_level":2}}