{"host":"eaiphzh066bwqdh7","time":1611957084,"event":{"mods":["BaseMod","Better Note","Halation","Hubris","Minty Spire (QoL Compilation)","Reliquary","Replay The Spire","StSLib"],"gold_per_floor":[113,163,175,9,9,39,51,51,51,51,62,62,107,137,137,232,232,243,243,255,288,288,315,333,351,351,69,69,69,69,82,82,177,177,187,199,33,33,45,45,79,37,60,60,60,75,75,91,91,91],"floor_reached":51,"language":"ENG","playtime":2243,"items_purged":["Delirium","Regret","hubris:Envy"],"score":821,"play_id":"da12470e-b6a3-474d-817e-b99a97b500f1","local_time":"20210129165124","is_ascension_mode":true,"campfire_choices":[{"floor":8,"key":"REST"},{"data":"Gash","floor":10,"key":"SMITH"},{"data":"Zap","floor":12,"key":"SMITH"},{"floor":15,"key":"REST"},{"floor":28,"key":"REST"},{"floor":30,"key":"REST"},{"floor":32,"key":"DIG"},{"floor":40,"key":"REST"},{"floor":44,"key":"REST"},{"floor":47,"key":"REST"},{"floor":49,"key":"REST"}],"circlet_count":0,"master_deck":["Strike_B","Strike_B","Strike_B","Defend_B","Defend_B","Defend_B","Defend_B","Zap+1","Dualcast","Skim","Gash+1","Rebound+1","Cold Snap+1","Mirror Shield","Compile Driver+1","Hyperbeam+1","White Noise","Gash+1","Streamline+1","Machine Learning","Redo+1","Rebound+1","Hyperbeam+1","Swift Strike+1","Hologram","Blizzard+1","Gash+1","hubris:Envy","Double Energy+1","Doom and Gloom+1"],"relics":["Cracked Core","Ring of Peace","Ring of Greed","The Courier","MawBank","halation:PinkSoulGem","Blood Vial","hubris:FunFungus","Molten Egg 2","hubris:SlimyHat","Strawberry","Nuclear Battery","Red Mask","Bottled Flame","ReplayFunnel","hubris:RGBLights","Mummified Hand","halation:PinkAlligatorPlush","Incense Burner","ReplayTheSpireMod:Lightbulb"],"acts_visited":["Exordium","TheCity","TheBeyond"],"potions_floor_usage":[20,22,31,31,39,41,46],"damage_taken":[{"damage":9,"enemies":"2 Louse","floor":1,"turns":3},{"damage":31,"enemies":"Lagavulin","floor":6,"turns":8},{"damage":0,"enemies":"Small Slimes","floor":7,"turns":3},{"damage":0,"enemies":"Jaw Worm","floor":11,"turns":5},{"damage":33,"enemies":"3 Sentries","floor":14,"turns":8},{"damage":84,"enemies":"The Guardian","floor":16,"turns":12},{"damage":0,"enemies":"Spheric Guardian","floor":18,"turns":4},{"damage":4,"enemies":"Chosen","floor":20,"turns":4},{"damage":15,"enemies":"Masked Bandits","floor":21,"turns":4},{"damage":0,"enemies":"Snake Plant","floor":22,"turns":1},{"damage":8,"enemies":"Replay:Snechameleon","floor":23,"turns":5},{"damage":26,"enemies":"Centurion and Healer","floor":24,"turns":7},{"damage":25,"enemies":"Shelled Parasite and Fungi","floor":25,"turns":6},{"damage":4,"enemies":"Cultist and Chosen","floor":31,"turns":4},{"damage":15,"enemies":"Automaton","floor":33,"turns":3},{"damage":7,"enemies":"3 Darklings","floor":35,"turns":3},{"damage":25,"enemies":"Orb Walker","floor":36,"turns":3},{"damage":73,"enemies":"Transient","floor":39,"turns":5},{"damage":50,"enemies":"Nemesis","floor":41,"turns":9},{"damage":16,"enemies":"3 Darklings","floor":46,"turns":3},{"damage":50,"enemies":"Spire Growth","floor":48,"turns":6},{"damage":44,"enemies":"Time Eater","floor":50,"turns":5}],"seed_played":"-8670429196276108453","potions_obtained":[{"floor":1,"key":"FairyPotion"},{"floor":11,"key":"SmokeBomb"},{"floor":14,"key":"GamblersBrew"},{"floor":16,"key":"SkillPotion"},{"floor":20,"key":"Fruit Juice"},{"floor":21,"key":"ColorlessPotion"},{"floor":25,"key":"FairyPotion"},{"floor":31,"key":"Swift Potion"},{"floor":33,"key":"LiquidMemories"},{"floor":39,"key":"LiquidMemories"},{"floor":46,"key":"Elixir"},{"floor":48,"key":"Energy Potion"}],"is_trial":false,"path_per_floor":["M","?","?","$","?","E","M","R","T","R","M","R","T","E","R","B",null,"M","?","M","?","M","E","M","M","T","$","R","?","R","M","R","B",null,"M","M","$","?","M","R","E","$","T","R","$","M","R","M","R","B",null],"character_chosen":"DEFECT","items_purchased":["Blood Vial","hubris:RGBLights","Swift Strike+1","Gash+1"],"campfire_rested":8,"item_purchase_floors":[4,27,37,42],"current_hp_per_floor":[69,69,69,69,69,40,42,65,65,65,67,67,67,43,68,14,85,85,85,86,73,75,72,48,26,26,26,53,53,80,79,79,66,90,86,63,63,63,27,54,8,8,8,35,35,21,48,4,31,90],"gold":91,"neow_bonus":"RANDOM_EVENT","is_daily":false,"chose_seed":false,"campfire_upgraded":2,"win_rate":0.0,"timestamp":1611957084,"path_taken":["M","?","?","$","?","E","M","R","T","R","M","R","?","E","R","BOSS","M","?","?","?","M","E","M","M","T","$","R","?","R","M","R","BOSS","M","?","$","?","M","R","E","?","T","R","$","M","R","M","R","BOSS"],"items_purchased_type":["Relic","Relic","Card","Card"],"build_version":"2020-12-22","purchased_purges":3,"victory":true,"max_hp_per_floor":[78,78,78,78,78,78,78,78,78,78,78,78,78,85,85,85,85,85,85,90,90,90,90,90,90,90,90,90,90,90,90,90,90,90,90,90,90,90,90,90,90,90,90,90,90,90,90,90,90,90],"card_choices":[{"not_picked":["Barrage","Coolheaded"],"picked":"Skim","floor":1},{"not_picked":["Stack","Doom and Gloom","Cold Snap"],"picked":"SKIP","floor":6},{"not_picked":["Stack","Barrage"],"picked":"Gash","floor":7},{"not_picked":["Beam Cell+1","BootSequence"],"picked":"Rebound+1","floor":11},{"not_picked":["Time Bomb","BasicCrystalCard"],"picked":"Cold Snap+1","floor":14},{"not_picked":["hubris:DoWhile","ReplayRNGCard"],"picked":"Mirror Shield","floor":16},{"not_picked":["Melter+1","Force Field"],"picked":"Compile Driver+1","floor":18},{"not_picked":["Ball Lightning+1","Reprogram"],"picked":"White Noise","floor":20},{"not_picked":["Sunder+1","Auto Shields+1"],"picked":"Gash+1","floor":21},{"not_picked":["Stack","Conserve Battery"],"picked":"Streamline+1","floor":23},{"not_picked":["Rebound+1","Heatsinks"],"picked":"Machine Learning","floor":24},{"not_picked":["ReplayTheSpireMod:Reroute Power","Sunder+1"],"picked":"Redo+1","floor":25},{"not_picked":["Beam Cell+1","ReplaySolidLightProjector"],"picked":"Rebound+1","floor":31},{"not_picked":["Mirror Shield","hubris:Prefetch"],"picked":"Hyperbeam+1","floor":33},{"not_picked":["Coolheaded","Conserve Battery","Ball Lightning+1"],"picked":"SKIP","floor":35},{"not_picked":["Coolheaded","Turbo","Conserve Battery"],"picked":"SKIP","floor":36},{"not_picked":["Coolheaded","Sweeping Beam+1","Rainbow"],"picked":"SKIP","floor":39},{"not_picked":["Hologram+1","Double Energy+1"],"picked":"Blizzard+1","floor":41},{"not_picked":["ReplaySolidLightProjector+1","Crystallizer+1"],"picked":"Double Energy+1","floor":46},{"not_picked":["Coolheaded","Steam+1"],"picked":"Doom and Gloom+1","floor":48}],"player_experience":206251,"relics_obtained":[{"floor":2,"key":"Ring of Peace"},{"floor":2,"key":"Ring of Greed"},{"floor":2,"key":"The Courier"},{"floor":2,"key":"MawBank"},{"floor":6,"key":"hubris:FunFungus"},{"floor":9,"key":"Molten Egg 2"},{"floor":13,"key":"hubris:SlimyHat"},{"floor":14,"key":"Strawberry"},{"floor":21,"key":"Red Mask"},{"floor":23,"key":"Bottled Flame"},{"floor":26,"key":"ReplayFunnel"},{"floor":32,"key":"Mummified Hand"},{"floor":41,"key":"Incense Burner"},{"floor":43,"key":"ReplayTheSpireMod:Lightbulb"}],"event_choices":[{"damage_healed":0,"gold_gain":0,"player_choice":"Ignored","damage_taken":0,"max_hp_gain":0,"max_hp_loss":0,"event_name":"Liars Game","floor":5,"gold_loss":0},{"damage_healed":0,"gold_gain":0,"player_choice":"1 cards matched","damage_taken":0,"max_hp_gain":0,"max_hp_loss":0,"event_name":"Match and Keep!","floor":19,"gold_loss":0,"cards_obtained":["Hyperbeam"]},{"damage_healed":0,"gold_gain":0,"player_choice":"Fought Bandits","damage_taken":0,"max_hp_gain":0,"max_hp_loss":0,"event_name":"Masked Bandits","floor":21,"gold_loss":0},{"cards_removed":["ReplayTheSpireMod:Doomed"],"damage_healed":0,"gold_gain":0,"player_choice":"Removed Curses","damage_taken":0,"max_hp_gain":0,"max_hp_loss":0,"event_name":"Fountain of Cleansing","floor":29,"gold_loss":0},{"damage_healed":0,"gold_gain":0,"cards_transformed":["Strike_B"],"player_choice":"Transformed","damage_taken":0,"max_hp_gain":0,"max_hp_loss":0,"event_name":"Transmorgrifier","floor":38,"gold_loss":0,"cards_obtained":["Hologram"]}],"is_beta":false,"boss_relics":[{"not_picked":["reliquary:KinkedSpring","hubris:VirtuousBlindfold"],"picked":"Nuclear Battery"},{"not_picked":["halation:Prosthetics","Replay:Ancient Bell"],"picked":"halation:PinkAlligatorPlush"}],"items_purged_floors":[4,27,37],"is_endless":false,"potions_floor_spawned":[1,11,14,16,20,21,25,31,33,39,46,48],"ascension_level":2}}