{"host":"9kesdg97wkrx2bva","time":1611907240,"event":{"mods":["AchievementEnabler","BaseMod","Colored Map","GifTheSpireLib","Infinite Spire","Minty Spire (QoL Compilation)","Replay The Spire","StSLib"],"gold_per_floor":[113,38,38,48,67,67,78,78,78],"floor_reached":8,"language":"ENG","playtime":207,"items_purged":["Strike_B"],"score":91,"play_id":"cd2f9c61-4fba-47e5-9f3f-5664be0c2e5a","local_time":"20210129020040","is_ascension_mode":true,"campfire_choices":[{"data":"Zap","floor":6,"key":"SMITH"}],"circlet_count":0,"master_deck":["AscendersBane","Strike_B","Strike_B","Strike_B","Defend_B","Defend_B","Defend_B","Defend_B","Zap+1","Dualcast","ReplayTheSpireMod:Calculation Training","Go for the Eyes","Panic Button","Gash","Ball Lightning"],"relics":["Cracked Core"],"acts_visited":["Exordium"],"potions_floor_usage":[8],"damage_taken":[{"damage":15,"enemies":"Small Slimes","floor":1,"turns":3},{"damage":1,"enemies":"Cultist","floor":4,"turns":4},{"damage":1,"enemies":"2 Louse","floor":5,"turns":2},{"damage":30,"enemies":"Large Slime","floor":7,"turns":5},{"damage":8,"enemies":"Gremlin Nob","floor":8,"turns":3}],"seed_played":"-5417074106321502242","potions_obtained":[{"floor":3,"key":"AttackPotion"},{"floor":3,"key":"SneckoOil"},{"floor":5,"key":"Block Potion"}],"is_trial":false,"path_per_floor":["M","$","?","M","M","R","M","E"],"character_chosen":"DEFECT","items_purchased":[],"campfire_rested":0,"item_purchase_floors":[],"current_hp_per_floor":[49,49,49,48,47,47,17,9,9],"gold":78,"neow_bonus":"THREE_CARDS","is_daily":false,"chose_seed":false,"campfire_upgraded":1,"win_rate":0.0,"timestamp":1611907240,"path_taken":["M","$","?","?","M","R","M","E"],"items_purchased_type":[],"build_version":"2020-12-22","purchased_purges":1,"victory":false,"max_hp_per_floor":[71,71,71,71,71,71,71,71,71],"card_choices":[{"not_picked":["Coolheaded","Beam Cell"],"picked":"ReplayTheSpireMod:Calculation Training","floor":0},{"not_picked":["Hologram","Steam"],"picked":"Go for the Eyes","floor":1},{"not_picked":["Stack","Sweeping Beam"],"picked":"Panic Button","floor":4},{"not_picked":["Auto Shields","Stack"],"picked":"Gash","floor":5},{"not_picked":["Stack","Barrage"],"picked":"Ball Lightning","floor":7}],"player_experience":985290,"relics_obtained":[],"event_choices":[{"damage_healed":0,"gold_gain":0,"player_choice":"Got Potions","damage_taken":0,"max_hp_gain":0,"max_hp_loss":0,"event_name":"Lab","floor":3,"gold_loss":0}],"is_beta":false,"boss_relics":[],"items_purged_floors":[2],"is_endless":false,"potions_floor_spawned":[4,5,7],"killed_by":"Gremlin Nob","ascension_level":18}}