{"host":"l84l8xigz5v5foa2","time":1611918395,"event":{"mods":["2.2 Compatiblity","AchievementEnabler","BaseMod","Better Note","Better Vampires","Card Filter","Colored Map","DeckTracker","Downfall","Gremlin Skip","Highlight Path","Keyboard Shortcuts","Minty Spire (QoL Compilation)","Permanent Neow","Quick Restart","Relic Filter","Relic Stats","StSLib","SuperFastMode","Transform Curses","Unknown Chances"],"gold_per_floor":[367,51,51,63,80,112,112,147,147,177,177,77,77,51,51,128,128,148,148,148,166,166,166,41,66,139,139,156,184,195,295,295,367,367,383,383,394,421,421,460,460,482,506,506,540,552,565,582,582,582,582,582,582,277,304,304,304,304],"floor_reached":56,"language":"ENG","playtime":2825,"items_purged":["hexamod:Strike","hexamod:Defend","hexamod:Strike","Shame"],"score":2026,"play_id":"267dc7dc-3c28-4d43-ae42-bc2b8fde322a","local_time":"20210129200635","is_ascension_mode":true,"campfire_choices":[{"data":"hexamod:Rewind","floor":7.0,"key":"SMITH"},{"data":"hexamod:RadiantFlame","floor":11.0,"key":"SMITH"},{"data":"hexamod:Incineration","floor":13.0,"key":"SMITH"},{"data":"hexamod:GiftsFromTheDead","floor":15.0,"key":"SMITH"},{"data":"hexamod:InspiringFlames","floor":23.0,"key":"SMITH"},{"data":"hexamod:ThermalTransfer","floor":27.0,"key":"SMITH"},{"data":"hexamod:GhostOfSpirePast","floor":32.0,"key":"SMITH"},{"floor":44,"key":"RECALL"},{"data":"Secret Technique","floor":49,"key":"SMITH"},{"data":"Sadistic Nature","floor":53,"key":"SMITH"}],"circlet_count":0,"master_deck":["AscendersBane","hexamod:Strike","hexamod:Strike+1","hexamod:Defend+1","hexamod:Defend","hexamod:Defend","hexamod:Sear","hexamod:Float+1","hexamod:Rewind+1","hexamod:ShieldOfDarkness","hexamod:SuperheatedStrike+1","hexamod:Incineration+1","hexamod:RadiantFlame+1","hexamod:GiftsFromTheDead+1","hexamod:InspiringFlames+1","hexamod:HauntingEcho","hexamod:TimeWarp","hexamod:TimeWarp","hexamod:ThermalTransfer+1","hexamod:GhostOfSpirePast+1","hexamod:GhostShield+1","hexamod:Hexaguard","hexamod:FastForward","hexamod:GhostflameBarrier+1","hexamod:FourthSeal","hexamod:Rewind+1","hexamod:RetreatToShadows","Secret Technique+1","Sadistic Nature+1","Flash of Steel","hexamod:StepThrough","hexamod:ShieldOfDarkness+1","hexamod:StepThrough","hexamod:AdvancingGuard","hexamod:ForkedFlame"],"relics":["hexamod:SpiritBrand","Chemical X","Toy Ornithopter","Thread and Needle","Kunai","hexamod:BolsterEngine","Coffee Dripper","Regal Pillow","Gremlin Horn","Art of War","hexamod:Sixitude","Mummified Hand","Cursed Key","Pocketwatch","hexamod:TheBrokenSeal","Bird Faced Urn","Oddly Smooth Stone"],"acts_visited":["Exordium","TheCity","TheBeyond","TheEnding"],"potions_floor_usage":[40,56,56],"damage_taken":[{"damage":2.0,"enemies":"Small Slimes","floor":1.0,"turns":3.0},{"damage":0.0,"enemies":"Cultist","floor":4.0,"turns":3.0},{"damage":0.0,"enemies":"2 Louse","floor":5.0,"turns":3.0},{"damage":3.0,"enemies":"Lagavulin","floor":6.0,"turns":6.0},{"damage":3.0,"enemies":"Gremlin Nob","floor":8.0,"turns":3.0},{"damage":1.0,"enemies":"Lagavulin","floor":10.0,"turns":6.0},{"damage":17.0,"enemies":"Slime Boss","floor":16.0,"turns":8.0},{"damage":2.0,"enemies":"2 Thieves","floor":18.0,"turns":3.0},{"damage":3.0,"enemies":"Shell Parasite","floor":21.0,"turns":4.0},{"damage":38.0,"enemies":"Gremlin Leader","floor":25.0,"turns":6.0},{"damage":1.0,"enemies":"Shelled Parasite and Fungi","floor":28.0,"turns":4.0},{"damage":15.0,"enemies":"Slavers","floor":29.0,"turns":5.0},{"damage":5.0,"enemies":"Snecko","floor":30.0,"turns":3.0},{"damage":0.0,"enemies":"Colosseum Slavers","floor":31.0,"turns":1.0},{"damage":0.0,"enemies":"Colosseum Nobs","floor":31.0,"turns":4.0},{"damage":21.0,"enemies":"Collector","floor":33.0,"turns":9.0},{"damage":0.0,"enemies":"3 Shapes","floor":35.0,"turns":4.0},{"damage":1.0,"enemies":"3 Darklings","floor":37.0,"turns":5.0},{"damage":35,"enemies":"Spire Growth","floor":38,"turns":5},{"damage":11,"enemies":"Reptomancer","floor":40,"turns":5},{"damage":0,"enemies":"4 Shapes","floor":42,"turns":7},{"damage":15,"enemies":"Giant Head","floor":45,"turns":6},{"damage":11,"enemies":"Maw","floor":46,"turns":6},{"damage":2,"enemies":"Spire Growth","floor":47,"turns":4},{"damage":0,"enemies":"Sphere and 2 Shapes","floor":48,"turns":4},{"damage":0,"enemies":"Awakened One","floor":50,"turns":13},{"damage":2,"enemies":"Donu and Deca","floor":51,"turns":8},{"damage":97,"enemies":"Shield and Spear","floor":55,"turns":7},{"damage":24,"enemies":"The Heart","floor":56,"turns":2}],"seed_played":"2489793058486605432","potions_obtained":[{"floor":4.0,"key":"Energy Potion"},{"floor":6.0,"key":"SteroidPotion"},{"floor":10.0,"key":"Energy Potion"},{"floor":21.0,"key":"Fire Potion"},{"floor":22.0,"key":"Energy Potion"},{"floor":25.0,"key":"SteroidPotion"},{"floor":28.0,"key":"Swift Potion"},{"floor":29.0,"key":"SmokeBomb"},{"floor":29.0,"key":"LiquidBronze"},{"floor":30.0,"key":"PowerPotion"},{"floor":31.0,"key":"Fire Potion"},{"floor":33.0,"key":"DuplicationPotion"},{"floor":35.0,"key":"Fruit Juice"},{"floor":35.0,"key":"EssenceOfSteel"},{"floor":37.0,"key":"FearPotion"},{"floor":38,"key":"FairyPotion"},{"floor":40,"key":"CultistPotion"},{"floor":55,"key":"Fire Potion"}],"is_trial":false,"path_per_floor":["M","$","?","M","M","E","R","E","T","E","R","$","R","$","R","B",null,"M","?","?","M","?","R","$","E","T","R","M","E","M","?","R","B",null,"M","?","M","M","?","E","?","M","T","R","E","M","M","M","R","B","B",null,"R","$","E","B"],"character_chosen":"THE_SPIRIT","items_purchased":["Chemical X","hexamod:ShieldOfDarkness","hexamod:SuperheatedStrike","hexamod:HauntingEcho","hexamod:ForkedFlame"],"campfire_rested":0,"item_purchase_floors":[2,2,2,14,54],"current_hp_per_floor":[55,55,55,55,55,52,52,54,54,53,53,53,53,53,53,41,53,51,51,51,48,48,48,48,20,20,20,19,14,14,24,24,8,45,60,62,61,26,16,10,10,72,72,72,57,54,56,64,64,70,72,72,72,72,11,0,0,0],"gold":304,"neow_bonus":"TWO_FIFTY_GOLD","is_daily":false,"chose_seed":false,"campfire_upgraded":9,"win_rate":0.0,"timestamp":1611918395,"path_taken":["M","$","?","M","?","E","R","E","T","E","R","?","R","$","R","BOSS","M","?","?","M","?","R","$","E","T","R","M","E","?","?","R","BOSS","M","?","M","?","?","E","?","?","T","R","E","M","M","M","R","BOSS","BOSS","R","$","E","BOSS"],"items_purchased_type":["Relic","Card","Card","Card","Card"],"build_version":"2020-12-22","purchased_purges":4,"victory":false,"max_hp_per_floor":[57,57,57,57,57,57,57,57,57,57,57,57,57,57,57,57,57,57,57,57,57,57,57,57,57,57,57,57,57,57,57,57,57,57,62,62,62,62,62,62,62,72,72,72,72,72,72,72,72,72,72,72,72,72,72,72,72,72],"relic_stats":{"Regal Pillow":0,"Gremlin Horn":[32,32],"counters":[29,147],"Mummified Hand":[72],"Bird Faced Urn":[36],"Art of War":[6],"Chemical X":[1],"Kunai":[70],"Cursed Key":1,"obtain_stats":[{"Regal Pillow":25,"Gremlin Horn":26,"hexamod:Sixitude":31,"hexamod:TheBrokenSeal":42,"Oddly Smooth Stone":55,"Thread and Needle":8,"Cursed Key":34,"Mummified Hand":31,"Bird Faced Urn":45,"Coffee Dripper":17,"Art of War":29,"Chemical X":2,"Kunai":9,"hexamod:BolsterEngine":10,"hexamod:SpiritBrand":0,"Toy Ornithopter":6,"Pocketwatch":40},{"Regal Pillow":10,"Gremlin Horn":10,"hexamod:Sixitude":15,"hexamod:TheBrokenSeal":21,"Oddly Smooth Stone":28,"Thread and Needle":5,"Cursed Key":16,"Mummified Hand":15,"Bird Faced Urn":22,"Coffee Dripper":7,"Art of War":12,"Chemical X":1,"Kunai":5,"hexamod:BolsterEngine":6,"hexamod:SpiritBrand":0,"Toy Ornithopter":4,"Pocketwatch":20},{"Regal Pillow":45,"Gremlin Horn":45,"hexamod:Sixitude":62,"hexamod:TheBrokenSeal":96,"Oddly Smooth Stone":145,"Thread and Needle":18,"Cursed Key":71,"Mummified Hand":62,"Bird Faced Urn":103,"Coffee Dripper":32,"Art of War":54,"Chemical X":3,"Kunai":18,"hexamod:BolsterEngine":24,"hexamod:SpiritBrand":0,"Toy Ornithopter":15,"Pocketwatch":90}],"Toy Ornithopter":75,"Pocketwatch":[15]},"card_choices":[{"not_picked":["hexamod:BacktrackSmack","hexamod:HauntingEcho"],"picked":"hexamod:Rewind","floor":1.0},{"not_picked":["hexamod:HeatMetal","hexamod:NightmareGuise"],"picked":"hexamod:Incineration","floor":4.0},{"not_picked":["hexamod:ThermalTransfer","hexamod:ShieldOfDarkness"],"picked":"hexamod:RadiantFlame","floor":5.0},{"not_picked":["hexamod:SkipABeat","hexamod:DynamicBlow","hexamod:SecondSeal"],"picked":"SKIP","floor":6.0},{"not_picked":["hexamod:SecondSeal","hexamod:Rewind"],"picked":"hexamod:GiftsFromTheDead","floor":8.0},{"not_picked":["hexamod:ShieldOfDarkness","hexamod:BurningTouch"],"picked":"hexamod:InspiringFlames","floor":10.0},{"not_picked":["hexamod:SixthSeal","hexamod:FifthSeal"],"picked":"hexamod:TimeWarp","floor":16.0},{"not_picked":["hexamod:ShieldOfDarkness","hexamod:BacktrackSmack","hexamod:HeatMetal"],"picked":"SKIP","floor":18.0},{"not_picked":["hexamod:AdvancingGuard","hexamod:Incineration"],"picked":"hexamod:TimeWarp","floor":21.0},{"not_picked":["hexamod:GhostLash","hexamod:Hexaguard"],"picked":"hexamod:ThermalTransfer","floor":25.0},{"not_picked":["hexamod:SoulSteal","hexamod:ShieldOfDarkness"],"picked":"hexamod:GhostOfSpirePast","floor":28.0},{"not_picked":["hexamod:Hexaguard","hexamod:HauntingEcho"],"picked":"hexamod:GhostShield+1","floor":29.0},{"not_picked":["hexamod:HeatMetal","hexamod:DynamicBlow","hexamod:ThermalTransfer"],"picked":"SKIP","floor":30.0},{"not_picked":["hexamod:HeatMetal","hexamod:ShieldOfDarkness"],"picked":"hexamod:Hexaguard","floor":31.0},{"not_picked":["hexamod:TimeOfNeed","hexamod:GiftsFromTheDead"],"picked":"hexamod:FifthSeal","floor":33.0},{"not_picked":["hexamod:ThirdSeal","hexamod:FourthSeal"],"picked":"hexamod:SixthSeal","floor":35.0},{"not_picked":["hexamod:SecondSeal","hexamod:FirstSeal"],"picked":"hexamod:ThirdSeal","floor":35.0},{"not_picked":["hexamod:SuperheatedStrike","hexamod:GhostLash"],"picked":"hexamod:FastForward","floor":35.0},{"not_picked":["hexamod:ThirdSeal","hexamod:SixthSeal"],"picked":"hexamod:SecondSeal","floor":37.0},{"not_picked":["hexamod:FastForward","hexamod:PhantomFireball"],"picked":"hexamod:GhostflameBarrier+1","floor":37.0},{"not_picked":["hexamod:EmpoweredFlame","hexamod:ThermalTransfer","hexamod:InspiringFlames+1"],"picked":"SKIP","floor":37.0},{"not_picked":["hexamod:SixthSeal","hexamod:SecondSeal"],"picked":"hexamod:FourthSeal","floor":38},{"not_picked":["hexamod:Again","hexamod:PhantomFireball"],"picked":"hexamod:Rewind+1","floor":38},{"not_picked":["hexamod:Rewind","hexamod:SpectersWail"],"picked":"hexamod:RetreatToShadows","floor":38},{"not_picked":["Discovery","Violence"],"picked":"Secret Technique","floor":39},{"not_picked":["Forethought","Purity"],"picked":"Sadistic Nature","floor":39},{"not_picked":["Dark Shackles","Good Instincts"],"picked":"Flash of Steel","floor":39},{"not_picked":["hexamod:AdvancingGuard","hexamod:ThirdSeal"],"picked":"hexamod:FirstSeal","floor":40},{"not_picked":["hexamod:HeatMetal","hexamod:ParanormalForm","hexamod:GiftsFromTheDead"],"picked":"SKIP","floor":40},{"not_picked":["hexamod:SuperheatedStrike","hexamod:NightmareStrike"],"picked":"hexamod:StepThrough","floor":42},{"not_picked":["hexamod:SkipABeat","hexamod:ShieldOfDarkness","hexamod:HauntingEcho+1"],"picked":"SKIP","floor":45},{"not_picked":["hexamod:ThirdSeal","hexamod:RecurringNightmare+1"],"picked":"hexamod:ShieldOfDarkness+1","floor":46},{"not_picked":["hexamod:Again","hexamod:GhostShield"],"picked":"hexamod:StepThrough","floor":47},{"not_picked":["hexamod:HeatMetal","hexamod:GhostLash"],"picked":"hexamod:AdvancingGuard","floor":48},{"not_picked":["hexamod:ShieldOfDarkness","hexamod:SoulSteal","hexamod:BacktrackSmack"],"picked":"SKIP","floor":55}],"player_experience":3488726,"relics_obtained":[{"floor":6.0,"key":"Toy Ornithopter"},{"floor":8.0,"key":"Thread and Needle"},{"floor":9.0,"key":"Kunai"},{"floor":10.0,"key":"hexamod:BolsterEngine"},{"floor":25.0,"key":"Regal Pillow"},{"floor":26.0,"key":"Gremlin Horn"},{"floor":29.0,"key":"Art of War"},{"floor":31.0,"key":"hexamod:Sixitude"},{"floor":31.0,"key":"Mummified Hand"},{"floor":40,"key":"Pocketwatch"},{"floor":45,"key":"Bird Faced Urn"},{"floor":55,"key":"Oddly Smooth Stone"}],"event_choices":[{"damage_healed":0.0,"max_hp_gain":0.0,"max_hp_loss":0.0,"gold_gain":0.0,"event_name":"Upgrade Shrine","player_choice":"Upgraded","floor":3.0,"gold_loss":0.0,"damage_taken":0.0,"cards_upgraded":["hexamod:Float"]},{"damage_healed":0.0,"max_hp_gain":0.0,"max_hp_loss":0.0,"gold_gain":0.0,"event_name":"The Mausoleum","player_choice":"Ignored","floor":19.0,"gold_loss":0.0,"damage_taken":0.0},{"damage_healed":0.0,"max_hp_gain":0.0,"max_hp_loss":0.0,"gold_gain":0.0,"event_name":"Lab","player_choice":"Got Potions","floor":22.0,"gold_loss":0.0,"damage_taken":0.0},{"damage_healed":0.0,"max_hp_gain":0.0,"max_hp_loss":0.0,"gold_gain":0.0,"event_name":"Colosseum","player_choice":"Fight","floor":31.0,"gold_loss":0.0,"damage_taken":0.0},{"damage_healed":0.0,"max_hp_gain":0.0,"max_hp_loss":0.0,"gold_gain":0.0,"event_name":"Colosseum","player_choice":"Fought Nobs","floor":31.0,"gold_loss":0.0,"damage_taken":0.0},{"damage_healed":2.0,"max_hp_gain":0.0,"max_hp_loss":0.0,"gold_gain":0.0,"event_name":"Wheel of Change","player_choice":"Full Heal","floor":36.0,"gold_loss":0.0,"damage_taken":0.0},{"damage_healed":0,"gold_gain":0,"player_choice":"Memory 3","damage_taken":10,"max_hp_gain":0,"max_hp_loss":0,"event_name":"SensoryStone","floor":39,"gold_loss":0},{"damage_healed":0,"gold_gain":0,"player_choice":"0 cards matched","damage_taken":0,"max_hp_gain":0,"max_hp_loss":0,"event_name":"Match and Keep!","floor":41,"gold_loss":0,"cards_obtained":[]}],"is_beta":false,"boss_relics":[{"not_picked":["Empty Cage","Sozu"],"picked":"Coffee Dripper"},{"not_picked":["Busted Crown","hexamod:UnbrokenSoul"],"picked":"Cursed Key"}],"items_purged_floors":[2,12,24,54],"is_endless":false,"potions_floor_spawned":[4,6,10,28,29,30,31,35,42,45,46,48],"killed_by":"The Heart","ascension_level":20}}