{"host":"36zn1fhase90d3ns","time":1611918846,"event":{"mods":["2.2 Compatiblity","AchievementEnabler","Act Like it!","Aspiration","BaseMod","BetterRewards","Block Reminder","Colored Map","Colored Powertips","Conspire","Curses Come First","Custom Start","Energized Spire","Friendly Minions","Halation","Hermit","Hubris","Minty Spire (QoL Compilation)","Prisma Mod","Quick Restart","Relic Sorter","Replay The Spire","Shade Mod","Spicy Shops","StSLib","The Necromancer","Unceasing Turn Reminder","Yohane!"],"gold_per_floor":[116,133,52,63,80,80,107,107,158,177,207,207,26,57,57,157,157,174,208,223,36,56,81,81,81,81,81,99,99,114,140,140,235,185,202,22,67,67,86,86,118,118,118,145,145,165,165,165,165],"floor_reached":48,"language":"ENG","playtime":2250,"items_purged":["Strike_G","Strike_G"],"score":883,"play_id":"5577038d-9a4e-41ae-bac4-d1f236c4680c","local_time":"20210129051406","is_ascension_mode":true,"campfire_choices":[{"data":"1","floor":6,"key":"LIFT"},{"data":"2","floor":8,"key":"LIFT"},{"data":"3","floor":15,"key":"LIFT"},{"floor":24,"key":"REST"},{"floor":29,"key":"REST"},{"floor":32,"key":"REST"},{"data":"Envenom","floor":40,"key":"SMITH"},{"floor":42,"key":"REST"},{"data":"Cloak And Dagger","floor":47,"key":"SMITH"}],"circlet_count":0,"master_deck":["Strike_G","Strike_G","Strike_G","Strike_G+1","Defend_G","Defend_G","Defend_G+1","Defend_G+1","Defend_G","Survivor+1","Neutralize+1","hubris:Counter+1","Finisher","Cloak And Dagger","Cloak And Dagger+1","Phantasmal Killer","Infinite Blades+1","Riddle With Holes+1","Envenom+1","Prepared","All Out Attack","Cloak And Dagger+1","Accuracy","Dagger Spray+1","Blade Dance","ReplayTheSpireMod:Scrap Shanks+1","Doppelganger","hubris:Sniper","Accuracy+1","Dagger Throw","Cloak And Dagger+1","Blade Dance","Parasite","Infinite Blades"],"relics":["Ring of the Snake","PreservedInsect","Orrery","Girya","ReplayTheSpireMod:TigerMarble","aspiration:ChemicalBlood","War Paint","Replay:Bottled Snecko","halation:HeavySnake","Red Mask","ReplayFunnel","Replay:Bottled Flurry","Basket Of Snakes","energizedSpire:HugeHouse","hubris:BundleOfHerbs","hubris:AncientText","conspire:BottledYoYo","Shovel"],"acts_visited":["Exordium","TheCity","TheBeyond"],"potions_floor_usage":[11,16,19,19,23,23,30,31,33,33,37,37,44,44,46,48,48],"damage_taken":[{"damage":0,"enemies":"Cultist","floor":1,"turns":4},{"damage":0,"enemies":"2 Louse","floor":2,"turns":2},{"damage":0,"enemies":"Small Slimes","floor":4,"turns":3},{"damage":2,"enemies":"Exordium Wildlife","floor":5,"turns":5},{"damage":11,"enemies":"Lagavulin","floor":7,"turns":5},{"damage":0,"enemies":"Large Slime","floor":10,"turns":4},{"damage":0,"enemies":"3 Sentries","floor":11,"turns":4},{"damage":0,"enemies":"Lagavulin","floor":14,"turns":3},{"damage":11,"enemies":"Hexaghost","floor":16,"turns":6},{"damage":6,"enemies":"Chosen","floor":18,"turns":3},{"damage":23,"enemies":"Masked Bandits","floor":19,"turns":4},{"damage":18,"enemies":"2 Thieves","floor":20,"turns":4},{"damage":4,"enemies":"Snecko","floor":22,"turns":4},{"damage":19,"enemies":"Book of Stabbing","floor":23,"turns":4},{"damage":0,"enemies":"Sentry and Sphere","floor":28,"turns":2},{"damage":5,"enemies":"Centurion and Healer","floor":30,"turns":2},{"damage":17,"enemies":"Gremlin Leader","floor":31,"turns":5},{"damage":43,"enemies":"Collector","floor":33,"turns":6},{"damage":17,"enemies":"3 Shapes","floor":35,"turns":3},{"damage":10,"enemies":"2 Orb Walkers","floor":37,"turns":3},{"damage":17,"enemies":"3 Darklings","floor":39,"turns":3},{"damage":7,"enemies":"R_Hoarder","floor":41,"turns":4},{"damage":9,"enemies":"Nemesis","floor":44,"turns":3},{"damage":12,"enemies":"Writhing Mass","floor":46,"turns":3},{"damage":15,"enemies":"4 Shapes","floor":48,"turns":3}],"seed_played":"-2024120693436117697","potions_obtained":[{"floor":7,"key":"DuplicationPotion"},{"floor":10,"key":"FearPotion"},{"floor":11,"key":"Adrenaline Potion"},{"floor":14,"key":"EssenceOfSteel"},{"floor":16,"key":"Languid Potion"},{"floor":16,"key":"DistilledChaos"},{"floor":23,"key":"Strength Potion"},{"floor":23,"key":"Toxic Potion"},{"floor":31,"key":"SteroidPotion"},{"floor":31,"key":"Energy Potion"},{"floor":33,"key":"DistilledChaos"},{"floor":33,"key":"ColorlessPotion"},{"floor":35,"key":"DistilledChaos"},{"floor":44,"key":"Elixir"},{"floor":44,"key":"Explosive Potion"}],"is_trial":false,"path_per_floor":["M","M","$","M","M","R","E","R","T","M","E","?","$","E","R","B",null,"M","?","M","$","M","E","R","?","T","?","M","R","M","E","R","B",null,"M","$","?","?","M","R","E","R","T","E","?","M","R","M"],"character_chosen":"THE_SILENT","items_purchased":["PreservedInsect","hubris:Counter+1","Orrery","Girya","Infinite Blades","Cloak And Dagger","Accuracy","Dagger Spray","Accuracy"],"campfire_rested":4,"item_purchase_floors":[0,0,0,3,13,21,21,21,36],"current_hp_per_floor":[70,70,70,70,68,68,57,57,57,57,57,50,50,50,50,39,70,64,41,23,23,19,4,25,25,25,25,25,46,41,24,45,2,65,48,48,38,38,21,21,14,33,33,24,24,12,12,0,0],"gold":165,"neow_bonus":"","is_daily":false,"chose_seed":false,"campfire_upgraded":2,"win_rate":0.0,"timestamp":1611918846,"path_taken":["M","M","?","M","M","R","E","R","T","M","E","?","$","E","R","BOSS","M","?","M","$","M","E","R","?","T","?","M","R","M","E","R","BOSS","M","$","?","?","M","R","E","R","T","E","?","M","R","M"],"items_purchased_type":["Relic","Card","Relic","Relic","Card","Card","Card","Card","Card"],"build_version":"2020-12-22","purchased_purges":2,"victory":false,"max_hp_per_floor":[70,70,70,70,70,70,70,70,70,70,70,70,70,70,70,70,70,70,70,70,70,70,70,70,70,70,70,70,70,70,70,70,70,65,65,65,65,65,65,65,65,65,65,65,65,65,65,65,65],"card_choices":[{"not_picked":["Bane","Masterful Stab"],"picked":"Finisher","floor":0},{"not_picked":["Flying Knee","Setup"],"picked":"Cloak And Dagger","floor":0},{"not_picked":["Bane","Flechettes"],"picked":"Cloak And Dagger","floor":1},{"not_picked":["Grand Finale","Draining Mist","Acrobatics"],"picked":"SKIP","floor":2},{"not_picked":["Quick Slash","Acrobatics","Flying Knee"],"picked":"SKIP","floor":4},{"not_picked":["Endless Agony","Backflip","Dagger Spray"],"picked":"SKIP","floor":5},{"not_picked":["Distraction","Flying Knee"],"picked":"Phantasmal Killer","floor":7},{"not_picked":["Outmaneuver","Quick Slash","Sucker Punch"],"picked":"SKIP","floor":10},{"not_picked":["Bouncing Flask","Acrobatics","Dagger Throw"],"picked":"SKIP","floor":11},{"not_picked":["Backflip","Underhanded Strike"],"picked":"Riddle With Holes","floor":14},{"not_picked":["Replay:Bag of Tricks","Corpse Explosion"],"picked":"Envenom","floor":16},{"not_picked":["Flying Knee","Sucker Punch","Backflip"],"picked":"SKIP","floor":18},{"not_picked":["Backflip","Deadly Poison"],"picked":"Prepared","floor":19},{"not_picked":["Hidden Blade+1","Predator"],"picked":"All Out Attack","floor":20},{"not_picked":["Outmaneuver","Dagger Throw"],"picked":"Blade Dance","floor":22},{"not_picked":["Toxin Wave+1","Poisoned Stab","Crippling Poison"],"picked":"SKIP","floor":23},{"not_picked":["conspire:PoisonWeapons","Masterful Stab"],"picked":"Skewer","floor":28},{"not_picked":["Prepared+1","All Out Attack"],"picked":"ReplayTheSpireMod:Scrap Shanks+1","floor":30},{"not_picked":["Bane","Crippling Poison","Blur"],"picked":"SKIP","floor":31},{"not_picked":["Sucker Punch+1","Hidden Blade+1"],"picked":"hubris:Sniper","floor":35},{"not_picked":["Distraction","hubris:Counter"],"picked":"Dagger Throw","floor":37},{"not_picked":["Dagger Spray+1","Flying Knee+1"],"picked":"Cloak And Dagger+1","floor":39},{"not_picked":["Quick Slash","Poisoned Stab+1"],"picked":"Blade Dance","floor":41},{"not_picked":["Dagger Throw","Leg Sweep","Bane"],"picked":"SKIP","floor":44},{"not_picked":["Cloak And Dagger+1","Backflip"],"picked":"Infinite Blades","floor":46}],"player_experience":469222,"relics_obtained":[{"floor":7,"key":"ReplayTheSpireMod:TigerMarble"},{"floor":11,"key":"aspiration:ChemicalBlood"},{"floor":14,"key":"Replay:Bottled Snecko"},{"floor":19,"key":"Red Mask"},{"floor":23,"key":"ReplayFunnel"},{"floor":26,"key":"Replay:Bottled Flurry"},{"floor":31,"key":"Basket Of Snakes"},{"floor":37,"key":"hubris:BundleOfHerbs"},{"floor":41,"key":"hubris:AncientText"},{"floor":43,"key":"conspire:BottledYoYo"},{"floor":44,"key":"Shovel"}],"event_choices":[{"damage_healed":0,"gold_gain":0,"player_choice":"Success","damage_taken":7,"relics_obtained":["War Paint"],"max_hp_gain":0,"max_hp_loss":0,"event_name":"Scrap Ooze","floor":12,"gold_loss":0},{"damage_healed":0,"gold_gain":0,"player_choice":"Fought Bandits","damage_taken":0,"max_hp_gain":0,"max_hp_loss":0,"event_name":"Masked Bandits","floor":19,"gold_loss":0},{"damage_healed":0,"gold_gain":0,"player_choice":"Fight","damage_taken":0,"max_hp_gain":0,"max_hp_loss":0,"event_name":"Mysterious Sphere","floor":37,"gold_loss":0},{"damage_healed":0,"gold_gain":0,"player_choice":"Forge","damage_taken":0,"max_hp_gain":0,"max_hp_loss":0,"event_name":"Accursed Blacksmith","floor":45,"gold_loss":0,"cards_upgraded":["Cloak And Dagger"]}],"is_beta":false,"boss_relics":[{"not_picked":["energizedSpire:EnergizedDie","aspiration:DefectSkillbook"],"picked":"halation:HeavySnake"},{"not_picked":["energizedSpire:MagnifyingGlass","Replay:Grab Bag"],"picked":"energizedSpire:HugeHouse"}],"items_purged_floors":[13,36],"is_endless":false,"potions_floor_spawned":[7,10,11,14,16,20,23,28,31,33,35,41,44],"killed_by":"4 Shapes","ascension_level":3}}