{"host":"4xikrlo049sozq0n","time":1611945409,"event":{"mods":["AchievementEnabler","BaseMod","BetterRewards","Colored Powertips","Downfall","Energized Spire","Highlight Path","Hubris","Minty Spire (QoL Compilation)","Permanent Neow","Quick Restart","Remove Card Discount Mod","Replay The Spire","StSLib","SuperFastMode","Synergy Search"],"gold_per_floor":[114,134,147,161,178,178,178,178],"floor_reached":7,"language":"ENG","playtime":466,"items_purged":[],"score":59,"play_id":"29adbfb5-e4ad-49d2-b866-a1dbe431236c","local_time":"20210129133649","is_ascension_mode":true,"campfire_choices":[{"data":"Blade Dance","floor":6,"key":"SMITH"}],"circlet_count":0,"master_deck":["Strike_G","Strike_G","Strike_G","Strike_G","Defend_G","Defend_G","Defend_G","Defend_G","Survivor","Neutralize","Crippling Poison","Underhanded Strike","Caltrops","Blade Dance+1","Slice","Deadly Poison","Storm of Steel"],"relics":["Ring of the Snake"],"acts_visited":[],"potions_floor_usage":[5],"damage_taken":[{"damage":2.0,"enemies":"Jaw Worm","floor":1.0,"turns":5.0},{"damage":1,"enemies":"Small Slimes","floor":2,"turns":5},{"damage":1,"enemies":"Cultist","floor":3,"turns":3},{"damage":9,"enemies":"3 Louse","floor":4,"turns":3},{"damage":2,"enemies":"Red Slaver","floor":5,"turns":3},{"damage":30,"enemies":"Gremlin Nob","floor":7,"turns":3}],"seed_played":"3766751401183911276","potions_obtained":[{"floor":2,"key":"AttackPotion"}],"is_trial":false,"path_per_floor":["M","M","M","M","M","R","E"],"character_chosen":"THE_SILENT","items_purchased":[],"campfire_rested":0,"item_purchase_floors":[],"current_hp_per_floor":[43,42,41,32,30,30,0,0],"gold":178,"neow_bonus":"TRANSFORM_TWO_CARDS","is_daily":false,"chose_seed":false,"campfire_upgraded":1,"win_rate":0.0,"timestamp":1611945409,"path_taken":["M","M","M","M","M","R","E"],"items_purchased_type":[],"build_version":"2020-12-22","purchased_purges":0,"victory":false,"max_hp_per_floor":[70,70,70,70,70,70,70,70],"card_choices":[{"not_picked":["Dagger Spray","Expertise"],"picked":"Caltrops","floor":1.0},{"not_picked":["Sucker Punch","Footwork"],"picked":"Blade Dance","floor":2},{"not_picked":["Sucker Punch","Deflect"],"picked":"Slice","floor":3},{"not_picked":["Expertise","Blade Dance"],"picked":"Deadly Poison","floor":4},{"not_picked":["Fluid Movement","Deflect"],"picked":"Storm of Steel","floor":5}],"player_experience":937852,"relics_obtained":[],"event_choices":[],"is_beta":false,"boss_relics":[],"items_purged_floors":[],"is_endless":false,"potions_floor_spawned":[2],"killed_by":"Gremlin Nob","ascension_level":6}}