{"host":"uzp1tn8qxn9571p9","time":1611930931,"event":{"mods":["BaseMod","Colored Map","Colored Powertips","Hermit","Minty Spire (QoL Compilation)","StSLib","The Hierophant","óô»ðÖ¸ÄÏ"],"gold_per_floor":[116,39,214,224,2,2,37,37,37,112,126,161,161,171,171,271,271,286,286,305,325,343,376,376,408,432,432,463,463,378,393,393,393,393],"floor_reached":33,"language":"ZHS","playtime":1459,"items_purged":["Doubt"],"score":485,"play_id":"a409771b-09be-4958-bf6d-bf5729ab84cc","local_time":"20210129223531","is_ascension_mode":true,"campfire_choices":[{"data":"Eruption","floor":6.0,"key":"SMITH"},{"data":"Vigilance","floor":8.0,"key":"SMITH"},{"data":"Crescendo","floor":15.0,"key":"SMITH"},{"data":"Vault","floor":24.0,"key":"SMITH"},{"floor":29,"key":"REST"},{"data":"WheelKick","floor":32,"key":"SMITH"}],"circlet_count":0,"master_deck":["Strike_P","Defend_P","Defend_P","Eruption+1","Vigilance+1","WheelKick+1","TalkToTheHand","FlurryOfBlows","FearNoEvil","Halt","InnerPeace+1","Crescendo+1","Vault+1","EmptyFist+1","LikeWater","Consecrate+1","Vengeance"],"relics":["PureWater","PreservedInsect","Happy Flower","Bottled Flame","Matryoshka","Empty Cage","Centennial Puzzle","Tiny Chest","Orichalcum","Akabeko","Ancient Tea Set"],"acts_visited":["Exordium","TheCity"],"potions_floor_usage":[33],"damage_taken":[{"damage":0.0,"enemies":"2 Louse","floor":1.0,"turns":3.0},{"damage":5.0,"enemies":"Small Slimes","floor":4.0,"turns":3.0},{"damage":17.0,"enemies":"3 Sentries","floor":7.0,"turns":5.0},{"damage":0.0,"enemies":"Cultist","floor":11.0,"turns":1.0},{"damage":0.0,"enemies":"Gremlin Nob","floor":12.0,"turns":2.0},{"damage":0.0,"enemies":"3 Louse","floor":14.0,"turns":2.0},{"damage":0.0,"enemies":"Slime Boss","floor":16.0,"turns":3.0},{"damage":0.0,"enemies":"Shell Parasite","floor":18.0,"turns":2.0},{"damage":6.0,"enemies":"2 Thieves","floor":20.0,"turns":3.0},{"damage":8.0,"enemies":"Snecko","floor":21.0,"turns":4.0},{"damage":13.0,"enemies":"Shelled Parasite and Fungi","floor":22.0,"turns":4.0},{"damage":10.0,"enemies":"Gremlin Leader","floor":23.0,"turns":4.0},{"damage":26.0,"enemies":"Book of Stabbing","floor":25.0,"turns":4.0},{"damage":3,"enemies":"Gremlin Leader","floor":28,"turns":6},{"damage":2,"enemies":"Cultist and Chosen","floor":31,"turns":3},{"damage":2,"enemies":"Automaton","floor":33,"turns":5}],"seed_played":"6947927746529009759","potions_obtained":[{"floor":4.0,"key":"Strength Potion"},{"floor":7.0,"key":"SneckoOil"},{"floor":11.0,"key":"Fruit Juice"},{"floor":16.0,"key":"SkillPotion"},{"floor":22.0,"key":"Fruit Juice"},{"floor":28,"key":"BlessingOfTheForge"}],"is_trial":false,"path_per_floor":["M","$","?","M","$","R","E","R","T","?","M","E","?","M","R","B",null,"M","?","M","M","M","E","R","E","T","?","E","R","?","M","R","B"],"character_chosen":"WATCHER","items_purchased":["FearNoEvil","PreservedInsect"],"campfire_rested":1,"item_purchase_floors":[2,5],"current_hp_per_floor":[65,65,65,60,60,60,43,43,43,32,37,37,37,37,37,37,62,62,62,56,48,40,30,30,4,4,4,1,23,23,21,21,19,19],"gold":393,"neow_bonus":"TRANSFORM_TWO_CARDS","is_daily":false,"chose_seed":false,"campfire_upgraded":5,"win_rate":0.0,"timestamp":1611930931,"path_taken":["M","$","?","M","$","R","E","R","T","?","M","E","?","M","R","BOSS","M","?","M","M","M","E","R","E","T","?","E","R","?","M","R","BOSS"],"items_purchased_type":["Card","Relic"],"build_version":"2020-12-22","purchased_purges":1,"victory":false,"max_hp_per_floor":[65,65,65,65,65,65,65,65,65,65,70,70,70,70,70,70,70,70,70,70,70,75,75,75,75,75,75,75,75,75,75,75,75,75],"card_choices":[{"not_picked":["Prostrate","Consecrate"],"picked":"FlurryOfBlows","floor":1.0},{"not_picked":["Pray","CrushJoints","ClearTheMind"],"picked":"SKIP","floor":4.0},{"not_picked":["BowlingBash","FlyingSleeves"],"picked":"Halt","floor":7.0},{"not_picked":["CarveReality","ThirdEye","CutThroughFate"],"picked":"SKIP","floor":11.0},{"not_picked":["Swivel","TalkToTheHand"],"picked":"InnerPeace","floor":12.0},{"not_picked":["ClearTheMind","EmptyBody"],"picked":"Crescendo","floor":14.0},{"not_picked":["Brilliance","Scrawl"],"picked":"Vault","floor":16.0},{"not_picked":["Protect","CrushJoints"],"picked":"EmptyFist+1","floor":18.0},{"not_picked":["CutThroughFate","FlyingSleeves+1","ClearTheMind"],"picked":"SKIP","floor":20.0},{"not_picked":["FollowUp","Crescendo"],"picked":"Consecrate+1","floor":21.0},{"not_picked":["Evaluate","Protect","ThirdEye+1"],"picked":"SKIP","floor":22.0},{"not_picked":["FlyingSleeves+1","TalkToTheHand","Meditate"],"picked":"SKIP","floor":23.0},{"not_picked":["Weave+1","CrushJoints"],"picked":"Vengeance","floor":25.0},{"not_picked":["Crescendo","JustLucky","Protect"],"picked":"SKIP","floor":28},{"not_picked":["SashWhip","Ragnarok","FlyingSleeves"],"picked":"SKIP","floor":31}],"player_experience":380650,"relics_obtained":[{"floor":7.0,"key":"Happy Flower"},{"floor":9.0,"key":"Bottled Flame"},{"floor":12.0,"key":"Matryoshka"},{"floor":23.0,"key":"Centennial Puzzle"},{"floor":25.0,"key":"Tiny Chest"},{"floor":26.0,"key":"Orichalcum"},{"floor":28,"key":"Akabeko"}],"event_choices":[{"damage_healed":0.0,"max_hp_gain":0.0,"max_hp_loss":0.0,"gold_gain":175.0,"event_name":"Liars Game","player_choice":"AGREE","floor":3.0,"gold_loss":0.0,"damage_taken":0.0,"cards_obtained":["Doubt"]},{"damage_healed":0.0,"max_hp_gain":0.0,"max_hp_loss":0.0,"gold_gain":75.0,"event_name":"World of Goop","player_choice":"Gather Gold","floor":10.0,"gold_loss":0.0,"damage_taken":11.0},{"damage_healed":0.0,"max_hp_gain":0.0,"max_hp_loss":0.0,"gold_gain":0.0,"event_name":"Upgrade Shrine","player_choice":"Upgraded","floor":13.0,"gold_loss":0.0,"damage_taken":0.0,"cards_upgraded":["InnerPeace"]},{"damage_healed":0.0,"max_hp_gain":0.0,"max_hp_loss":0.0,"gold_gain":0.0,"event_name":"The Library","player_choice":"Read","floor":19.0,"gold_loss":0.0,"damage_taken":0.0,"cards_obtained":["LikeWater"]},{"cards_removed":["Strike_P"],"damage_healed":0.0,"max_hp_gain":0.0,"max_hp_loss":0.0,"gold_gain":0.0,"event_name":"Back to Basics","player_choice":"Elegance","floor":27.0,"gold_loss":0.0,"damage_taken":0.0},{"damage_healed":0,"gold_gain":0,"player_choice":"Obtained Relic","damage_taken":0,"relics_obtained":["Ancient Tea Set"],"max_hp_gain":0,"max_hp_loss":0,"event_name":"Addict","floor":30,"gold_loss":85}],"is_beta":false,"boss_relics":[{"not_picked":["Runic Pyramid","Fusion Hammer"],"picked":"Empty Cage"}],"items_purged_floors":[5],"is_endless":false,"potions_floor_spawned":[4,7,11,16,22,28],"killed_by":"Automaton","ascension_level":5}}