{"host":"58njlu7hme3ojrlz","time":1611953292,"event":{"mods":["AchievementEnabler","Act Like it!","BaseMod","Block Reminder","Colored Map","Colored Powertips","DeckTracker","Downfall","Gensokyo","Hallownest","Highlight Path","Hubris","Infinite Spire","KomeijiMod","Marisa????????","Minty Spire (QoL Compilation)","Reimu??????","Relic Sorter","Remilia??????","Replay The Spire","Shop Mod","StSLib","The Alterego","The Animator","The Bug Knight","The Cursed","The Servant 0.9.4","The Wild Card","TheBandit"],"gold_per_floor":[115,115,130,142,68,96,96,115,115,115,115,133,150,150,150,255,255,271,38,56,56,56,56,70,70,70,70,89,100,100,114,114,218,218,231,231,241,241,241],"floor_reached":38,"language":"ENG","playtime":17531,"items_purged":[],"score":378,"play_id":"d41ae404-1f37-4888-a386-a5dd4b242dc4","local_time":"20210130034812","is_ascension_mode":false,"campfire_choices":[{"data":"Turbo","floor":7.0,"key":"SMITH"},{"floor":15.0,"key":"REST"},{"floor":23,"key":"REST"},{"floor":25,"key":"REST"},{"floor":27,"key":"REST"},{"floor":30,"key":"REST"}],"circlet_count":0,"master_deck":["TheCursedMod:Strike_TheCursed","TheCursedMod:Strike_TheCursed","TheCursedMod:Strike_TheCursed+1","TheCursedMod:Defend_TheCursed+1","TheCursedMod:Defend_TheCursed","TheCursedMod:Defend_TheCursed","TheCursedMod:CursedWand","TheCursedMod:CleanUpWorkshop","TheCursedMod:Dregs","TheCursedMod:Wield","TheCursedMod:CursedShiv","Glacier","TheCursedMod:ReleasedStrength","Turbo+1","TheCursedMod:RapidMovement","TheCursedMod:CursedBlade","TheCursedMod:SmokeScreen","Limit Break","TheCursedMod:Obscuration","TheCursedMod:TacticalStrike","ReplayTheSpireMod:Brewmster+1","TheCursedMod:ReleasedStrength+1","TheCursedMod:CursedShiv+1","TheCursedMod:ManaCirculation","Beam Cell+1","Offering","TheCursedMod:HellfireBreathing+1","TheCursedMod:CursedMace","TheCursedMod:WearCloak"],"relics":["Iron Core","infinitespire:Cubic Diamond","MealTicket","Snack Pack","CultistMask","TheCursedMod:FourLeafCloverCharm","hubris:Towel","Lizard Tail","TheCursedMod:OminousMark"],"acts_visited":["Exordium","TheCity","TheBeyond"],"potions_floor_usage":[20,20,20,20,24,24,24,28,28,29,31,31,31,31,33,33,33,33,33,33,33,33,33,33,33,33,33,35,35,35,37,37,38,38,38],"damage_taken":[{"damage":1.0,"enemies":"Jaw Worm","floor":1.0,"turns":5.0},{"damage":0.0,"enemies":"Small Slimes","floor":3.0,"turns":3.0},{"damage":0.0,"enemies":"2 Louse","floor":4.0,"turns":2.0},{"damage":22.0,"enemies":"Gremlin Nob","floor":6.0,"turns":5.0},{"damage":11.0,"enemies":"Lots of Slimes","floor":8.0,"turns":5.0},{"damage":5.0,"enemies":"3 Louse","floor":12.0,"turns":3.0},{"damage":28.0,"enemies":"Gremlin Gang","floor":13.0,"turns":5.0},{"damage":20.0,"enemies":"Fading Forest","floor":16.0,"turns":11.0},{"damage":43.0,"enemies":"Chosen","floor":18.0,"turns":12.0},{"damage":41,"enemies":"Snecko","floor":20,"turns":7},{"damage":37,"enemies":"Centurion and Healer","floor":24,"turns":9},{"damage":41,"enemies":"Cultist and Chosen","floor":28,"turns":8},{"damage":18,"enemies":"Snecko","floor":29,"turns":9},{"damage":26,"enemies":"Snake Plant","floor":31,"turns":5},{"damage":50,"enemies":"Automaton","floor":33,"turns":16},{"damage":38,"enemies":"3 Darklings","floor":35,"turns":6},{"damage":6,"enemies":"Orb Walker","floor":37,"turns":4},{"damage":51,"enemies":"Sphere and 2 Shapes","floor":38,"turns":5}],"seed_played":"-15198895433955823","potions_obtained":[{"floor":3.0,"key":"SteroidPotion"},{"floor":4.0,"key":"Energy Potion"},{"floor":8.0,"key":"SkillPotion"},{"floor":13.0,"key":"Milkshake"},{"floor":29,"key":"ExcitationPotion"}],"is_trial":false,"path_per_floor":["M","?","M","M","$","E","R","M","T","?","?","M","M","?","R","B",null,"M","$","M","?","?","R","M","R","T","R","M","M","R","M","R_BF","B",null,"M","?","M","M"],"character_chosen":"THE_CURSED","items_purchased":["TheCursedMod:ReleasedStrength","TheCursedMod:TacticalStrike","ReplayTheSpireMod:Brewmster"],"campfire_rested":5,"item_purchase_floors":[5,19,19],"current_hp_per_floor":[81,81,81,81,81,59,59,48,48,32,32,29,3,3,27,35,82,43,58,19,19,19,43,8,32,32,56,17,3,27,7,31,40,82,46,46,40,0,0],"gold":241,"neow_bonus":"TEN_PERCENT_HP_BONUS","is_daily":false,"chose_seed":false,"campfire_upgraded":1,"win_rate":0.0,"timestamp":1611953292,"path_taken":["M","?","M","M","$","E","R","M","T","?","?","M","?","?","R","BOSS","M","$","?","?","?","R","M","R","T","R","M","M","R","M","R_BF","BOSS","M","?","M","?"],"items_purchased_type":["Card","Card","Card"],"build_version":"2020-12-22","purchased_purges":0,"victory":false,"max_hp_per_floor":[82,82,82,82,82,82,82,82,82,82,82,82,82,82,82,82,82,82,82,82,82,82,82,82,82,82,82,82,82,82,82,82,82,82,82,82,82,82,82],"card_choices":[{"not_picked":["TheCursedMod:WearCloak","TheCursedMod:SmokeScreen"],"picked":"TheCursedMod:Wield","floor":1.0},{"not_picked":["TheCursedMod:Wield","TheCursedMod:RavingStaff"],"picked":"TheCursedMod:CursedShiv","floor":3.0},{"not_picked":["TheCursedMod:CircleOfCorruption","WeaponsOverheat"],"picked":"Glacier","floor":4.0},{"not_picked":["Genetic Algorithm","TheCursedMod:SoulCrush"],"picked":"Turbo","floor":6.0},{"not_picked":["Iron Wave","Rebound"],"picked":"TheCursedMod:RapidMovement","floor":8.0},{"not_picked":["Reaper","WeaponsOverheat"],"picked":"TheCursedMod:CursedBlade","floor":12.0},{"not_picked":["Clash","Beam Cell","Rip and Tear"],"picked":"SKIP","floor":13.0},{"not_picked":["Mirror Shield","Barricade"],"picked":"Limit Break","floor":16.0},{"not_picked":["TheCursedMod:CursedMace","TheCursedMod:VitalStrike"],"picked":"TheCursedMod:Obscuration","floor":18},{"not_picked":["Scorching Beam","Flex"],"picked":"TheCursedMod:ReleasedStrength+1","floor":20},{"not_picked":["Recycle+1","Defragment"],"picked":"TheCursedMod:CursedShiv+1","floor":24},{"not_picked":["ReplayTheSpireMod:System Scan","Heavy Blade"],"picked":"TheCursedMod:ManaCirculation","floor":28},{"not_picked":["Heavy Blade","TheCursedMod:Torture"],"picked":"Beam Cell+1","floor":29},{"not_picked":["TheCursedMod:RavingStaff","ReplayTheSpireMod:Repulse","ReplayTheSpireMod:Muscle Training"],"picked":"SKIP","floor":31},{"not_picked":["TheCursedMod:ManaCirculation","Firewall"],"picked":"Offering","floor":33},{"not_picked":["TheCursedMod:CursedBlade","TheCursedMod:CursedMace+1"],"picked":"TheCursedMod:HellfireBreathing+1","floor":35},{"not_picked":["TheCursedMod:VitalStrike+1","TheCursedMod:CircleOfCorruption+1"],"picked":"TheCursedMod:WearCloak","floor":37}],"player_experience":163637,"relics_obtained":[{"floor":6.0,"key":"MealTicket"},{"floor":9.0,"key":"Snack Pack"},{"floor":26,"key":"Lizard Tail"}],"event_choices":[{"damage_healed":0.0,"max_hp_gain":0.0,"max_hp_loss":0.0,"gold_gain":0.0,"event_name":"Shining Light","player_choice":"Entered Light","floor":10.0,"gold_loss":0.0,"damage_taken":16.0,"cards_upgraded":["TheCursedMod:Defend_TheCursed","TheCursedMod:Strike_TheCursed"]},{"damage_healed":0.0,"max_hp_gain":0.0,"max_hp_loss":0.0,"gold_gain":0.0,"event_name":"FaceTrader","player_choice":"Trade","floor":11.0,"gold_loss":0.0,"damage_taken":0.0,"relics_obtained":["CultistMask"]},{"damage_healed":0.0,"max_hp_gain":0.0,"max_hp_loss":0.0,"gold_gain":0.0,"cards_transformed":["TheCursedMod:Defend_TheCursed"],"event_name":"Transmorgrifier","player_choice":"Transformed","floor":14.0,"gold_loss":0.0,"damage_taken":0.0,"cards_obtained":["TheCursedMod:SmokeScreen"]},{"damage_healed":0,"gold_gain":0,"cards_transformed":["TheCursedMod:Strike_TheCursed"],"player_choice":"Transformed","damage_taken":0,"max_hp_gain":0,"max_hp_loss":0,"event_name":"Transmorgrifier","floor":36,"gold_loss":0,"cards_obtained":["TheCursedMod:CursedMace"]}],"is_beta":false,"boss_relics":[{"not_picked":["infinitespire:Cupcake","Ectoplasm"],"picked":"TheCursedMod:FourLeafCloverCharm"},{"not_picked":["Runic Dome","Busted Crown"],"picked":"TheCursedMod:OminousMark"}],"items_purged_floors":[],"is_endless":false,"potions_floor_spawned":[3,4,8,12,13,28,29],"killed_by":"Sphere and 2 Shapes","ascension_level":0}}