{"host":"w3znmyy6nqoc7418","time":1611934533,"event":{"mods":["BaseMod","Minty Spire (QoL Compilation)","Replay The Spire","Shop Mod","StSLib"],"gold_per_floor":[112,62,62,62,74,100,100,126,126,152,168,168,168,183,183,278,278,295,295,295,295,108,142,142,167,193,193,225,225,50,69,69,172,172,184,196,196,390,24,24,57,68,91,91,117,117,129,145,145,145,145,145,19,54,54,54],"floor_reached":55,"language":"ZHS","playtime":1997,"items_purged":["Strike_G","Strike_G","Strike_G"],"score":1041,"play_id":"07745fa1-260b-4a8f-acda-a64b77ba0e25","local_time":"20210129233533","is_ascension_mode":true,"campfire_choices":[{"data":"Accuracy","floor":7.0,"key":"SMITH"},{"data":"Accuracy","floor":24.0,"key":"SMITH"},{"data":"Blade Dance","floor":32.0,"key":"SMITH"},{"data":"After Image","floor":40.0,"key":"SMITH"},{"data":"Burst","floor":46.0,"key":"SMITH"},{"floor":49.0,"key":"RECALL"},{"data":"Pot Of Greed","floor":52.0,"key":"SMITH"}],"circlet_count":0,"master_deck":["Defend_G","Defend_G","Defend_G","Defend_G","Defend_G","Survivor","Neutralize","Cloak And Dagger","Accuracy+1","After Image+1","Blade Dance+1","Noxious Fumes","Prepared","Blade Dance+1","Storm of Steel+1","Cloak And Dagger+1","Accuracy+1","Masterful Stab","ReplayTheSpireMod:Tripwire","Acrobatics","CurseOfTheBell","Accuracy","Blur+1","Blade Dance+1","Pot Of Greed+1","Pot Of Greed","Pot Of Greed","Burst+1","Finisher+1"],"relics":["Ring of the Snake","NeowsBlessing","Replay:Multitool","Boot","Replay:Bottled Steam","Vajra","ReplayTheSpireMod:TigerMarble","Philosopher\u0027s Stone","Quantum Egg","Replay:Baseball","Sundial","Replay:Bottled Flurry","Calling Bell","Replay:Mystery Machine","Molten Egg 2","Ice Cream","Bottled Lightning","Replay:Ringing Soul","Grinning Jar","Pet Ghost","FossilizedHelix"],"acts_visited":["Exordium","TheCity","TheBeyond","TheEnding"],"potions_floor_usage":[55,55],"damage_taken":[{"damage":0.0,"enemies":"2 Louse","floor":1.0,"turns":1.0},{"damage":0.0,"enemies":"Small Slimes","floor":5.0,"turns":1.0},{"damage":0.0,"enemies":"Lagavulin","floor":6.0,"turns":1.0},{"damage":47.0,"enemies":"Gremlin Nob","floor":8.0,"turns":7.0},{"damage":8.0,"enemies":"Lagavulin","floor":10.0,"turns":6.0},{"damage":0.0,"enemies":"Cultist","floor":11.0,"turns":3.0},{"damage":0.0,"enemies":"Blue Slaver","floor":14.0,"turns":3.0},{"damage":6.0,"enemies":"Fading Forest","floor":16.0,"turns":11.0},{"damage":1.0,"enemies":"3 Byrds","floor":18.0,"turns":4.0},{"damage":2.0,"enemies":"Book of Stabbing","floor":23.0,"turns":2.0},{"damage":22.0,"enemies":"Slavers","floor":25.0,"turns":3.0},{"damage":18.0,"enemies":"Book of Stabbing","floor":28.0,"turns":3.0},{"damage":0.0,"enemies":"2 Thieves","floor":31.0,"turns":1.0},{"damage":0.0,"enemies":"Collector","floor":33.0,"turns":3.0},{"damage":2.0,"enemies":"3 Darklings","floor":35.0,"turns":3.0},{"damage":4.0,"enemies":"Orb Walker","floor":36.0,"turns":3.0},{"damage":10.0,"enemies":"R_Hoarder","floor":41.0,"turns":6.0},{"damage":0.0,"enemies":"Maw","floor":42.0,"turns":4.0},{"damage":0.0,"enemies":"Giant Head","floor":45.0,"turns":4.0},{"damage":0.0,"enemies":"Transient","floor":47.0,"turns":5.0},{"damage":0.0,"enemies":"Writhing Mass","floor":48.0,"turns":4.0},{"damage":35.0,"enemies":"Donu and Deca","floor":50.0,"turns":7.0},{"damage":43.0,"enemies":"Shield and Spear","floor":54.0,"turns":4.0},{"damage":57,"enemies":"The Heart","floor":55,"turns":4}],"seed_played":"9072416643919737616","potions_obtained":[{"floor":8.0,"key":"LiquidMemories"},{"floor":10.0,"key":"BlessingOfTheForge"},{"floor":11.0,"key":"Milkshake"},{"floor":18.0,"key":"Dexterity Potion"},{"floor":28.0,"key":"Poison Potion"},{"floor":42.0,"key":"SpeedPotion"},{"floor":54.0,"key":"GamblersBrew"}],"is_trial":false,"path_per_floor":["M","?","$","?","M","E","R","E","T","E","M","T","?","M","R","B",null,"M","?","?","T","$","E","R","E","T","?","E","R","$","M","R","B",null,"M","M","?","?","$","R","E","M","T","?","E","R","M","M","R","B",null,"R","$","E","B"],"character_chosen":"THE_SILENT","items_purchased":["Cloak And Dagger+1","Accuracy","CunningPotion","Bottled Lightning","Finisher+1","BlessingOfTheForge"],"campfire_rested":0,"item_purchase_floors":[22,22,30,39,53,53],"current_hp_per_floor":[70,70,70,70,70,70,70,23,23,15,15,15,15,15,36,38,70,69,69,56,56,56,54,54,32,32,57,39,61,61,61,61,61,75,73,69,69,69,69,69,59,59,62,62,65,65,65,65,65,30,77,77,80,37,0,0],"gold":54,"neow_bonus":"THREE_ENEMY_KILL","is_daily":false,"chose_seed":false,"campfire_upgraded":6,"win_rate":0.0,"timestamp":1611934533,"path_taken":["M","?","$","?","?","E","R","E","T","E","M","?","?","M","R","BOSS","M","?","?","?","$","E","R","E","T","?","E","R","?","?","R","BOSS","M","M","?","?","?","R","E","M","T","?","E","R","M","M","R","BOSS","R","$","E","BOSS"],"items_purchased_type":["Card","Card","Potion","Relic","Card","Potion"],"build_version":"2020-12-22","purchased_purges":3,"victory":false,"max_hp_per_floor":[70,70,70,70,70,70,70,70,70,70,70,70,70,70,70,70,70,70,70,75,75,75,75,75,75,75,75,75,75,75,75,75,75,75,75,75,75,75,75,75,75,75,78,74,77,77,77,77,77,77,77,77,80,80,80,80],"card_choices":[{"not_picked":["Sucker Punch","Acrobatics"],"picked":"Cloak And Dagger","floor":1.0},{"not_picked":["Deflect","Dagger Spray"],"picked":"Accuracy","floor":5.0},{"not_picked":["Hidden Blade","Footwork"],"picked":"After Image","floor":6.0},{"not_picked":["Slice","Acrobatics"],"picked":"Blade Dance","floor":8.0},{"not_picked":["Quick Slash","Flying Knee"],"picked":"Noxious Fumes","floor":10.0},{"not_picked":["ReplayTheSpireMod:Shiv Toss","Well Laid Plans"],"picked":"Prepared","floor":11.0},{"not_picked":["Quick Slash","Slice"],"picked":"Blade Dance","floor":14.0},{"not_picked":["Glass Knife","After Image"],"picked":"Storm of Steel","floor":16.0},{"not_picked":["Dagger Throw","Prepared","Distraction"],"picked":"SKIP","floor":18.0},{"not_picked":["Riddle With Holes","Backflip+1","Doppelganger"],"picked":"SKIP","floor":23.0},{"not_picked":["Dodge and Roll","Eviscerate+1"],"picked":"Masterful Stab","floor":25.0},{"not_picked":["Outmaneuver","Cloak And Dagger"],"picked":"ReplayTheSpireMod:Tripwire","floor":28.0},{"not_picked":["Draining Mist","Noxious Fumes"],"picked":"Acrobatics","floor":31.0},{"not_picked":["ReplayTheSpireMod:Necrosis","Storm of Steel"],"picked":"Atom Bomb","floor":33.0},{"not_picked":["Catalyst","PiercingWail+1"],"picked":"Accuracy","floor":35.0},{"not_picked":["Deflect+1","Outmaneuver"],"picked":"Blur+1","floor":36.0},{"not_picked":["Eviscerate+1","Dodge and Roll+1"],"picked":"Blade Dance+1","floor":38.0},{"not_picked":["Poisoned Stab+1","Slice+1","Flying Knee+1"],"picked":"SKIP","floor":41.0},{"not_picked":["Flying Knee+1","ReplayTheSpireMod:Speed Training+1","Outmaneuver"],"picked":"SKIP","floor":42.0},{"not_picked":["Blade Dance","Dagger Throw+1"],"picked":"Burst","floor":45.0},{"not_picked":["Outmaneuver+1","Slice+1","ReplayTheSpireMod:Speed Training+1"],"picked":"SKIP","floor":47.0},{"not_picked":["Bouncing Flask","Deflect+1","Endless Agony+1"],"picked":"SKIP","floor":48.0},{"not_picked":["Dagger Spray+1","Backflip+1","All Out Attack+1"],"picked":"SKIP","floor":54.0}],"player_experience":66651,"relics_obtained":[{"floor":6.0,"key":"Replay:Multitool"},{"floor":8.0,"key":"Boot"},{"floor":9.0,"key":"Replay:Bottled Steam"},{"floor":10.0,"key":"Vajra"},{"floor":12.0,"key":"ReplayTheSpireMod:TigerMarble"},{"floor":21.0,"key":"Quantum Egg"},{"floor":23.0,"key":"Replay:Baseball"},{"floor":25.0,"key":"Sundial"},{"floor":28.0,"key":"Replay:Bottled Flurry"},{"floor":34.0,"key":"Replay:Mystery Machine"},{"floor":34.0,"key":"Molten Egg 2"},{"floor":34.0,"key":"Ice Cream"},{"floor":41.0,"key":"Replay:Ringing Soul"},{"floor":43.0,"key":"Grinning Jar"},{"floor":45.0,"key":"Pet Ghost"},{"floor":54.0,"key":"FossilizedHelix"}],"event_choices":[{"cards_removed":["Strike_G"],"damage_healed":0.0,"max_hp_gain":0.0,"max_hp_loss":0.0,"gold_gain":0.0,"event_name":"The Cleric","player_choice":"Card Removal","floor":2.0,"gold_loss":50.0,"damage_taken":0.0},{"cards_removed":["Strike_G"],"damage_healed":0.0,"max_hp_gain":0.0,"max_hp_loss":0.0,"gold_gain":0.0,"event_name":"Purifier","player_choice":"Purged","floor":4.0,"gold_loss":0.0,"damage_taken":0.0},{"damage_healed":0.0,"max_hp_gain":0.0,"max_hp_loss":0.0,"gold_gain":0.0,"event_name":"Vampires","player_choice":"Ignored","floor":19.0,"gold_loss":0.0,"damage_taken":0.0},{"damage_healed":0.0,"max_hp_gain":5.0,"max_hp_loss":0.0,"gold_gain":0.0,"event_name":"Forgotten Altar","player_choice":"Shed Blood","floor":20.0,"gold_loss":0.0,"damage_taken":18.0},{"damage_healed":25.0,"max_hp_gain":0.0,"max_hp_loss":0.0,"gold_gain":0.0,"event_name":"The Library","player_choice":"Heal","floor":27.0,"gold_loss":0.0,"damage_taken":0.0},{"cards_removed":["Atom Bomb"],"damage_healed":0.0,"max_hp_gain":0.0,"max_hp_loss":0.0,"gold_gain":0.0,"event_name":"Falling","player_choice":"Removed Attack","floor":37.0,"gold_loss":0.0,"damage_taken":0.0},{"damage_healed":0.0,"max_hp_gain":0.0,"max_hp_loss":4.0,"gold_gain":0.0,"event_name":"Winding Halls","player_choice":"Max HP","floor":44.0,"gold_loss":0.0,"damage_taken":0.0}],"is_beta":false,"boss_relics":[{"not_picked":["Ring of the Serpent","Abe\u0027s Treasure"],"picked":"Philosopher\u0027s Stone"},{"not_picked":["Astrolabe","Busted Crown"],"picked":"Calling Bell"}],"items_purged_floors":[22,30,39],"is_endless":false,"potions_floor_spawned":[8,10,11,18,28,33,42,54],"killed_by":"The Heart","ascension_level":4}}