{"host":"sum4dy402bbv9y4o","time":1611953378,"event":{"mods":["Aspiration","BaseMod","Conspire","Highlight Path","Minty Spire (QoL Compilation)","StSLib"],"gold_per_floor":[119,35,48,63,63,63,89,100,100,131,141,151,183,198,198,271,271,284,284,45,60,60,385,385,405,455,471,485,497,515,535,535,535,535],"floor_reached":33,"language":"ENG","playtime":1024,"items_purged":["Strike_P"],"score":640,"play_id":"b88bd98f-575a-45a0-bce5-5bf605583190","local_time":"20210129234938","is_ascension_mode":true,"campfire_choices":[{"data":"Eruption","floor":6,"key":"SMITH"},{"floor":15,"key":"REST"},{"data":"TalkToTheHand","floor":24,"key":"SMITH"},{"floor":32,"key":"REST"}],"circlet_count":0,"master_deck":["AscendersBane","Strike_P+1","Strike_P+1","Strike_P+1","Defend_P+1","Defend_P+1","Defend_P+1","Defend_P+1","Eruption+1","Vigilance","JustLucky","FearNoEvil","FollowUp","FlurryOfBlows","Tantrum","SashWhip","TalkToTheHand+1","BowlingBash","Consecrate","EmptyBody","Halt","MentalFortress","TalkToTheHand","MentalFortress","LikeWater","Adaptation","Perseverance","EmptyFist+1"],"relics":["PureWater","aspiration:Nostalgia","Ring of the Snake","Boot","Question Card","Prayer Wheel","Akabeko","conspire:SpecialSausage","Lantern","Old Coin","Strawberry"],"acts_visited":["Exordium","TheCity"],"potions_floor_usage":[7,7,12,23,23,33,33,33],"damage_taken":[{"damage":2,"enemies":"2 Louse","floor":1,"turns":4},{"damage":1,"enemies":"Cultist","floor":3,"turns":3},{"damage":0,"enemies":"Small Slimes","floor":4,"turns":2},{"damage":28,"enemies":"Lagavulin","floor":7,"turns":3},{"damage":0,"enemies":"Red Slaver","floor":8,"turns":1},{"damage":0,"enemies":"3 Sentries","floor":10,"turns":3},{"damage":3,"enemies":"Blue Slaver","floor":11,"turns":3},{"damage":4,"enemies":"Large Slime","floor":12,"turns":3},{"damage":4,"enemies":"Gremlin Nob","floor":13,"turns":3},{"damage":0,"enemies":"2 Fungi Beasts","floor":14,"turns":1},{"damage":4,"enemies":"Hexaghost","floor":16,"turns":6},{"damage":0,"enemies":"2 Thieves","floor":18,"turns":2},{"damage":0,"enemies":"Spheric Guardian","floor":21,"turns":1},{"damage":11,"enemies":"Gremlin Leader","floor":23,"turns":5},{"damage":0,"enemies":"Cultist and Chosen","floor":25,"turns":2},{"damage":0,"enemies":"Sentry and Sphere","floor":27,"turns":2},{"damage":13,"enemies":"Shelled Parasite and Fungi","floor":28,"turns":3},{"damage":0,"enemies":"Centurion and Healer","floor":29,"turns":5},{"damage":37,"enemies":"Snecko","floor":30,"turns":4},{"damage":1,"enemies":"3 Cultists","floor":31,"turns":3},{"damage":32,"enemies":"Automaton","floor":33,"turns":4}],"seed_played":"6161303515495624776","potions_obtained":[{"floor":1,"key":"SpeedPotion"},{"floor":4,"key":"Swift Potion"},{"floor":5,"key":"DuplicationPotion"},{"floor":7,"key":"ColorlessPotion"},{"floor":11,"key":"DuplicationPotion"},{"floor":12,"key":"SkillPotion"},{"floor":14,"key":"LiquidMemories"},{"floor":30,"key":"EntropicBrew"}],"is_trial":false,"path_per_floor":["M","$","M","M","?","R","E","M","T","E","M","M","E","M","R","B",null,"M","?","$","M","?","E","R","M","T","M","M","M","M","M","R","B"],"character_chosen":"WATCHER","items_purchased":["FearNoEvil","Lantern"],"campfire_rested":2,"item_purchase_floors":[2,20],"current_hp_per_floor":[59,59,58,58,58,58,30,30,30,30,27,23,19,19,39,35,60,60,60,60,60,60,49,49,49,56,56,43,43,6,5,27,0,0],"gold":535,"neow_bonus":"NOSTALGIA","is_daily":false,"chose_seed":false,"campfire_upgraded":2,"win_rate":0.0,"timestamp":1611953378,"path_taken":["M","$","M","M","?","R","E","M","T","E","M","M","E","?","R","BOSS","M","?","$","?","?","E","R","M","T","M","M","M","M","M","R","BOSS"],"items_purchased_type":["Card","Relic"],"build_version":"2020-12-22","purchased_purges":1,"victory":false,"max_hp_per_floor":[68,68,68,68,68,68,68,68,68,68,68,68,68,68,68,68,68,68,68,68,68,68,68,68,68,75,75,75,75,75,75,75,75,75],"card_choices":[{"not_picked":["InnerPeace","Wireheading"],"picked":"JustLucky","floor":1},{"not_picked":["FlyingSleeves","Meditate"],"picked":"FollowUp","floor":3},{"not_picked":["FearNoEvil","SashWhip"],"picked":"FlurryOfBlows","floor":4},{"not_picked":["WindmillStrike","SignatureMove"],"picked":"Tantrum","floor":7},{"not_picked":["DeceiveReality","CarveReality"],"picked":"SashWhip","floor":8},{"not_picked":["Halt","MentalFortress","Wireheading"],"picked":"TalkToTheHand","floor":10},{"not_picked":["ClearTheMind","Vengeance","Prostrate"],"picked":"BowlingBash","floor":11},{"not_picked":["Prostrate","ClearTheMind","CrushJoints"],"picked":"Consecrate","floor":11},{"not_picked":["Sanctity","Evaluate","SashWhip"],"picked":"EmptyBody","floor":12},{"not_picked":["ClearTheMind","Scrawl","Crescendo","ThirdEye"],"picked":"SKIP","floor":12},{"not_picked":["Consecrate","Blasphemy","ClearTheMind"],"picked":"Halt","floor":13},{"not_picked":["Evaluate","PathToVictory","Prostrate"],"picked":"MentalFortress","floor":14},{"not_picked":["FlyingSleeves","BowlingBash","CrushJoints"],"picked":"TalkToTheHand","floor":14},{"not_picked":["FlurryOfBlows","Protect+1","BowlingBash"],"picked":"MentalFortress","floor":18},{"not_picked":["Swivel","EmptyMind","Consecrate","FollowUp"],"picked":"SKIP","floor":18},{"not_picked":["Study","Prostrate","CrushJoints","JustLucky"],"picked":"SKIP","floor":21},{"not_picked":["FlyingSleeves","Halt","EmptyMind","Consecrate"],"picked":"SKIP","floor":21},{"not_picked":["Consecrate","Halt","Crescendo","Evaluate"],"picked":"SKIP","floor":23},{"not_picked":["Evaluate","Halt","CrushJoints","EmptyBody"],"picked":"SKIP","floor":25},{"not_picked":["FollowUp","BowlingBash","Weave+1","ClearTheMind+1"],"picked":"SKIP","floor":25},{"not_picked":["Worship","FearNoEvil","Fasting2+1"],"picked":"Adaptation","floor":27},{"not_picked":["Collect","Perseverance","Wallop","Evaluate"],"picked":"SKIP","floor":27},{"not_picked":["Crescendo","Sanctity","BattleHymn"],"picked":"Perseverance","floor":28},{"not_picked":["Weave","SashWhip","FearNoEvil+1","SpiritShield"],"picked":"SKIP","floor":28},{"not_picked":["Consecrate","Wireheading","WreathOfFlame","CarveReality"],"picked":"SKIP","floor":29},{"not_picked":["Perseverance","PathToVictory","Prostrate","Crescendo"],"picked":"SKIP","floor":29},{"not_picked":["Adaptation","Crescendo","CrushJoints"],"picked":"EmptyFist+1","floor":30},{"not_picked":["Adaptation","Vengeance","SashWhip","BowlingBash"],"picked":"SKIP","floor":30},{"not_picked":["SignatureMove","BattleHymn","ClearTheMind","SashWhip"],"picked":"SKIP","floor":31},{"not_picked":["FlurryOfBlows+1","FollowUp","Meditate","FlyingSleeves"],"picked":"SKIP","floor":31}],"player_experience":3024541,"relics_obtained":[{"floor":7,"key":"Boot"},{"floor":9,"key":"Question Card"},{"floor":10,"key":"Prayer Wheel"},{"floor":13,"key":"Akabeko"},{"floor":23,"key":"Old Coin"},{"floor":26,"key":"Strawberry"}],"event_choices":[{"damage_healed":0,"gold_gain":0,"player_choice":"Got Potions","damage_taken":0,"max_hp_gain":0,"max_hp_loss":0,"event_name":"Lab","floor":5,"gold_loss":0},{"damage_healed":0,"gold_gain":0,"player_choice":"1 cards matched","damage_taken":0,"max_hp_gain":0,"max_hp_loss":0,"event_name":"Match and Keep!","floor":19,"gold_loss":0,"cards_obtained":["LikeWater"]},{"damage_healed":0,"gold_gain":0,"player_choice":"Simplicity","damage_taken":0,"max_hp_gain":0,"max_hp_loss":0,"event_name":"Back to Basics","floor":22,"gold_loss":0,"cards_upgraded":["Strike_P","Strike_P","Strike_P","Defend_P","Defend_P","Defend_P","Defend_P"]}],"is_beta":false,"boss_relics":[{"not_picked":["Philosopher\u0027s Stone","Sozu"],"picked":"conspire:SpecialSausage"}],"items_purged_floors":[20],"is_endless":false,"potions_floor_spawned":[1,4,7,11,12,14,16,18,21,30],"killed_by":"Automaton","ascension_level":20}}