{"host":"xvjtz0l6trtfk8cl","time":1611945603,"event":{"mods":["BaseMod","Better Altar","Better Third Choice","Downfall","Fox Events","Hermit","Magitek Elite","Minty Spire (QoL Compilation)","StSLib","The Bladedancer","The Death Knight","The Hierophant","The Necromancer","Waifu the Spire"],"gold_per_floor":[99,99,132,38,55,68,192,192,206,206,238,238,238,74,85,186,263,263,279,299,309,309,309,386,402,657,110,110,110,110],"floor_reached":28,"language":"ENG","playtime":9744,"items_purged":["bronze:Strike","bronze:Strike"],"score":216,"play_id":"f025aed4-8c88-46ad-b298-c19899446e8b","local_time":"20210129124003","is_ascension_mode":false,"campfire_choices":[{"data":"bronze:Replicate","floor":1,"key":"SMITH"},{"data":"bronze:DelayedSlice","floor":8,"key":"SMITH"},{"data":"bronze:ClassDefault","floor":10,"key":"SMITH"},{"floor":12,"key":"REST"},{"data":"bronze:ForLoop","floor":18,"key":"SMITH"},{"data":"bronze:Optimize","floor":23,"key":"SMITH"}],"circlet_count":0,"master_deck":["bronze:Strike","bronze:Strike","bronze:Defend","bronze:Defend","bronze:Defend","bronze:Defend","bronze:Replicate+1","bronze:Goto","bronze:ChosenStrike+1","bronze:Optimize+1","bronze:DelayedSlice+1","bronze:ClassDefault+1","bronze:ForLoop+1","bronze:ThunderWave"],"relics":["bronze:BronzeCore","downfall:ShatteredFragment","foxEvents:LuckyCharm","Tintinnabulum","Ribbon","Lantern","Black Star","bronze:ProtectiveGoggles","Calipers","Sling"],"acts_visited":["Exordium","TheCity"],"potions_floor_usage":[9,11,16,16,16,21,28,28],"damage_taken":[{"damage":14,"enemies":"Colosseum Slavers","floor":3,"turns":4},{"damage":0,"enemies":"downfall:FleeingMerchant","floor":4,"turns":4},{"damage":8,"enemies":"2 Louse","floor":5,"turns":3},{"damage":4,"enemies":"Small Slimes","floor":6,"turns":4},{"damage":1,"enemies":"Jaw Worm","floor":9,"turns":3},{"damage":16,"enemies":"Lagavulin","floor":11,"turns":4},{"damage":5,"enemies":"downfall:FleeingMerchant","floor":14,"turns":4},{"damage":10,"enemies":"Exordium Thugs","floor":15,"turns":3},{"damage":12,"enemies":"DF_ARCHETYPE_STREAMLINE","floor":16,"turns":6},{"damage":10,"enemies":"Shell Parasite","floor":19,"turns":3},{"damage":0,"enemies":"Spheric Guardian","floor":20,"turns":2},{"damage":5,"enemies":"Snecko","floor":21,"turns":3},{"damage":36,"enemies":"Snake Plant","floor":25,"turns":4},{"damage":16,"enemies":"downfall:FleeingMerchant","floor":26,"turns":4},{"damage":22,"enemies":"Book of Stabbing","floor":28,"turns":4}],"seed_played":"-4349336960995355892","potions_obtained":[{"floor":9,"key":"EntropicBrew"},{"floor":15,"key":"DeathKnight:RimePotion"},{"floor":16,"key":"DuplicationPotion"},{"floor":19,"key":"LiquidMemories"},{"floor":20,"key":"DuplicationPotion"}],"is_trial":false,"path_per_floor":["R","?","?","$","M","M","T","R","M","R","E","R","?","$","M","B",null,"R","M","M","M","?","R","T","M","$","$","E"],"character_chosen":"THE_AUTOMATON","items_purchased":["bronze:Optimize","Lantern","Calipers","Sling"],"campfire_rested":1,"item_purchase_floors":[4,14,27,27],"current_hp_per_floor":[77,56,42,42,34,30,30,31,31,32,17,41,42,38,29,18,77,77,67,68,64,65,66,67,32,17,18,0,0,0],"gold":110,"neow_bonus":"TEN_PERCENT_HP_BONUS","is_daily":false,"chose_seed":false,"campfire_upgraded":5,"win_rate":0.0,"timestamp":1611945603,"path_taken":["R","?","?","$","M","M","T","R","M","R","E","R","?","$","M","BOSS","R","M","M","M","?","R","T","M","?","$","E"],"items_purchased_type":["Card","Relic","Relic","Relic"],"build_version":"2020-12-22","purchased_purges":2,"victory":false,"max_hp_per_floor":[77,77,77,77,77,77,77,77,77,77,77,77,77,77,77,77,77,77,77,77,77,77,77,77,77,77,77,77,77,77],"card_choices":[{"not_picked":["bronze:FineTuning","bronze:Branch"],"picked":"bronze:ChosenStrike","floor":4},{"not_picked":["bronze:Iterate","bronze:FineTuning"],"picked":"bronze:DelayedSlice","floor":5},{"not_picked":["bronze:Overheat","bronze:Turbo","bronze:Optimize"],"picked":"SKIP","floor":6},{"not_picked":["bronze:OilSpill","bronze:DelayedSlice"],"picked":"bronze:ClassDefault","floor":9},{"not_picked":["bronze:BurnOut","bronze:Shield","bronze:ItsAFeature"],"picked":"SKIP","floor":11},{"not_picked":["bronze:OilSpill","bronze:GetLatest"],"picked":"bronze:ForLoop","floor":14},{"not_picked":["bronze:DelayedSlice","bronze:Overheat","bronze:ChosenStrike"],"picked":"SKIP","floor":15},{"not_picked":["bronze:ShipIt","bronze:HyperBeam"],"picked":"bronze:ThunderWave","floor":16},{"not_picked":["bronze:Branch","bronze:BuggyMess+1","bronze:Iterate"],"picked":"SKIP","floor":19},{"not_picked":["bronze:Overheat","bronze:Fortify","bronze:Philosophize"],"picked":"SKIP","floor":20},{"not_picked":["bronze:Deprecate","bronze:BitShift+1","bronze:Fortify"],"picked":"SKIP","floor":21},{"not_picked":["bronze:Branch","bronze:BugBarrage","bronze:Turbo"],"picked":"SKIP","floor":25},{"not_picked":["bronze:FineTuning+1","bronze:WildBeam","bronze:Invalidate"],"picked":"SKIP","floor":26}],"player_experience":28025,"relics_obtained":[{"floor":3,"key":"foxEvents:LuckyCharm"},{"floor":7,"key":"Tintinnabulum"},{"floor":11,"key":"Ribbon"},{"floor":24,"key":"bronze:ProtectiveGoggles"}],"event_choices":[{"damage_healed":0,"gold_gain":0,"player_choice":"Grow","damage_taken":0,"max_hp_gain":0,"max_hp_loss":0,"event_name":"Living Wall","floor":13,"gold_loss":0,"cards_upgraded":["bronze:ChosenStrike"]}],"is_beta":false,"boss_relics":[{"not_picked":["Runic Dome","Busted Crown"],"picked":"Black Star"}],"items_purged_floors":[26,27],"is_endless":false,"potions_floor_spawned":[9,15,16,19,20],"killed_by":"Book of Stabbing","ascension_level":0}}