{"host":"w97dq1whmpm6b2tc","time":1611935027,"event":{"mods":["BaseMod","Minty Spire (QoL Compilation)","Replay The Spire","StSLib","The Animator"],"gold_per_floor":[115,127,154,180,180,180,193,193,193],"floor_reached":8,"language":"ENG","playtime":858,"items_purged":[],"score":53,"play_id":"84fb4a11-d1fc-4278-b4fc-5ec56cf12cec","local_time":"20210129174347","is_ascension_mode":true,"campfire_choices":[{"data":"animator:AcuraAkari","floor":6,"key":"SMITH"}],"circlet_count":0,"master_deck":["animator:Strike_HitsugiNoChaika","animator:Defend_HitsugiNoChaika","animator:Strike","animator:Strike","animator:Strike","animator:Defend","animator:Defend","animator:Defend","animator:AcuraAkari+1","animator:Gillette","animator:Demiurge","animator:Guy","animator:Tet"],"relics":["animator:LivingPicture","animator:TheMissingPiece","NeowsBlessing","Golden Idol"],"acts_visited":["Exordium"],"potions_floor_usage":[7,8,8],"damage_taken":[{"damage":0,"enemies":"Cultist","floor":1,"turns":1},{"damage":0,"enemies":"2 Louse","floor":2,"turns":1},{"damage":0,"enemies":"Small Slimes","floor":3,"turns":1},{"damage":16,"enemies":"Red Slaver","floor":4,"turns":4},{"damage":12,"enemies":"Large Slime","floor":7,"turns":9},{"damage":26,"enemies":"3 Sentries","floor":8,"turns":7}],"seed_played":"5080745216565830141","potions_obtained":[{"floor":1,"key":"Block Potion"},{"floor":2,"key":"Elixir"},{"floor":3,"key":"animator:FalseLifePotion"}],"is_trial":false,"path_per_floor":["M","M","M","M","?","R","M","E"],"character_chosen":"THE_ANIMATOR","items_purchased":[],"campfire_rested":0,"item_purchase_floors":[],"current_hp_per_floor":[66,66,66,50,34,34,22,0,0],"gold":193,"neow_bonus":"THREE_ENEMY_KILL","is_daily":false,"chose_seed":false,"campfire_upgraded":1,"win_rate":0.0,"timestamp":1611935027,"path_taken":["M","?","?","M","?","R","M","E"],"items_purchased_type":[],"build_version":"2020-12-22","purchased_purges":0,"victory":false,"max_hp_per_floor":[66,66,66,66,66,66,66,66,66],"card_choices":[{"not_picked":["animator:MetalKnight","animator:CowGirl","animator:Jibril"],"picked":"SKIP","floor":1},{"not_picked":["animator:MetalKnight","animator:CowGirl","animator:Jibril"],"picked":"SKIP","floor":1},{"not_picked":["animator:Elsword","animator:LizardPriest","animator:Hakurou"],"picked":"SKIP","floor":2},{"not_picked":["animator:LizardPriest","animator:Raven"],"picked":"animator:Demiurge","floor":3},{"not_picked":["animator:AcuraAkari","animator:Gillette"],"picked":"animator:Guy","floor":4},{"not_picked":["animator:Tatsumaki","animator:DolaRiku"],"picked":"animator:Tet","floor":7}],"player_experience":3291188,"relics_obtained":[],"event_choices":[{"damage_healed":0,"gold_gain":0,"player_choice":"Take Damage","damage_taken":16,"relics_obtained":["Golden Idol"],"max_hp_gain":0,"max_hp_loss":0,"event_name":"Golden Idol","floor":5,"gold_loss":0}],"is_beta":false,"boss_relics":[],"items_purged_floors":[],"is_endless":false,"potions_floor_spawned":[1,2,3],"killed_by":"3 Sentries","ascension_level":1}}