{"host":"vm3f1ccwgbs4oygt","time":1611958722,"event":{"mods":["BaseMod","Bestiary","BetterRewards","Block Reminder","Colored Powertips","Highlight Path","Minty Spire (QoL Compilation)","Permanent Neow","Relic Stats","Shop Mod","StSLib"],"gold_per_floor":[113,131,55,65,77,77,107,107,107,135,111,129,129,162,162,264,264,245,262,273,198,498,532,532,561,586,605,634,559,27,39,39,140,140,152,152,198,217,178,212,212,246,246,246,246,91,104,124,124,124],"floor_reached":51,"language":"ENG","playtime":6278,"items_purged":["Strike_R"],"score":925,"play_id":"c38ef79a-0f1c-4f88-96c4-b98e0fc52ea9","local_time":"20210129231842","is_ascension_mode":true,"campfire_choices":[{"data":"Uppercut","floor":6,"key":"SMITH"},{"data":"Armaments","floor":8,"key":"SMITH"},{"data":"Seeing Red","floor":13,"key":"SMITH"},{"data":"Corruption","floor":15,"key":"SMITH"},{"data":"Juggernaut","floor":24,"key":"SMITH"},{"data":"Bludgeon","floor":32,"key":"SMITH"},{"data":"Battle Trance","floor":41,"key":"SMITH"},{"data":"Bash","floor":45,"key":"SMITH"},{"data":"Clothesline","floor":49,"key":"SMITH"}],"circlet_count":0,"master_deck":["Strike_R","Strike_R","Defend_R","Defend_R","Defend_R","Defend_R","Bash+1","Uppercut+1","Burning Pact","Power Through","Bludgeon+1","Armaments+1","Seeing Red+1","Clothesline+1","Corruption+1","Juggernaut+1","Battle Trance+1","Metallicize+1","Warcry+1","Burning Pact+1","Metallicize","Armaments+1","Impervious","Shrug It Off","Ghostly Armor","Shrug It Off","Feel No Pain","Bloodletting+1","Fire Breathing","Dark Embrace","Shrug It Off+1"],"relics":["Burning Blood","Blood Vial","Torii","Charon\u0027s Ashes","TungstenRod","Bottled Flame","Black Star","Old Coin","Juzu Bracelet","Lizard Tail","Gambling Chip","Anchor","Centennial Puzzle","Magic Flower","Omamori","Mango","Sling","Coffee Dripper","Calipers","Ancient Tea Set","Dream Catcher","Bag of Preparation","Unceasing Top","Smiling Mask"],"acts_visited":["Exordium","TheCity","TheBeyond"],"potions_floor_usage":[7,12,14,16,23,23,25,33,47,50,50],"damage_taken":[{"damage":6,"enemies":"Cultist","floor":1,"turns":3},{"damage":8,"enemies":"2 Louse","floor":2,"turns":2},{"damage":4,"enemies":"Small Slimes","floor":4,"turns":4},{"damage":31,"enemies":"Exordium Wildlife","floor":5,"turns":6},{"damage":22,"enemies":"Gremlin Nob","floor":7,"turns":5},{"damage":13,"enemies":"3 Sentries","floor":10,"turns":7},{"damage":10,"enemies":"Looter","floor":12,"turns":2},{"damage":9,"enemies":"Lagavulin","floor":14,"turns":6},{"damage":9,"enemies":"Hexaghost","floor":16,"turns":9},{"damage":17,"enemies":"2 Thieves","floor":18,"turns":4},{"damage":19,"enemies":"Shell Parasite","floor":19,"turns":6},{"damage":8,"enemies":"Centurion and Healer","floor":20,"turns":4},{"damage":9,"enemies":"Gremlin Leader","floor":23,"turns":6},{"damage":26,"enemies":"Book of Stabbing","floor":25,"turns":5},{"damage":0,"enemies":"Snecko","floor":27,"turns":4},{"damage":18,"enemies":"Gremlin Leader","floor":28,"turns":5},{"damage":0,"enemies":"Cultist and Chosen","floor":31,"turns":6},{"damage":44,"enemies":"Collector","floor":33,"turns":10},{"damage":0,"enemies":"Orb Walker","floor":35,"turns":4},{"damage":16,"enemies":"2 Orb Walkers","floor":37,"turns":5},{"damage":10,"enemies":"3 Darklings","floor":38,"turns":4},{"damage":25,"enemies":"Giant Head","floor":40,"turns":9},{"damage":66,"enemies":"Reptomancer","floor":42,"turns":5},{"damage":2,"enemies":"Sphere and 2 Shapes","floor":47,"turns":4},{"damage":4,"enemies":"Transient","floor":48,"turns":5},{"damage":0,"enemies":"Donu and Deca","floor":50,"turns":7}],"seed_played":"7654313862698612811","potions_obtained":[{"floor":1,"key":"BloodPotion"},{"floor":2,"key":"SpeedPotion"},{"floor":5,"key":"ColorlessPotion"},{"floor":7,"key":"Swift Potion"},{"floor":18,"key":"Regen Potion"},{"floor":19,"key":"PowerPotion"},{"floor":20,"key":"ColorlessPotion"},{"floor":25,"key":"EssenceOfSteel"},{"floor":40,"key":"Strength Potion"},{"floor":42,"key":"Swift Potion"}],"is_trial":false,"path_per_floor":["M","M","$","M","M","R","E","R","T","E","?","M","R","E","R","B",null,"M","M","M","$","?","E","R","E","T","M","E","?","$","M","R","B",null,"M","?","?","M","$","E","R","E","T","?","R","$","M","M","R","B",null],"character_chosen":"IRONCLAD","items_purchased":["Power Through","Mango","Metallicize","Sling","Feel No Pain","Dark Embrace","Regen Potion"],"campfire_rested":0,"item_purchase_floors":[3,30,30,30,39,46,46],"current_hp_per_floor":[80,78,78,80,55,55,41,41,41,36,36,50,50,49,49,48,80,69,58,58,58,58,72,72,54,54,62,52,52,66,78,78,46,94,94,94,87,89,89,76,76,22,22,22,22,22,46,54,54,66],"gold":124,"neow_bonus":"RANDOM_COMMON_RELIC","is_daily":false,"chose_seed":false,"campfire_upgraded":9,"win_rate":0.0,"timestamp":1611958722,"path_taken":["M","M","?","M","?","R","E","R","T","E","?","M","R","E","R","BOSS","M","M","M","$","?","E","R","E","T","M","E","?","?","M","R","BOSS","M","?","?","M","?","E","R","E","T","?","R","$","M","M","R","BOSS"],"items_purchased_type":["Card","Relic","Card","Relic","Card","Card","Potion"],"build_version":"2020-12-22","purchased_purges":1,"victory":true,"max_hp_per_floor":[80,80,80,80,80,80,80,80,80,80,80,80,80,80,80,80,80,80,80,80,80,80,80,80,80,80,80,80,80,94,94,94,94,94,94,94,94,94,94,94,94,94,94,94,94,94,94,94,94,94],"relic_stats":{"Torii":83,"counters":[26,137],"Magic Flower":[40],"Charon\u0027s Ashes":[880],"Juzu Bracelet":0,"Bag of Preparation":[6],"Smiling Mask":0,"Burning Blood":175,"Blood Vial":48,"Lizard Tail":0,"Centennial Puzzle":[24],"Dream Catcher":0,"Gambling Chip":[16],"Black Star":5,"obtain_stats":[{"Calipers":37,"Torii":7,"Magic Flower":28,"Mango":30,"Charon\u0027s Ashes":9,"Juzu Bracelet":23,"Omamori":28,"Bag of Preparation":42,"Sling":30,"Ancient Tea Set":40,"Smiling Mask":43,"Burning Blood":0,"Old Coin":22,"Blood Vial":0,"Bottled Flame":14,"Lizard Tail":23,"Anchor":25,"Centennial Puzzle":26,"Dream Catcher":40,"Gambling Chip":25,"Black Star":17,"Coffee Dripper":34,"TungstenRod":10,"Unceasing Top":42},{"Calipers":20,"Torii":5,"Magic Flower":16,"Mango":16,"Charon\u0027s Ashes":5,"Juzu Bracelet":13,"Omamori":16,"Bag of Preparation":23,"Sling":16,"Ancient Tea Set":22,"Smiling Mask":23,"Burning Blood":0,"Old Coin":12,"Blood Vial":0,"Bottled Flame":8,"Lizard Tail":13,"Anchor":14,"Centennial Puzzle":14,"Dream Catcher":22,"Gambling Chip":14,"Black Star":9,"Coffee Dripper":18,"TungstenRod":6,"Unceasing Top":23},{"Calipers":103,"Torii":20,"Magic Flower":78,"Mango":78,"Charon\u0027s Ashes":20,"Juzu Bracelet":64,"Omamori":78,"Bag of Preparation":121,"Sling":78,"Ancient Tea Set":116,"Smiling Mask":121,"Burning Blood":0,"Old Coin":58,"Blood Vial":0,"Bottled Flame":35,"Lizard Tail":64,"Anchor":69,"Centennial Puzzle":69,"Dream Catcher":116,"Gambling Chip":69,"Black Star":44,"Coffee Dripper":94,"TungstenRod":27,"Unceasing Top":121}],"TungstenRod":69,"Unceasing Top":[1]},"card_choices":[{"not_picked":["Iron Wave","Power Through"],"picked":"Uppercut","floor":1},{"not_picked":["Flex","Twin Strike"],"picked":"Burning Pact","floor":2},{"not_picked":["Flex","Infernal Blade"],"picked":"Bludgeon","floor":4},{"not_picked":["Searing Blow","Headbutt"],"picked":"Armaments","floor":5},{"not_picked":["Anger","Whirlwind"],"picked":"Seeing Red","floor":7},{"not_picked":["Carnage","Twin Strike"],"picked":"Clothesline","floor":10},{"not_picked":["Iron Wave","Pommel Strike","Rampage"],"picked":"SKIP","floor":12},{"not_picked":["Blood for Blood","Iron Wave"],"picked":"Corruption","floor":14},{"not_picked":["Limit Break","Offering"],"picked":"Juggernaut","floor":16},{"not_picked":["Iron Wave","Uppercut"],"picked":"Battle Trance","floor":18},{"not_picked":["Clothesline+1","Rampage","Uppercut"],"picked":"SKIP","floor":19},{"not_picked":["Iron Wave","Sword Boomerang","Infernal Blade"],"picked":"SKIP","floor":20},{"not_picked":["Ghostly Armor","Clash"],"picked":"Metallicize+1","floor":23},{"not_picked":["Second Wind","Wild Strike"],"picked":"Warcry+1","floor":25},{"not_picked":["Headbutt","Armaments","Twin Strike"],"picked":"SKIP","floor":27},{"not_picked":["Brutality","Heavy Blade"],"picked":"Burning Pact+1","floor":28},{"not_picked":["Perfected Strike","Combust"],"picked":"Armaments+1","floor":31},{"not_picked":["Corruption","Offering"],"picked":"Impervious","floor":33},{"not_picked":["Pommel Strike","Warcry+1"],"picked":"Shrug It Off","floor":35},{"not_picked":["Havoc","Heavy Blade"],"picked":"Ghostly Armor","floor":37},{"not_picked":["Havoc","Offering"],"picked":"Shrug It Off","floor":38},{"not_picked":["Pummel","Warcry"],"picked":"Bloodletting+1","floor":40},{"not_picked":["Clothesline","Pummel"],"picked":"Fire Breathing","floor":42},{"not_picked":["Heavy Blade+1","Second Wind+1"],"picked":"Shrug It Off+1","floor":47},{"not_picked":["Metallicize","Perfected Strike","Burning Pact+1"],"picked":"SKIP","floor":48}],"player_experience":985744,"relics_obtained":[{"floor":7,"key":"Torii"},{"floor":9,"key":"Charon\u0027s Ashes"},{"floor":10,"key":"TungstenRod"},{"floor":14,"key":"Bottled Flame"},{"floor":23,"key":"Juzu Bracelet"},{"floor":23,"key":"Lizard Tail"},{"floor":25,"key":"Gambling Chip"},{"floor":25,"key":"Anchor"},{"floor":26,"key":"Centennial Puzzle"},{"floor":28,"key":"Magic Flower"},{"floor":28,"key":"Omamori"},{"floor":37,"key":"Calipers"},{"floor":40,"key":"Ancient Tea Set"},{"floor":40,"key":"Dream Catcher"},{"floor":42,"key":"Bag of Preparation"},{"floor":42,"key":"Unceasing Top"},{"floor":43,"key":"Smiling Mask"}],"event_choices":[{"damage_healed":0,"gold_gain":0,"player_choice":"Left Gold","damage_taken":0,"max_hp_gain":0,"max_hp_loss":0,"event_name":"World of Goop","floor":11,"gold_loss":24},{"damage_healed":0,"gold_gain":0,"player_choice":"Opened","damage_taken":0,"relics_obtained":["Old Coin"],"max_hp_gain":0,"max_hp_loss":0,"event_name":"The Mausoleum","floor":22,"gold_loss":0},{"cards_removed":["Strike_R"],"damage_healed":0,"gold_gain":0,"player_choice":"Gave Gold","damage_taken":0,"max_hp_gain":0,"max_hp_loss":0,"event_name":"Beggar","floor":29,"gold_loss":75},{"cards_removed":["Strike_R"],"damage_healed":0,"gold_gain":0,"player_choice":"Removed Attack","damage_taken":0,"max_hp_gain":0,"max_hp_loss":0,"event_name":"Falling","floor":36,"gold_loss":0},{"damage_healed":0,"gold_gain":0,"player_choice":"Fight","damage_taken":0,"max_hp_gain":0,"max_hp_loss":0,"event_name":"Mysterious Sphere","floor":37,"gold_loss":0},{"damage_healed":0,"gold_gain":0,"player_choice":"Ignored","damage_taken":0,"max_hp_gain":0,"max_hp_loss":0,"event_name":"Tomb of Lord Red Mask","floor":44,"gold_loss":0}],"is_beta":false,"boss_relics":[{"not_picked":["Fusion Hammer","Cursed Key"],"picked":"Black Star"},{"not_picked":["Empty Cage","Black Blood"],"picked":"Coffee Dripper"}],"items_purged_floors":[21],"is_endless":false,"potions_floor_spawned":[1,2,5,7,18,19,20,25,40,42],"ascension_level":3}}