{"host":"o3b7ow6d1xe49css","time":1611908324,"event":{"mods":["Act Like it!","Aspiration","BaseMod","Bestiary","Better Altar","Better Match","Better Note","Better Sensory Stone","Better Skull","Better Third Choice","Colored Powertips","Conspire","Energized Spire","Force Act Four","GifTheSpireLib","Halation","Hermit","Hubris","Infinite Spire","Lobotomy","Minty Spire (QoL Compilation)","Quick Restart","Relic Filter Mod","Reliquary","Replay The Spire","Spicy Shops","Spikes Relics","Spire Arcade","StSLib","Stuff the Spire","The Blue Laboratory","Wandering Minibosses"],"gold_per_floor":[113,123,138,138,150,181,181,215,242,92,119,119,119,137,137,137,137],"floor_reached":16,"language":"ENG","playtime":410,"items_purged":["Strike_P"],"score":150,"play_id":"4e6cc6c8-8043-4946-9592-2d945c8d7247","local_time":"20210128231844","daily_mods":["Heirloom","Flight"],"is_ascension_mode":true,"campfire_choices":[{"data":"Eruption","floor":7,"key":"SMITH"},{"data":"CrushJoints","floor":12,"key":"SMITH"},{"data":"Fasting2","floor":13,"key":"SMITH"},{"data":"FlurryOfBlows","floor":15,"key":"SMITH"}],"circlet_count":0,"master_deck":["Strike_P","Strike_P","Strike_P","Defend_P","Defend_P","Defend_P","Defend_P","Eruption+1","Vigilance","OldLady","CrushJoints+1","UniverseFragment","Fasting2+1","GreedKing","FollowUp","FlurryOfBlows+1","BowlingBash","Scorched","CutThroughFate","OSAHOGD","Indignation"],"relics":["PureWater","Ring of Chaos","GoldenEye","CogitoBucket","Bottled Lightning","reliquary:RoseTintedGlasses","reliquary:ExpiredCoupon","HellTrain"],"acts_visited":["Exordium"],"potions_floor_usage":[6,11,16],"damage_taken":[{"damage":2,"enemies":"Cultist","floor":1,"turns":3},{"damage":0,"enemies":"Jaw Worm","floor":2,"turns":3},{"damage":0,"enemies":"Small Slimes","floor":3,"turns":2},{"damage":6,"enemies":"Looter","floor":5,"turns":2},{"damage":1,"enemies":"Gremlin Nob","floor":6,"turns":4},{"damage":17,"enemies":"Lagavulin","floor":8,"turns":7},{"damage":2,"enemies":"3 Sentries","floor":11,"turns":3},{"damage":11,"enemies":"Large Slime","floor":14,"turns":1},{"damage":51,"enemies":"The Guardian","floor":16,"turns":5}],"seed_played":"-7650219520890748877","potions_obtained":[{"floor":2,"key":"blueLaboratory:TrueEctoplasm"},{"floor":6,"key":"blueLaboratory:PressurePotion"},{"floor":8,"key":"SteroidPotion"},{"floor":11,"key":"DistilledChaos"}],"is_trial":true,"path_per_floor":["M","M","M","?","M","E","R","E","T","$","E","R","R","M","R","B"],"character_chosen":"WATCHER","items_purchased":["FlurryOfBlows","BowlingBash"],"campfire_rested":0,"item_purchase_floors":[10,10],"current_hp_per_floor":[70,70,70,70,64,63,63,46,46,46,44,44,44,33,33,0,0],"gold":137,"neow_bonus":"","is_daily":false,"chose_seed":false,"campfire_upgraded":4,"win_rate":0.0,"timestamp":1611908324,"path_taken":["M","M","M","?","M","E","R","E","T","$","E","R","R","M","R","BOSS"],"items_purchased_type":["Card","Card"],"build_version":"2020-12-22","purchased_purges":1,"victory":false,"max_hp_per_floor":[72,72,72,72,72,72,72,72,72,72,72,72,72,72,72,72,72],"card_choices":[{"not_picked":["MeatLantern","OSAHOGD"],"picked":"OldLady","floor":1},{"not_picked":["Protect","FlyingSleeves"],"picked":"CrushJoints","floor":1},{"not_picked":["Mercenary","ShyLook"],"picked":"UniverseFragment","floor":2},{"not_picked":["Replay:ManipulateFuture","CutThroughFate"],"picked":"Fasting2","floor":2},{"not_picked":["CherryBlossoms","OSAHOGD","Wellcheers"],"picked":"Singing Bowl","floor":3},{"not_picked":["Study","ReachHeaven","Nirvana"],"picked":"SKIP","floor":3},{"not_picked":["Scarecrow","SingingMachine"],"picked":"GreedKing","floor":5},{"not_picked":["Fasting2","SashWhip"],"picked":"FollowUp","floor":5},{"not_picked":["CrumblingArmor","FieryBird","PunishingBird"],"picked":"Singing Bowl","floor":6},{"not_picked":["WindmillStrike","Sanctity","Weave"],"picked":"SKIP","floor":6},{"not_picked":["PunishingBird","Murderer","ShyLook"],"picked":"Singing Bowl","floor":8},{"not_picked":["SashWhip","Nirvana","Perseverance"],"picked":"SKIP","floor":8},{"not_picked":["CherryBlossoms","Alriune"],"picked":"Scorched","floor":11},{"not_picked":["Pray","Indignation"],"picked":"CutThroughFate","floor":11},{"not_picked":["MeatLantern","CherryBlossoms"],"picked":"OSAHOGD","floor":14},{"not_picked":["Pray","ReachHeaven"],"picked":"Indignation","floor":14}],"player_experience":1886043,"relics_obtained":[{"floor":6,"key":"Bottled Lightning"},{"floor":8,"key":"reliquary:RoseTintedGlasses"},{"floor":11,"key":"reliquary:ExpiredCoupon"}],"event_choices":[{"damage_healed":0,"gold_gain":0,"player_choice":"Leave","damage_taken":0,"max_hp_gain":0,"max_hp_loss":0,"event_name":"The Cleric","floor":4,"gold_loss":0}],"is_beta":false,"boss_relics":[],"items_purged_floors":[10],"is_endless":false,"potions_floor_spawned":[2,6,8,11],"killed_by":"The Guardian","ascension_level":5}}