{"host":"94aus4jnk6thj94q","time":1611915337,"event":{"mods":["BaseMod","Minty Spire (QoL Compilation)","Quick Restart","StSLib"],"gold_per_floor":[118,118,36,47,59,86,86,96,96,115,142,142,159,7,7,105,105,122,134,134,145,156,187,199,199,250,269,284,284,314,13,13,116,116,136,148,164,181,181,181,192,192,192,192,211,211,561,574,574,574],"floor_reached":51,"language":"ENG","playtime":32327,"items_purged":["Pain"],"score":830,"play_id":"c781c892-57f9-48c1-8c69-84a2cb22824d","local_time":"20210129121537","is_ascension_mode":false,"campfire_choices":[{"floor":7.0,"key":"RECALL"},{"floor":12.0,"key":"REST"},{"data":"Feed","floor":15.0,"key":"SMITH"},{"floor":25,"key":"REST"},{"floor":29,"key":"REST"},{"data":"Armaments","floor":32,"key":"SMITH"},{"data":"Armaments","floor":40,"key":"SMITH"},{"floor":46,"key":"REST"},{"floor":49,"key":"REST"}],"circlet_count":0,"master_deck":["Strike_R","Strike_R","Strike_R","Strike_R","Defend_R","Defend_R+1","Defend_R","Defend_R","Bash","Feed+1","Rage","Inflame","Disarm","Spot Weakness+1","Armaments+1","Spot Weakness","Armaments+1","Shrug It Off","Metallicize+1","Armaments","Heavy Blade","Rage+1","Injury","Whirlwind","Whirlwind","Metallicize+1","Spot Weakness","Limit Break","Armaments+1","Injury","Parasite"],"relics":["Burning Blood","WarpedTongs","Singing Bowl","Gremlin Horn","Frozen Egg 2","Cursed Key","Lantern","Vajra","War Paint","Oddly Smooth Stone","Sozu","Shuriken","Old Coin"],"acts_visited":["Exordium","TheCity","TheBeyond"],"potions_floor_usage":[23,23,28,30],"damage_taken":[{"damage":6.0,"enemies":"Small Slimes","floor":1.0,"turns":4.0},{"damage":7.0,"enemies":"Cultist","floor":4.0,"turns":4.0},{"damage":2.0,"enemies":"2 Louse","floor":5.0,"turns":4.0},{"damage":30.0,"enemies":"Gremlin Nob","floor":6.0,"turns":5.0},{"damage":19.0,"enemies":"2 Fungi Beasts","floor":8.0,"turns":4.0},{"damage":2.0,"enemies":"3 Louse","floor":10.0,"turns":3.0},{"damage":27.0,"enemies":"3 Sentries","floor":11.0,"turns":7.0},{"damage":16.0,"enemies":"Exordium Wildlife","floor":13.0,"turns":4.0},{"damage":0.0,"enemies":"The Guardian","floor":16.0,"turns":11.0},{"damage":19.0,"enemies":"Spheric Guardian","floor":18.0,"turns":7.0},{"damage":17.0,"enemies":"Shell Parasite","floor":19.0,"turns":8.0},{"damage":4.0,"enemies":"Centurion and Healer","floor":21.0,"turns":7.0},{"damage":23.0,"enemies":"Cultist and Chosen","floor":22.0,"turns":7.0},{"damage":61,"enemies":"Gremlin Leader","floor":23,"turns":9},{"damage":11,"enemies":"Shelled Parasite and Fungi","floor":24,"turns":5},{"damage":17,"enemies":"Snake Plant","floor":27,"turns":5},{"damage":4,"enemies":"Cultist and Chosen","floor":28,"turns":7},{"damage":8,"enemies":"Book of Stabbing","floor":30,"turns":6},{"damage":56,"enemies":"Champ","floor":33,"turns":12},{"damage":30,"enemies":"3 Shapes","floor":35,"turns":1},{"damage":22,"enemies":"Orb Walker","floor":36,"turns":4},{"damage":32,"enemies":"Writhing Mass","floor":37,"turns":6},{"damage":25,"enemies":"Jaw Worm Horde","floor":38,"turns":5},{"damage":44,"enemies":"Transient","floor":41,"turns":5},{"damage":26,"enemies":"Writhing Mass","floor":45,"turns":7},{"damage":21,"enemies":"Mind Bloom Boss Battle","floor":47,"turns":7},{"damage":20,"enemies":"Jaw Worm Horde","floor":48,"turns":3},{"damage":48,"enemies":"Donu and Deca","floor":50,"turns":7}],"seed_played":"-4411714159424691760","potions_obtained":[{"floor":1.0,"key":"BloodPotion"},{"floor":4.0,"key":"Strength Potion"},{"floor":10.0,"key":"DuplicationPotion"},{"floor":13.0,"key":"DistilledChaos"},{"floor":18.0,"key":"SpeedPotion"},{"floor":21.0,"key":"Dexterity Potion"},{"floor":22.0,"key":"BloodPotion"},{"floor":27,"key":"Block Potion"}],"is_trial":false,"path_per_floor":["M","?","$","M","M","E","R","M","T","M","E","R","M","$","R","B",null,"M","M","$","M","M","E","M","R","T","M","M","R","E","$","R","B",null,"M","M","M","M","?","R","M","?","T","?","M","R","?","M","R","B",null],"character_chosen":"IRONCLAD","items_purchased":["Inflame","Metallicize+1","Oddly Smooth Stone","Metallicize+1","Spot Weakness"],"campfire_rested":5,"item_purchase_floors":[3,14,31,31,31],"current_hp_per_floor":[80,80,80,82,86,79,79,71,71,78,61,90,84,84,84,92,104,93,86,86,92,81,50,47,83,83,72,76,113,111,111,111,61,124,102,88,62,45,114,114,78,78,78,78,60,95,82,74,111,69],"gold":574,"neow_bonus":"ONE_RANDOM_RARE_CARD","is_daily":false,"chose_seed":false,"campfire_upgraded":3,"win_rate":0.0,"timestamp":1611915337,"path_taken":["M","?","$","M","M","E","R","M","T","M","E","R","M","$","R","BOSS","M","M","$","M","M","E","?","R","T","M","M","R","E","$","R","BOSS","M","M","M","M","?","R","M","?","T","?","M","R","?","M","R","BOSS"],"items_purchased_type":["Card","Card","Relic","Card","Card"],"build_version":"2020-12-22","purchased_purges":1,"victory":true,"max_hp_per_floor":[80,80,80,83,86,86,86,91,91,94,98,98,102,102,102,104,104,106,110,110,114,120,120,122,122,122,122,124,124,124,124,124,124,124,126,128,128,130,114,114,116,116,116,116,118,118,120,126,126,126],"card_choices":[{"not_picked":["Headbutt","Clash"],"picked":"Rage","floor":1.0},{"not_picked":["Uppercut","Clash"],"picked":"Disarm","floor":4.0},{"not_picked":["Flame Barrier","Twin Strike"],"picked":"Spot Weakness","floor":5.0},{"not_picked":["Wild Strike","Entrench"],"picked":"Armaments","floor":6.0},{"not_picked":["Searing Blow","Anger","Corruption"],"picked":"Singing Bowl","floor":8.0},{"not_picked":["Hemokinesis","Headbutt"],"picked":"Spot Weakness","floor":10.0},{"not_picked":["True Grit","Infernal Blade"],"picked":"Armaments","floor":11.0},{"not_picked":["Clothesline","Flex"],"picked":"Shrug It Off","floor":13.0},{"not_picked":["Brutality+1","Demon Form+1","Immolate"],"picked":"Singing Bowl","floor":16.0},{"not_picked":["Intimidate","Iron Wave","Thunderclap"],"picked":"Singing Bowl","floor":18.0},{"not_picked":["Flex","Cleave"],"picked":"Armaments","floor":19.0},{"not_picked":["Hemokinesis+1","Pommel Strike+1"],"picked":"Heavy Blade","floor":21.0},{"not_picked":["Pommel Strike","Clash","Wild Strike+1"],"picked":"Singing Bowl","floor":22.0},{"not_picked":["Pummel+1","Heavy Blade+1"],"picked":"Rage+1","floor":23},{"not_picked":["Hemokinesis","Brutality+1","True Grit"],"picked":"Singing Bowl","floor":24},{"not_picked":["Pommel Strike","Infernal Blade+1"],"picked":"Whirlwind","floor":27},{"not_picked":["Pommel Strike+1","Bloodletting","Pummel"],"picked":"Singing Bowl","floor":28},{"not_picked":["Iron Wave","Intimidate"],"picked":"Whirlwind","floor":30},{"not_picked":["Demon Form+1","Bludgeon"],"picked":"Limit Break","floor":33},{"not_picked":["Iron Wave","Pommel Strike","Seeing Red+1"],"picked":"Singing Bowl","floor":35},{"not_picked":["Evolve+1","Warcry","Second Wind"],"picked":"Singing Bowl","floor":36},{"not_picked":["Havoc","True Grit"],"picked":"Armaments+1","floor":37},{"not_picked":["Pummel","Pommel Strike+1","Dark Embrace+1"],"picked":"Singing Bowl","floor":38},{"not_picked":["Perfected Strike","Whirlwind+1","Carnage+1"],"picked":"Singing Bowl","floor":41},{"not_picked":["Cleave+1","Sentinel+1","Fire Breathing+1"],"picked":"Singing Bowl","floor":45},{"not_picked":["Feed","Shrug It Off","Power Through"],"picked":"Singing Bowl","floor":47},{"not_picked":["Flex+1","Infernal Blade+1","Anger+1"],"picked":"Singing Bowl","floor":48}],"player_experience":5980299,"relics_obtained":[{"floor":6.0,"key":"Singing Bowl"},{"floor":9.0,"key":"Gremlin Horn"},{"floor":11.0,"key":"Frozen Egg 2"},{"floor":23,"key":"Lantern"},{"floor":26,"key":"Vajra"},{"floor":30,"key":"War Paint"},{"floor":43,"key":"Shuriken"},{"floor":47,"key":"Old Coin"}],"event_choices":[{"damage_healed":0.0,"max_hp_gain":0.0,"max_hp_loss":0.0,"gold_gain":0.0,"event_name":"Accursed Blacksmith","player_choice":"Rummage","floor":2.0,"gold_loss":0.0,"damage_taken":0.0,"relics_obtained":["WarpedTongs"],"cards_obtained":["Pain"]},{"damage_healed":114,"gold_gain":0,"player_choice":"Heal","damage_taken":0,"max_hp_gain":0,"max_hp_loss":16,"event_name":"The Moai Head","floor":39,"gold_loss":0},{"cards_removed":["Strike_R"],"damage_healed":0,"gold_gain":0,"player_choice":"Removed Attack","damage_taken":0,"max_hp_gain":0,"max_hp_loss":0,"event_name":"Falling","floor":42,"gold_loss":0},{"damage_healed":0,"gold_gain":0,"player_choice":"Ignored","damage_taken":0,"max_hp_gain":0,"max_hp_loss":0,"event_name":"Tomb of Lord Red Mask","floor":44,"gold_loss":0},{"damage_healed":0,"gold_gain":0,"player_choice":"Fight","damage_taken":0,"max_hp_gain":0,"max_hp_loss":0,"event_name":"MindBloom","floor":47,"gold_loss":0}],"is_beta":false,"boss_relics":[{"not_picked":["Fusion Hammer","Snecko Eye"],"picked":"Cursed Key"},{"not_picked":["SacredBark","SlaversCollar"],"picked":"Sozu"}],"items_purged_floors":[14],"is_endless":false,"potions_floor_spawned":[1,4,10,13,18,21,22,27,36,37,38,45],"ascension_level":0}}