{"host":"roto7j7840a50pxh","time":1611955587,"event":{"mods":["Act Like it!","BaseMod","Better Altar","Better Note","Better Sensory Stone","Better Skull","Better Third Choice","BetterRewards","Colored Map","Colored Powertips","Downfall","Hermit","Highlight Path","Hubris","Infinite Spire","Minty Spire (QoL Compilation)","Replay The Spire","Robot Space Explorer","Shade Mod","Spicy Shops","StSLib","The Construct","The Cursed","The Dragon Tamer","The Hierophant","The Necromancer","The Runesmith","The Servant 0.9.4","TheVacant"],"gold_per_floor":[116,133,153,163,181,181,201,201,225,258,273,273,298,298,298,399,399,385,385,396,413,383,383,394,394,421,436,471,94,94,113,113,211,211,231,231,241,365,382,382,410,410,410,427,427,427,337,354,354,354],"floor_reached":51,"language":"ENG","playtime":5654,"items_purged":["Spreading Infection"],"score":836,"play_id":"0651a60f-a449-4dc9-ba7e-287debe4ab30","local_time":"20210129162627","is_ascension_mode":false,"campfire_choices":[{"data":"construct:MetalShell","floor":6.0,"key":"SMITH"},{"data":"construct:ClockworkEgg","floor":8.0,"key":"SMITH"},{"data":"construct:ClockworkEgg+1","floor":15.0,"key":"SMITH"},{"data":"ReplayTheSpireMod:Black Plague","floor":23,"key":"SMITH"},{"data":"construct:CripplingShot","floor":25,"key":"SMITH"},{"data":"construct:FlakBarrage","floor":32,"key":"SMITH"},{"data":"construct:GatlingGun","floor":40,"key":"SMITH"},{"data":"construct:Reinforce","floor":46,"key":"SMITH"},{"data":"construct:Versatility","floor":49,"key":"SMITH"}],"circlet_count":0,"master_deck":["construct:Strike_Gold","construct:Strike_Gold","construct:Strike_Gold","construct:Strike_Gold","construct:Strike_Gold","construct:Defend_Gold","construct:Defend_Gold","construct:Defend_Gold","construct:Defend_Gold","construct:Defend_Gold","construct:AttackMode","construct:DefenseMode","construct:ClockworkEgg+2","construct:ShiftGuard","construct:ScrapCannon","construct:MetalShell+1","construct:SweepLaser","construct:Versatility+1","construct:OneWayMirror+1","construct:CripplingShot+1","construct:QuickAttack","ReplayTheSpireMod:Faulty Equipment","ReplayTheSpireMod:Black Plague+1","construct:Boost","construct:SiegeForm","construct:SuppressiveFire+1","construct:Versatility","construct:ScopeCore+1","construct:ScrapCannon","construct:Backup+1","construct:FlakBarrage+1","construct:OneWayMirror+1","construct:FlameCore","construct:Reinforce+1","construct:ElectricArmor+1","construct:LongRangeLance","construct:ShiftStrike+1","construct:GatlingGun+1","CurseOfTheBell","construct:QuickAttack","construct:Enhance+1","The Bomb","construct:SuppressiveFire","construct:Stasis+1","construct:FierceBash+1","construct:Tumble+1"],"relics":["construct:Cogwheel","hubris:SlimyHat","War Paint","hubris:FunFungus","hubris:Icosahedron","SlaversCollar","hubris:Reverence","Honey Jar","Nunchaku","Simple Rune","ClockworkSouvenir","Orrery","Calling Bell","Bag of Preparation","White Beast Statue","Mercury Hourglass","BranchBurnRelic","Omamori","Shuriken","construct:LongRangeLance"],"acts_visited":["Exordium","TheCity","TheBeyond"],"potions_floor_usage":[24,44,44,48,50,50],"damage_taken":[{"damage":1.0,"enemies":"Cultist","floor":1.0,"turns":4.0},{"damage":1.0,"enemies":"Jaw Worm","floor":2.0,"turns":4.0},{"damage":4.0,"enemies":"Small Slimes","floor":3.0,"turns":4.0},{"damage":6.0,"enemies":"2 Fungi Beasts","floor":4.0,"turns":5.0},{"damage":5.0,"enemies":"Looter","floor":5.0,"turns":3.0},{"damage":0.0,"enemies":"Large Slime","floor":7.0,"turns":5.0},{"damage":19.0,"enemies":"3 Sentries","floor":10.0,"turns":13.0},{"damage":0.0,"enemies":"Blue Slaver","floor":11.0,"turns":3.0},{"damage":0.0,"enemies":"Lagavulin","floor":13.0,"turns":6.0},{"damage":0.0,"enemies":"Slime Boss","floor":16.0,"turns":5.0},{"damage":9.0,"enemies":"2 Thieves","floor":18.0,"turns":4.0},{"damage":2,"enemies":"3 Byrds","floor":20,"turns":6},{"damage":23,"enemies":"Shelled Parasite and Fungi","floor":21,"turns":5},{"damage":0,"enemies":"Snake Plant","floor":24,"turns":3},{"damage":0,"enemies":"Cultist and Chosen","floor":27,"turns":6},{"damage":11,"enemies":"Gremlin Leader","floor":28,"turns":4},{"damage":0,"enemies":"Chosen and Byrds","floor":31,"turns":6},{"damage":0,"enemies":"Automaton","floor":33,"turns":6},{"damage":16,"enemies":"3 Darklings","floor":35,"turns":3},{"damage":0,"enemies":"Orb Walker","floor":37,"turns":3},{"damage":0,"enemies":"Transient","floor":39,"turns":5},{"damage":0,"enemies":"Nemesis","floor":41,"turns":5},{"damage":7,"enemies":"3 Darklings","floor":44,"turns":5},{"damage":0,"enemies":"Spire Growth","floor":48,"turns":5},{"damage":16,"enemies":"infinitespire:MassOfShapes","floor":50,"turns":11}],"seed_played":"6603001073223147421","potions_obtained":[{"floor":3.0,"key":"infinitespire:BlackPotion"},{"floor":5.0,"key":"DistilledChaos"},{"floor":11.0,"key":"Slimebound:ThreeZeroPotion"},{"floor":16.0,"key":"Slimebound:ThreeZeroPotion"},{"floor":20,"key":"Elixir"},{"floor":21,"key":"AttackPotion"},{"floor":22,"key":"infinitespire:BlackPotion"},{"floor":22,"key":"Strength Potion"},{"floor":33,"key":"EssenceOfSteel"},{"floor":35,"key":"ColorlessPotion"},{"floor":38,"key":"FairyPotion"},{"floor":44,"key":"Adrenaline Potion"},{"floor":48,"key":"Dexterity Potion"}],"is_trial":false,"path_per_floor":["M","M","M","M","M","R","M","R","T","E","M","?","E","?","R","B",null,"M","AVR","M","M","?","R","M","R","T","M","E","$","?","M","R","B",null,"M","?","M","?","M","R","E","?","T","M","?","R","?","M","R","B",null],"character_chosen":"THE_CONSTRUCT_MOD","items_purchased":["construct:FlakBarrage","ClockworkSouvenir","Orrery"],"campfire_rested":0,"item_purchase_floors":[29,29,29],"current_hp_per_floor":[84,83,79,73,68,68,68,68,68,49,49,49,49,49,49,50,85,76,76,74,62,62,62,64,64,64,65,54,54,54,54,54,56,85,69,69,69,69,72,72,85,85,85,78,85,85,85,85,85,76],"gold":354,"neow_bonus":"THREE_RARE_CARDS","is_daily":false,"chose_seed":false,"campfire_upgraded":9,"win_rate":0.0,"timestamp":1611955587,"path_taken":["M","M","M","M","M","R","M","R","T","E","M","?","E","?","R","BOSS","M","AVR","M","M","?","R","M","R","T","M","E","$","?","M","R","BOSS","M","?","M","?","?","R","E","?","T","M","?","R","?","M","R","BOSS"],"items_purchased_type":["Card","Relic","Relic"],"build_version":"2020-12-22","purchased_purges":1,"victory":true,"max_hp_per_floor":[85,85,85,85,85,85,85,85,85,85,85,85,85,85,85,85,85,85,85,85,85,85,85,85,85,85,85,85,85,85,85,85,85,85,85,85,85,85,85,85,85,85,85,85,85,85,85,85,85,85],"card_choices":[{"not_picked":["construct:GoldenBullet","construct:ShieldGenerator"],"picked":"construct:ClockworkEgg","floor":0.0},{"not_picked":["construct:Accumulate","construct:SyphonStrike"],"picked":"construct:ShiftGuard","floor":1.0},{"not_picked":["construct:SuppressiveFire","construct:Analyze"],"picked":"construct:ScrapCannon","floor":2.0},{"not_picked":["construct:Anticipate","construct:Forcefield"],"picked":"construct:MetalShell","floor":3.0},{"not_picked":["construct:Chainstrike","construct:PointDefense"],"picked":"construct:SweepLaser","floor":4.0},{"not_picked":["construct:Forcefield","construct:Analyze"],"picked":"construct:Versatility","floor":5.0},{"not_picked":["construct:Boost","construct:MassProduction"],"picked":"construct:OneWayMirror","floor":7.0},{"not_picked":["construct:Stasis","construct:ChargeShot"],"picked":"construct:CripplingShot","floor":10.0},{"not_picked":["construct:Failsafe","construct:Analyze"],"picked":"construct:QuickAttack","floor":11.0},{"not_picked":["infinitespire:Collect","ReplayTheSpireMod:??????????????????????"],"picked":"ReplayTheSpireMod:Black Plague","floor":12.0},{"not_picked":["construct:Forcefield","construct:PointDefense"],"picked":"construct:Boost","floor":13.0},{"not_picked":["construct:ShieldBurst","construct:ShiftingStance"],"picked":"construct:SiegeForm","floor":16.0},{"not_picked":["construct:Accumulate","construct:ClusterMines"],"picked":"construct:SuppressiveFire+1","floor":18.0},{"not_picked":["construct:VentSteam","construct:OmegaCannon","construct:Construct_Overclock+1"],"picked":"construct:PointDefense","floor":20},{"not_picked":["construct:HeavyBolt","construct:Anticipate","construct:Forcefield"],"picked":"construct:Versatility","floor":21},{"not_picked":["construct:Autoturret","construct:SweepLaser","construct:VentSteam"],"picked":"construct:ScopeCore+1","floor":24},{"not_picked":["construct:Accumulate","construct:ClusterMines","construct:SaveState"],"picked":"construct:ScrapCannon","floor":27},{"not_picked":["construct:Analyze+1","construct:HyperBeam","construct:Accumulate"],"picked":"construct:Backup+1","floor":28},{"not_picked":["construct:Backfire","construct:Analyze","construct:Autoturret"],"picked":"construct:OneWayMirror+1","floor":29},{"not_picked":["construct:PanicFire","construct:SyphonStrike+1","construct:CripplingShot+1"],"picked":"construct:FlameCore","floor":29},{"not_picked":["construct:PanicFire","construct:PointDefense","construct:HeavyBolt"],"picked":"construct:Reinforce","floor":29},{"not_picked":["construct:VentSteam","construct:SiegeForm","construct:Forcefield"],"picked":"construct:ElectricArmor","floor":29},{"not_picked":["construct:Accumulate","construct:SweepLaser","construct:Backup+1"],"picked":"construct:LongRangeLance","floor":29},{"not_picked":["construct:Versatility","construct:VentSteam+1","construct:Reinforce"],"picked":"construct:ShiftStrike+1","floor":31},{"not_picked":["construct:MemoryTap","construct:ClockworkEgg","construct:LongRangeLance"],"picked":"construct:GatlingGun","floor":33},{"not_picked":["construct:Backfire+1","construct:Failsafe","construct:VentSteam+1"],"picked":"construct:QuickAttack","floor":35},{"not_picked":["construct:ScrapCannon","construct:ShiftStrike+1","construct:OneWayMirror"],"picked":"construct:Enhance+1","floor":37},{"not_picked":["hubris:Insight","Swift Strike","Replay:Sssssssssshield"],"picked":"The Bomb","floor":38},{"not_picked":["construct:Versatility","construct:Synchronize+1","construct:Accumulate"],"picked":"construct:SuppressiveFire","floor":39},{"not_picked":["construct:Autoturret+1","construct:ClusterMines","construct:Accumulate+1"],"picked":"construct:Stasis+1","floor":41},{"not_picked":["construct:Zapper+1","construct:ForceCore","construct:GoldenBullet"],"picked":"construct:FierceBash+1","floor":44},{"not_picked":["construct:ShiftStrike","construct:ScrapCannon+1","construct:Analyze+1"],"picked":"construct:Tumble+1","floor":48}],"player_experience":1721631,"relics_obtained":[{"floor":9.0,"key":"hubris:SlimyHat"},{"floor":10.0,"key":"War Paint"},{"floor":13.0,"key":"hubris:FunFungus"},{"floor":26,"key":"Nunchaku"},{"floor":28,"key":"Simple Rune"},{"floor":34,"key":"Bag of Preparation"},{"floor":34,"key":"White Beast Statue"},{"floor":34,"key":"Dead Branch"},{"floor":38,"key":"Mercury Hourglass"},{"floor":41,"key":"Omamori"},{"floor":43,"key":"Shuriken"}],"event_choices":[{"damage_healed":0,"gold_gain":0,"player_choice":"Bought 2 Potions","damage_taken":0,"max_hp_gain":0,"max_hp_loss":0,"event_name":"The Woman in Blue","floor":22,"gold_loss":0},{"damage_healed":0,"gold_gain":0,"cards_transformed":["construct:PointDefense"],"player_choice":"Transformed","damage_taken":0,"max_hp_gain":0,"max_hp_loss":0,"event_name":"Transmorgrifier","floor":30,"gold_loss":0,"cards_obtained":["construct:Bunker"]},{"cards_removed":["construct:Bunker"],"damage_healed":0,"gold_gain":0,"player_choice":"Removed Power","damage_taken":0,"max_hp_gain":0,"max_hp_loss":0,"event_name":"Falling","floor":36,"gold_loss":0},{"damage_healed":0,"gold_gain":0,"player_choice":"Random: Red","damage_taken":0,"max_hp_gain":0,"max_hp_loss":0,"event_name":"betterThird:BetterPortal","floor":38,"gold_loss":0},{"damage_healed":21,"gold_gain":0,"player_choice":"Writhe","damage_taken":0,"max_hp_gain":0,"max_hp_loss":0,"event_name":"Winding Halls","floor":45,"gold_loss":0,"cards_obtained":["Writhe"]},{"cards_removed":["Sickly"],"damage_healed":0,"gold_gain":0,"player_choice":"Upgrade and Remove","damage_taken":0,"max_hp_gain":0,"max_hp_loss":0,"event_name":"Designer","floor":47,"gold_loss":90,"cards_upgraded":["construct:Defend_Gold"]}],"is_beta":false,"boss_relics":[{"not_picked":["Abe\u0027s Treasure","Fusion Hammer"],"picked":"SlaversCollar"},{"not_picked":["Replay:Ancient Bell","Snecko Eye"],"picked":"Calling Bell"}],"items_purged_floors":[19],"is_endless":false,"potions_floor_spawned":[3,5,11,16,20,21,33,35,37,39,41,44,48],"ascension_level":0}}