{"host":"5h6e4l6hpn0p5lap","time":1611880259,"event":{"mods":["AchievementEnabler","BaseMod","Better Altar","Better Match","Better Sensory Stone","Better Skull","Better Third Choice","Filter the Spire","Highlight Path","Minty Spire (QoL Compilation)","StSLib"],"gold_per_floor":[119,119,119,134,87,118,118,135,135,85,119,130,130,145,145,248,248,262,262,262,27,46,71,71,85,161,178,197,217,61,71,71,172,222,235,235,135,148,163,163,16,16,41,72,84,96,108,120,132,144,144],"floor_reached":50,"language":"ENG","playtime":2995,"items_purged":["Strike_P","Defend_P"],"score":572,"play_id":"8b0a5cab-1ec9-4c4e-8a13-5008295b140f","local_time":"20210128193059","is_ascension_mode":false,"campfire_choices":[{"data":"Eruption","floor":7.0,"key":"SMITH"},{"floor":15.0,"key":"REST"},{"floor":32.0,"key":"REST"},{"floor":40.0,"key":"REST"},{"floor":42.0,"key":"RECALL"},{"floor":49,"key":"REST"}],"circlet_count":0,"master_deck":["Strike_P+1","Strike_P+1","Defend_P+1","Defend_P","Defend_P+1","Eruption+1","Vigilance+1","Prostrate","FollowUp+1","LessonLearned+1","EmptyBody+1","CarveReality","Prostrate","Blasphemy+1","Conclude+1","RitualDagger","ThirdEye+1","Evaluate","Nirvana+1","ThirdEye+1","CutThroughFate+1","Protect+1","Fasting2+1","Brilliance","CutThroughFate+1","Good Instincts","Purity"],"relics":["PureWater","NeowsBlessing","Ornamental Fan","Dead Branch","Gremlin Horn","Sozu","Gambling Chip","Bottled Flame","Strawberry","Tiny House","Toolbox","MawBank","War Paint"],"acts_visited":["Exordium","TheCity","TheBeyond"],"potions_floor_usage":[],"damage_taken":[{"damage":0.0,"enemies":"Cultist","floor":1.0,"turns":1.0},{"damage":0.0,"enemies":"Small Slimes","floor":4.0,"turns":1.0},{"damage":0.0,"enemies":"3 Sentries","floor":6.0,"turns":1.0},{"damage":1.0,"enemies":"Jaw Worm","floor":8.0,"turns":3.0},{"damage":24.0,"enemies":"Gremlin Nob","floor":11.0,"turns":4.0},{"damage":4.0,"enemies":"Exordium Thugs","floor":12.0,"turns":5.0},{"damage":0.0,"enemies":"Looter","floor":14.0,"turns":2.0},{"damage":10.0,"enemies":"Slime Boss","floor":16.0,"turns":8.0},{"damage":8.0,"enemies":"Shell Parasite","floor":18.0,"turns":6.0},{"damage":2.0,"enemies":"3 Byrds","floor":22.0,"turns":4.0},{"damage":30.0,"enemies":"Slavers","floor":23.0,"turns":10.0},{"damage":0.0,"enemies":"3 Cultists","floor":25.0,"turns":3.0},{"damage":0.0,"enemies":"Snecko","floor":27.0,"turns":5.0},{"damage":0.0,"enemies":"Centurion and Healer","floor":28.0,"turns":6.0},{"damage":0.0,"enemies":"Snake Plant","floor":29.0,"turns":3.0},{"damage":21.0,"enemies":"3 Cultists","floor":31.0,"turns":7.0},{"damage":21.0,"enemies":"Champ","floor":33.0,"turns":9.0},{"damage":0.0,"enemies":"3 Darklings","floor":35.0,"turns":6.0},{"damage":10.0,"enemies":"3 Shapes","floor":38.0,"turns":6.0},{"damage":71.0,"enemies":"Writhing Mass","floor":39.0,"turns":4.0},{"damage":0,"enemies":"4 Shapes","floor":44,"turns":3},{"damage":69,"enemies":"Time Eater","floor":50,"turns":8}],"seed_played":"8990839684682487588","potions_obtained":[{"floor":1.0,"key":"Strength Potion"},{"floor":6.0,"key":"SpeedPotion"},{"floor":14.0,"key":"SpeedPotion"},{"floor":16.0,"key":"GamblersBrew"}],"is_trial":false,"path_per_floor":["M","?","?","M","$","E","R","M","T","?","E","M","?","M","R","B",null,"M","?","?","$","M","E","$","M","T","M","M","M","$","M","R","B",null,"M","?","$","M","M","R","$","R","T","M","?","?","T","?","R","B"],"character_chosen":"WATCHER","items_purchased":["FollowUp","ThirdEye","Evaluate","Nirvana","Strawberry","Toolbox"],"campfire_rested":4,"item_purchase_floors":[5,21,21,21,30,41],"current_hp_per_floor":[72,72,77,77,77,77,77,76,76,76,52,48,36,36,59,49,77,69,63,68,68,66,36,36,36,36,36,36,36,43,22,47,26,89,89,89,89,79,8,34,34,34,34,34,34,34,34,34,60,0,0],"gold":144,"neow_bonus":"THREE_ENEMY_KILL","is_daily":false,"chose_seed":false,"campfire_upgraded":1,"win_rate":0.0,"timestamp":1611880259,"path_taken":["M","?","?","M","$","E","R","M","T","?","E","M","?","M","R","BOSS","M","?","?","$","?","E","?","M","T","M","?","M","$","M","R","BOSS","M","?","$","M","M","R","?","R","T","M","?","?","?","?","R","BOSS"],"items_purchased_type":["Card","Card","Card","Card","Relic","Relic"],"build_version":"2020-12-22","purchased_purges":2,"victory":false,"max_hp_per_floor":[72,72,77,77,77,77,77,77,77,77,77,77,77,77,77,77,77,77,77,77,77,77,77,77,77,77,77,77,77,84,84,84,84,89,89,89,89,89,89,89,89,89,89,89,89,89,89,89,89,89,89],"card_choices":[{"not_picked":["WreathOfFlame","Vengeance"],"picked":"FlurryOfBlows","floor":1.0},{"not_picked":["Pray","Perseverance"],"picked":"Prostrate","floor":4.0},{"not_picked":["FlyingSleeves","SignatureMove"],"picked":"PathToVictory","floor":6.0},{"not_picked":["FearNoEvil","FollowUp"],"picked":"LessonLearned","floor":8.0},{"not_picked":["FlyingSleeves","Establishment"],"picked":"EmptyBody","floor":11.0},{"not_picked":["CrushJoints","SashWhip"],"picked":"CarveReality","floor":12.0},{"not_picked":["JustLucky","Evaluate"],"picked":"Prostrate","floor":14.0},{"not_picked":["ConjureBlade","Omniscience"],"picked":"Blasphemy","floor":16.0},{"not_picked":["EmptyBody","SignatureMove+1"],"picked":"Conclude+1","floor":18.0},{"not_picked":["Consecrate","Crescendo+1"],"picked":"ThirdEye+1","floor":22.0},{"not_picked":["CrushJoints","Ragnarok","Study"],"picked":"SKIP","floor":23.0},{"not_picked":["Worship","Protect+1"],"picked":"CutThroughFate","floor":25.0},{"not_picked":["CrushJoints","FearNoEvil"],"picked":"Protect","floor":27.0},{"not_picked":["Perseverance","MentalFortress"],"picked":"Fasting2+1","floor":28.0},{"not_picked":["CrushJoints","Collect","MentalFortress"],"picked":"SKIP","floor":29.0},{"not_picked":["CrushJoints+1","EmptyBody","EmptyFist"],"picked":"SKIP","floor":31.0},{"not_picked":["Alpha","Judgement"],"picked":"Brilliance","floor":33.0},{"not_picked":["Consecrate+1","Worship+1"],"picked":"CutThroughFate+1","floor":34.0},{"not_picked":["Swivel","CrushJoints","ClearTheMind+1"],"picked":"SKIP","floor":35.0},{"not_picked":["SashWhip","WreathOfFlame+1","CutThroughFate"],"picked":"SKIP","floor":38.0},{"not_picked":["EmptyBody","FlurryOfBlows","SashWhip"],"picked":"SKIP","floor":39.0},{"not_picked":["ClearTheMind","Alpha","LikeWater+1"],"picked":"SKIP","floor":44},{"not_picked":["Jack Of All Trades","Finesse"],"picked":"Good Instincts","floor":48},{"not_picked":["Panacea","Good Instincts"],"picked":"Purity","floor":48}],"player_experience":1008294,"relics_obtained":[{"floor":6.0,"key":"Ornamental Fan"},{"floor":11.0,"key":"Dead Branch"},{"floor":23.0,"key":"Gambling Chip"},{"floor":26.0,"key":"Bottled Flame"},{"floor":43.0,"key":"MawBank"},{"floor":47,"key":"War Paint"}],"event_choices":[{"damage_healed":0.0,"max_hp_gain":0.0,"max_hp_loss":0.0,"gold_gain":0.0,"event_name":"Golden Wing","player_choice":"Ignored","floor":2.0,"gold_loss":0.0,"damage_taken":0.0},{"damage_healed":0.0,"max_hp_gain":5.0,"max_hp_loss":0.0,"gold_gain":0.0,"event_name":"Big Fish","player_choice":"Donut","floor":3.0,"gold_loss":0.0,"damage_taken":0.0},{"cards_removed":["Strike_P"],"damage_healed":0.0,"max_hp_gain":0.0,"max_hp_loss":0.0,"gold_gain":0.0,"event_name":"The Cleric","player_choice":"Card Removal","floor":10.0,"gold_loss":50.0,"damage_taken":0.0},{"damage_healed":0.0,"max_hp_gain":0.0,"max_hp_loss":0.0,"gold_gain":0.0,"event_name":"betterThird:BetterScrap","player_choice":"Relic ","floor":13.0,"gold_loss":0.0,"damage_taken":12.0,"cards_obtained":["Corruption"]},{"damage_healed":0.0,"max_hp_gain":0.0,"max_hp_loss":0.0,"gold_gain":0.0,"event_name":"betterThird:BetterNest","player_choice":"Dagger","floor":19.0,"gold_loss":0.0,"damage_taken":6.0,"cards_obtained":["RitualDagger"]},{"cards_removed":["PathToVictory"],"damage_healed":5.0,"max_hp_gain":0.0,"max_hp_loss":0.0,"gold_gain":0.0,"event_name":"Bonfire Elementals","player_choice":"Offered Common","floor":20.0,"gold_loss":0.0,"damage_taken":0.0},{"cards_removed":["PathToVictory"],"damage_healed":5.0,"max_hp_gain":0.0,"max_hp_loss":0.0,"gold_gain":0.0,"event_name":"Bonfire Elementals","player_choice":"Offered Special","floor":20.0,"gold_loss":0.0,"damage_taken":0.0},{"cards_removed":["FlurryOfBlows"],"damage_healed":0.0,"max_hp_gain":0.0,"max_hp_loss":0.0,"gold_gain":0.0,"event_name":"Purifier","player_choice":"Purged","floor":36.0,"gold_loss":0.0,"damage_taken":0.0},{"damage_healed":0,"gold_gain":0,"player_choice":"Ignored","damage_taken":0,"max_hp_gain":0,"max_hp_loss":0,"event_name":"Tomb of Lord Red Mask","floor":45,"gold_loss":0},{"damage_healed":0,"gold_gain":0,"player_choice":"Ignored","damage_taken":0,"max_hp_gain":0,"max_hp_loss":0,"event_name":"Mysterious Sphere","floor":46,"gold_loss":0},{"damage_healed":0,"gold_gain":3,"player_choice":"1","damage_taken":0,"max_hp_gain":0,"max_hp_loss":0,"event_name":"betterStone:BetterStone","floor":48,"gold_loss":0}],"is_beta":false,"boss_relics":[{"not_picked":["Empty Cage","Pandora\u0027s Box"],"picked":"Sozu"},{"not_picked":["Runic Pyramid","Runic Dome"],"picked":"Tiny House"}],"items_purged_floors":[21,37],"is_endless":false,"potions_floor_spawned":[1,6,14,16,18,23,25,33],"killed_by":"Time Eater","ascension_level":0}}