{"host":"oytjgf0lma69qpzi","time":1611880434,"event":{"mods":["BaseMod","Colored Powertips","DeckTracker","Minty Spire (QoL Compilation)","Quick Restart"],"gold_per_floor":[116,116,116,128,28,28,41,51,105,138,158,158,175,193,193,296,296,315,179,179,104,85,85,85,119,164,177,52,65,65,65,65,65,65],"floor_reached":33,"language":"ENG","playtime":1303,"items_purged":["Defend_B","Defend_B","Strike_B"],"score":307,"play_id":"64f50c5c-1206-40ff-9082-bd7dc62352cc","local_time":"20210129013354","is_ascension_mode":true,"campfire_choices":[{"data":"Zap","floor":6,"key":"SMITH"},{"data":"Glacier","floor":12,"key":"SMITH"},{"data":"Leap","floor":15,"key":"SMITH"},{"data":"Leap","floor":23,"key":"SMITH"},{"data":"Fission","floor":30,"key":"SMITH"},{"floor":32,"key":"REST"}],"circlet_count":0,"master_deck":["Strike_B","Defend_B","Zap+1","Dualcast","Ball Lightning","Capacitor","Leap+1","Glacier+1","Capacitor","Leap+1","Cold Snap","Conserve Battery","Ball Lightning+1","Chaos","Barrage+1","Darkness","Fission+1","Gash","Glacier"],"relics":["Cracked Core","Orichalcum","Blood Vial","Black Star","MutagenicStrength","Omamori","Juzu Bracelet","Strawberry"],"acts_visited":["Exordium","TheCity"],"potions_floor_usage":[16,16,16,25,27],"damage_taken":[{"damage":3,"enemies":"Jaw Worm","floor":1,"turns":4},{"damage":0,"enemies":"Small Slimes","floor":4,"turns":3},{"damage":1,"enemies":"2 Louse","floor":7,"turns":2},{"damage":2,"enemies":"Looter","floor":8,"turns":4},{"damage":26,"enemies":"Lagavulin","floor":10,"turns":7},{"damage":2,"enemies":"Blue Slaver","floor":11,"turns":5},{"damage":1,"enemies":"2 Fungi Beasts","floor":13,"turns":3},{"damage":11,"enemies":"Lots of Slimes","floor":14,"turns":6},{"damage":8,"enemies":"Hexaghost","floor":16,"turns":12},{"damage":25,"enemies":"3 Byrds","floor":18,"turns":6},{"damage":16,"enemies":"2 Thieves","floor":22,"turns":4},{"damage":32,"enemies":"Gremlin Leader","floor":25,"turns":6},{"damage":1,"enemies":"Centurion and Healer","floor":27,"turns":7},{"damage":0,"enemies":"Cultist and Chosen","floor":29,"turns":5},{"damage":48,"enemies":"Champ","floor":33,"turns":13}],"seed_played":"7066588308200761155","potions_obtained":[{"floor":8,"key":"DistilledChaos"},{"floor":10,"key":"SteroidPotion"},{"floor":13,"key":"AttackPotion"},{"floor":14,"key":"ColorlessPotion"},{"floor":16,"key":"SteroidPotion"},{"floor":22,"key":"AttackPotion"},{"floor":25,"key":"GamblersBrew"}],"is_trial":false,"path_per_floor":["M","?","?","M","$","R","M","M","T","E","M","R","M","M","R","B",null,"M","$","?","?","M","R","?","E","T","M","$","M","R","?","R","B"],"character_chosen":"DEFECT","items_purchased":["Leap","Chaos"],"campfire_rested":1,"item_purchase_floors":[5,19],"current_hp_per_floor":[72,77,77,77,77,77,76,74,74,48,48,48,49,40,40,34,80,55,55,55,55,41,41,41,11,18,19,19,21,21,13,39,0,0],"gold":65,"neow_bonus":"REMOVE_CARD","is_daily":false,"chose_seed":false,"campfire_upgraded":5,"win_rate":0.0,"timestamp":1611880434,"path_taken":["M","?","?","M","$","R","M","M","T","E","M","R","M","M","R","BOSS","M","$","?","?","M","R","?","E","T","M","?","M","R","?","R","BOSS"],"items_purchased_type":["Card","Card"],"build_version":"2020-12-22","purchased_purges":3,"victory":false,"max_hp_per_floor":[75,80,80,80,80,80,80,80,80,80,80,80,80,80,80,80,80,80,80,80,80,80,80,80,80,87,87,87,87,87,87,87,87,87],"card_choices":[{"not_picked":["Coolheaded","Genetic Algorithm"],"picked":"Ball Lightning","floor":1},{"not_picked":["Sunder","Stack"],"picked":"Capacitor","floor":4},{"not_picked":["Sweeping Beam","Cold Snap"],"picked":"Glacier","floor":7},{"not_picked":["Melter","Skim"],"picked":"Capacitor","floor":8},{"not_picked":["FTL","Skim"],"picked":"Leap","floor":10},{"not_picked":["Streamline","Chill"],"picked":"Cold Snap","floor":11},{"not_picked":["Cold Snap","Turbo","Barrage"],"picked":"SKIP","floor":13},{"not_picked":["Go for the Eyes","Rip and Tear"],"picked":"Conserve Battery","floor":14},{"not_picked":["Tempest","Go for the Eyes"],"picked":"Ball Lightning+1","floor":18},{"not_picked":["Undo+1","Conserve Battery"],"picked":"Barrage+1","floor":22},{"not_picked":["White Noise","Leap"],"picked":"Fission","floor":25},{"not_picked":["Skim","Steam"],"picked":"Gash","floor":27},{"not_picked":["Conserve Battery","Chaos"],"picked":"Glacier","floor":29}],"player_experience":211274,"relics_obtained":[{"floor":9,"key":"Orichalcum"},{"floor":10,"key":"Blood Vial"},{"floor":25,"key":"Omamori"},{"floor":25,"key":"Juzu Bracelet"},{"floor":26,"key":"Strawberry"}],"event_choices":[{"damage_healed":0,"gold_gain":0,"player_choice":"Donut","damage_taken":0,"max_hp_gain":5,"max_hp_loss":0,"event_name":"Big Fish","floor":2,"gold_loss":0},{"cards_removed":["Strike_B"],"damage_healed":0,"gold_gain":0,"player_choice":"Forget","damage_taken":0,"max_hp_gain":0,"max_hp_loss":0,"event_name":"Living Wall","floor":3,"gold_loss":0},{"damage_healed":0,"gold_gain":0,"player_choice":"Inject Mutagens","damage_taken":0,"relics_obtained":["MutagenicStrength"],"max_hp_gain":0,"max_hp_loss":0,"event_name":"Drug Dealer","floor":20,"gold_loss":0},{"cards_removed":["Defend_B"],"damage_healed":0,"gold_gain":0,"player_choice":"Gave Gold","damage_taken":0,"max_hp_gain":0,"max_hp_loss":0,"event_name":"Beggar","floor":21,"gold_loss":75},{"damage_healed":0,"gold_gain":0,"player_choice":"Read","damage_taken":0,"max_hp_gain":0,"max_hp_loss":0,"event_name":"The Library","floor":24,"gold_loss":0,"cards_obtained":["Darkness"]},{"damage_healed":0,"gold_gain":0,"player_choice":"Damaged","damage_taken":8,"max_hp_gain":0,"max_hp_loss":0,"event_name":"Wheel of Change","floor":31,"gold_loss":0}],"is_beta":false,"boss_relics":[{"not_picked":["Snecko Eye","Fusion Hammer"],"picked":"Black Star"}],"items_purged_floors":[5,19,28],"is_endless":false,"potions_floor_spawned":[8,10,13,14,16,22,25],"killed_by":"Champ","ascension_level":3}}