{"host":"ftf7rwqr5w72pdsx","time":1611880648,"event":{"mods":["BaseMod","Bestiary","Minty Spire (QoL Compilation)","Relic Stats","Slay the Relics Exporter"],"gold_per_floor":[99,99,99,99,99,99,99,99,99,99,99,69,12,12,12,12,12,0,0,0,0,0,0,0,0,0,0,0,0,0,0],"floor_reached":30,"language":"ENG","playtime":1292,"items_purged":[],"score":444,"play_id":"f8beaa02-d10d-482e-a561-d3d6c9fa1451","local_time":"20210128183728","is_ascension_mode":true,"campfire_choices":[{"data":"Zap","floor":6.0,"key":"SMITH"},{"floor":8.0,"key":"REST"},{"floor":15.0,"key":"REST"},{"floor":24,"key":"REST"},{"floor":28,"key":"REST"}],"circlet_count":0,"master_deck":["AscendersBane","Strike_B","Strike_B","Strike_B","Strike_B","Defend_B","Defend_B","Defend_B","Defend_B","Zap+1","Dualcast","Genetic Algorithm+1","Rebound","Defragment","Sunder","Conserve Battery","Cold Snap","Doom and Gloom","Electrodynamics","RitualDagger","White Noise","Force Field","Self Repair","Core Surge","Redo","Coolheaded"],"relics":["Ectoplasm","The Courier","Bottled Lightning","White Beast Statue","Question Card","Nuclear Battery","Turnip","Pantograph","Oddly Smooth Stone","WingedGreaves"],"acts_visited":["Exordium","TheCity"],"potions_floor_usage":[20,22,23,27,27,30],"damage_taken":[{"damage":7.0,"enemies":"Jaw Worm","floor":1.0,"turns":4.0},{"damage":17.0,"enemies":"Small Slimes","floor":4.0,"turns":4.0},{"damage":27.0,"enemies":"3 Sentries","floor":7.0,"turns":8.0},{"damage":24.0,"enemies":"Lagavulin","floor":10.0,"turns":5.0},{"damage":0.0,"enemies":"Cultist","floor":11.0,"turns":2.0},{"damage":0.0,"enemies":"Looter","floor":12.0,"turns":3.0},{"damage":26.0,"enemies":"Slime Boss","floor":16.0,"turns":7.0},{"damage":13.0,"enemies":"2 Thieves","floor":18.0,"turns":4.0},{"damage":27,"enemies":"Shell Parasite","floor":20,"turns":6},{"damage":23,"enemies":"Shelled Parasite and Fungi","floor":22,"turns":6},{"damage":57,"enemies":"Book of Stabbing","floor":23,"turns":6},{"damage":42,"enemies":"Slavers","floor":25,"turns":5},{"damage":4,"enemies":"Gremlin Leader","floor":27,"turns":7},{"damage":29,"enemies":"Chosen and Byrds","floor":29,"turns":7},{"damage":27,"enemies":"Colosseum Slavers","floor":30,"turns":1}],"seed_played":"-7630298783054634300","potions_obtained":[{"floor":1.0,"key":"Strength Potion"},{"floor":7.0,"key":"Fire Potion"},{"floor":11.0,"key":"FairyPotion"},{"floor":12.0,"key":"SkillPotion"},{"floor":16.0,"key":"Energy Potion"},{"floor":18.0,"key":"SkillPotion"},{"floor":20,"key":"Regen Potion"},{"floor":22,"key":"AttackPotion"},{"floor":23,"key":"BlessingOfTheForge"},{"floor":25,"key":"EssenceOfSteel"},{"floor":27,"key":"LiquidBronze"},{"floor":29,"key":"SteroidPotion"}],"is_trial":false,"path_per_floor":["M","?","T","M","?","R","E","R","T","E","M","M","$","?","R","B",null,"M","?","M","?","M","E","R","E","T","E","R","M","?"],"character_chosen":"DEFECT","items_purchased":["Doom and Gloom"],"campfire_rested":4,"item_purchase_floors":[13],"current_hp_per_floor":[61,61,61,44,44,44,17,39,39,15,15,15,15,8,30,4,57,44,38,11,75,61,4,26,21,21,24,46,24,0,0],"gold":0,"neow_bonus":"BOSS_RELIC","is_daily":false,"chose_seed":false,"campfire_upgraded":1,"win_rate":0.0,"timestamp":1611880648,"path_taken":["M","?","?","M","?","R","E","R","T","E","M","M","?","?","R","BOSS","M","?","M","?","?","E","R","E","T","E","R","M","?"],"items_purchased_type":["Card"],"build_version":"2020-12-22","purchased_purges":0,"victory":false,"max_hp_per_floor":[75,75,75,75,75,75,75,75,75,75,75,75,75,75,75,75,75,75,75,75,75,75,75,75,75,75,75,75,75,75,75],"relic_stats":{"counters":[15,75],"Pantograph":0,"Ectoplasm":433,"Turnip":[0],"Question Card":8,"obtain_stats":[{"Pantograph":25,"Oddly Smooth Stone":26,"Ectoplasm":0,"The Courier":3,"Turnip":23,"WingedGreaves":27,"Bottled Lightning":7,"Cracked Core":0,"Question Card":14,"White Beast Statue":10,"Nuclear Battery":17},{"Pantograph":12,"Oddly Smooth Stone":12,"Ectoplasm":0,"The Courier":1,"Turnip":11,"WingedGreaves":13,"Bottled Lightning":3,"Cracked Core":0,"Question Card":6,"White Beast Statue":4,"Nuclear Battery":7},{"Pantograph":60,"Oddly Smooth Stone":60,"Ectoplasm":0,"The Courier":4,"Turnip":55,"WingedGreaves":67,"Bottled Lightning":16,"Cracked Core":0,"Question Card":26,"White Beast Statue":21,"Nuclear Battery":33}]},"card_choices":[{"not_picked":["Coolheaded","Chaos"],"picked":"Genetic Algorithm","floor":1.0},{"not_picked":["Hologram","Stack"],"picked":"Rebound","floor":4.0},{"not_picked":["Heatsinks","Amplify"],"picked":"Defragment","floor":7.0},{"not_picked":["Rebound","Coolheaded"],"picked":"Sunder","floor":10.0},{"not_picked":["Beam Cell","Hologram"],"picked":"Conserve Battery","floor":11.0},{"not_picked":["Rip and Tear","Fusion"],"picked":"Cold Snap","floor":12.0},{"not_picked":["Seek","Core Surge","Reboot"],"picked":"Electrodynamics","floor":16.0},{"not_picked":["Go for the Eyes+1","Cold Snap","Beam Cell"],"picked":"Chaos","floor":18.0},{"not_picked":["Conserve Battery","Gash","Leap"],"picked":"White Noise","floor":20},{"not_picked":["Recycle","Redo","Ball Lightning"],"picked":"Force Field","floor":22},{"not_picked":["Steam+1","Compile Driver","Coolheaded"],"picked":"Self Repair","floor":23},{"not_picked":["Heatsinks+1","Static Discharge","Ball Lightning"],"picked":"Core Surge","floor":25},{"not_picked":["Ball Lightning","Double Energy","Sunder+1"],"picked":"Redo","floor":27},{"not_picked":["Steam","Go for the Eyes","Blizzard+1"],"picked":"Coolheaded","floor":29}],"player_experience":795031,"relics_obtained":[{"floor":3.0,"key":"The Courier"},{"floor":7.0,"key":"Bottled Lightning"},{"floor":10.0,"key":"White Beast Statue"},{"floor":23,"key":"Turnip"},{"floor":25,"key":"Pantograph"},{"floor":26,"key":"Oddly Smooth Stone"},{"floor":27,"key":"WingedGreaves"}],"event_choices":[{"damage_healed":0.0,"max_hp_gain":0.0,"max_hp_loss":0.0,"gold_gain":0.0,"event_name":"Liars Game","player_choice":"Ignored","floor":2.0,"gold_loss":0.0,"damage_taken":0.0},{"damage_healed":0.0,"max_hp_gain":0.0,"max_hp_loss":0.0,"gold_gain":0.0,"event_name":"Living Wall","player_choice":"Grow","floor":5.0,"gold_loss":0.0,"damage_taken":0.0,"cards_upgraded":["Genetic Algorithm"]},{"damage_healed":0.0,"max_hp_gain":0.0,"max_hp_loss":0.0,"gold_gain":0.0,"event_name":"Scrap Ooze","player_choice":"Success","floor":14.0,"gold_loss":0.0,"damage_taken":7.0,"relics_obtained":["Question Card"]},{"damage_healed":0,"gold_gain":0,"player_choice":"Joined the Cult","damage_taken":6,"max_hp_gain":0,"max_hp_loss":0,"event_name":"Nest","floor":19,"gold_loss":0,"cards_obtained":["RitualDagger"]},{"cards_removed":["Chaos"],"damage_healed":64,"gold_gain":0,"player_choice":"Offered Uncommon","damage_taken":0,"max_hp_gain":0,"max_hp_loss":0,"event_name":"Bonfire Elementals","floor":21,"gold_loss":0},{"damage_healed":0,"gold_gain":0,"player_choice":"Fight","damage_taken":0,"max_hp_gain":0,"max_hp_loss":0,"event_name":"Colosseum","floor":30,"gold_loss":0}],"is_beta":false,"boss_relics":[{"not_picked":["Calling Bell","SlaversCollar"],"picked":"Nuclear Battery"}],"items_purged_floors":[],"is_endless":false,"potions_floor_spawned":[1,7,11,12,16,18,20,22,23,25,27,29],"killed_by":"Colosseum Slavers","ascension_level":10}}