{"host":"opg65mucj6ra7dr1","time":1611945239,"event":{"mods":["BaseMod","DeckTracker","Keyboard Shortcuts","Minty Spire (QoL Compilation)","Permanent Neow","Quick Restart","everything is the same but u backflip on backflip"],"gold_per_floor":[111,111,123,142,142,156,206,241,241,241,241,253,267,299,299,299,299],"floor_reached":16,"language":"KOR","playtime":810,"items_purged":[],"score":187,"play_id":"1d499425-1eb1-47c9-9e55-895e00e4bea8","local_time":"20210130033359","is_ascension_mode":true,"campfire_choices":[{"floor":10,"key":"REST"},{"data":"Adrenaline","floor":15,"key":"SMITH"}],"circlet_count":0,"master_deck":["Strike_G","Strike_G","Strike_G","Strike_G","Defend_G+1","Defend_G","Defend_G","Defend_G","Defend_G","Survivor","Neutralize+1","Cloak And Dagger","Acrobatics","Flying Knee","Prepared","Blade Dance","Cloak And Dagger","Adrenaline+1","Cloak And Dagger","Backflip","Calculated Gamble","Cloak And Dagger"],"relics":["Ring of the Snake","Odd Mushroom","Matryoshka","Dream Catcher","Meat on the Bone","Bag of Marbles","Anchor","Bottled Lightning"],"acts_visited":["Exordium"],"potions_floor_usage":[7,14],"damage_taken":[{"damage":3,"enemies":"Jaw Worm","floor":1,"turns":7},{"damage":3,"enemies":"2 Louse","floor":3,"turns":4},{"damage":4,"enemies":"Small Slimes","floor":4,"turns":5},{"damage":2,"enemies":"Looter","floor":6,"turns":3},{"damage":18,"enemies":"The Mushroom Lair","floor":7,"turns":3},{"damage":17,"enemies":"Lagavulin","floor":8,"turns":8},{"damage":2,"enemies":"Gremlin Gang","floor":12,"turns":4},{"damage":0,"enemies":"3 Louse","floor":13,"turns":3},{"damage":11,"enemies":"3 Sentries","floor":14,"turns":11},{"damage":53,"enemies":"Slime Boss","floor":16,"turns":15}],"seed_played":"-6525268306964337683","potions_obtained":[{"floor":3,"key":"ColorlessPotion"},{"floor":8,"key":"Regen Potion"},{"floor":12,"key":"SmokeBomb"}],"is_trial":false,"path_per_floor":["M","?","M","M","?","M","?","E","T","R","T","M","M","E","R","B"],"character_chosen":"THE_SILENT","items_purchased":[],"campfire_rested":1,"item_purchase_floors":[],"current_hp_per_floor":[60,60,57,53,39,37,19,2,2,23,23,33,45,49,49,0,0],"gold":299,"neow_bonus":"TRANSFORM_CARD","is_daily":false,"chose_seed":false,"campfire_upgraded":1,"win_rate":0.0,"timestamp":1611945239,"path_taken":["M","?","M","M","?","M","?","E","T","R","?","?","M","E","R","BOSS"],"items_purchased_type":[],"build_version":"2020-12-22","purchased_purges":0,"victory":false,"max_hp_per_floor":[70,70,70,70,70,70,70,70,70,70,70,70,70,70,70,70,70],"card_choices":[{"not_picked":["Outmaneuver","Poisoned Stab"],"picked":"Acrobatics","floor":1},{"not_picked":["Deflect","Dodge and Roll"],"picked":"Flying Knee","floor":3},{"not_picked":["Flying Knee","Underhanded Strike"],"picked":"Prepared","floor":4},{"not_picked":["Poisoned Stab","Distraction"],"picked":"Blade Dance","floor":6},{"not_picked":["Expertise","Backstab"],"picked":"Cloak And Dagger","floor":7},{"not_picked":["Dagger Throw","Bane"],"picked":"Adrenaline","floor":8},{"not_picked":["Eviscerate","Deadly Poison"],"picked":"Cloak And Dagger","floor":10},{"not_picked":["Crippling Poison","Quick Slash"],"picked":"Backflip","floor":12},{"not_picked":["Dagger Throw","Infinite Blades"],"picked":"Calculated Gamble","floor":13},{"not_picked":["PiercingWail","Skewer"],"picked":"Cloak And Dagger","floor":14}],"player_experience":152445,"relics_obtained":[{"floor":7,"key":"Odd Mushroom"},{"floor":8,"key":"Matryoshka"},{"floor":9,"key":"Dream Catcher"},{"floor":9,"key":"Meat on the Bone"},{"floor":11,"key":"Bag of Marbles"},{"floor":11,"key":"Anchor"},{"floor":14,"key":"Bottled Lightning"}],"event_choices":[{"damage_healed":0,"gold_gain":0,"player_choice":"Ignored","damage_taken":0,"max_hp_gain":0,"max_hp_loss":0,"event_name":"Liars Game","floor":2,"gold_loss":0},{"damage_healed":0,"gold_gain":0,"player_choice":"Entered Light","damage_taken":14,"max_hp_gain":0,"max_hp_loss":0,"event_name":"Shining Light","floor":5,"gold_loss":0,"cards_upgraded":["Defend_G","Neutralize"]},{"damage_healed":0,"gold_gain":0,"player_choice":"Fought Mushrooms","damage_taken":0,"max_hp_gain":0,"max_hp_loss":0,"event_name":"Mushrooms","floor":7,"gold_loss":0}],"is_beta":false,"boss_relics":[],"items_purged_floors":[],"is_endless":false,"potions_floor_spawned":[3,8,12],"killed_by":"Slime Boss","ascension_level":9}}