{"host":"i6mndjcatnxpmw23","time":1611879989,"event":{"mods":["BaseMod","Hunter ??","Marisa????????","Minty Spire (QoL Compilation)","Shop Mod","The Servant 0.9.4","UnlockEverythingMod"],"gold_per_floor":[111,111,111,36,111,111,139,139,139,157,170,22,33,76,76,188,188,203,173,173,0,35,35,35,35,59,59,88,118,131,131,131],"floor_reached":31,"language":"ZHS","playtime":2675,"items_purged":[],"score":311,"play_id":"a0b8b795-4c67-4b65-9550-573a21a4913a","local_time":"20210129082629","is_ascension_mode":false,"campfire_choices":[{"data":"FairyDestructionRay","floor":6,"key":"SMITH"},{"data":"StarDustReverie","floor":8,"key":"SMITH"},{"floor":15,"key":"REST"},{"data":"BigCrunch","floor":23,"key":"SMITH"},{"data":"StarBarrage","floor":25,"key":"SMITH"}],"circlet_count":0,"master_deck":["Strike_MRS","Strike_MRS","Strike_MRS+1","Defend_MRS","Defend_MRS","Defend_MRS","MasterSpark+1","UpSweep+1","ManaConvection+1","FairyDestructionRay+1","StarDustReverie+1","ChargeUpSpray","WitchOfGreed","AlicesGift","ChargingUp","BigCrunch+1","Occultation+1","StarBarrage+1","IllusionStar","GravityBeat","EventHorizon","MagicAbsorber","MagicAbsorber","PropBag+1","Acceleration","MilkyWay+1"],"relics":["MiniHakkero","Juzu Bracelet","Pen Nib","Eternal Feather","Runic Pyramid","Oddly Smooth Stone","InkBottle","Gremlin Horn","Sundial"],"acts_visited":["Exordium","TheCity"],"potions_floor_usage":[7,14,16,18,22,28,28,29,29,30,31],"damage_taken":[{"damage":0,"enemies":"2 Louse","floor":1,"turns":3},{"damage":17,"enemies":"3 Sentries","floor":7,"turns":7},{"damage":1,"enemies":"Jaw Worm","floor":10,"turns":2},{"damage":0,"enemies":"Small Slimes","floor":11,"turns":2},{"damage":0,"enemies":"Blue Slaver","floor":13,"turns":1},{"damage":8,"enemies":"Gremlin Nob","floor":14,"turns":3},{"damage":0,"enemies":"Slime Boss","floor":16,"turns":7},{"damage":44,"enemies":"3 Byrds","floor":18,"turns":4},{"damage":10,"enemies":"2 Thieves","floor":22,"turns":4},{"damage":24,"enemies":"Book of Stabbing","floor":28,"turns":4},{"damage":0,"enemies":"Snecko","floor":29,"turns":2},{"damage":6,"enemies":"Centurion and Healer","floor":30,"turns":5},{"damage":34,"enemies":"Shelled Parasite and Fungi","floor":31,"turns":3}],"seed_played":"-2447136639463713471","potions_obtained":[{"floor":1,"key":"Dexterity Potion"},{"floor":13,"key":"Block Potion"},{"floor":14,"key":"Swift Potion"},{"floor":14,"key":"Fruit Juice"},{"floor":16,"key":"SpeedPotion"},{"floor":19,"key":"Regen Potion"},{"floor":19,"key":"Dexterity Potion"},{"floor":22,"key":"LiquidMemories"},{"floor":28,"key":"LiquidMemories"},{"floor":29,"key":"Dexterity Potion"},{"floor":30,"key":"SpeedPotion"}],"is_trial":false,"path_per_floor":["M","?","?","$","?","R","E","R","T","M","M","$","M","E","R","B",null,"M","?","?","$","M","R","?","R","T","T","E","M","M","M"],"character_chosen":"MARISA","items_purchased":["FairyDestructionRay","Pen Nib","StarBarrage","IllusionStar","GravityBeat"],"campfire_rested":1,"item_purchase_floors":[4,12,21,21,21],"current_hp_per_floor":[75,60,60,60,49,49,32,32,32,31,31,31,31,23,54,54,75,36,36,36,36,35,47,47,59,59,59,35,35,29,0,0],"gold":131,"neow_bonus":"UPGRADE_CARD","is_daily":false,"chose_seed":false,"campfire_upgraded":4,"win_rate":0.0,"timestamp":1611879989,"path_taken":["M","?","?","$","?","R","E","R","T","M","M","$","M","E","R","BOSS","M","?","?","$","M","R","?","R","T","?","E","M","M","M"],"items_purchased_type":["Card","Relic","Card","Card","Card"],"build_version":"2020-12-22","purchased_purges":0,"victory":false,"max_hp_per_floor":[75,75,75,75,75,75,75,75,75,75,75,75,75,75,75,75,75,80,80,80,80,80,80,80,80,80,80,80,80,80,80,80],"card_choices":[{"not_picked":["Orbital","DoubleSpark"],"picked":"ManaConvection","floor":1},{"not_picked":["ShootingEcho","UnstableBomb"],"picked":"StarDustReverie","floor":7},{"not_picked":["6A","NonDirectionalLaser"],"picked":"ChargeUpSpray","floor":10},{"not_picked":["PropBag","ShootingEcho"],"picked":"WitchOfGreed","floor":11},{"not_picked":["LuminesStrike","SporeBomb"],"picked":"AlicesGift","floor":13},{"not_picked":["SporeBomb","ShootingEcho"],"picked":"ChargingUp","floor":14},{"not_picked":["MaximisePower","AbsoluteMagnitude"],"picked":"BigCrunch","floor":16},{"not_picked":["ShootingEcho+1","MysteriousBeam+1"],"picked":"Occultation+1","floor":18},{"not_picked":["NonDirectionalLaser+1","GasGiant"],"picked":"EventHorizon","floor":22},{"not_picked":["SporeBomb+1","AsteroidBelt+1"],"picked":"PropBag+1","floor":28},{"not_picked":["WitchLeyline","ShootingEcho+1"],"picked":"Acceleration","floor":29},{"not_picked":["DoubleSpark","DC"],"picked":"MilkyWay+1","floor":30}],"player_experience":17538,"relics_obtained":[{"floor":7,"key":"Juzu Bracelet"},{"floor":14,"key":"Eternal Feather"},{"floor":26,"key":"Oddly Smooth Stone"},{"floor":27,"key":"InkBottle"},{"floor":28,"key":"Gremlin Horn"}],"event_choices":[{"damage_healed":0,"gold_gain":0,"player_choice":"Entered Light","damage_taken":15,"max_hp_gain":0,"max_hp_loss":0,"event_name":"Shining Light","floor":2,"gold_loss":0,"cards_upgraded":["Strike_MRS","ManaConvection"]},{"damage_healed":0,"gold_gain":0,"player_choice":"Grow","damage_taken":0,"max_hp_gain":0,"max_hp_loss":0,"event_name":"Living Wall","floor":3,"gold_loss":0,"cards_upgraded":["UpSweep"]},{"damage_healed":0,"gold_gain":75,"player_choice":"Gather Gold","damage_taken":11,"max_hp_gain":0,"max_hp_loss":0,"event_name":"World of Goop","floor":5,"gold_loss":0},{"damage_healed":0,"gold_gain":0,"player_choice":"Bought 2 Potions","damage_taken":0,"max_hp_gain":0,"max_hp_loss":0,"event_name":"The Woman in Blue","floor":19,"gold_loss":0},{"damage_healed":0,"gold_gain":0,"player_choice":"Ignored","damage_taken":0,"max_hp_gain":0,"max_hp_loss":0,"event_name":"Ghosts","floor":20,"gold_loss":0},{"damage_healed":0,"gold_gain":0,"cards_transformed":["Defend_MRS","Strike_MRS"],"player_choice":"Became Test Subject","damage_taken":0,"max_hp_gain":0,"max_hp_loss":0,"event_name":"Drug Dealer","floor":24,"gold_loss":0,"cards_obtained":["MagicAbsorber","MagicAbsorber"]}],"is_beta":false,"boss_relics":[{"not_picked":["Tiny House","BewitchedHakkero"],"picked":"Runic Pyramid"}],"items_purged_floors":[],"is_endless":false,"potions_floor_spawned":[1,13,14,22,28,30],"killed_by":"Shelled Parasite and Fungi","ascension_level":0}}