{"host":"1ecbliur7lfoj0sl","time":1611904694,"event":{"mods":["BaseMod","Minty Spire (QoL Compilation)","StSLib","Waifu the Spire","WarShipGirlsR/’ΩΩ¢…Ÿ≈ÆR mod"],"gold_per_floor":[115,129,129,129,147,147,174,19,19,29,29,39,27,40,40,135,135,148,136,151,64,77,77,87,87,87,87,87,87],"floor_reached":28,"language":"ZHS","playtime":1526,"items_purged":["rmod:strick"],"score":244,"play_id":"4d56cb5e-242a-4f69-b90e-e4342a3f1a3d","local_time":"20210129151814","is_ascension_mode":true,"campfire_choices":[{"data":"rmod:supportescort","floor":6.0,"key":"SMITH"},{"data":"rmod:circuitoustactics","floor":11.0,"key":"SMITH"},{"data":"rmod:fuelsupply","floor":15.0,"key":"SMITH"},{"data":"rmod:intelligenceanalysis","floor":23.0,"key":"SMITH"},{"data":"rmod:overbreakdown","floor":25.0,"key":"SMITH"}],"circlet_count":0,"master_deck":["rmod:strick","rmod:strick","rmod:strick","rmod:defend","rmod:defend","rmod:defend","rmod:defend","rmod:basicallowance","rmod:maingunfire","rmod:supportescort+1","rmod:fuelsupply+1","rmod:circuitoustactics+1","rmod:timeschanged","rmod:overbreakdown+1","rmod:intelligenceanalysis+1","Finesse","Decay"],"relics":["rmod:firstchargereward","Pantograph","Membership Card","Runic Pyramid","Gremlin Horn"],"acts_visited":["Exordium","TheCity"],"potions_floor_usage":[],"damage_taken":[{"damage":0.0,"enemies":"2 Louse","floor":1.0,"turns":4.0},{"damage":0.0,"enemies":"Small Slimes","floor":2.0,"turns":3.0},{"damage":0.0,"enemies":"Cultist","floor":5.0,"turns":3.0},{"damage":16.0,"enemies":"Gremlin Nob","floor":7.0,"turns":4.0},{"damage":13.0,"enemies":"Exordium Wildlife","floor":10.0,"turns":7.0},{"damage":10.0,"enemies":"Lots of Slimes","floor":12.0,"turns":5.0},{"damage":0.0,"enemies":"Blue Slaver","floor":14.0,"turns":3.0},{"damage":52.0,"enemies":"Slime Boss","floor":16.0,"turns":25.0},{"damage":14.0,"enemies":"Spheric Guardian","floor":18.0,"turns":8.0},{"damage":24.0,"enemies":"2 Thieves","floor":19.0,"turns":4.0},{"damage":19.0,"enemies":"Chosen and Byrds","floor":20.0,"turns":10.0},{"damage":3.0,"enemies":"Snake Plant","floor":22.0,"turns":7.0},{"damage":4.0,"enemies":"Sentry and Sphere","floor":24.0,"turns":11.0},{"damage":42,"enemies":"Cultist and Chosen","floor":28,"turns":4}],"seed_played":"-4889259661488796976","potions_obtained":[{"floor":4.0,"key":"BlessingOfTheForge"},{"floor":4.0,"key":"FairyPotion"},{"floor":4.0,"key":"DistilledChaos"},{"floor":7.0,"key":"Dexterity Potion"},{"floor":10.0,"key":"LiquidMemories"},{"floor":16.0,"key":"PowerPotion"},{"floor":20.0,"key":"DistilledChaos"},{"floor":24.0,"key":"FearPotion"}],"is_trial":false,"path_per_floor":["M","M","?","?","M","R","E","$","T","M","R","M","$","M","R","B",null,"M","M","M","$","M","R","M","R","T","?","M"],"character_chosen":"PRAEFECT","items_purchased":["Membership Card","rmod:circuitoustactics","rmod:overbreakdown","Finesse"],"campfire_rested":0,"item_purchase_floors":[8,8,13,21],"current_hp_per_floor":[82,82,82,82,82,82,66,66,66,53,53,43,43,43,43,16,82,68,44,25,25,22,22,18,18,18,18,0,0],"gold":87,"neow_bonus":"TEN_PERCENT_HP_BONUS","is_daily":false,"chose_seed":false,"campfire_upgraded":5,"win_rate":0.0,"timestamp":1611904694,"path_taken":["M","M","?","?","M","R","E","$","T","M","R","M","$","M","R","BOSS","M","M","?","$","M","R","M","R","T","?","M"],"items_purchased_type":["Relic","Card","Card","Card"],"build_version":"2020-12-22","purchased_purges":1,"victory":false,"max_hp_per_floor":[82,82,82,82,82,82,82,82,82,82,82,82,82,82,82,82,82,82,82,82,82,82,82,82,82,82,82,82,82],"card_choices":[{"not_picked":["rmod:unsinkable","rmod:fletcherpendant","rmod:advancebysurprise"],"picked":"SKIP","floor":1.0},{"not_picked":["rmod:victimresponsibility","rmod:luckystar"],"picked":"rmod:supportescort","floor":2.0},{"not_picked":["rmod:unsinkable","rmod:goodsister","rmod:garrisonisland"],"picked":"SKIP","floor":5.0},{"not_picked":["rmod:victimresponsibility","rmod:diamondstrike"],"picked":"rmod:fuelsupply","floor":7.0},{"not_picked":["rmod:victimresponsibility","rmod:unsinkable"],"picked":"rmod:timeschanged","floor":10.0},{"not_picked":["rmod:steelsupply","rmod:spoils","rmod:tearstotiara"],"picked":"SKIP","floor":12.0},{"not_picked":["rmod:lonelyqueen","rmod:aviationdawn"],"picked":"rmod:intelligenceanalysis","floor":14.0},{"not_picked":["rmod:diamondstrike","rmod:expedition","rmod:fletcherpendant"],"picked":"SKIP","floor":18.0},{"not_picked":["rmod:intelligenceanalysis+1","rmod:aluminumsupply","rmod:u235"],"picked":"SKIP","floor":19.0},{"not_picked":["rmod:supportescort","rmod:fletcherpendant","rmod:ammunitionsupply"],"picked":"SKIP","floor":20.0},{"not_picked":["rmod:overbreakdown","rmod:bulid+1","rmod:lonelyqueen"],"picked":"SKIP","floor":22.0},{"not_picked":["rmod:unsinkable","rmod:diaomin","rmod:overbreakdown"],"picked":"SKIP","floor":24.0}],"player_experience":8244,"relics_obtained":[{"floor":7.0,"key":"Pantograph"},{"floor":26.0,"key":"Gremlin Horn"}],"event_choices":[{"damage_healed":0.0,"max_hp_gain":0.0,"max_hp_loss":0.0,"gold_gain":0.0,"event_name":"Liars Game","player_choice":"Ignored","floor":3.0,"gold_loss":0.0,"damage_taken":0.0},{"damage_healed":0.0,"max_hp_gain":0.0,"max_hp_loss":0.0,"gold_gain":0.0,"event_name":"Lab","player_choice":"Got Potions","floor":4.0,"gold_loss":0.0,"damage_taken":0.0},{"damage_healed":0,"gold_gain":0,"player_choice":"Cursed","damage_taken":0,"max_hp_gain":0,"max_hp_loss":0,"event_name":"Wheel of Change","floor":27,"gold_loss":0,"cards_obtained":["Decay"]}],"is_beta":false,"boss_relics":[{"not_picked":["Astrolabe","Ectoplasm"],"picked":"Runic Pyramid"}],"items_purged_floors":[21],"is_endless":false,"potions_floor_spawned":[7,10,12,16,18,20,24],"killed_by":"Cultist and Chosen","ascension_level":2}}