{"host":"1hzg86ju9fvxh562","time":1611937552,"event":{"mods":["AchievementEnabler","Act Like it!","AlwaysNeverKeys","BaseMod","Bestiary","Better Altar","Better Match","Better Note","Better Sensory Stone","Better Skull","Better Third Choice","Colored Map","Colored Powertips","Curses Come First","Displayed Cursed Tome","Filter the Spire","Highlight Path","Keyboard Shortcuts","Minty Spire (QoL Compilation)","Rare Cards Sparkle","Relic Sorter","Relic Stats","ShortenTheSpire","Spicy Shops","StSLib","everything is the same but u backflip on backflip","slay the spire mod where everything is the same but ironclad has a cowboy hat"],"gold_per_floor":[110,110,124,142,157,157,183,62,139,64,89,99,99,99],"floor_reached":13,"language":"ENG","playtime":1162,"items_purged":["Zap"],"score":166,"play_id":"0555dea0-c43c-4f57-8485-05cbd335f4ef","local_time":"20210129142552","is_ascension_mode":true,"campfire_choices":[{"data":"Reprogram","floor":6,"key":"SMITH"}],"circlet_count":0,"master_deck":["AscendersBane","Strike_B","Strike_B","Strike_B","Strike_B","Defend_B","Defend_B","Defend_B","Defend_B","Dualcast","Rebound","Undo","Coolheaded","Reprogram+1","Multi-Cast","Genetic Algorithm","Streamline","Sweeping Beam","Scrape"],"relics":["Snecko Eye","Shovel","Question Card","Centennial Puzzle"],"acts_visited":["Exordium"],"potions_floor_usage":[11,13,13],"damage_taken":[{"damage":1,"enemies":"Cultist","floor":1,"turns":3},{"damage":1,"enemies":"2 Louse","floor":3,"turns":3},{"damage":18,"enemies":"Small Slimes","floor":4,"turns":5},{"damage":0,"enemies":"Blue Slaver","floor":5,"turns":3},{"damage":3,"enemies":"Lagavulin","floor":7,"turns":7},{"damage":20,"enemies":"Gremlin Nob","floor":11,"turns":5},{"damage":5,"enemies":"2 Fungi Beasts","floor":12,"turns":3},{"damage":20,"enemies":"Lagavulin","floor":13,"turns":5}],"seed_played":"-3787101580789301978","potions_obtained":[{"floor":1,"key":"Energy Potion"},{"floor":7,"key":"Weak Potion"},{"floor":12,"key":"SkillPotion"}],"is_trial":false,"path_per_floor":["M","?","M","M","M","R","E","$","T","$","E","M","E"],"character_chosen":"DEFECT","items_purchased":["Genetic Algorithm","Streamline"],"campfire_rested":0,"item_purchase_floors":[8,8],"current_hp_per_floor":[63,63,62,44,44,44,41,41,41,41,21,16,0,0],"gold":99,"neow_bonus":"BOSS_RELIC","is_daily":false,"chose_seed":false,"campfire_upgraded":1,"win_rate":0.0,"timestamp":1611937552,"path_taken":["M","?","M","M","M","R","E","$","T","?","E","M","E"],"items_purchased_type":["Card","Card"],"build_version":"2020-12-22","purchased_purges":1,"victory":false,"max_hp_per_floor":[71,71,71,71,71,71,71,71,71,71,71,71,71,71],"relic_stats":{"Centennial Puzzle":[6],"Shovel":0,"counters":[8,34],"Snecko Eye":[66,61,53,50],"Question Card":2,"obtain_stats":[{"Centennial Puzzle":11,"Shovel":7,"Snecko Eye":0,"Cracked Core":0,"Question Card":9},{"Centennial Puzzle":6,"Shovel":5,"Snecko Eye":0,"Cracked Core":0,"Question Card":5},{"Centennial Puzzle":26,"Shovel":21,"Snecko Eye":0,"Cracked Core":0,"Question Card":21}]},"card_choices":[{"not_picked":["Rip and Tear","Barrage"],"picked":"Rebound","floor":1},{"not_picked":["Turbo","Gash"],"picked":"Undo","floor":3},{"not_picked":["Barrage","White Noise"],"picked":"Coolheaded","floor":4},{"not_picked":["Redo","FTL"],"picked":"Reprogram","floor":5},{"not_picked":["Gash","Biased Cognition"],"picked":"Multi-Cast","floor":7},{"not_picked":["Cold Snap","Auto Shields","Ball Lightning"],"picked":"Sweeping Beam","floor":11},{"not_picked":["Blizzard","Static Discharge","Ball Lightning"],"picked":"Scrape","floor":12}],"player_experience":504315,"relics_obtained":[{"floor":7,"key":"Shovel"},{"floor":9,"key":"Question Card"},{"floor":11,"key":"Centennial Puzzle"}],"event_choices":[{"damage_healed":0,"gold_gain":1,"player_choice":"1","damage_taken":0,"max_hp_gain":0,"max_hp_loss":0,"event_name":"betterStone:BetterStone","floor":2,"gold_loss":0}],"is_beta":false,"boss_relics":[],"items_purged_floors":[10],"is_endless":false,"potions_floor_spawned":[1,7,12],"killed_by":"Lagavulin","ascension_level":15}}