{"host":"w3znmyy6nqoc7418","time":1611905704,"event":{"mods":["BaseMod","Minty Spire (QoL Compilation)","Replay The Spire","Shop Mod","StSLib"],"gold_per_floor":[112,112,37,37,37,72,72,106,141,153,182,194,218,230,242,349,361,373,373],"floor_reached":18,"language":"ZHS","playtime":429,"items_purged":["Strike_R"],"score":238,"play_id":"3599c92f-a34d-4834-8b0c-5764ca9f9ebc","local_time":"20210129153504","is_ascension_mode":true,"campfire_choices":[{"data":"Immolate","floor":7,"key":"SMITH"},{"data":"Shockwave","floor":10,"key":"SMITH"},{"data":"Battle Trance","floor":15,"key":"SMITH"}],"circlet_count":0,"master_deck":["Strike_R","Strike_R","Strike_R","Defend_R+1","Defend_R+1","Defend_R+1","Defend_R+1","Bash","ReplayTheSpireMod:Corrosion Curse+1","Immolate+1","Shockwave+1","Dual Wield","Battle Trance+1","Offering"],"relics":["Burning Blood","NeowsBlessing","Replay:Bottled Eggs","ReplayFunnel","MawBank","Replay:Mystery Machine","Replay:Kaleidoscope","Replay:Bronze Core"],"acts_visited":["Exordium","TheCity"],"potions_floor_usage":[16,16],"damage_taken":[{"damage":0,"enemies":"Small Slimes","floor":1,"turns":1},{"damage":0,"enemies":"Gremlin Nob","floor":6,"turns":1},{"damage":0,"enemies":"3 Sentries","floor":8,"turns":1},{"damage":6,"enemies":"Cultist","floor":11,"turns":4},{"damage":5,"enemies":"Jaw Worm","floor":13,"turns":3},{"damage":31,"enemies":"Fading Forest","floor":16,"turns":11},{"damage":0,"enemies":"Spheric Guardian","floor":18,"turns":2}],"seed_played":"-5972444754176283141","potions_obtained":[{"floor":1,"key":"DistilledChaos"},{"floor":2,"key":"Adrenaline Potion"},{"floor":2,"key":"SteroidPotion"},{"floor":2,"key":"Doom Potion"}],"is_trial":false,"path_per_floor":["M","?","$","?","T","E","R","E","T","R","M","?","M","?","R","B",null,"M"],"character_chosen":"IRONCLAD","items_purchased":[],"campfire_rested":0,"item_purchase_floors":[],"current_hp_per_floor":[80,80,80,64,64,70,70,76,76,76,76,58,59,59,59,34,80,80,80],"gold":373,"neow_bonus":"THREE_ENEMY_KILL","is_daily":false,"chose_seed":false,"campfire_upgraded":3,"win_rate":0.0,"timestamp":1611905704,"path_taken":["M","?","?","?","?","E","R","E","T","R","?","?","M","?","R","BOSS","M"],"items_purchased_type":[],"build_version":"2020-12-22","purchased_purges":1,"victory":false,"max_hp_per_floor":[80,80,80,80,80,80,80,80,80,80,80,80,80,80,80,80,80,80,80],"card_choices":[{"not_picked":["Cleave","Armaments"],"picked":"ReplayTheSpireMod:Corrosion Curse","floor":1},{"not_picked":["Power Through","Infernal Blade"],"picked":"Immolate","floor":6},{"not_picked":["True Grit","Shrug It Off"],"picked":"Shockwave","floor":8},{"not_picked":["Life Link","Battle Trance"],"picked":"Dual Wield","floor":11},{"not_picked":["Ghostly Armor","Body Slam"],"picked":"Battle Trance","floor":13},{"not_picked":["Exhume","Berserk"],"picked":"Offering","floor":16}],"player_experience":56882,"relics_obtained":[{"floor":5,"key":"Replay:Bottled Eggs"},{"floor":6,"key":"ReplayFunnel"},{"floor":8,"key":"MawBank"},{"floor":9,"key":"Replay:Mystery Machine"}],"event_choices":[{"damage_healed":0,"gold_gain":0,"player_choice":"Got Potions","damage_taken":0,"max_hp_gain":0,"max_hp_loss":0,"event_name":"Lab","floor":2,"gold_loss":0},{"damage_healed":0,"gold_gain":0,"player_choice":"Entered Light","damage_taken":16,"max_hp_gain":0,"max_hp_loss":0,"event_name":"Shining Light","floor":4,"gold_loss":0,"cards_upgraded":["ReplayTheSpireMod:Corrosion Curse","Defend_R"]},{"damage_healed":0,"gold_gain":0,"player_choice":"Success","damage_taken":18,"relics_obtained":["Replay:Kaleidoscope"],"max_hp_gain":0,"max_hp_loss":0,"event_name":"Scrap Ooze","floor":12,"gold_loss":0},{"cards_removed":["Strike_R"],"damage_healed":0,"gold_gain":0,"player_choice":"Offered Basic","damage_taken":0,"max_hp_gain":0,"max_hp_loss":0,"event_name":"Bonfire Elementals","floor":14,"gold_loss":0}],"is_beta":false,"boss_relics":[{"not_picked":["Mark of Pain","Electric Blood"],"picked":"Replay:Bronze Core"}],"items_purged_floors":[3],"is_endless":false,"potions_floor_spawned":[1,6],"killed_by":"Spheric Guardian","ascension_level":2}}