{"host":"op7lvjy5lsqtpdgx","time":1611916803,"event":{"mods":["BaseMod","Minty Spire (QoL Compilation)","StSLib"],"gold_per_floor":[115,129,149,166,9,9,9,25,51,83,94,269,25,50,50,155,155,170,183,211,211,211,211,232,252,252,286,296,313,325,235,235,235,235],"floor_reached":33,"language":"ENG","playtime":2314,"items_purged":["Strike_R","Doubt"],"score":466,"play_id":"e6ccfc42-40bb-46b5-9c3d-0e028a8c5e07","local_time":"20210129234003","is_ascension_mode":true,"campfire_choices":[{"data":"Body Slam","floor":6,"key":"SMITH"},{"data":"Infernal Blade","floor":15,"key":"SMITH"},{"floor":23,"key":"REST"},{"floor":32,"key":"REST"}],"circlet_count":0,"master_deck":["Strike_R","Strike_R","Defend_R+1","Defend_R","Defend_R","Defend_R+1","Bash","Impervious+1","Body Slam+1","True Grit+1","Feed","Ghostly Armor","Shrug It Off","Infernal Blade+1","Sever Soul+1","Inflame","Entrench+1"],"relics":["Burning Blood","War Paint","Bronze Scales","OrangePellets","CeramicFish","Snecko Eye","HornCleat","Blood Vial"],"acts_visited":["Exordium","TheCity"],"potions_floor_usage":[10,10,16,16,27,33],"damage_taken":[{"damage":1,"enemies":"Cultist","floor":1,"turns":4},{"damage":7,"enemies":"Small Slimes","floor":2,"turns":4},{"damage":2,"enemies":"2 Louse","floor":3,"turns":3},{"damage":31,"enemies":"Gremlin Gang","floor":4,"turns":8},{"damage":19,"enemies":"Exordium Thugs","floor":8,"turns":8},{"damage":3,"enemies":"3 Sentries","floor":10,"turns":10},{"damage":3,"enemies":"Blue Slaver","floor":11,"turns":5},{"damage":0,"enemies":"Gremlin Nob","floor":14,"turns":3},{"damage":33,"enemies":"The Guardian","floor":16,"turns":16},{"damage":25,"enemies":"2 Thieves","floor":18,"turns":4},{"damage":8,"enemies":"3 Byrds","floor":19,"turns":4},{"damage":0,"enemies":"Cultist and Chosen","floor":20,"turns":4},{"damage":0,"enemies":"Centurion and Healer","floor":24,"turns":5},{"damage":12,"enemies":"Shelled Parasite and Fungi","floor":25,"turns":6},{"damage":8,"enemies":"Gremlin Leader","floor":27,"turns":6},{"damage":14,"enemies":"Snake Plant","floor":28,"turns":6},{"damage":13,"enemies":"Cultist and Chosen","floor":29,"turns":5},{"damage":54,"enemies":"Chosen and Byrds","floor":30,"turns":9},{"damage":0,"enemies":"Collector","floor":33,"turns":5}],"seed_played":"-362408587947826335","potions_obtained":[{"floor":4,"key":"Dexterity Potion"},{"floor":10,"key":"Fruit Juice"},{"floor":11,"key":"BlessingOfTheForge"},{"floor":14,"key":"PowerPotion"},{"floor":16,"key":"Strength Potion"},{"floor":20,"key":"Block Potion"},{"floor":24,"key":"SneckoOil"},{"floor":29,"key":"Explosive Potion"}],"is_trial":false,"path_per_floor":["M","M","M","M","$","R","?","M","T","E","M","?","$","E","R","B",null,"M","M","M","?","?","R","M","M","T","E","M","M","M","?","R","B"],"character_chosen":"IRONCLAD","items_purchased":["Ghostly Armor","OrangePellets"],"campfire_rested":2,"item_purchase_floors":[5,13],"current_hp_per_floor":[77,76,80,55,55,55,55,45,45,56,62,62,62,68,68,41,81,62,60,69,50,50,80,89,86,86,87,84,82,39,39,75,77,77],"gold":235,"neow_bonus":"ONE_RANDOM_RARE_CARD","is_daily":false,"chose_seed":false,"campfire_upgraded":2,"win_rate":0.0,"timestamp":1611916803,"path_taken":["M","M","M","?","?","R","?","M","T","E","M","?","$","E","R","BOSS","M","M","M","?","?","R","M","M","T","E","M","?","M","?","R","BOSS"],"items_purchased_type":["Card","Relic"],"build_version":"2020-12-22","purchased_purges":2,"victory":false,"max_hp_per_floor":[80,80,80,80,80,80,80,83,83,91,94,94,94,94,94,94,94,94,94,97,102,102,102,105,108,108,111,114,117,120,120,120,120,120],"card_choices":[{"not_picked":["Thunderclap","Pummel"],"picked":"Body Slam","floor":1},{"not_picked":["Iron Wave","Metallicize","Warcry"],"picked":"SKIP","floor":2},{"not_picked":["Flex","Sever Soul"],"picked":"True Grit","floor":3},{"not_picked":["Headbutt","Rage"],"picked":"Feed","floor":4},{"not_picked":["Armaments","Wild Strike"],"picked":"Shrug It Off","floor":8},{"not_picked":["Hemokinesis","Metallicize","Twin Strike"],"picked":"SKIP","floor":10},{"not_picked":["Clothesline","Dual Wield"],"picked":"Infernal Blade","floor":11},{"not_picked":["Hemokinesis","Rupture","Flex"],"picked":"SKIP","floor":14},{"not_picked":["Iron Wave+1","Flex","Shrug It Off+1"],"picked":"SKIP","floor":18},{"not_picked":["Dark Embrace","Second Wind","Cleave"],"picked":"SKIP","floor":19},{"not_picked":["Sword Boomerang","Warcry"],"picked":"Sever Soul+1","floor":20},{"not_picked":["Flex","Bloodletting"],"picked":"Inflame","floor":24},{"not_picked":["Twin Strike","Seeing Red+1"],"picked":"Entrench+1","floor":25},{"not_picked":["Armaments+1","Battle Trance","Entrench+1"],"picked":"SKIP","floor":27},{"not_picked":["Cleave","Battle Trance+1","Wild Strike"],"picked":"SKIP","floor":28},{"not_picked":["Evolve","Bloodletting","Shrug It Off"],"picked":"SKIP","floor":29},{"not_picked":["Anger","Disarm","Cleave"],"picked":"SKIP","floor":30}],"player_experience":178655,"relics_obtained":[{"floor":9,"key":"War Paint"},{"floor":10,"key":"Bronze Scales"},{"floor":14,"key":"CeramicFish"},{"floor":26,"key":"HornCleat"},{"floor":27,"key":"Blood Vial"}],"event_choices":[{"damage_healed":0,"gold_gain":0,"player_choice":"Grow","damage_taken":0,"max_hp_gain":0,"max_hp_loss":0,"event_name":"Living Wall","floor":7,"gold_loss":0,"cards_upgraded":["True Grit"]},{"damage_healed":0,"gold_gain":175,"player_choice":"AGREE","damage_taken":0,"max_hp_gain":0,"max_hp_loss":0,"event_name":"Liars Game","floor":12,"gold_loss":0,"cards_obtained":["Doubt"]},{"damage_healed":0,"gold_gain":0,"player_choice":"Shed Blood","damage_taken":24,"max_hp_gain":5,"max_hp_loss":0,"event_name":"Forgotten Altar","floor":21,"gold_loss":0},{"cards_removed":["Strike_R"],"damage_healed":0,"gold_gain":0,"player_choice":"Purged","damage_taken":0,"max_hp_gain":0,"max_hp_loss":0,"event_name":"Purifier","floor":22,"gold_loss":0},{"cards_removed":["Strike_R"],"damage_healed":0,"gold_gain":0,"player_choice":"Upgrade and Remove","damage_taken":0,"max_hp_gain":0,"max_hp_loss":0,"event_name":"Designer","floor":31,"gold_loss":90,"cards_upgraded":["Defend_R"]}],"is_beta":false,"boss_relics":[{"not_picked":["Black Blood","Tiny House"],"picked":"Snecko Eye"}],"items_purged_floors":[5,13],"is_endless":false,"potions_floor_spawned":[4,10,11,14,16,20,24,29],"killed_by":"Collector","ascension_level":7}}