{"host":"0awa854l6bexpjrv","time":1611901836,"event":{"mods":["BaseMod","Block Reminder","Colored Map","Colored Powertips","Downfall","Highlight Path","Minty Spire (QoL Compilation)","Quick Restart","Rare Cards Sparkle","StSLib","SuperFastMode"],"gold_per_floor":[99,115,115,125,300,300,324,324,50,82,82,94,27,41,58,58,58,58],"floor_reached":16,"language":"ENG","playtime":1307,"items_purged":["Doubt"],"score":100,"play_id":"01f4e2dd-27c2-45d0-97d8-7cc941174c3e","local_time":"20210128223036","is_ascension_mode":false,"campfire_choices":[{"data":"hexamod:Float","floor":1.0,"key":"SMITH"},{"floor":8,"key":"REST"},{"floor":11,"key":"REST"}],"circlet_count":0,"master_deck":["hexamod:Strike","hexamod:Strike","hexamod:Strike","hexamod:Strike+1","hexamod:Defend+1","hexamod:Defend","hexamod:Defend","hexamod:Defend","hexamod:Sear","hexamod:Float+1","hexamod:FifthSeal","hexamod:Incineration","hexamod:FourthSeal","hexamod:ThirdSeal","hexamod:FirstSeal","hexamod:PhantomFireball","hexamod:TimeWarp","expansioncontent:QuickStudy+1","hexamod:SixthSeal","hexamod:NecessarySacrifice","hexamod:TurnItUp","hexamod:AdvancingGuard","hexamod:SuperheatedStrike","hexamod:FastForward","hexamod:SwordOfDarkness","hexamod:ThermalTransfer","hexamod:GhostflameBarrier","hexamod:BacktrackSmack"],"relics":["hexamod:SpiritBrand","Blue Candle","Toy Ornithopter","Centennial Puzzle","Regal Pillow"],"acts_visited":["Exordium"],"potions_floor_usage":[10,16,16,16],"damage_taken":[{"damage":1.0,"enemies":"Jaw Worm","floor":2.0,"turns":3.0},{"damage":10,"enemies":"Small Slimes","floor":4,"turns":5},{"damage":6,"enemies":"downfall:FleeingMerchant","floor":9,"turns":4},{"damage":28,"enemies":"Lagavulin","floor":10,"turns":7},{"damage":10,"enemies":"2 Louse","floor":12,"turns":3},{"damage":10,"enemies":"downfall:FleeingMerchant","floor":13,"turns":4},{"damage":0,"enemies":"Blue Slaver","floor":14,"turns":3},{"damage":28,"enemies":"Exordium Wildlife","floor":15,"turns":5},{"damage":50,"enemies":"DF_ARCHETYPE_STREAMLINE","floor":16,"turns":9}],"seed_played":"-1169469733666487234","potions_obtained":[{"floor":9,"key":"Fire Potion"},{"floor":10,"key":"Strength Potion"},{"floor":10,"key":"Dexterity Potion"},{"floor":12,"key":"SteroidPotion"},{"floor":13,"key":"SkillPotion"},{"floor":15,"key":"LiquidBronze"},{"floor":15,"key":"hexamod:SoulburnPotion"}],"is_trial":false,"path_per_floor":["R","M","?","M","?","?","T","R","$","E","R","M","$","M","M","B"],"character_chosen":"THE_SPIRIT","items_purchased":["expansioncontent:QuickStudy","hexamod:SwordOfDarkness"],"campfire_rested":2,"item_purchase_floors":[9,13],"current_hp_per_floor":[63,62,57,47,47,35,35,53,47,24,57,54,51,58,30,0,0,0],"gold":58,"neow_bonus":"THREE_RARE_CARDS","is_daily":false,"chose_seed":false,"campfire_upgraded":1,"win_rate":0.0,"timestamp":1611901836,"path_taken":["R","M","?","M","?","?","T","R","$","E","R","M","?","M","M","BOSS"],"items_purchased_type":["Card","Card"],"build_version":"2020-12-22","purchased_purges":1,"victory":false,"max_hp_per_floor":[63,63,63,63,63,63,63,63,63,63,63,63,63,63,63,63,63,63],"card_choices":[{"not_picked":["hexamod:HexaLevel","hexamod:GhostflameInferno"],"picked":"hexamod:FifthSeal","floor":0.0},{"not_picked":["hexamod:Firestarter","hexamod:HeatCrush"],"picked":"hexamod:Incineration","floor":2.0},{"not_picked":["hexamod:ThirdSeal","hexamod:SecondSeal"],"picked":"hexamod:FourthSeal","floor":4},{"not_picked":["hexamod:FourthSeal","hexamod:GhostShield"],"picked":"hexamod:ThirdSeal","floor":4},{"not_picked":["hexamod:FourthSeal","hexamod:ThirdSeal"],"picked":"hexamod:FirstSeal","floor":9},{"not_picked":["hexamod:HeatShield","hexamod:BurningTouch"],"picked":"hexamod:PhantomFireball","floor":9},{"not_picked":["hexamod:FlamesFromBeyond","hexamod:BurningTouch"],"picked":"hexamod:TimeWarp","floor":9},{"not_picked":["hexamod:FirstSeal","hexamod:FourthSeal"],"picked":"hexamod:SixthSeal","floor":10},{"not_picked":["hexamod:Incineration","hexamod:ApocalypticArmor"],"picked":"hexamod:NecessarySacrifice","floor":10},{"not_picked":["hexamod:ChargedBarrage","hexamod:GhostOfSpirePast"],"picked":"hexamod:TurnItUp","floor":10},{"not_picked":["hexamod:GhostLash","hexamod:HeatMetal"],"picked":"hexamod:AdvancingGuard","floor":12},{"not_picked":["hexamod:AdvancingGuard","hexamod:FlamesFromBeyond"],"picked":"hexamod:SuperheatedStrike","floor":13},{"not_picked":["hexamod:FlamesFromBeyond","hexamod:HeatMetal"],"picked":"hexamod:FastForward","floor":13},{"not_picked":["hexamod:BacktrackSmack","hexamod:SpectralAdrenaline"],"picked":"hexamod:ThermalTransfer","floor":14},{"not_picked":["hexamod:NightmareGuise","hexamod:HauntingEcho"],"picked":"hexamod:GhostflameBarrier","floor":15},{"not_picked":["hexamod:ThirdSeal","hexamod:GhostShield"],"picked":"hexamod:BacktrackSmack","floor":15}],"player_experience":659897,"relics_obtained":[{"floor":7,"key":"Centennial Puzzle"},{"floor":10,"key":"Regal Pillow"}],"event_choices":[{"damage_healed":0,"gold_gain":0,"player_choice":"Success","damage_taken":12,"relics_obtained":["Toy Ornithopter"],"max_hp_gain":0,"max_hp_loss":0,"event_name":"Scrap Ooze","floor":6,"gold_loss":0}],"is_beta":false,"boss_relics":[],"items_purged_floors":[9],"is_endless":false,"potions_floor_spawned":[10,12,14,15],"killed_by":"DF_ARCHETYPE_STREAMLINE","ascension_level":0}}