{"host":"3zb3nk4wvq0dtbuh","time":1611928045,"event":{"mods":["AchievementEnabler","BaseMod","Lobotomy","Minty Spire (QoL Compilation)","Quick Restart","Relic Filter Mod","StSLib","SuperFastMode","The Blackbeard"],"gold_per_floor":[114,14,14,89,104,132,132,147,147,177,177,187,187,200,200,295,295,314,314,325,335,349,264,264,264,264,164,164,196,196,211,211,315,315,335,345,363,380,175,185,185,204,204,54,64,64,64,64,64],"floor_reached":48,"language":"ZHS","playtime":836,"items_purged":["Shame","Strike_R","Strike_R","Strike_R"],"score":564,"play_id":"83ca54f0-ce2a-4cc4-8a28-46c3e420085f","local_time":"20210129214725","is_ascension_mode":false,"campfire_choices":[{"data":"Feed","floor":7.0,"key":"SMITH"},{"data":"Burning Pact","floor":11.0,"key":"SMITH"},{"data":"Clash","floor":15.0,"key":"SMITH"},{"data":"Clash","floor":25.0,"key":"SMITH"},{"data":"Bludgeon","floor":28.0,"key":"SMITH"},{"data":"Dual Wield","floor":30.0,"key":"SMITH"},{"data":"Bash","floor":32,"key":"SMITH"},{"data":"Dropkick","floor":46,"key":"SMITH"}],"circlet_count":0,"master_deck":["Defend_R","Defend_R","Defend_R","Defend_R","Bash+1","Feed+1","Body Slam","Thunderclap","Clash+1","Clash+1","Burning Pact+1","Bludgeon+1","Dropkick","Burning Pact+1","Dual Wield+1","Brutality","True Grit+1","Dropkick+1"],"relics":["Burning Blood","Mummified Hand","White Beast Statue","Omamori","HornCleat","MealTicket","Nunchaku","Bird Faced Urn","Eternal Feather","Empty Cage","Pen Nib"],"acts_visited":["Exordium","TheCity","TheBeyond"],"potions_floor_usage":[],"damage_taken":[{"damage":24.0,"enemies":"2 Louse","floor":1.0,"turns":6.0},{"damage":0.0,"enemies":"Cultist","floor":5.0,"turns":3.0},{"damage":58.0,"enemies":"3 Sentries","floor":6.0,"turns":12.0},{"damage":0.0,"enemies":"Small Slimes","floor":8.0,"turns":3.0},{"damage":36.0,"enemies":"Lagavulin","floor":10.0,"turns":6.0},{"damage":14.0,"enemies":"Blue Slaver","floor":12.0,"turns":6.0},{"damage":9.0,"enemies":"Gremlin Gang","floor":14.0,"turns":4.0},{"damage":0.0,"enemies":"Slime Boss","floor":16.0,"turns":7.0},{"damage":0.0,"enemies":"Spheric Guardian","floor":18.0,"turns":5.0},{"damage":26.0,"enemies":"2 Thieves","floor":20.0,"turns":6.0},{"damage":7.0,"enemies":"Centurion and Healer","floor":21.0,"turns":5.0},{"damage":32.0,"enemies":"Snake Plant","floor":22.0,"turns":6.0},{"damage":37.0,"enemies":"Book of Stabbing","floor":29.0,"turns":7.0},{"damage":9,"enemies":"3 Cultists","floor":31,"turns":6},{"damage":18,"enemies":"Collector","floor":33,"turns":5},{"damage":29,"enemies":"3 Shapes","floor":35,"turns":9},{"damage":12,"enemies":"3 Darklings","floor":36,"turns":6},{"damage":40,"enemies":"4 Shapes","floor":37,"turns":7},{"damage":42,"enemies":"Sphere and 2 Shapes","floor":38,"turns":7},{"damage":67,"enemies":"Jaw Worm Horde","floor":40,"turns":8},{"damage":72,"enemies":"Writhing Mass","floor":42,"turns":9},{"damage":66,"enemies":"Sphere and 2 Shapes","floor":45,"turns":8},{"damage":0,"enemies":"Spire Growth","floor":48,"turns":3}],"seed_played":"5008768936304603866","potions_obtained":[{"floor":6.0,"key":"AttackPotion"},{"floor":8.0,"key":"Strength Potion"},{"floor":10.0,"key":"Dexterity Potion"},{"floor":21.0,"key":"FearPotion"},{"floor":33,"key":"DuplicationPotion"}],"is_trial":false,"path_per_floor":["M","$","?","?","M","E","R","M","T","E","R","M","?","M","R","B",null,"M","?","M","M","M","?","?","R","T","$","R","E","R","M","R","B",null,"M","M","M","M","$","M","?","M","T","$","M","R","?","M"],"character_chosen":"IRONCLAD","items_purchased":["Thunderclap","Dropkick"],"campfire_rested":0,"item_purchase_floors":[2,39],"current_hp_per_floor":[83,83,83,83,86,89,89,89,89,93,93,97,97,101,101,105,105,109,109,113,117,117,117,117,117,117,117,117,121,121,133,133,133,133,145,145,149,149,149,149,149,149,149,149,149,149,149,149,149],"gold":64,"neow_bonus":"THREE_RARE_CARDS","is_daily":false,"chose_seed":false,"campfire_upgraded":8,"win_rate":0.0,"timestamp":1611928045,"path_taken":["M","$","?","?","M","E","R","?","T","E","R","M","?","M","R","BOSS","M","?","?","?","M","?","?","R","T","$","R","E","R","M","R","BOSS","M","M","M","M","$","M","?","M","T","$","M","R","?","M"],"items_purchased_type":["Card","Card"],"build_version":"2020-12-22","purchased_purges":4,"victory":false,"max_hp_per_floor":[83,83,83,83,86,89,89,89,89,93,93,97,97,101,101,105,105,109,109,113,117,117,117,117,117,117,117,117,121,121,133,133,133,133,145,145,149,149,149,149,149,149,149,149,149,149,149,149,149],"card_choices":[{"not_picked":["Offering","Corruption"],"picked":"Feed","floor":0.0},{"not_picked":["Feel No Pain","Anger"],"picked":"Body Slam","floor":1.0},{"not_picked":["Anger","Iron Wave"],"picked":"Clash","floor":5.0},{"not_picked":["Shrug It Off","Rupture"],"picked":"Clash","floor":6.0},{"not_picked":["Pommel Strike","Spot Weakness"],"picked":"Burning Pact","floor":8.0},{"not_picked":["Berserk","Anger","Pommel Strike"],"picked":"SKIP","floor":10.0},{"not_picked":["Sword Boomerang","Havoc","Inflame"],"picked":"SKIP","floor":12.0},{"not_picked":["Searing Blow","Pommel Strike","Carnage"],"picked":"SKIP","floor":14.0},{"not_picked":["Barricade","Juggernaut"],"picked":"Bludgeon","floor":16.0},{"not_picked":["Flame Barrier","Body Slam+1","Perfected Strike+1"],"picked":"SKIP","floor":18.0},{"not_picked":["Power Through","Clothesline"],"picked":"Dropkick","floor":20.0},{"not_picked":["Warcry","Perfected Strike+1","Carnage"],"picked":"SKIP","floor":21.0},{"not_picked":["Clothesline","Clash"],"picked":"Burning Pact+1","floor":22.0},{"not_picked":["Twin Strike","Heavy Blade+1"],"picked":"Dual Wield","floor":29.0},{"not_picked":["Power Through","Entrench","Double Tap"],"picked":"SKIP","floor":31},{"not_picked":["Reaper","Juggernaut"],"picked":"Brutality","floor":33},{"not_picked":["Clothesline+1","Pommel Strike"],"picked":"True Grit+1","floor":35},{"not_picked":["Pummel","Clash+1","Rampage+1"],"picked":"SKIP","floor":36},{"not_picked":["Sword Boomerang+1","Cleave","Clash+1"],"picked":"SKIP","floor":37},{"not_picked":["Thunderclap+1","Feed","Shrug It Off+1"],"picked":"SKIP","floor":38},{"not_picked":["Fire Breathing","Hemokinesis+1","Twin Strike+1"],"picked":"SKIP","floor":40},{"not_picked":["Evolve","Headbutt+1","Sword Boomerang"],"picked":"SKIP","floor":42},{"not_picked":["Body Slam+1","Armaments","Fire Breathing+1"],"picked":"SKIP","floor":45}],"player_experience":46306,"relics_obtained":[{"floor":6.0,"key":"White Beast Statue"},{"floor":9.0,"key":"Omamori"},{"floor":10.0,"key":"HornCleat"},{"floor":26.0,"key":"Bird Faced Urn"},{"floor":29.0,"key":"Eternal Feather"},{"floor":43,"key":"Pen Nib"}],"event_choices":[{"damage_healed":0.0,"max_hp_gain":0.0,"max_hp_loss":0.0,"gold_gain":0.0,"event_name":"Scrap Ooze","player_choice":"Success","floor":3.0,"gold_loss":0.0,"damage_taken":18.0,"relics_obtained":["Mummified Hand"]},{"damage_healed":0.0,"max_hp_gain":0.0,"max_hp_loss":0.0,"gold_gain":75.0,"event_name":"FaceTrader","player_choice":"Touch","floor":4.0,"gold_loss":0.0,"damage_taken":8.0},{"damage_healed":0.0,"max_hp_gain":0.0,"max_hp_loss":0.0,"gold_gain":0.0,"event_name":"Liars Game","player_choice":"Ignored","floor":13.0,"gold_loss":0.0,"damage_taken":0.0},{"damage_healed":0.0,"max_hp_gain":0.0,"max_hp_loss":0.0,"gold_gain":0.0,"event_name":"NoteForYourself","player_choice":"Ignored","floor":19.0,"gold_loss":0.0,"damage_taken":0.0},{"damage_healed":0.0,"max_hp_gain":0.0,"max_hp_loss":0.0,"gold_gain":0.0,"event_name":"Addict","player_choice":"Obtained Relic","floor":23.0,"gold_loss":85.0,"damage_taken":0.0,"relics_obtained":["MealTicket"]},{"damage_healed":0.0,"max_hp_gain":0.0,"max_hp_loss":0.0,"gold_gain":0.0,"event_name":"The Mausoleum","player_choice":"Opened","floor":24.0,"gold_loss":0.0,"damage_taken":0.0,"relics_obtained":["Nunchaku"],"cards_obtained":["Writhe"]},{"damage_healed":0,"gold_gain":0,"player_choice":"Memory 1","damage_taken":0,"max_hp_gain":0,"max_hp_loss":0,"event_name":"SensoryStone","floor":41,"gold_loss":0},{"damage_healed":0,"gold_gain":0,"player_choice":"Bought 0 Potions","damage_taken":0,"max_hp_gain":0,"max_hp_loss":0,"event_name":"The Woman in Blue","floor":47,"gold_loss":0}],"is_beta":false,"boss_relics":[{"not_picked":["Ectoplasm","Velvet Choker","Cursed Key"]},{"not_picked":["Calling Bell","Pandora\u0027s Box"],"picked":"Empty Cage"}],"items_purged_floors":[2,27,39,44],"is_endless":false,"potions_floor_spawned":[6,8,10,12,14,16,18,20,21,22,29,31,33,35,36,37,38,40,42,45],"killed_by":"Spire Growth","ascension_level":0}}