{"host":"gfxjwtol062e9znw","time":1611916620,"event":{"mods":["BaseMod","Colored Map","Minty Spire (QoL Compilation)"],"gold_per_floor":[217,232,134,134,148,173,189,189,189,199,228,228,243,297,297,297,297],"floor_reached":16,"language":"ENG","playtime":917,"items_purged":["Strike_G"],"score":151,"play_id":"8ceccbda-01c5-4ecc-beb4-c3a72ec41f1c","local_time":"20210129213700","is_ascension_mode":true,"campfire_choices":[{"floor":8,"key":"REST"},{"floor":12,"key":"REST"},{"floor":15,"key":"REST"}],"circlet_count":0,"master_deck":["Strike_G","Strike_G","Strike_G","Strike_G","Defend_G","Defend_G","Defend_G","Defend_G","Defend_G","Survivor","Neutralize+1","Poisoned Stab","Bane","Quick Slash+1","Leg Sweep","Quick Slash","Backstab","Deflect"],"relics":["Ring of the Snake","Whetstone","Singing Bowl","Gambling Chip","MealTicket"],"acts_visited":["Exordium"],"potions_floor_usage":[6,10],"damage_taken":[{"damage":0,"enemies":"Cultist","floor":1,"turns":4},{"damage":0,"enemies":"Small Slimes","floor":2,"turns":3},{"damage":4,"enemies":"Jaw Worm","floor":5,"turns":3},{"damage":49,"enemies":"3 Sentries","floor":6,"turns":13},{"damage":0,"enemies":"2 Fungi Beasts","floor":7,"turns":4},{"damage":7,"enemies":"Gremlin Gang","floor":10,"turns":5},{"damage":19,"enemies":"Lagavulin","floor":11,"turns":6},{"damage":1,"enemies":"Large Slime","floor":13,"turns":5},{"damage":55,"enemies":"The Guardian","floor":16,"turns":15}],"seed_played":"990660372887890883","potions_obtained":[{"floor":1,"key":"GamblersBrew"},{"floor":2,"key":"Poison Potion"},{"floor":11,"key":"SteroidPotion"}],"is_trial":false,"path_per_floor":["M","M","$","?","M","E","M","R","T","M","E","R","M","T","R","B"],"character_chosen":"THE_SILENT","items_purchased":["Bane"],"campfire_rested":3,"item_purchase_floors":[3],"current_hp_per_floor":[63,63,63,70,66,17,17,38,38,31,12,33,34,34,55,0,0],"gold":297,"neow_bonus":"HUNDRED_GOLD","is_daily":false,"chose_seed":false,"campfire_upgraded":0,"win_rate":0.0,"timestamp":1611916620,"path_taken":["M","M","?","?","M","E","M","R","T","M","E","R","?","?","R","BOSS"],"items_purchased_type":["Card"],"build_version":"2020-12-22","purchased_purges":1,"victory":false,"max_hp_per_floor":[70,70,70,70,70,70,70,70,70,70,70,70,72,72,72,72,72],"card_choices":[{"not_picked":["Masterful Stab","PiercingWail"],"picked":"Concentrate","floor":1},{"not_picked":["Flying Knee","Outmaneuver"],"picked":"Poisoned Stab","floor":2},{"not_picked":["Finisher","Blur"],"picked":"Quick Slash","floor":5},{"not_picked":["Sucker Punch","Skewer"],"picked":"Leg Sweep","floor":6},{"not_picked":["Eviscerate","Masterful Stab"],"picked":"Quick Slash","floor":7},{"not_picked":["Crippling Poison","Slice"],"picked":"Backstab","floor":10},{"not_picked":["Dodge and Roll","Sucker Punch"],"picked":"Deflect","floor":11},{"not_picked":["Backstab","Deflect","Quick Slash"],"picked":"Singing Bowl","floor":13}],"player_experience":26823,"relics_obtained":[{"floor":6,"key":"Whetstone"},{"floor":9,"key":"Singing Bowl"},{"floor":11,"key":"Gambling Chip"},{"floor":14,"key":"MealTicket"}],"event_choices":[{"cards_removed":["Concentrate"],"damage_healed":7,"gold_gain":0,"player_choice":"Offered Uncommon","damage_taken":0,"max_hp_gain":0,"max_hp_loss":0,"event_name":"Bonfire Elementals","floor":4,"gold_loss":0}],"is_beta":false,"boss_relics":[],"items_purged_floors":[3],"is_endless":false,"potions_floor_spawned":[1,2,11],"killed_by":"The Guardian","ascension_level":7}}