{"host":"6eo4thp7fob519hm","time":1611945307,"event":{"mods":["BaseMod","Block Reminder","Colored Map","Colored Powertips","DeckTracker","Googly Eyes","Highlight Path","Minty Spire (QoL Compilation)","Quick Restart"],"gold_per_floor":[117,128,147,157,127,127,143,143,194,212,89,121,138,138,138,241,241,261,271,271,16,28,28,28,28],"floor_reached":24,"language":"ENG","playtime":993,"items_purged":["Strike_R"],"score":200,"play_id":"9e380440-b604-436f-98c3-cefb0548c291","local_time":"20210130000507","is_ascension_mode":false,"campfire_choices":[{"data":"Armaments","floor":6.0,"key":"SMITH"},{"data":"Bash","floor":8.0,"key":"SMITH"},{"data":"Havoc","floor":15.0,"key":"SMITH"},{"data":"Clothesline","floor":23,"key":"SMITH"}],"circlet_count":0,"master_deck":["Strike_R","Defend_R","Defend_R","Defend_R","Defend_R","Bash+1","Thunderclap","Armaments+1","Dropkick","Iron Wave","Twin Strike","Burning Pact","Havoc+1","Clothesline+1","Twin Strike","Brutality","Pommel Strike+1","Finesse","Ghostly Armor"],"relics":["Burning Blood","Regal Pillow","Gremlin Horn","Empty Cage","Self Forming Clay"],"acts_visited":["Exordium","TheCity"],"potions_floor_usage":[],"damage_taken":[{"damage":5.0,"enemies":"Cultist","floor":1.0,"turns":4.0},{"damage":6.0,"enemies":"Jaw Worm","floor":2.0,"turns":4.0},{"damage":0.0,"enemies":"Small Slimes","floor":3.0,"turns":3.0},{"damage":8.0,"enemies":"Exordium Thugs","floor":4.0,"turns":6.0},{"damage":5.0,"enemies":"Looter","floor":7.0,"turns":3.0},{"damage":0.0,"enemies":"Gremlin Gang","floor":10.0,"turns":3.0},{"damage":17.0,"enemies":"Lagavulin","floor":12.0,"turns":8.0},{"damage":11.0,"enemies":"Exordium Wildlife","floor":13.0,"turns":3.0},{"damage":26.0,"enemies":"The Guardian","floor":16.0,"turns":7.0},{"damage":27.0,"enemies":"2 Thieves","floor":18.0,"turns":5.0},{"damage":3.0,"enemies":"Chosen","floor":19.0,"turns":4.0},{"damage":19.0,"enemies":"Snake Plant","floor":22.0,"turns":4.0},{"damage":13,"enemies":"Centurion and Healer","floor":24,"turns":7}],"seed_played":"-8921628777182259631","potions_obtained":[{"floor":4.0,"key":"Explosive Potion"},{"floor":5.0,"key":"HeartOfIron"},{"floor":5.0,"key":"BlessingOfTheForge"},{"floor":10.0,"key":"Strength Potion"},{"floor":12.0,"key":"PowerPotion"}],"is_trial":false,"path_per_floor":["M","M","M","M","?","R","M","R","T","M","$","E","M","?","R","B",null,"M","M","?","$","M","R","M"],"character_chosen":"IRONCLAD","items_purchased":["Havoc","Self Forming Clay"],"campfire_rested":0,"item_purchase_floors":[11,21],"current_hp_per_floor":[88,88,88,86,86,86,87,87,87,88,88,77,72,72,72,52,88,67,70,58,58,45,45,38,38],"gold":28,"neow_bonus":"TEN_PERCENT_HP_BONUS","is_daily":false,"chose_seed":false,"campfire_upgraded":4,"win_rate":0.0,"timestamp":1611945307,"path_taken":["M","M","M","M","?","R","?","R","T","M","?","E","M","?","R","BOSS","M","?","?","?","M","R","M"],"items_purchased_type":["Card","Relic"],"build_version":"2020-12-22","purchased_purges":1,"victory":false,"max_hp_per_floor":[88,88,88,88,88,88,88,88,88,88,88,88,88,88,88,88,88,88,88,88,88,88,88,88,88],"card_choices":[{"not_picked":["Heavy Blade","Second Wind"],"picked":"Thunderclap","floor":1.0},{"not_picked":["Power Through","Rampage"],"picked":"Armaments","floor":2.0},{"not_picked":["Hemokinesis","Dark Embrace"],"picked":"Dropkick","floor":3.0},{"not_picked":["Anger","Perfected Strike"],"picked":"Iron Wave","floor":4.0},{"not_picked":["Body Slam","Heavy Blade"],"picked":"Twin Strike","floor":7.0},{"not_picked":["Reckless Charge","Body Slam"],"picked":"Burning Pact","floor":10.0},{"not_picked":["Corruption","Twin Strike"],"picked":"Clothesline","floor":12.0},{"not_picked":["Warcry","Barricade"],"picked":"Twin Strike","floor":13.0},{"not_picked":["Berserk","Juggernaut"],"picked":"Brutality","floor":16.0},{"not_picked":["Heavy Blade","Iron Wave","Clash"],"picked":"SKIP","floor":18.0},{"not_picked":["Twin Strike","True Grit"],"picked":"Pommel Strike+1","floor":19.0},{"not_picked":["Exhume","Evolve"],"picked":"Ghostly Armor","floor":22.0}],"player_experience":594583,"relics_obtained":[{"floor":9.0,"key":"Regal Pillow"},{"floor":12.0,"key":"Gremlin Horn"}],"event_choices":[{"damage_healed":0.0,"max_hp_gain":0.0,"max_hp_loss":0.0,"gold_gain":0.0,"event_name":"The Woman in Blue","player_choice":"Bought 2 Potions","floor":5.0,"gold_loss":0.0,"damage_taken":0.0},{"cards_removed":["Strike_R"],"damage_healed":0.0,"max_hp_gain":0.0,"max_hp_loss":0.0,"gold_gain":0.0,"event_name":"Purifier","player_choice":"Purged","floor":14.0,"gold_loss":0.0,"damage_taken":0.0},{"damage_healed":0.0,"max_hp_gain":0.0,"max_hp_loss":0.0,"gold_gain":0.0,"event_name":"Knowing Skull","player_choice":"CARD ","floor":20.0,"potions_obtained":[],"gold_loss":0.0,"damage_taken":12.0,"cards_obtained":["Finesse"]}],"is_beta":false,"boss_relics":[{"not_picked":["Pandora\u0027s Box","Mark of Pain"],"picked":"Empty Cage"}],"items_purged_floors":[11],"is_endless":false,"potions_floor_spawned":[4,7,10,12],"killed_by":"Centurion and Healer","ascension_level":0}}