{"host":"1ecbliur7lfoj0sl","time":1611902935,"event":{"mods":["BaseMod","Minty Spire (QoL Compilation)","StSLib","Waifu the Spire","WarShipGirlsR/’ΩΩ¢…Ÿ≈ÆR mod"],"gold_per_floor":[112,112,112,132,57,57,74,88,113,145,145,170,188,263,263,367,367,378,180,196,212,212,242,242,260,286,286,10,25,44,44,44,168,168,205,205,7,17,28,58,58,85,85,114,131,180,180,180,180,180,180,180,27,77,97],"floor_reached":56,"language":"ZHS","playtime":3051,"items_purged":["rmod:defend","rmod:maingunfire","rmod:defend","rmod:defend+1"],"score":1630,"play_id":"79d75650-ab06-4f7a-9b8c-a0155c1c007b","local_time":"20210129144855","is_ascension_mode":true,"campfire_choices":[{"data":"rmod:supportescort","floor":6.0,"key":"SMITH"},{"data":"rmod:intelligenceanalysis","floor":15.0,"key":"SMITH"},{"data":"rmod:steelsupply","floor":24.0,"key":"SMITH"},{"data":"Impatience","floor":32.0,"key":"SMITH"},{"data":"rmod:aluminumsupply","floor":41.0,"key":"SMITH"},{"floor":47.0,"key":"RECALL"},{"data":"rmod:desperatesituation","floor":49.0,"key":"SMITH"},{"data":"rmod:fletcherpendant","floor":52.0,"key":"SMITH"}],"circlet_count":0,"master_deck":["rmod:basicallowance+1","rmod:supportescort+1","rmod:fletcherpendant+1","rmod:intelligenceanalysis+1","rmod:ridicule+1","rmod:steelsupply+1","Impatience+1","rmod:supportaircraftcarrier+1","rmod:firesupport+1","rmod:aluminumsupply+1","rmod:heivgo+1","rmod:diaomin+1","rmod:desperatesituation+1"],"relics":["rmod:firstchargereward","MealTicket","Orichalcum","Blood Vial","Letter Opener","SacredBark","Happy Flower","Oddly Smooth Stone","Medical Kit","Runic Pyramid","Juzu Bracelet","Mercury Hourglass","HornCleat","Torii","Potion Belt","Bag of Preparation","CaptainsWheel"],"acts_visited":["Exordium","TheCity","TheBeyond","TheEnding"],"potions_floor_usage":[55,55,55],"damage_taken":[{"damage":0.0,"enemies":"Jaw Worm","floor":1.0,"turns":3.0},{"damage":0.0,"enemies":"Small Slimes","floor":4.0,"turns":3.0},{"damage":0.0,"enemies":"2 Louse","floor":7.0,"turns":3.0},{"damage":10.0,"enemies":"Gremlin Gang","floor":8.0,"turns":5.0},{"damage":21.0,"enemies":"3 Sentries","floor":10.0,"turns":10.0},{"damage":0.0,"enemies":"Gremlin Nob","floor":12.0,"turns":3.0},{"damage":0.0,"enemies":"3 Louse","floor":13.0,"turns":2.0},{"damage":56.0,"enemies":"Hexaghost","floor":16.0,"turns":12.0},{"damage":0.0,"enemies":"Chosen","floor":18.0,"turns":4.0},{"damage":0.0,"enemies":"2 Thieves","floor":20.0,"turns":3.0},{"damage":15.0,"enemies":"Centurion and Healer","floor":21.0,"turns":5.0},{"damage":36.0,"enemies":"Slavers","floor":23.0,"turns":4.0},{"damage":0.0,"enemies":"Shelled Parasite and Fungi","floor":25.0,"turns":4.0},{"damage":13.0,"enemies":"Sentry and Sphere","floor":29.0,"turns":3.0},{"damage":0.0,"enemies":"Chosen and Byrds","floor":30.0,"turns":3.0},{"damage":0.0,"enemies":"Collector","floor":33.0,"turns":5.0},{"damage":0.0,"enemies":"Orb Walker","floor":35.0,"turns":2.0},{"damage":0.0,"enemies":"3 Darklings","floor":38.0,"turns":2.0},{"damage":3.0,"enemies":"Sphere and 2 Shapes","floor":39.0,"turns":2.0},{"damage":0.0,"enemies":"Giant Head","floor":40.0,"turns":6.0},{"damage":0.0,"enemies":"Nemesis","floor":42.0,"turns":6.0},{"damage":0.0,"enemies":"Giant Head","floor":44.0,"turns":7.0},{"damage":0.0,"enemies":"4 Shapes","floor":45.0,"turns":2.0},{"damage":0.0,"enemies":"Reptomancer","floor":46.0,"turns":2.0},{"damage":41.0,"enemies":"Time Eater","floor":50.0,"turns":11.0},{"damage":0,"enemies":"Shield and Spear","floor":54,"turns":4},{"damage":87,"enemies":"The Heart","floor":55,"turns":7}],"seed_played":"8057121747782162281","potions_obtained":[{"floor":4.0,"key":"Regen Potion"},{"floor":7.0,"key":"Dexterity Potion"},{"floor":8.0,"key":"Regen Potion"},{"floor":12.0,"key":"AttackPotion"},{"floor":16.0,"key":"CultistPotion"},{"floor":18.0,"key":"DistilledChaos"},{"floor":21.0,"key":"Regen Potion"},{"floor":23.0,"key":"Fruit Juice"},{"floor":29.0,"key":"PowerPotion"},{"floor":46.0,"key":"SpeedPotion"}],"is_trial":false,"path_per_floor":["M","?","?","M","$","R","M","M","T","E","?","E","M","T","R","B",null,"M","$","M","M","?","E","R","M","T","?","$","M","M","T","R","B",null,"M","?","$","M","M","E","R","E","T","E","M","E","R","?","R","B",null,"R","$","E","B",null],"character_chosen":"PRAEFECT","items_purchased":["Impatience","Medical Kit","rmod:aluminumsupply","Bag of Preparation"],"campfire_rested":0,"item_purchase_floors":[19,28,37,53],"current_hp_per_floor":[75,60,53,53,53,53,53,43,43,75,75,75,75,75,75,19,75,75,75,75,60,60,36,36,38,38,38,53,42,44,44,44,46,85,85,85,85,85,82,84,84,85,85,85,85,85,85,85,85,44,85,85,85,85,32],"gold":97,"neow_bonus":"REMOVE_CARD","is_daily":false,"chose_seed":false,"campfire_upgraded":7,"win_rate":0.0,"timestamp":1611902935,"path_taken":["M","?","?","M","$","R","M","M","T","E","?","E","M","?","R","BOSS","M","$","M","?","?","E","R","M","T","?","$","?","?","?","R","BOSS","M","?","$","M","?","E","R","E","T","E","M","E","R","?","R","BOSS","R","$","E","BOSS"],"items_purchased_type":["Card","Relic","Card","Relic"],"build_version":"2020-12-22","purchased_purges":4,"victory":true,"max_hp_per_floor":[75,75,75,75,75,75,75,75,75,75,75,75,75,75,75,75,75,75,75,75,75,75,85,85,85,85,85,85,85,85,85,85,85,85,85,85,85,85,85,85,85,85,85,85,85,85,85,85,85,85,85,85,85,85,85],"card_choices":[{"not_picked":["rmod:tearstotiara","rmod:aviationdawn","rmod:ammunitionsupply"],"picked":"SKIP","floor":1.0},{"not_picked":["rmod:chargemoney","rmod:combined"],"picked":"rmod:supportescort","floor":4.0},{"not_picked":["rmod:guardianhero","rmod:aggressivemary","rmod:supportescort"],"picked":"SKIP","floor":7.0},{"not_picked":["rmod:launchingtorpedo","rmod:luckystar"],"picked":"rmod:fletcherpendant","floor":8.0},{"not_picked":["rmod:fletcherpendant","rmod:combined"],"picked":"rmod:intelligenceanalysis","floor":10.0},{"not_picked":["rmod:fletcherpendant","rmod:punchline","rmod:unsinkable"],"picked":"SKIP","floor":12.0},{"not_picked":["rmod:abidefaith","rmod:salvage","rmod:victimresponsibility"],"picked":"SKIP","floor":13.0},{"not_picked":["rmod:ammunitionsupply","rmod:supportaircraftcarrier"],"picked":"rmod:steelsupply","floor":18.0},{"not_picked":["rmod:luckystar","rmod:slowdown","rmod:tearstotiara"],"picked":"SKIP","floor":20.0},{"not_picked":["rmod:expedition","rmod:generalist"],"picked":"rmod:supportaircraftcarrier+1","floor":21.0},{"not_picked":["rmod:intelligenceanalysis","rmod:unsinkable"],"picked":"rmod:firesupport+1","floor":23.0},{"not_picked":["rmod:diamondstrike","rmod:intelligenceanalysis","rmod:mineteam"],"picked":"SKIP","floor":25.0},{"not_picked":["rmod:slowdown","rmod:sl","rmod:aluminumsupply"],"picked":"SKIP","floor":29.0},{"not_picked":["rmod:mineteam","rmod:wife","rmod:advancebysurprise"],"picked":"SKIP","floor":30.0},{"not_picked":["rmod:smokecover","rmod:goodfighter+1","rmod:bulid+1"],"picked":"SKIP","floor":35.0},{"not_picked":["rmod:supportescort","rmod:capitalist+1","rmod:tearstotiara"],"picked":"SKIP","floor":38.0},{"not_picked":["rmod:fletcherpendant","rmod:capitalist+1"],"picked":"rmod:heivgo+1","floor":39.0},{"not_picked":["rmod:secretscript","rmod:aluminumsupply+1","rmod:supportescort"],"picked":"SKIP","floor":40.0},{"not_picked":["rmod:ammunitionsupply","rmod:combined+1"],"picked":"rmod:diaomin+1","floor":42.0},{"not_picked":["rmod:fletcherpendant","rmod:gendarmerie","rmod:diaomin"],"picked":"SKIP","floor":44.0},{"not_picked":["rmod:fletcher","rmod:aggressivemary","rmod:steelsupply+1"],"picked":"SKIP","floor":45.0},{"not_picked":["rmod:gendarmerie+1","rmod:punchline","rmod:steelsupply"],"picked":"SKIP","floor":46.0},{"not_picked":["rmod:supportescort+1","rmod:punchline","rmod:spoils+1"],"picked":"SKIP","floor":54}],"player_experience":5123,"relics_obtained":[{"floor":9.0,"key":"MealTicket"},{"floor":10.0,"key":"Orichalcum"},{"floor":12.0,"key":"Blood Vial"},{"floor":14.0,"key":"Letter Opener"},{"floor":23.0,"key":"Happy Flower"},{"floor":26.0,"key":"Oddly Smooth Stone"},{"floor":40.0,"key":"Juzu Bracelet"},{"floor":42.0,"key":"Mercury Hourglass"},{"floor":43.0,"key":"HornCleat"},{"floor":44.0,"key":"Torii"},{"floor":46.0,"key":"Potion Belt"},{"floor":54,"key":"CaptainsWheel"}],"event_choices":[{"damage_healed":0.0,"max_hp_gain":0.0,"max_hp_loss":0.0,"gold_gain":0.0,"event_name":"Shining Light","player_choice":"Entered Light","floor":2.0,"gold_loss":0.0,"damage_taken":15.0,"cards_upgraded":["rmod:defend","rmod:basicallowance"]},{"cards_removed":["rmod:strick"],"damage_healed":0.0,"max_hp_gain":0.0,"max_hp_loss":0.0,"gold_gain":0.0,"event_name":"Golden Wing","player_choice":"Card Removal","floor":3.0,"gold_loss":0.0,"damage_taken":7.0},{"damage_healed":0.0,"max_hp_gain":0.0,"max_hp_loss":0.0,"gold_gain":0.0,"cards_transformed":["rmod:defend"],"event_name":"Living Wall","player_choice":"Change","floor":11.0,"gold_loss":0.0,"damage_taken":0.0,"cards_obtained":["rmod:ridicule"]},{"cards_removed":["rmod:strick"],"damage_healed":0.0,"max_hp_gain":0.0,"max_hp_loss":0.0,"gold_gain":0.0,"event_name":"Back to Basics","player_choice":"Elegance","floor":22.0,"gold_loss":0.0,"damage_taken":0.0},{"cards_removed":["rmod:strick"],"damage_healed":0.0,"max_hp_gain":0.0,"max_hp_loss":0.0,"gold_gain":0.0,"event_name":"Bonfire Elementals","player_choice":"Offered Basic","floor":27.0,"gold_loss":0.0,"damage_taken":0.0},{"damage_healed":0.0,"max_hp_gain":0.0,"max_hp_loss":0.0,"gold_gain":0.0,"event_name":"Accursed Blacksmith","player_choice":"Forge","floor":36.0,"gold_loss":0.0,"damage_taken":0.0,"cards_upgraded":["rmod:ridicule"]},{"damage_healed":0.0,"max_hp_gain":0.0,"max_hp_loss":0.0,"gold_gain":0.0,"event_name":"Match and Keep!","player_choice":"1 cards matched","floor":48.0,"gold_loss":0.0,"damage_taken":0.0,"cards_obtained":["rmod:desperatesituation"]}],"is_beta":false,"boss_relics":[{"not_picked":["Sozu","Busted Crown"],"picked":"SacredBark"},{"not_picked":["Runic Dome","Tiny House"],"picked":"Runic Pyramid"}],"items_purged_floors":[5,19,28,37],"is_endless":false,"potions_floor_spawned":[4,7,8,12,16,18,21,23,29,38,44,46],"ascension_level":1}}