{"host":"jwbw4f4imxd0v0b0","time":1611906518,"event":{"mods":["BaseMod","Colored Map","Highlight Path","Minty Spire (QoL Compilation)","Relic Stats","StSLib"],"gold_per_floor":[113,188,198,198,198,198,231,8,62,77,100,124,155,185,197,338,350,380,392,329,440,452,464,507,542,554,88,88,108,108,0,0,123,123,146,146,0,63,63,63,98,117,117,17,40,40,74,74,74,74],"floor_reached":51,"language":"ENG","playtime":2242,"items_purged":["Strike_B","Thunder Strike"],"score":1344,"play_id":"f77e444a-1ef4-4279-b765-24262b7aaf4d","local_time":"20210129014838","is_ascension_mode":true,"campfire_choices":[{"data":"Cold Snap","floor":6.0,"key":"SMITH"},{"data":"Defragment","floor":15.0,"key":"SMITH"},{"data":"Defragment","floor":23.0,"key":"SMITH"},{"data":"Defragment","floor":28.0,"key":"SMITH"},{"data":"Defragment","floor":30.0,"key":"SMITH"},{"data":"Amplify","floor":32.0,"key":"SMITH"},{"data":"Defragment","floor":40,"key":"SMITH"},{"data":"Biased Cognition","floor":46,"key":"SMITH"},{"data":"Loop","floor":49,"key":"SMITH"}],"circlet_count":0,"master_deck":["AscendersBane","Zap+1","Dualcast","Doom and Gloom+1","Cold Snap+1","Chill","Defragment+1","Reinforced Body","Static Discharge","Turbo","Ball Lightning","Amplify+1","Redo","Defragment+1","Coolheaded+1","Defragment+1","Defragment+1","Force Field+1","Biased Cognition+1","Amplify+1","Loop+1","Self Repair","Defragment+1","Force Field+1","Coolheaded+1","Discovery+1","Hologram+1","Storm"],"relics":["Cracked Core","Golden Idol","Nunchaku","Lee\u0027s Waffle","Pen Nib","MawBank","Coffee Dripper","Toxic Egg 2","Bag of Marbles","HornCleat","Pandora\u0027s Box","Red Mask","Turnip","Meat on the Bone","Kunai","Singing Bowl"],"acts_visited":["Exordium","TheCity","TheBeyond"],"potions_floor_usage":[50,50,50],"damage_taken":[{"damage":0.0,"enemies":"Small Slimes","floor":1.0,"turns":4.0},{"damage":4.0,"enemies":"2 Louse","floor":3.0,"turns":3.0},{"damage":8.0,"enemies":"Lagavulin","floor":7.0,"turns":5.0},{"damage":10.0,"enemies":"Jaw Worm","floor":10.0,"turns":3.0},{"damage":3.0,"enemies":"Blue Slaver","floor":11.0,"turns":3.0},{"damage":0.0,"enemies":"2 Fungi Beasts","floor":12.0,"turns":3.0},{"damage":0.0,"enemies":"3 Sentries","floor":13.0,"turns":2.0},{"damage":9.0,"enemies":"3 Louse","floor":14.0,"turns":3.0},{"damage":14.0,"enemies":"Hexaghost","floor":16.0,"turns":8.0},{"damage":7.0,"enemies":"Spheric Guardian","floor":18.0,"turns":3.0},{"damage":30.0,"enemies":"Book of Stabbing","floor":24.0,"turns":5.0},{"damage":0.0,"enemies":"3 Byrds","floor":25.0,"turns":6.0},{"damage":14.0,"enemies":"Centurion and Healer","floor":29.0,"turns":2.0},{"damage":0.0,"enemies":"Champ","floor":33.0,"turns":13.0},{"damage":0.0,"enemies":"3 Darklings","floor":35.0,"turns":6.0},{"damage":14.0,"enemies":"Mind Bloom Boss Battle","floor":38.0,"turns":5.0},{"damage":0,"enemies":"Nemesis","floor":41,"turns":11},{"damage":0,"enemies":"Orb Walker","floor":42,"turns":4},{"damage":1,"enemies":"Spire Growth","floor":45,"turns":5},{"damage":0,"enemies":"Giant Head","floor":47,"turns":8},{"damage":15,"enemies":"Donu and Deca","floor":50,"turns":6}],"seed_played":"-8939784084826725067","potions_obtained":[{"floor":10.0,"key":"Regen Potion"},{"floor":12.0,"key":"Strength Potion"},{"floor":14.0,"key":"AttackPotion"},{"floor":16.0,"key":"Fruit Juice"},{"floor":29.0,"key":"PowerPotion"},{"floor":35.0,"key":"Fruit Juice"}],"is_trial":false,"path_per_floor":["M","?","M","?","?","R","E","$","T","M","M","M","E","M","R","B",null,"M","?","?","?","?","R","E","M","T","$","R","M","R","$","R","B",null,"M","?","?","?","$","R","E","M","T","$","M","R","E","?","R","B",null],"character_chosen":"DEFECT","items_purchased":["Defragment","Lee\u0027s Waffle","HornCleat","Defragment","DuplicationPotion","Regen Potion","Force Field+1"],"campfire_rested":0,"item_purchase_floors":[8,8,27,27,27,31,31],"current_hp_per_floor":[68,57,53,53,53,53,45,76,76,66,63,63,63,54,54,40,67,60,60,60,60,60,60,35,35,35,35,35,21,21,21,21,21,66,73,73,73,66,66,66,80,81,81,81,81,81,81,77,77,82],"gold":74,"neow_bonus":"UPGRADE_CARD","is_daily":false,"chose_seed":false,"campfire_upgraded":9,"win_rate":0.0,"timestamp":1611906518,"path_taken":["M","?","M","?","?","R","E","$","T","M","M","M","E","M","R","BOSS","M","?","?","?","?","R","E","M","T","?","R","?","R","$","R","BOSS","M","?","?","?","$","R","E","M","T","?","M","R","E","?","R","BOSS"],"items_purchased_type":["Card","Relic","Relic","Card","Potion","Potion","Card"],"build_version":"2020-12-22","purchased_purges":2,"victory":true,"max_hp_per_floor":[75,75,75,75,69,69,69,76,76,76,76,76,76,76,76,76,76,76,76,76,76,76,76,81,81,81,81,81,81,81,81,81,81,81,81,81,81,81,81,81,81,81,81,81,81,81,81,77,77,82],"relic_stats":{"Nunchaku":[8],"Lee\u0027s Waffle":31,"Singing Bowl":0,"counters":[21,108],"Golden Idol":167,"Pandora\u0027s Box":["Amplify","Loop","Self Repair","Thunder Strike","Defragment","Force Field"],"Pen Nib":[8],"Turnip":[0],"Kunai":[0],"MawBank":168,"obtain_stats":[{"Lee\u0027s Waffle":8,"Singing Bowl":47,"Golden Idol":5,"Pen Nib":9,"MawBank":13,"Nunchaku":7,"HornCleat":27,"Pandora\u0027s Box":34,"Turnip":38,"Coffee Dripper":17,"Bag of Marbles":26,"Red Mask":37,"Kunai":43,"Toxic Egg 2":24,"Cracked Core":0,"Meat on the Bone":41},{"Lee\u0027s Waffle":3,"Singing Bowl":20,"Golden Idol":2,"Pen Nib":3,"MawBank":7,"Nunchaku":3,"HornCleat":12,"Pandora\u0027s Box":14,"Turnip":16,"Coffee Dripper":9,"Bag of Marbles":12,"Red Mask":15,"Kunai":18,"Toxic Egg 2":11,"Cracked Core":0,"Meat on the Bone":17},{"Lee\u0027s Waffle":12,"Singing Bowl":102,"Golden Idol":7,"Pen Nib":12,"MawBank":23,"Nunchaku":12,"HornCleat":48,"Pandora\u0027s Box":63,"Turnip":74,"Coffee Dripper":34,"Bag of Marbles":48,"Red Mask":69,"Kunai":89,"Toxic Egg 2":42,"Cracked Core":0,"Meat on the Bone":85}],"Meat on the Bone":0},"card_choices":[{"not_picked":["Go for the Eyes","Hologram"],"picked":"Doom and Gloom","floor":1.0},{"not_picked":["Stack","Chaos"],"picked":"Cold Snap","floor":3.0},{"not_picked":["Streamline","Melter"],"picked":"Chill","floor":7.0},{"not_picked":["Gash","Reinforced Body","Streamline"],"picked":"SKIP","floor":10.0},{"not_picked":["Gash","Streamline"],"picked":"Reinforced Body","floor":10.0},{"not_picked":["Storm","Redo"],"picked":"Static Discharge","floor":11.0},{"not_picked":["Stack","Hyperbeam"],"picked":"Turbo","floor":12.0},{"not_picked":["Doom and Gloom","Coolheaded"],"picked":"Ball Lightning","floor":13.0},{"not_picked":["Beam Cell","Sweeping Beam","Chaos"],"picked":"SKIP","floor":14.0},{"not_picked":["All For One","Rainbow"],"picked":"Amplify","floor":16.0},{"not_picked":["Gash+1","Doom and Gloom"],"picked":"Redo","floor":18.0},{"not_picked":["Ball Lightning+1","Recycle+1"],"picked":"Coolheaded+1","floor":24.0},{"not_picked":["Gash","Barrage"],"picked":"Defragment","floor":25.0},{"not_picked":["Sweeping Beam+1","Heatsinks","Hello World"],"picked":"SKIP","floor":29.0},{"not_picked":["Multi-Cast+1","Buffer"],"picked":"Biased Cognition","floor":33.0},{"not_picked":["Streamline+1","Cold Snap"],"picked":"Coolheaded+1","floor":35.0},{"not_picked":["Metamorphosis+1","Panache"],"picked":"Discovery+1","floor":36.0},{"not_picked":["Recycle+1","Conserve Battery+1"],"picked":"Hologram+1","floor":38.0},{"not_picked":["Coolheaded+1","Turbo+1","Force Field+1"],"picked":"SKIP","floor":41},{"not_picked":["Barrage","Doom and Gloom+1","Cold Snap+1"],"picked":"SKIP","floor":42},{"not_picked":["Ball Lightning","Gash+1","Streamline"],"picked":"SKIP","floor":45},{"not_picked":["Beam Cell","Cold Snap"],"picked":"Storm","floor":47}],"player_experience":1159110,"relics_obtained":[{"floor":7.0,"key":"Nunchaku"},{"floor":9.0,"key":"Pen Nib"},{"floor":13.0,"key":"MawBank"},{"floor":24.0,"key":"Toxic Egg 2"},{"floor":26.0,"key":"Bag of Marbles"},{"floor":38.0,"key":"Turnip"},{"floor":41,"key":"Meat on the Bone"},{"floor":43,"key":"Kunai"},{"floor":47,"key":"Singing Bowl"}],"event_choices":[{"damage_healed":0.0,"max_hp_gain":0.0,"max_hp_loss":0.0,"gold_gain":75.0,"event_name":"World of Goop","player_choice":"Gather Gold","floor":2.0,"gold_loss":0.0,"damage_taken":11.0},{"damage_healed":0.0,"max_hp_gain":0.0,"max_hp_loss":0.0,"gold_gain":0.0,"event_name":"Living Wall","player_choice":"Grow","floor":4.0,"gold_loss":0.0,"damage_taken":0.0,"cards_upgraded":["Doom and Gloom"]},{"damage_healed":0.0,"max_hp_gain":0.0,"max_hp_loss":6.0,"gold_gain":0.0,"event_name":"Golden Idol","player_choice":"Lose Max HP","floor":5.0,"gold_loss":0.0,"damage_taken":0.0,"relics_obtained":["Golden Idol"]},{"damage_healed":0.0,"max_hp_gain":0.0,"max_hp_loss":0.0,"gold_gain":0.0,"event_name":"Vampires","player_choice":"Ignored","floor":19.0,"gold_loss":0.0,"damage_taken":0.0},{"cards_removed":["Strike_B"],"damage_healed":0.0,"max_hp_gain":0.0,"max_hp_loss":0.0,"gold_gain":0.0,"event_name":"Beggar","player_choice":"Gave Gold","floor":20.0,"gold_loss":75.0,"damage_taken":0.0},{"damage_healed":0.0,"max_hp_gain":0.0,"max_hp_loss":0.0,"gold_gain":99.0,"event_name":"Nest","player_choice":"Stole From Cult","floor":21.0,"gold_loss":0.0,"damage_taken":0.0},{"damage_healed":0.0,"max_hp_gain":0.0,"max_hp_loss":0.0,"gold_gain":0.0,"event_name":"The Library","player_choice":"Read","floor":22.0,"gold_loss":0.0,"damage_taken":0.0,"cards_obtained":["Defragment"]},{"damage_healed":0.0,"max_hp_gain":0.0,"max_hp_loss":0.0,"gold_gain":0.0,"event_name":"SensoryStone","player_choice":"Memory 1","floor":36.0,"gold_loss":0.0,"damage_taken":0.0},{"damage_healed":0.0,"max_hp_gain":0.0,"max_hp_loss":0.0,"gold_gain":0.0,"event_name":"Tomb of Lord Red Mask","player_choice":"Paid","floor":37.0,"gold_loss":146.0,"damage_taken":0.0,"relics_obtained":["Red Mask"]},{"damage_healed":0.0,"max_hp_gain":0.0,"max_hp_loss":0.0,"gold_gain":0.0,"event_name":"MindBloom","player_choice":"Fight","floor":38.0,"gold_loss":0.0,"damage_taken":0.0},{"damage_healed":0,"gold_gain":0,"player_choice":"Max HP","damage_taken":0,"max_hp_gain":0,"max_hp_loss":4,"event_name":"Winding Halls","floor":48,"gold_loss":0}],"is_beta":false,"boss_relics":[{"not_picked":["Nuclear Battery","Black Star"],"picked":"Coffee Dripper"},{"not_picked":["Runic Dome","Busted Crown"],"picked":"Pandora\u0027s Box"}],"items_purged_floors":[27,44],"is_endless":false,"potions_floor_spawned":[10,12,14,16,29,35,47],"ascension_level":10}}