{"host":"5jyeqch4fosnsiz2","time":1611949160,"event":{"mods":["BaseMod","Bestiary","Colored Map","Colored Powertips","Filter the Spire","Minty Spire (QoL Compilation)","Relic Stats","StSLib","Waifu the Spire","ojb\u0027s Better Paths Mod","ojb\u0027s Info Mod"],"gold_per_floor":[111,111,121,52,69,97,114,114,141,141,158,177,38,50,50,50,50],"floor_reached":16,"language":"ENG","playtime":601,"items_purged":[],"score":104,"play_id":"14602ccd-50a9-4319-9043-de409e90992c","local_time":"20210129143920","is_ascension_mode":false,"campfire_choices":[{"floor":8,"key":"REST"},{"data":"Armaments","floor":10,"key":"SMITH"},{"data":"Feed","floor":15,"key":"SMITH"}],"circlet_count":0,"master_deck":["Strike_R","Strike_R","Strike_R","Strike_R","Strike_R","Defend_R","Defend_R","Defend_R","Defend_R","Bash","Twin Strike","Finesse","Armaments+1","Uppercut","Cleave","Clash","Shrug It Off","Pommel Strike","Headbutt","Feed+1"],"relics":["Burning Blood","Regal Pillow","Omamori","Potion Belt"],"acts_visited":["Exordium"],"potions_floor_usage":[6,14],"damage_taken":[{"damage":6,"enemies":"Cultist","floor":1,"turns":3},{"damage":0,"enemies":"Small Slimes","floor":3,"turns":3},{"damage":19,"enemies":"2 Louse","floor":5,"turns":3},{"damage":60,"enemies":"3 Sentries","floor":6,"turns":9},{"damage":0,"enemies":"Gremlin Gang","floor":7,"turns":5},{"damage":13,"enemies":"2 Fungi Beasts","floor":11,"turns":3},{"damage":11,"enemies":"3 Louse","floor":12,"turns":4},{"damage":7,"enemies":"Large Slime","floor":14,"turns":5},{"damage":97,"enemies":"The Guardian","floor":16,"turns":17}],"seed_played":"3786888575298363020","potions_obtained":[{"floor":5,"key":"Swift Potion"},{"floor":7,"key":"DuplicationPotion"},{"floor":12,"key":"FairyPotion"}],"is_trial":false,"path_per_floor":["M","?","M","$","M","E","M","R","T","R","M","M","$","M","R","B"],"character_chosen":"IRONCLAD","items_purchased":["Uppercut","Feed"],"campfire_rested":1,"item_purchase_floors":[4,13],"current_hp_per_floor":[80,80,80,80,67,13,19,58,58,58,51,46,46,48,48,0,0],"gold":50,"neow_bonus":"RANDOM_COMMON_RELIC","is_daily":false,"chose_seed":false,"campfire_upgraded":2,"win_rate":0.0,"timestamp":1611949160,"path_taken":["M","?","?","$","M","E","M","R","T","R","M","M","$","?","R","BOSS"],"items_purchased_type":["Card","Card"],"build_version":"2020-12-22","purchased_purges":0,"victory":false,"max_hp_per_floor":[80,80,80,80,80,80,80,80,80,80,80,80,80,83,83,83,83],"relic_stats":{"Regal Pillow":15,"counters":[9,52],"obtain_stats":[{"Potion Belt":9,"Regal Pillow":0,"Omamori":6,"Burning Blood":0},{"Potion Belt":5,"Regal Pillow":0,"Omamori":4,"Burning Blood":0},{"Potion Belt":23,"Regal Pillow":0,"Omamori":18,"Burning Blood":0}],"Burning Blood":42},"card_choices":[{"not_picked":["True Grit","Warcry"],"picked":"Twin Strike","floor":1},{"not_picked":["Cleave","Inflame"],"picked":"Armaments","floor":3},{"not_picked":["Headbutt","Sword Boomerang"],"picked":"Cleave","floor":5},{"not_picked":["Wild Strike","Exhume"],"picked":"Clash","floor":6},{"not_picked":["Armaments","Pommel Strike"],"picked":"Shrug It Off","floor":7},{"not_picked":["Twin Strike","Ghostly Armor"],"picked":"Pommel Strike","floor":11},{"not_picked":["Heavy Blade","Flex"],"picked":"Headbutt","floor":12},{"not_picked":["Intimidate","Armaments","Heavy Blade"],"picked":"SKIP","floor":14}],"player_experience":335225,"relics_obtained":[{"floor":6,"key":"Omamori"},{"floor":9,"key":"Potion Belt"}],"event_choices":[{"damage_healed":0,"gold_gain":0,"player_choice":"1 cards matched","damage_taken":0,"max_hp_gain":0,"max_hp_loss":0,"event_name":"Match and Keep!","floor":2,"gold_loss":0,"cards_obtained":["Finesse"]}],"is_beta":false,"boss_relics":[],"items_purged_floors":[],"is_endless":false,"potions_floor_spawned":[5,7,12],"killed_by":"The Guardian","ascension_level":0}}