{"host":"twbuyd87gsx4w7po","time":1611947757,"event":{"mods":["BaseMod","Downfall","Minty Spire (QoL Compilation)","StSLib"],"gold_per_floor":[99,110,121,121,221,249,249,267,442,453,453,453,453],"floor_reached":11,"language":"ENG","playtime":469,"items_purged":[],"score":77,"play_id":"a453cf50-484a-4145-bb72-734b078c8574","local_time":"20210129111557","is_ascension_mode":true,"campfire_choices":[{"data":"hexamod:Float","floor":1,"key":"SMITH"}],"circlet_count":0,"master_deck":["hexamod:Strike","hexamod:Strike","hexamod:Strike","hexamod:Strike","hexamod:Defend","hexamod:Defend","hexamod:Defend","hexamod:Defend","hexamod:Sear","hexamod:Float+1","hexamod:UnleashSpirits","hexamod:FlamesFromBeyond","hexamod:Haunt","hexamod:NightmareGuise","Doubt","hexamod:GhostLash"],"relics":["hexamod:SpiritBrand","Nunchaku","Matryoshka","Ancient Tea Set"],"acts_visited":["Exordium"],"potions_floor_usage":[6],"damage_taken":[{"damage":0,"enemies":"Small Slimes","floor":2,"turns":4},{"damage":3,"enemies":"2 Louse","floor":3,"turns":3},{"damage":16,"enemies":"Lagavulin","floor":6,"turns":6},{"damage":6,"enemies":"Jaw Worm","floor":8,"turns":3},{"damage":4,"enemies":"Blue Slaver","floor":10,"turns":4},{"damage":18,"enemies":"3 Sentries","floor":11,"turns":4}],"seed_played":"-6493375111038262947","potions_obtained":[{"floor":3,"key":"Strength Potion"},{"floor":8,"key":"BlessingOfTheForge"}],"is_trial":false,"path_per_floor":["R","M","M","?","?","E","T","M","?","M","E"],"character_chosen":"THE_SPIRIT","items_purchased":[],"campfire_rested":0,"item_purchase_floors":[],"current_hp_per_floor":[49,49,46,43,43,27,27,21,21,17,0,0,0],"gold":453,"neow_bonus":"THREE_RARE_CARDS","is_daily":false,"chose_seed":false,"campfire_upgraded":1,"win_rate":0.0,"timestamp":1611947757,"path_taken":["R","M","M","?","?","E","T","M","?","M","E"],"items_purchased_type":[],"build_version":"2020-12-22","purchased_purges":0,"victory":false,"max_hp_per_floor":[70,70,70,70,70,70,70,70,70,70,70,70,70],"card_choices":[{"not_picked":["hexamod:GhostOfSpirePresent","hexamod:TimeOfNeed"],"picked":"hexamod:UnleashSpirits","floor":0},{"not_picked":["hexamod:ChargedBarrage","hexamod:HauntingEcho"],"picked":"hexamod:FlamesFromBeyond","floor":2},{"not_picked":["hexamod:GhostflameBarrier","hexamod:SkipABeat"],"picked":"hexamod:Haunt","floor":3},{"not_picked":["hexamod:ShieldOfDarkness","hexamod:GhostOfSpireFuture","hexamod:BurningTouch"],"picked":"SKIP","floor":6},{"not_picked":["hexamod:ThermalTransfer","hexamod:Haunt"],"picked":"hexamod:NightmareGuise","floor":8},{"not_picked":["hexamod:UnlimitedPower","hexamod:BurningTouch"],"picked":"hexamod:GhostLash","floor":10}],"player_experience":383067,"relics_obtained":[{"floor":6,"key":"Matryoshka"},{"floor":7,"key":"Ancient Tea Set"}],"event_choices":[{"damage_healed":0,"gold_gain":0,"player_choice":"Success","damage_taken":3,"relics_obtained":["Nunchaku"],"max_hp_gain":0,"max_hp_loss":0,"event_name":"Scrap Ooze","floor":4,"gold_loss":0}],"is_beta":false,"boss_relics":[],"items_purged_floors":[],"is_endless":false,"potions_floor_spawned":[3,8],"killed_by":"3 Sentries","ascension_level":1}}