{"host":"p4v0hquynnreu717","time":1611935243,"event":{"mods":["BaseMod","Better Vampires","DeckTracker","Googly Eyes","Minty Spire (QoL Compilation)","Quick Restart","StSLib","SuperFastMode"],"gold_per_floor":[117,42,42,60,22,48,63,63,63,77,77,91,103,103,103,177,177,190,190,190,115,128,128,128,128,199,199,219,230,264,189,189,268,268,281,281,297,110,120,120,133,148,173,223,236,270,290,310,310,310,310,310,38,68,68],"floor_reached":56,"language":"ZHS","playtime":1836,"items_purged":["Strike_G","Skewer+1","Escape Plan+1"],"score":2139,"play_id":"c902eebe-ea43-456e-bfc6-9ddd7a7b5ed7","local_time":"20210129234723","is_ascension_mode":true,"campfire_choices":[{"data":"Tactician","floor":8.0,"key":"SMITH"},{"data":"Acrobatics","floor":11.0,"key":"SMITH"},{"data":"Calculated Gamble","floor":15.0,"key":"SMITH"},{"data":"Terror","floor":23.0,"key":"SMITH"},{"data":"Skewer","floor":25.0,"key":"SMITH"},{"floor":27.0,"key":"REST"},{"data":"Prepared","floor":32.0,"key":"SMITH"},{"data":"Acrobatics","floor":40.0,"key":"SMITH"},{"floor":49.0,"key":"RECALL"},{"data":"Impatience","floor":52.0,"key":"SMITH"}],"circlet_count":0,"master_deck":["AscendersBane","Survivor+1","Neutralize+1","Eviscerate+1","Tactician+1","Acrobatics+1","Calculated Gamble+1","Terror+1","Night Terror","Prepared+1","Adrenaline","Acrobatics+1","Impatience+1","Reflex+1"],"relics":["Ring of the Snake","NeowsBlessing","Darkstone Periapt","Whetstone","PreservedInsect","War Paint","Runic Pyramid","MutagenicStrength","Enchiridion","Pantograph","Ancient Tea Set","Pandora\u0027s Box","Strawberry","OrangePellets","InkBottle"],"acts_visited":["Exordium","TheCity","TheBeyond","TheEnding"],"potions_floor_usage":[],"damage_taken":[{"damage":0.0,"enemies":"Small Slimes","floor":1.0,"turns":1.0},{"damage":0.0,"enemies":"Cultist","floor":4.0,"turns":1.0},{"damage":0.0,"enemies":"Lagavulin","floor":6.0,"turns":1.0},{"damage":0.0,"enemies":"2 Louse","floor":7.0,"turns":3.0},{"damage":0.0,"enemies":"Large Slime","floor":10.0,"turns":6.0},{"damage":0.0,"enemies":"3 Louse","floor":12.0,"turns":5.0},{"damage":0.0,"enemies":"Looter","floor":13.0,"turns":2.0},{"damage":12.0,"enemies":"Slime Boss","floor":16.0,"turns":7.0},{"damage":16.0,"enemies":"Chosen","floor":18.0,"turns":4.0},{"damage":1.0,"enemies":"3 Byrds","floor":22.0,"turns":4.0},{"damage":0.0,"enemies":"Shelled Parasite and Fungi","floor":28.0,"turns":3.0},{"damage":4.0,"enemies":"Centurion and Healer","floor":29.0,"turns":8.0},{"damage":0.0,"enemies":"Book of Stabbing","floor":30.0,"turns":3.0},{"damage":24.0,"enemies":"Collector","floor":33.0,"turns":7.0},{"damage":3.0,"enemies":"3 Shapes","floor":35.0,"turns":2.0},{"damage":0.0,"enemies":"3 Darklings","floor":37.0,"turns":1.0},{"damage":0.0,"enemies":"4 Shapes","floor":39.0,"turns":1.0},{"damage":0.0,"enemies":"Maw","floor":41.0,"turns":1.0},{"damage":0.0,"enemies":"Transient","floor":42.0,"turns":2.0},{"damage":0.0,"enemies":"3 Darklings","floor":45.0,"turns":1.0},{"damage":0.0,"enemies":"Reptomancer","floor":46.0,"turns":1.0},{"damage":0.0,"enemies":"Maw","floor":47.0,"turns":1.0},{"damage":0.0,"enemies":"Sphere and 2 Shapes","floor":48.0,"turns":1.0},{"damage":0.0,"enemies":"Awakened One","floor":50.0,"turns":2.0},{"damage":0.0,"enemies":"Shield and Spear","floor":54.0,"turns":1.0},{"damage":29,"enemies":"The Heart","floor":55,"turns":4}],"seed_played":"709148280207650522","potions_obtained":[{"floor":1.0,"key":"Fire Potion"},{"floor":12.0,"key":"PowerPotion"},{"floor":16.0,"key":"PowerPotion"},{"floor":29.0,"key":"Block Potion"},{"floor":30.0,"key":"LiquidMemories"},{"floor":39.0,"key":"SteroidPotion"}],"is_trial":false,"path_per_floor":["M","?","?","M","$","E","M","R","T","M","R","M","M","?","R","B",null,"M","?","?","?","M","R","?","R","T","R","M","M","E","$","R","B",null,"M","?","M","$","M","R","M","M","T","?","M","E","M","M","R","B",null,"R","$","E","B",null],"character_chosen":"THE_SILENT","items_purchased":["Tactician","Impatience","OrangePellets"],"campfire_rested":1,"item_purchase_floors":[5,38,53],"current_hp_per_floor":[59,59,59,59,59,59,59,59,59,59,59,59,59,48,48,36,59,43,43,43,43,42,42,21,21,21,40,40,36,36,36,36,37,59,56,56,56,56,56,56,56,56,56,56,56,63,63,63,63,73,73,73,73,73,44],"gold":68,"neow_bonus":"THREE_ENEMY_KILL","is_daily":false,"chose_seed":false,"campfire_upgraded":8,"win_rate":0.0,"timestamp":1611935243,"path_taken":["M","?","?","M","$","E","M","R","T","M","R","?","M","?","R","BOSS","M","?","?","?","M","R","?","R","T","R","M","M","E","$","R","BOSS","M","?","M","$","M","R","M","M","T","?","?","E","M","M","R","BOSS","R","$","E","BOSS"],"items_purchased_type":["Card","Card","Relic"],"build_version":"2020-12-22","purchased_purges":3,"victory":true,"max_hp_per_floor":[66,66,66,66,66,66,66,66,66,66,66,66,66,66,66,66,66,66,66,66,66,66,66,66,66,66,66,66,66,66,66,66,66,66,66,66,66,66,66,66,66,66,66,66,66,73,73,73,73,73,73,73,73,73,73],"card_choices":[{"not_picked":["Setup","Deflect","Flechettes"],"picked":"SKIP","floor":1.0},{"not_picked":["Flying Knee","Bane"],"picked":"Eviscerate","floor":4.0},{"not_picked":["Outmaneuver","Bane"],"picked":"Skewer","floor":6.0},{"not_picked":["Quick Slash","PiercingWail"],"picked":"Escape Plan","floor":7.0},{"not_picked":["Deadly Poison","Underhanded Strike"],"picked":"Acrobatics","floor":10.0},{"not_picked":["All Out Attack","Terror"],"picked":"Calculated Gamble","floor":12.0},{"not_picked":["Slice","Backflip"],"picked":"Terror","floor":13.0},{"not_picked":["Bullet Time","Glass Knife"],"picked":"Night Terror","floor":16.0},{"not_picked":["Dagger Spray","Blade Dance","Underhanded Strike+1"],"picked":"SKIP","floor":18.0},{"not_picked":["Predator","Backflip","Bane"],"picked":"SKIP","floor":22.0},{"not_picked":["Sucker Punch","Deflect","Doppelganger"],"picked":"SKIP","floor":28.0},{"not_picked":["Endless Agony","Acrobatics"],"picked":"Eviscerate","floor":29.0},{"not_picked":["Backflip","Wraith Form v2"],"picked":"Prepared","floor":30.0},{"not_picked":["Grand Finale","Die Die Die"],"picked":"Adrenaline","floor":33.0},{"not_picked":["Poisoned Stab","Terror","Quick Slash"],"picked":"SKIP","floor":35.0},{"not_picked":["Dodge and Roll","Terror+1"],"picked":"Acrobatics","floor":37.0},{"not_picked":["Doppelganger","Slice+1"],"picked":"Reflex+1","floor":39.0},{"not_picked":["Cloak And Dagger","Blade Dance+1","Finisher"],"picked":"SKIP","floor":41.0},{"not_picked":["Quick Slash+1","Deadly Poison","Acrobatics+1"],"picked":"SKIP","floor":42.0},{"not_picked":["Backflip","Poisoned Stab","Infinite Blades+1"],"picked":"SKIP","floor":45.0},{"not_picked":["Infinite Blades","Accuracy","Deadly Poison+1"],"picked":"SKIP","floor":46.0},{"not_picked":["Blade Dance","Poisoned Stab","Outmaneuver"],"picked":"SKIP","floor":47.0},{"not_picked":["Distraction","Quick Slash","Setup"],"picked":"SKIP","floor":48.0},{"not_picked":["Wraith Form v2","Cloak And Dagger","Backflip"],"picked":"SKIP","floor":54.0}],"player_experience":798683,"relics_obtained":[{"floor":3.0,"key":"Darkstone Periapt"},{"floor":6.0,"key":"Whetstone"},{"floor":9.0,"key":"PreservedInsect"},{"floor":24.0,"key":"Enchiridion"},{"floor":26.0,"key":"Pantograph"},{"floor":30.0,"key":"Ancient Tea Set"},{"floor":46.0,"key":"Strawberry"},{"floor":54.0,"key":"InkBottle"}],"event_choices":[{"cards_removed":["Strike_G"],"damage_healed":0.0,"max_hp_gain":0.0,"max_hp_loss":0.0,"gold_gain":0.0,"event_name":"The Cleric","player_choice":"Card Removal","floor":2.0,"gold_loss":75.0,"damage_taken":0.0},{"damage_healed":0.0,"max_hp_gain":0.0,"max_hp_loss":0.0,"gold_gain":0.0,"event_name":"Wheel of Change","player_choice":"Relic","floor":3.0,"gold_loss":0.0,"damage_taken":0.0},{"damage_healed":0.0,"max_hp_gain":0.0,"max_hp_loss":0.0,"gold_gain":0.0,"event_name":"Scrap Ooze","player_choice":"Success","floor":14.0,"gold_loss":0.0,"damage_taken":11.0,"relics_obtained":["War Paint"]},{"damage_healed":0.0,"max_hp_gain":0.0,"max_hp_loss":0.0,"gold_gain":0.0,"event_name":"Vampires","player_choice":"Ignored","floor":19.0,"gold_loss":0.0,"damage_taken":0.0},{"damage_healed":0.0,"max_hp_gain":0.0,"max_hp_loss":0.0,"gold_gain":0.0,"event_name":"Drug Dealer","player_choice":"Inject Mutagens","floor":20.0,"gold_loss":0.0,"damage_taken":0.0,"relics_obtained":["MutagenicStrength"]},{"cards_removed":["Strike_G"],"damage_healed":0.0,"max_hp_gain":0.0,"max_hp_loss":0.0,"gold_gain":0.0,"event_name":"Beggar","player_choice":"Gave Gold","floor":21.0,"gold_loss":75.0,"damage_taken":0.0},{"damage_healed":0.0,"max_hp_gain":0.0,"max_hp_loss":0.0,"gold_gain":0.0,"event_name":"Cursed Tome","player_choice":"Obtained Book","floor":24.0,"gold_loss":0.0,"damage_taken":21.0},{"cards_removed":["Eviscerate"],"damage_healed":0.0,"max_hp_gain":0.0,"max_hp_loss":0.0,"gold_gain":0.0,"event_name":"Falling","player_choice":"Removed Attack","floor":36.0,"gold_loss":0.0,"damage_taken":0.0},{"damage_healed":0.0,"max_hp_gain":0.0,"max_hp_loss":0.0,"gold_gain":50.0,"event_name":"Golden Shrine","player_choice":"Pray","floor":44.0,"gold_loss":0.0,"damage_taken":0.0}],"is_beta":false,"boss_relics":[{"not_picked":["SacredBark","WristBlade"],"picked":"Runic Pyramid"},{"not_picked":["Tiny House","Runic Dome"],"picked":"Pandora\u0027s Box"}],"items_purged_floors":[31,38,53],"is_endless":false,"potions_floor_spawned":[1,6,12,16,29,30,35,39,46,48],"ascension_level":15}}