{"host":"qekv59dthhdg54sz","time":1611899753,"event":{"mods":["AchievementEnabler","BaseMod","Colored Map","DeckTracker","KOR Keyword Fix","Minty Spire (QoL Compilation)","Rare Cards Sparkle","StSLib","SuperFastMode"],"gold_per_floor":[119,119,44,44,44,44,75,75,75,75,92,106,106,116,116,192,192,142,153,37,37,37],"floor_reached":21,"language":"KOR","playtime":373,"items_purged":["Strike_R"],"score":374,"play_id":"9890e8d0-83be-4784-a48c-4f77a7119a48","local_time":"20210129145553","is_ascension_mode":true,"campfire_choices":[{"data":"Evolve","floor":6.0,"key":"SMITH"},{"data":"Bash","floor":8.0,"key":"SMITH"},{"data":"True Grit","floor":15,"key":"SMITH"}],"circlet_count":0,"master_deck":["AscendersBane","Strike_R","Strike_R","Defend_R","Defend_R","Defend_R","Defend_R","Bash+1","Headbutt","Evolve+1","Flame Barrier","Spot Weakness","Demon Form","True Grit+1","Impervious","Disarm+1","Feel No Pain"],"relics":["Black Blood","NeowsBlessing","HornCleat","Girya"],"acts_visited":["Exordium","TheCity"],"potions_floor_usage":[16,21],"damage_taken":[{"damage":0.0,"enemies":"Cultist","floor":1.0,"turns":1.0},{"damage":0.0,"enemies":"Gremlin Nob","floor":7.0,"turns":1.0},{"damage":0.0,"enemies":"2 Louse","floor":11.0,"turns":1.0},{"damage":2.0,"enemies":"Jaw Worm","floor":12.0,"turns":6.0},{"damage":15,"enemies":"Large Slime","floor":14,"turns":6},{"damage":41,"enemies":"Hexaghost","floor":16,"turns":10},{"damage":48,"enemies":"2 Thieves","floor":18,"turns":5},{"damage":18,"enemies":"Shell Parasite","floor":19,"turns":9},{"damage":23,"enemies":"Snake Plant","floor":21,"turns":6}],"seed_played":"6622290115524067050","potions_obtained":[{"floor":1.0,"key":"Ancient Potion"},{"floor":7.0,"key":"Dexterity Potion"},{"floor":19,"key":"Swift Potion"}],"is_trial":false,"path_per_floor":["M","?","$","?","$","R","E","R","T","?","M","M","?","M","R","B",null,"M","M","$","M"],"character_chosen":"IRONCLAD","items_purchased":["Evolve","Feel No Pain"],"campfire_rested":0,"item_purchase_floors":[3,20],"current_hp_per_floor":[74,74,74,74,74,74,75,75,75,75,75,75,75,66,66,31,64,28,22,22,0,0],"gold":37,"neow_bonus":"THREE_ENEMY_KILL","is_daily":false,"chose_seed":false,"campfire_upgraded":3,"win_rate":0.0,"timestamp":1611899753,"path_taken":["M","?","$","?","?","R","E","R","T","?","M","?","?","M","R","BOSS","M","?","$","?"],"items_purchased_type":["Card","Card"],"build_version":"2020-12-22","purchased_purges":1,"victory":false,"max_hp_per_floor":[75,75,75,75,75,75,75,75,75,75,75,75,75,75,75,75,75,75,75,75,75,75],"card_choices":[{"not_picked":["Sever Soul","Armaments"],"picked":"Headbutt","floor":1.0},{"not_picked":["Pummel","Thunderclap","Hemokinesis"],"picked":"SKIP","floor":7.0},{"not_picked":["Anger","Twin Strike"],"picked":"Flame Barrier","floor":11.0},{"not_picked":["Anger","Dark Embrace"],"picked":"Spot Weakness","floor":12.0},{"not_picked":["Shockwave","Sword Boomerang"],"picked":"True Grit","floor":14},{"not_picked":["Brutality","Immolate"],"picked":"Impervious","floor":16},{"not_picked":["Reckless Charge","Flex","Inflame"],"picked":"SKIP","floor":18},{"not_picked":["Sever Soul","Bloodletting"],"picked":"Disarm+1","floor":19}],"player_experience":869525,"relics_obtained":[{"floor":7.0,"key":"HornCleat"},{"floor":9.0,"key":"Girya"}],"event_choices":[{"damage_healed":0.0,"max_hp_gain":0.0,"max_hp_loss":0.0,"gold_gain":0.0,"event_name":"Liars Game","player_choice":"Ignored","floor":2.0,"gold_loss":0.0,"damage_taken":0.0},{"cards_removed":["Strike_R"],"damage_healed":0.0,"max_hp_gain":0.0,"max_hp_loss":0.0,"gold_gain":0.0,"event_name":"Living Wall","player_choice":"Forget","floor":4.0,"gold_loss":0.0,"damage_taken":0.0},{"cards_removed":["Strike_R"],"damage_healed":0.0,"max_hp_gain":0.0,"max_hp_loss":0.0,"gold_gain":0.0,"event_name":"Purifier","player_choice":"Purged","floor":10.0,"gold_loss":0.0,"damage_taken":0.0},{"damage_healed":0,"gold_gain":0,"player_choice":"1 cards matched","damage_taken":0,"max_hp_gain":0,"max_hp_loss":0,"event_name":"Match and Keep!","floor":13,"gold_loss":0,"cards_obtained":["Demon Form"]}],"is_beta":false,"boss_relics":[{"not_picked":["Ectoplasm","Pandora\u0027s Box"],"picked":"Black Blood"}],"items_purged_floors":[20],"is_endless":false,"potions_floor_spawned":[1,7,12,19],"killed_by":"Snake Plant","ascension_level":17}}