{"host":"2i0myh7fqij2ti1z","time":1611880584,"event":{"mods":["Aspiration","BaseMod","Better Third Choice","Colored Powertips","Conspire","Evolution","FoggyMod","GifTheSpireLib","Highlight Path","Hubris","Minty Spire (QoL Compilation)","Permanent Neow","Quick Restart","Random Character Button","Random Character Mod","Replay The Spire","Shop Mod","Spicy Shops","StSLib","Stuff the Spire","Wandering Minibosses","óô»ðÖ¸ÄÏ"],"gold_per_floor":[116,116,116,116,53,53,84,84,84,9,56,100,100,145,145,257,257,285,115,115,115,115,152,208,208,208,208,334,334,392,307,307,434,434,470,470,537,199,199,199,251,251,301,330,330,552,598,624,276,316,316,316,168,203,227],"floor_reached":56,"language":"ENG","playtime":3392,"items_purged":["Defend_B","Endless Agony","Tools of the Trade+1","Zap+1"],"score":1928,"play_id":"5e0bfd20-6699-4e9c-9bbf-b8152dea970e","local_time":"20210129083624","is_ascension_mode":true,"campfire_choices":[{"data":"Tools of the Trade","floor":6.0,"key":"SMITH"},{"data":"Zap","floor":8.0,"key":"SMITH"},{"data":"Dualcast","floor":15.0,"key":"SMITH"},{"data":"Burst","floor":32.0,"key":"SMITH"},{"data":"StuffTheSpire:Innocence","floor":40.0,"key":"SMITH"},{"data":"FIFO Queue","floor":42.0,"key":"SMITH"}],"circlet_count":0,"master_deck":["Burst+1","FIFO Queue+1","StuffTheSpire:Innocence+1","Electrodynamics+1","After Image+1","Grand Finale+1","ReplayTheSpireMod:Tripwire","Meteor Strike+1","hubris:EnhanceAbility+1"],"relics":["EVO:Axolotl","aspiration:SilentSkillbook","Juzu Bracelet","Black Star","StuffTheSpire:GrapeVine","conspire:GlowingRock","hubris:DeckOfHolding","Bronze Scales","hubris:GlazedTorus","Replay:Bandana","aspiration:SeaSaltIceCream","Gremlin Food","Bag of Preparation","StuffTheSpire:Barrel","Replay:Bottled Steam","hubris:BlackHole","Juzu Bracelet","Pantograph","Red Mask","hubris:Towel","Golden Egg","aspiration:RitualStick","Dead Branch","Runic Capacitor","Torii","Meat on the Bone","Quantum Egg","Prayer Wheel","hubris:HollowSoul","StuffTheSpire:Nightcore","FossilizedHelix","Chameleon Ring","PreservedInsect","Replay:Antivirus Software","Turnip","Prayer Wheel","Blue Doll","conspire:TopHat","DataDisk","Anchor","Lantern"],"acts_visited":["Exordium","TheCity","TheBeyond","TheEnding"],"potions_floor_usage":[],"damage_taken":[{"damage":0.0,"enemies":"Small Slimes","floor":1.0,"turns":3.0},{"damage":10.0,"enemies":"Lagavulin","floor":7.0,"turns":6.0},{"damage":1.0,"enemies":"3 Sentries","floor":12.0,"turns":4.0},{"damage":11.0,"enemies":"Lagavulin","floor":14.0,"turns":5.0},{"damage":3.0,"enemies":"Slime Boss","floor":16.0,"turns":5.0},{"damage":21.0,"enemies":"3 Byrds","floor":18.0,"turns":4.0},{"damage":10.0,"enemies":"conspire:SneckoGhost","floor":23.0,"turns":3.0},{"damage":3.0,"enemies":"Masked Bandits","floor":24.0,"turns":2.0},{"damage":0.0,"enemies":"Gremlin Leader","floor":30.0,"turns":1.0},{"damage":0.0,"enemies":"Collector","floor":33.0,"turns":2.0},{"damage":4.0,"enemies":"3 Shapes","floor":35.0,"turns":1.0},{"damage":0.0,"enemies":"2 Orb Walkers","floor":37.0,"turns":1.0},{"damage":0.0,"enemies":"R_Hoarder","floor":41.0,"turns":2.0},{"damage":0.0,"enemies":"Nemesis","floor":44.0,"turns":2.0},{"damage":0.0,"enemies":"Giant Head","floor":47.0,"turns":2.0},{"damage":0.0,"enemies":"conspire:OrnateMirror","floor":50.0,"turns":1.0},{"damage":0.0,"enemies":"Shield and Spear","floor":54.0,"turns":1.0},{"damage":0,"enemies":"The Heart","floor":55,"turns":3}],"seed_played":"7531186111450671551","potions_obtained":[{"floor":7.0,"key":"Explosive Potion"},{"floor":14.0,"key":"FearPotion"},{"floor":18.0,"key":"FocusPotion"},{"floor":20.0,"key":"Languid Potion"},{"floor":20.0,"key":"EntropicBrew"},{"floor":54.0,"key":"FairyPotion"}],"is_trial":false,"path_per_floor":["M","?","?","?","?","R","E","R","T","$","T","E","?","E","R","B",null,"M","$","?","$","?","E","?","?","T","?","$","?","E","?","R","B",null,"M","?","?","$","?","R","E","R","T","E","?","?","E","T","R","B",null,"R","$","E","B",null],"character_chosen":"DEFECT","items_purchased":["FIFO Queue","Dead Branch","Runic Capacitor","Grand Finale","hubris:EnhanceAbility+1","DataDisk"],"campfire_rested":0,"item_purchase_floors":[19,28,28,38,49,53],"current_hp_per_floor":[75,68,53,53,53,53,43,43,43,43,43,42,42,31,31,28,75,54,54,54,54,39,29,26,26,26,11,11,55,55,55,55,75,75,71,71,71,71,71,71,71,71,71,71,71,71,71,71,71,71,71,71,71,71,71],"gold":227,"neow_bonus":"BOSS_RELIC","is_daily":false,"chose_seed":false,"campfire_upgraded":6,"win_rate":0.0,"timestamp":1611880584,"path_taken":["M","?","?","?","?","R","E","R","T","?","?","E","?","E","R","BOSS","M","$","?","$","?","E","?","?","T","?","$","?","E","?","R","BOSS","M","?","?","$","?","R","E","R","T","E","?","?","E","?","R","BOSS","R","$","E","BOSS"],"items_purchased_type":["Card","Relic","Relic","Card","Card","Relic"],"build_version":"2020-12-22","purchased_purges":4,"victory":true,"max_hp_per_floor":[75,75,75,75,75,75,75,75,75,75,75,75,75,75,75,75,75,75,75,75,75,75,75,75,75,75,75,75,75,75,75,75,75,75,75,75,75,75,71,71,71,71,71,71,71,71,71,71,71,71,71,71,71,71,71],"card_choices":[{"not_picked":["Turbo","Leap","Deadly Poison","Expertise"],"picked":"SKIP","floor":1.0},{"not_picked":["Underhanded Strike","Coolheaded","Blade Dance","Escape Plan"],"picked":"SKIP","floor":7.0},{"not_picked":["Streamline","StuffTheSpire:Shiver","Multi-Cast","Reprogram"],"picked":"SKIP","floor":12.0},{"not_picked":["StuffTheSpire:Plugnplay","StuffTheSpire:LoadUp","ReplaySort","Bane"],"picked":"SKIP","floor":14.0},{"not_picked":["Phantasmal Killer","Adrenaline","Atom Bomb"],"picked":"Burst","floor":16.0},{"not_picked":["Caltrops","Reinforced Body","StuffTheSpire:Incursion"],"picked":"Doom and Gloom","floor":18.0},{"not_picked":["Underhanded Strike","Eviscerate","Endless Agony+1","Hologram+1"],"picked":"SKIP","floor":23.0},{"not_picked":["Cold Snap","Static Discharge+1","Dagger Spray","Double Energy"],"picked":"SKIP","floor":30.0},{"not_picked":["Glass Knife","aspiration:Lunge","Phantasmal Killer"],"picked":"After Image","floor":33.0},{"not_picked":["StuffTheSpire:Plugnplay+1","Reinforced Body+1","Go for the Eyes+1","Panic Button+1"],"picked":"SKIP","floor":35.0},{"not_picked":["Skewer+1","Outmaneuver+1","Sweeping Beam+1","Acrobatics"],"picked":"SKIP","floor":35.0},{"not_picked":["Flechettes+1","PiercingWail+1","Ball Lightning+1","Barrage"],"picked":"SKIP","floor":41.0},{"not_picked":["Blizzard","Force Field","StuffTheSpire:DoubleShiv+1"],"picked":"ReplayTheSpireMod:Tripwire","floor":44.0},{"not_picked":["Stack+1","Storm of Steel","Cold Snap","Panic Button+1"],"picked":"SKIP","floor":47.0},{"not_picked":["Endless Agony","Rebound+1","Sucker Punch+1","StuffTheSpire:EventHorizon"],"picked":"SKIP","floor":54.0}],"player_experience":275509,"relics_obtained":[{"floor":7.0,"key":"hubris:DeckOfHolding"},{"floor":7.0,"key":"Bronze Scales"},{"floor":9.0,"key":"hubris:GlazedTorus"},{"floor":11.0,"key":"Replay:Bandana"},{"floor":12.0,"key":"aspiration:SeaSaltIceCream"},{"floor":12.0,"key":"Bag of Preparation"},{"floor":14.0,"key":"StuffTheSpire:Barrel"},{"floor":14.0,"key":"Replay:Bottled Steam"},{"floor":23.0,"key":"Juzu Bracelet"},{"floor":23.0,"key":"Pantograph"},{"floor":24.0,"key":"Red Mask"},{"floor":26.0,"key":"Golden Egg"},{"floor":30.0,"key":"Torii"},{"floor":30.0,"key":"Meat on the Bone"},{"floor":37.0,"key":"StuffTheSpire:Nightcore"},{"floor":41.0,"key":"FossilizedHelix"},{"floor":41.0,"key":"Chameleon Ring"},{"floor":43.0,"key":"PreservedInsect"},{"floor":44.0,"key":"Replay:Antivirus Software"},{"floor":44.0,"key":"Turnip"},{"floor":47.0,"key":"Blue Doll"},{"floor":47.0,"key":"conspire:TopHat"},{"floor":54.0,"key":"Anchor"},{"floor":54.0,"key":"Lantern"}],"event_choices":[{"damage_healed":0.0,"max_hp_gain":0.0,"max_hp_loss":0.0,"gold_gain":0.0,"event_name":"betterThird:BetterScrap","player_choice":"Relic ","floor":2.0,"gold_loss":0.0,"damage_taken":7.0,"cards_obtained":["Evolve"]},{"damage_healed":68.0,"max_hp_gain":0.0,"max_hp_loss":75.0,"gold_gain":0.0,"event_name":"betterThird:BetterShining","player_choice":"Upgrade","floor":3.0,"gold_loss":0.0,"damage_taken":15.0,"cards_upgraded":["Sweeping Beam","Defend_B"]},{"damage_healed":0.0,"max_hp_gain":0.0,"max_hp_loss":0.0,"gold_gain":0.0,"cards_transformed":["Defend_B"],"event_name":"Transmorgrifier","player_choice":"Transformed","floor":4.0,"gold_loss":0.0,"damage_taken":0.0,"cards_obtained":["Tools of the Trade"]},{"damage_healed":0.0,"max_hp_gain":0.0,"max_hp_loss":0.0,"gold_gain":0.0,"event_name":"WeMeetAgain","player_choice":"Paid Gold","floor":5.0,"gold_loss":63.0,"damage_taken":0.0,"relics_obtained":["conspire:GlowingRock"]},{"damage_healed":0.0,"max_hp_gain":0.0,"max_hp_loss":0.0,"gold_gain":0.0,"event_name":"Match and Keep!","player_choice":"1 cards matched","floor":13.0,"gold_loss":0.0,"damage_taken":0.0,"cards_obtained":["Endless Agony"]},{"damage_healed":0.0,"max_hp_gain":0.0,"max_hp_loss":0.0,"gold_gain":0.0,"event_name":"Lab","player_choice":"Got Potions","floor":20.0,"gold_loss":0.0,"damage_taken":0.0},{"damage_healed":0.0,"max_hp_gain":0.0,"max_hp_loss":0.0,"gold_gain":0.0,"event_name":"Masked Bandits","player_choice":"Fought Bandits","floor":24.0,"gold_loss":0.0,"damage_taken":0.0},{"damage_healed":0.0,"max_hp_gain":0.0,"max_hp_loss":0.0,"gold_gain":0.0,"event_name":"Addict","player_choice":"Obtained Relic","floor":31.0,"gold_loss":85.0,"damage_taken":0.0,"relics_obtained":["Quantum Egg"]},{"damage_healed":0.0,"max_hp_gain":0.0,"max_hp_loss":0.0,"gold_gain":0.0,"event_name":"The Woman in Blue","player_choice":"Bought 0 Potions","floor":36.0,"gold_loss":0.0,"damage_taken":0.0},{"damage_healed":0.0,"max_hp_gain":0.0,"max_hp_loss":0.0,"gold_gain":0.0,"event_name":"Mysterious Sphere","player_choice":"Fight","floor":37.0,"gold_loss":0.0,"damage_taken":0.0},{"damage_healed":0.0,"max_hp_gain":0.0,"max_hp_loss":4.0,"gold_gain":0.0,"event_name":"Winding Halls","player_choice":"Max HP","floor":39.0,"gold_loss":0.0,"damage_taken":0.0},{"cards_removed":["Dualcast"],"damage_healed":0.0,"max_hp_gain":0.0,"max_hp_loss":0.0,"gold_gain":0.0,"event_name":"Purifier","player_choice":"Purged","floor":45.0,"gold_loss":0.0,"damage_taken":0.0},{"damage_healed":0.0,"max_hp_gain":0.0,"max_hp_loss":0.0,"gold_gain":222.0,"event_name":"Tomb of Lord Red Mask","player_choice":"Wore Mask","floor":46.0,"gold_loss":0.0,"damage_taken":0.0}],"is_beta":false,"boss_relics":[{"not_picked":["Runic Dome","Ectoplasm"],"picked":"hubris:BlackHole"},{"not_picked":["conspire:RunicOctahedron","aspiration:PoetsPen_weak"],"picked":"hubris:HollowSoul"}],"items_purged_floors":[10,19,28,38],"is_endless":false,"potions_floor_spawned":[7,14,18,35,37,54],"ascension_level":2}}