{"host":"3jpwrwmmgyabjceh","time":1611924233,"event":{"mods":["AchievementEnabler","BaseMod","Colored Map","Colored Powertips","Highlight Path","Minty Spire (QoL Compilation)","Quick Restart","Relic Stats","StSLib","SuperFastMode"],"gold_per_floor":[116,116,136,154,73,99,99,109,109,109,137,137,137,176,176,300,300,318,333,333,333,333,333,366,366,389,389,422,438,471,489,489,489,489],"floor_reached":33,"language":"ENG","playtime":2417,"items_purged":[],"score":560,"play_id":"10579e2d-1794-45a4-9e6c-6023e1224be7","local_time":"20210129154353","is_ascension_mode":true,"campfire_choices":[{"data":"Inflame","floor":7.0,"key":"SMITH"},{"data":"Bash","floor":10.0,"key":"SMITH"},{"data":"Seeing Red","floor":12.0,"key":"SMITH"},{"data":"Whirlwind","floor":15.0,"key":"SMITH"},{"data":"Feed","floor":23.0,"key":"SMITH"},{"data":"Clothesline","floor":27,"key":"SMITH"},{"data":"Demon Form","floor":32,"key":"SMITH"}],"circlet_count":0,"master_deck":["Defend_R","Defend_R","Defend_R","Defend_R","Bash+1","Heavy Blade+1","Clothesline+1","Inflame+1","Seeing Red+1","Shrug It Off","Demon Form+1","Whirlwind+1","Feed+1","Shrug It Off","Bite","Bite","Bite","Bite","Bite","True Grit+1","Injury","True Grit+1"],"relics":["Cursed Key","FossilizedHelix","Dream Catcher","Golden Idol","Whetstone","SlaversCollar","Nilry\u0027s Codex","Vajra","Toxic Egg 2","Red Skull","Shuriken","Bird Faced Urn"],"acts_visited":["Exordium","TheCity"],"potions_floor_usage":[28,33],"damage_taken":[{"damage":0.0,"enemies":"Small Slimes","floor":1.0,"turns":2.0},{"damage":0.0,"enemies":"2 Louse","floor":3.0,"turns":2.0},{"damage":2.0,"enemies":"Jaw Worm","floor":4.0,"turns":3.0},{"damage":20.0,"enemies":"3 Sentries","floor":6.0,"turns":7.0},{"damage":0.0,"enemies":"2 Fungi Beasts","floor":8.0,"turns":3.0},{"damage":0.0,"enemies":"Gremlin Nob","floor":11.0,"turns":3.0},{"damage":0.0,"enemies":"Lagavulin","floor":14.0,"turns":4.0},{"damage":16.0,"enemies":"Hexaghost","floor":16.0,"turns":4.0},{"damage":16.0,"enemies":"Spheric Guardian","floor":18.0,"turns":4.0},{"damage":0.0,"enemies":"3 Byrds","floor":19.0,"turns":5.0},{"damage":12,"enemies":"Gremlin Leader","floor":24,"turns":6},{"damage":24,"enemies":"Slavers","floor":28,"turns":3},{"damage":0,"enemies":"Cultist and Chosen","floor":29,"turns":6},{"damage":20,"enemies":"Gremlin Leader","floor":30,"turns":5},{"damage":5,"enemies":"Centurion and Healer","floor":31,"turns":5},{"damage":51,"enemies":"Automaton","floor":33,"turns":6}],"seed_played":"4861556230280880707","potions_obtained":[{"floor":3.0,"key":"EssenceOfSteel"},{"floor":8.0,"key":"PowerPotion"},{"floor":11.0,"key":"FearPotion"},{"floor":18.0,"key":"EssenceOfSteel"},{"floor":29,"key":"SteroidPotion"},{"floor":30,"key":"SpeedPotion"}],"is_trial":false,"path_per_floor":["M","?","M","M","$","E","R","M","T","R","E","R","?","E","R","B",null,"M","M","?","?","?","R","E","?","T","R","E","M","E","M","R","B"],"character_chosen":"IRONCLAD","items_purchased":["Inflame"],"campfire_rested":0,"item_purchase_floors":[5],"current_hp_per_floor":[72,77,77,75,75,55,55,55,55,55,55,55,55,55,55,39,69,53,56,40,40,40,40,40,40,40,40,20,34,28,33,33,0,0],"gold":489,"neow_bonus":"BOSS_RELIC","is_daily":false,"chose_seed":false,"campfire_upgraded":7,"win_rate":0.0,"timestamp":1611924233,"path_taken":["M","?","M","M","$","E","R","M","T","R","E","R","?","E","R","BOSS","M","M","?","?","?","R","E","?","T","R","E","M","E","M","R","BOSS"],"items_purchased_type":["Card"],"build_version":"2020-12-22","purchased_purges":0,"victory":false,"max_hp_per_floor":[80,85,85,85,85,85,85,85,85,85,85,85,79,79,79,79,79,79,82,82,82,57,57,57,57,57,57,57,61,65,65,65,65,65],"relic_stats":{"Dream Catcher":0,"counters":[16,68],"Golden Idol":68,"Shuriken":[5],"Bird Faced Urn":[6],"Whetstone":["Strike_R","Heavy Blade"],"Cursed Key":1,"obtain_stats":[{"Golden Idol":13,"Nilry\u0027s Codex":20,"Vajra":24,"Whetstone":14,"Cursed Key":0,"Burning Blood":0,"SlaversCollar":17,"Dream Catcher":11,"Shuriken":28,"Bird Faced Urn":30,"Toxic Egg 2":25,"FossilizedHelix":6,"Red Skull":26},{"Golden Idol":6,"Nilry\u0027s Codex":10,"Vajra":11,"Whetstone":7,"Cursed Key":0,"Burning Blood":0,"SlaversCollar":8,"Dream Catcher":6,"Shuriken":12,"Bird Faced Urn":14,"Toxic Egg 2":11,"FossilizedHelix":4,"Red Skull":11},{"Golden Idol":20,"Nilry\u0027s Codex":37,"Vajra":43,"Whetstone":24,"Cursed Key":0,"Burning Blood":0,"SlaversCollar":28,"Dream Catcher":20,"Shuriken":46,"Bird Faced Urn":57,"Toxic Egg 2":43,"FossilizedHelix":14,"Red Skull":43}]},"card_choices":[{"not_picked":["Flex","Warcry"],"picked":"Heavy Blade","floor":1.0},{"not_picked":["Anger","Havoc","Entrench"],"picked":"SKIP","floor":3.0},{"not_picked":["Rampage","Body Slam"],"picked":"Clothesline","floor":4.0},{"not_picked":["Perfected Strike","Blood for Blood"],"picked":"Seeing Red","floor":6.0},{"not_picked":["Hemokinesis","Wild Strike"],"picked":"Shrug It Off","floor":8.0},{"not_picked":["Warcry","Rage"],"picked":"Demon Form","floor":11.0},{"not_picked":["Sword Boomerang","Perfected Strike"],"picked":"Whirlwind","floor":14.0},{"not_picked":["Impervious","Limit Break"],"picked":"Feed","floor":16.0},{"not_picked":["Iron Wave+1","Anger","Infernal Blade"],"picked":"SKIP","floor":18.0},{"not_picked":["Anger","Iron Wave"],"picked":"Shrug It Off","floor":19.0},{"not_picked":["Spot Weakness","Clash"],"picked":"True Grit+1","floor":24},{"not_picked":["Berserk","Warcry+1","Perfected Strike+1"],"picked":"SKIP","floor":28},{"not_picked":["Clothesline+1","Infernal Blade+1","Twin Strike"],"picked":"SKIP","floor":29},{"not_picked":["Shockwave+1","Flex+1"],"picked":"True Grit+1","floor":30},{"not_picked":["True Grit+1","Reckless Charge","Hemokinesis"],"picked":"SKIP","floor":31}],"player_experience":292566,"relics_obtained":[{"floor":6.0,"key":"FossilizedHelix"},{"floor":11.0,"key":"Dream Catcher"},{"floor":14.0,"key":"Whetstone"},{"floor":20.0,"key":"Nilry\u0027s Codex"},{"floor":24,"key":"Vajra"},{"floor":26,"key":"Red Skull"},{"floor":28,"key":"Shuriken"},{"floor":30,"key":"Bird Faced Urn"}],"event_choices":[{"damage_healed":0.0,"max_hp_gain":5.0,"max_hp_loss":0.0,"gold_gain":0.0,"event_name":"Big Fish","player_choice":"Donut","floor":2.0,"gold_loss":0.0,"damage_taken":0.0},{"damage_healed":0.0,"max_hp_gain":0.0,"max_hp_loss":6.0,"gold_gain":0.0,"event_name":"Golden Idol","player_choice":"Lose Max HP","floor":13.0,"gold_loss":0.0,"damage_taken":0.0,"relics_obtained":["Golden Idol"]},{"damage_healed":0.0,"max_hp_gain":0.0,"max_hp_loss":0.0,"gold_gain":0.0,"event_name":"Cursed Tome","player_choice":"Obtained Book","floor":20.0,"gold_loss":0.0,"damage_taken":16.0},{"damage_healed":0.0,"max_hp_gain":0.0,"max_hp_loss":0.0,"gold_gain":0.0,"event_name":"Ghosts","player_choice":"Ignored","floor":21.0,"gold_loss":0.0,"damage_taken":0.0},{"damage_healed":0.0,"max_hp_gain":0.0,"max_hp_loss":25.0,"gold_gain":0.0,"event_name":"Vampires","player_choice":"Became a vampire","floor":22.0,"gold_loss":0.0,"damage_taken":0.0,"cards_obtained":["Bite","Bite","Bite","Bite","Bite"]},{"damage_healed":0,"gold_gain":0,"player_choice":"Opened","damage_taken":0,"relics_obtained":["Toxic Egg 2"],"max_hp_gain":0,"max_hp_loss":0,"event_name":"The Mausoleum","floor":25,"gold_loss":0}],"is_beta":false,"boss_relics":[{"not_picked":["Empty Cage","Astrolabe"],"picked":"SlaversCollar"}],"items_purged_floors":[],"is_endless":false,"potions_floor_spawned":[3,8,11,18,29,30],"killed_by":"Automaton","ascension_level":7}}