{"host":"ml2ro5l6hu6y0pll","time":1611934622,"event":{"mods":["AchievementEnabler","BaseMod","Colored Map","Colored Powertips","Custom Start","Googly Eyes","Minty Spire (QoL Compilation)","Quick Restart","Rare Cards Sparkle","Relic Stats","Reliquary","StSLib","everything is the same but u backflip on backflip"],"gold_per_floor":[110,120,120,133,59,59,79,107,130,165,145,145,162,194,194,266,266,277,38,38,48,59,59,59],"floor_reached":23,"language":"ENG","playtime":846,"items_purged":[],"score":547,"play_id":"97842d04-8d44-4684-ba04-aecbee700921","local_time":"20210129153702","daily_mods":["Elite Swarm"],"is_ascension_mode":true,"campfire_choices":[{"data":"Seek","floor":6.0,"key":"SMITH"},{"data":"Loop","floor":12.0,"key":"SMITH"},{"data":"Coolheaded","floor":15.0,"key":"SMITH"}],"circlet_count":0,"master_deck":["Ball Lightning","Coolheaded+1","Coolheaded","Leap","Coolheaded","Conserve Battery","Conserve Battery","Sweeping Beam","Gash","Cold Snap","Ball Lightning","Barrage","Sunder+1","Seek+1","Loop+1","Coolheaded","Electrodynamics","Reinforced Body","Amplify","Self Repair","Glacier"],"relics":["Cracked Core","Blood Vial","Toy Ornithopter","StrikeDummy","Inserter","PreservedInsect","Nloth\u0027s Gift"],"acts_visited":["Exordium","TheCity"],"potions_floor_usage":[],"damage_taken":[{"damage":0.0,"enemies":"Jaw Worm","floor":1.0,"turns":2.0},{"damage":0.0,"enemies":"Cultist","floor":2.0,"turns":2.0},{"damage":1.0,"enemies":"Small Slimes","floor":4.0,"turns":2.0},{"damage":5.0,"enemies":"Gremlin Gang","floor":7.0,"turns":3.0},{"damage":2.0,"enemies":"Gremlin Nob","floor":8.0,"turns":3.0},{"damage":2.0,"enemies":"Lagavulin","floor":10.0,"turns":6.0},{"damage":2.0,"enemies":"Looter","floor":13.0,"turns":3.0},{"damage":26.0,"enemies":"Gremlin Nob","floor":14.0,"turns":4.0},{"damage":0.0,"enemies":"Slime Boss","floor":16.0,"turns":7.0},{"damage":17.0,"enemies":"Chosen","floor":18.0,"turns":4.0},{"damage":0.0,"enemies":"3 Byrds","floor":21.0,"turns":2.0},{"damage":17,"enemies":"Snecko","floor":22,"turns":6},{"damage":62,"enemies":"Slavers","floor":23,"turns":3}],"seed_played":"1341376206389874441","potions_obtained":[{"floor":2.0,"key":"EntropicBrew"},{"floor":13.0,"key":"DistilledChaos"},{"floor":21.0,"key":"SteroidPotion"}],"is_trial":true,"path_per_floor":["M","M","?","M","$","R","M","E","T","E","?","R","M","E","R","B",null,"M","$","?","M","M","E"],"character_chosen":"DEFECT","items_purchased":["Loop","Self Repair","PreservedInsect"],"campfire_rested":0,"item_purchase_floors":[5,19,19],"current_hp_per_floor":[64,64,64,63,63,63,58,56,56,56,56,56,56,37,37,39,63,48,48,48,50,42,0,0],"gold":59,"neow_bonus":"","is_daily":false,"chose_seed":false,"campfire_upgraded":3,"win_rate":0.0,"timestamp":1611934622,"path_taken":["M","M","?","M","$","R","M","E","T","E","?","R","M","E","R","BOSS","M","?","?","M","?","E"],"items_purchased_type":["Card","Card","Relic"],"build_version":"2020-12-22","purchased_purges":0,"victory":false,"max_hp_per_floor":[71,71,71,71,71,71,71,71,71,71,71,71,71,71,71,71,71,71,71,71,71,71,71,71],"relic_stats":{"Blood Vial":16,"Inserter":[7],"counters":[13,47],"PreservedInsect":40,"Nloth\u0027s Gift":0,"obtain_stats":[{"Blood Vial":8,"Inserter":17,"PreservedInsect":19,"Nloth\u0027s Gift":20,"Cracked Core":0,"StrikeDummy":14,"Toy Ornithopter":10,"reliquary:SharkskinSheath":9},{"Blood Vial":5,"Inserter":9,"PreservedInsect":10,"Nloth\u0027s Gift":10,"Cracked Core":0,"StrikeDummy":8,"Toy Ornithopter":6,"reliquary:SharkskinSheath":5},{"Blood Vial":12,"Inserter":32,"PreservedInsect":36,"Nloth\u0027s Gift":36,"Cracked Core":0,"StrikeDummy":25,"Toy Ornithopter":18,"reliquary:SharkskinSheath":12}],"Toy Ornithopter":5},"card_choices":[{"not_picked":["Compile Driver","Redo"],"picked":"Barrage","floor":1.0},{"not_picked":["Redo","Doom and Gloom"],"picked":"Sunder","floor":2.0},{"not_picked":["Rebound","Compile Driver"],"picked":"Seek","floor":4.0},{"not_picked":["Barrage","Storm"],"picked":"Coolheaded","floor":7.0},{"not_picked":["Machine Learning","Buffer","Multi-Cast"],"picked":"SKIP","floor":8.0},{"not_picked":["Echo Form","Meteor Strike"],"picked":"Electrodynamics","floor":10.0},{"not_picked":["Compile Driver","Streamline"],"picked":"Reinforced Body","floor":13.0},{"not_picked":["Thunder Strike","Buffer"],"picked":"Amplify","floor":14.0},{"not_picked":["Steam","Beam Cell","BootSequence"],"picked":"SKIP","floor":18.0},{"not_picked":["Coolheaded+1","Ball Lightning","Compile Driver"],"picked":"SKIP","floor":21.0},{"not_picked":["Consume","Steam"],"picked":"Glacier","floor":22}],"player_experience":864322,"relics_obtained":[{"floor":8.0,"key":"Blood Vial"},{"floor":9.0,"key":"reliquary:SharkskinSheath"},{"floor":10.0,"key":"Toy Ornithopter"},{"floor":14.0,"key":"StrikeDummy"}],"event_choices":[{"damage_healed":0.0,"max_hp_gain":0.0,"max_hp_loss":0.0,"gold_gain":0.0,"event_name":"Living Wall","player_choice":"Grow","floor":3.0,"gold_loss":0.0,"damage_taken":0.0,"cards_upgraded":["Sunder"]},{"damage_healed":0.0,"max_hp_gain":0.0,"max_hp_loss":0.0,"gold_gain":0.0,"event_name":"The Woman in Blue","player_choice":"Bought 1 Potion","floor":11.0,"gold_loss":0.0,"damage_taken":0.0},{"damage_healed":0.0,"max_hp_gain":0.0,"max_hp_loss":0.0,"gold_gain":0.0,"event_name":"N\u0027loth","player_choice":"Traded Relic","floor":20.0,"relics_lost":["reliquary:SharkskinSheath"],"gold_loss":0.0,"damage_taken":0.0,"relics_obtained":["Nloth\u0027s Gift"]}],"is_beta":false,"boss_relics":[{"not_picked":["Runic Pyramid","Astrolabe"],"picked":"Inserter"}],"items_purged_floors":[],"is_endless":false,"potions_floor_spawned":[2,10,13,21,22],"killed_by":"Slavers","ascension_level":20}}