{"host":"2js2pxuugveqjuf7","time":1611898677,"event":{"mods":["BaseMod","Colored Map","Minty Spire (QoL Compilation)","Quick Restart","Random Character Button","Relic Stats","StSLib"],"gold_per_floor":[109,109,284,284,298,328,328,358,358,368,368,391,404,21,21,149,149,164,189,209,223,183,214,214,214,214],"floor_reached":25,"language":"ENG","playtime":2454,"items_purged":["Strike_G"],"score":284,"play_id":"3bc59e2e-6327-4ff6-be8a-05dc824da70b","local_time":"20210128233757","is_ascension_mode":true,"campfire_choices":[{"data":"Terror","floor":7,"key":"SMITH"},{"data":"Noxious Fumes","floor":15,"key":"SMITH"},{"data":"Leg Sweep","floor":24,"key":"SMITH"}],"circlet_count":0,"master_deck":["Strike_G","Strike_G","Strike_G","Strike_G","Defend_G","Defend_G","Defend_G","Defend_G","Defend_G","Survivor","Neutralize","Slice","Leg Sweep+1","Terror+1","PiercingWail","Blade Dance","Adrenaline","Noxious Fumes+1","Calculated Gamble","Malaise","Infernal Blade","ThirdEye+1","Inflame","PiercingWail","Forethought"],"relics":["Ring of the Snake","NeowsBlessing","Paper Crane","Singing Bowl","Potion Belt","Golden Idol","PrismaticShard","WristBlade","Gambling Chip"],"acts_visited":["Exordium","TheCity"],"potions_floor_usage":[8,18,23,25],"damage_taken":[{"damage":0,"enemies":"2 Louse","floor":1,"turns":1},{"damage":0,"enemies":"Small Slimes","floor":5,"turns":1},{"damage":0,"enemies":"Gremlin Nob","floor":6,"turns":1},{"damage":26,"enemies":"3 Sentries","floor":8,"turns":19},{"damage":1,"enemies":"Jaw Worm","floor":10,"turns":5},{"damage":0,"enemies":"Blue Slaver","floor":12,"turns":4},{"damage":0,"enemies":"Lots of Slimes","floor":13,"turns":6},{"damage":7,"enemies":"Hexaghost","floor":16,"turns":11},{"damage":7,"enemies":"Shell Parasite","floor":18,"turns":5},{"damage":11,"enemies":"2 Thieves","floor":19,"turns":5},{"damage":14,"enemies":"Snecko","floor":20,"turns":6},{"damage":20,"enemies":"Chosen and Byrds","floor":21,"turns":5},{"damage":6,"enemies":"Gremlin Leader","floor":23,"turns":5},{"damage":21,"enemies":"Slavers","floor":25,"turns":4}],"seed_played":"-2819449266793923020","potions_obtained":[{"floor":6,"key":"CunningPotion"},{"floor":13,"key":"LiquidBronze"},{"floor":16,"key":"SkillPotion"},{"floor":20,"key":"LiquidBronze"},{"floor":22,"key":"Fruit Juice"},{"floor":22,"key":"CultistPotion"},{"floor":22,"key":"Swift Potion"},{"floor":23,"key":"DuplicationPotion"}],"is_trial":false,"path_per_floor":["M","?","?","?","M","E","R","E","T","M","?","M","M","$","R","B",null,"M","M","M","M","?","E","R","E"],"character_chosen":"THE_SILENT","items_purchased":["PrismaticShard","Noxious Fumes","Calculated Gamble"],"campfire_rested":0,"item_purchase_floors":[14,14,14],"current_hp_per_floor":[70,75,75,68,68,68,68,42,42,41,41,43,43,43,43,36,71,64,53,39,19,19,18,18,0,0],"gold":214,"neow_bonus":"THREE_ENEMY_KILL","is_daily":false,"chose_seed":false,"campfire_upgraded":3,"win_rate":0.0,"timestamp":1611898677,"path_taken":["M","?","?","?","M","E","R","E","T","M","?","?","M","$","R","BOSS","M","M","M","M","?","E","R","E"],"items_purchased_type":["Relic","Card","Card"],"build_version":"2020-12-22","purchased_purges":1,"victory":false,"max_hp_per_floor":[70,75,75,75,75,75,75,75,75,75,69,71,71,71,71,71,71,71,71,71,71,71,76,76,76,76],"relic_stats":{"Singing Bowl":2,"counters":[14,78],"Golden Idol":55,"Gambling Chip":[3],"obtain_stats":[{"Potion Belt":9,"NeowsBlessing":0,"Singing Bowl":8,"WristBlade":17,"Golden Idol":11,"Gambling Chip":23,"Paper Crane":6,"PrismaticShard":14,"Ring of the Snake":0},{"Potion Belt":4,"NeowsBlessing":0,"Singing Bowl":4,"WristBlade":8,"Golden Idol":5,"Gambling Chip":13,"Paper Crane":3,"PrismaticShard":7,"Ring of the Snake":0},{"Potion Belt":22,"NeowsBlessing":0,"Singing Bowl":22,"WristBlade":48,"Golden Idol":27,"Gambling Chip":74,"Paper Crane":3,"PrismaticShard":37,"Ring of the Snake":0}],"Ring of the Snake":[28]},"card_choices":[{"not_picked":["Acrobatics","Caltrops"],"picked":"Slice","floor":1},{"not_picked":["Riddle With Holes","Prepared"],"picked":"Leg Sweep","floor":5},{"not_picked":["Prepared","All Out Attack"],"picked":"Terror","floor":6},{"not_picked":["Underhanded Strike","Eviscerate"],"picked":"PiercingWail","floor":8},{"not_picked":["Dagger Spray","Flying Knee"],"picked":"Blade Dance","floor":10},{"not_picked":["Caltrops","Escape Plan","Dodge and Roll"],"picked":"Singing Bowl","floor":12},{"not_picked":["Dagger Throw","Well Laid Plans"],"picked":"Adrenaline","floor":13},{"not_picked":["LessonLearned","Chrysalis"],"picked":"Malaise","floor":16},{"not_picked":["Cold Snap","ClearTheMind"],"picked":"Infernal Blade","floor":18},{"not_picked":["Crescendo+1","ReachHeaven"],"picked":"ThirdEye+1","floor":19},{"not_picked":["Setup","Gash"],"picked":"Inflame","floor":20},{"not_picked":["Fire Breathing","Collect"],"picked":"PiercingWail","floor":21},{"not_picked":["Alpha","Acrobatics"],"picked":"Forethought","floor":23}],"player_experience":297711,"relics_obtained":[{"floor":6,"key":"Paper Crane"},{"floor":8,"key":"Singing Bowl"},{"floor":9,"key":"Potion Belt"},{"floor":23,"key":"Gambling Chip"}],"event_choices":[{"damage_healed":0,"gold_gain":0,"player_choice":"Donut","damage_taken":0,"max_hp_gain":5,"max_hp_loss":0,"event_name":"Big Fish","floor":2,"gold_loss":0},{"damage_healed":0,"gold_gain":175,"player_choice":"AGREE","damage_taken":0,"max_hp_gain":0,"max_hp_loss":0,"event_name":"Liars Game","floor":3,"gold_loss":0,"cards_obtained":["Doubt"]},{"cards_removed":["Doubt"],"damage_healed":0,"gold_gain":0,"player_choice":"Card Removal","damage_taken":7,"max_hp_gain":0,"max_hp_loss":0,"event_name":"Golden Wing","floor":4,"gold_loss":0},{"damage_healed":0,"gold_gain":0,"player_choice":"Lose Max HP","damage_taken":0,"relics_obtained":["Golden Idol"],"max_hp_gain":0,"max_hp_loss":6,"event_name":"Golden Idol","floor":11,"gold_loss":0},{"damage_healed":0,"gold_gain":0,"player_choice":"Bought 3 Potions","damage_taken":0,"max_hp_gain":0,"max_hp_loss":0,"event_name":"The Woman in Blue","floor":22,"gold_loss":0}],"is_beta":false,"boss_relics":[{"not_picked":["HoveringKite","Busted Crown"],"picked":"WristBlade"}],"items_purged_floors":[14],"is_endless":false,"potions_floor_spawned":[6,13,16,20,23],"killed_by":"Slavers","ascension_level":2}}