{"host":"xmr2g8b7eju0288o","time":1611904267,"event":{"mods":["100% Spire Juice","AchievementEnabler","BaseMod","Colored Map","Colored Powertips","KOR Keyword Fix","Minty Spire (QoL Compilation)","Quick Restart","Spicy Shops","StSLib","SuperFastMode"],"gold_per_floor":[109,119,119,119,133,133,168,168,221,53,63,94,125,204,204,276,276,286,117,42,53,53,53,78,111,111,146,172,172,172],"floor_reached":29,"language":"KOR","playtime":680,"items_purged":[],"score":844,"play_id":"7ff394fa-66db-436c-bf8e-22db227e31fe","local_time":"20210129161107","daily_mods":["Hoarder","Heirloom","DeadlyEvents","Elite Swarm"],"is_ascension_mode":true,"campfire_choices":[{"data":"Moonworks:EvilSpyWorkPreparation","floor":6.0,"key":"SMITH"},{"data":"Moonworks:GoAway","floor":8.0,"key":"SMITH"},{"floor":15.0,"key":"REST"},{"data":"Moonworks:GoAway","floor":23.0,"key":"SMITH"}],"circlet_count":0,"master_deck":["AscendersBane","Moonworks:Strike","Moonworks:Strike","Moonworks:Strike","Moonworks:Defend","Moonworks:Defend","Moonworks:Defend","Moonworks:Defend","Moonworks:Ambush","Moonworks:LongDistanceShot","Moonworks:Flamethrower","Moonworks:Flamethrower","Moonworks:Flamethrower","Moonworks:HolyNight","Moonworks:HolyNight","Moonworks:HolyNight","Moonworks:NicePresent","Moonworks:NicePresent","Moonworks:NicePresent","Moonworks:EvilSpyWorkPreparation","Moonworks:EvilSpyWorkPreparation","Moonworks:EvilSpyWorkPreparation+1","Moonworks:GoAway+1","Moonworks:GoAway+1","Moonworks:GoAway+1","Moonworks:EvilSpyWorkPreparation","Moonworks:EvilSpyWorkPreparation","Moonworks:EvilSpyWorkPreparation","Moonworks:AnotherUltimateWeapon","Moonworks:AnotherUltimateWeapon","Moonworks:AnotherUltimateWeapon","Moonworks:NicePresent","Moonworks:NicePresent","Moonworks:NicePresent"],"relics":["Moonworks:BrokenBomb","Moonworks:Homemark","Prayer Wheel","Blood Vial","Boot","Sling","Centennial Puzzle","Omamori","Blue Candle","Sozu","PreservedInsect","Ginger","StrikeDummy","Turnip","Ice Cream","Pen Nib"],"acts_visited":["Exordium","TheCity"],"potions_floor_usage":[29],"damage_taken":[{"damage":2.0,"enemies":"Jaw Worm","floor":1.0,"turns":5.0},{"damage":0.0,"enemies":"Cultist","floor":2.0,"turns":3.0},{"damage":12.0,"enemies":"2 Louse","floor":5.0,"turns":3.0},{"damage":20.0,"enemies":"3 Sentries","floor":7.0,"turns":3.0},{"damage":0.0,"enemies":"Large Slime","floor":11.0,"turns":3.0},{"damage":0.0,"enemies":"Gremlin Nob","floor":12.0,"turns":3.0},{"damage":0.0,"enemies":"Lagavulin","floor":13.0,"turns":4.0},{"damage":0.0,"enemies":"Slime Boss","floor":16.0,"turns":4.0},{"damage":0.0,"enemies":"Spheric Guardian","floor":18.0,"turns":3.0},{"damage":18.0,"enemies":"Chosen","floor":21.0,"turns":4.0},{"damage":20.0,"enemies":"Slavers","floor":24.0,"turns":2.0},{"damage":1.0,"enemies":"Book of Stabbing","floor":25.0,"turns":5.0},{"damage":18.0,"enemies":"Gremlin Leader","floor":27.0,"turns":2.0},{"damage":15,"enemies":"Slavers","floor":29,"turns":3}],"seed_played":"-773795864997308645","potions_obtained":[{"floor":7.0,"key":"SpeedPotion"},{"floor":12.0,"key":"Fruit Juice"},{"floor":13.0,"key":"Weak Potion"}],"is_trial":true,"path_per_floor":["M","M","$","?","M","R","E","R","T","$","M","E","E","T","R","B",null,"M","$","?","M","?","R","E","E","T","E","T","E"],"character_chosen":"THE_STARBREAKER","items_purchased":["Sling","PreservedInsect"],"campfire_rested":1,"item_purchase_floors":[10,19],"current_hp_per_floor":[48,48,48,48,36,36,16,16,16,16,18,25,27,27,45,47,57,59,59,59,42,42,42,24,25,25,9,9,0,0],"gold":172,"neow_bonus":"","is_daily":false,"chose_seed":false,"campfire_upgraded":3,"win_rate":0.0,"timestamp":1611904267,"path_taken":["M","M","$","?","?","R","E","R","T","?","?","?","E","?","R","BOSS","M","$","?","M","?","R","E","?","T","E","?","E"],"items_purchased_type":["Relic","Relic"],"build_version":"2020-12-22","purchased_purges":0,"victory":false,"max_hp_per_floor":[55,55,55,55,55,55,55,55,55,55,55,60,60,60,60,60,60,60,60,60,60,60,60,60,60,60,60,60,60,60],"card_choices":[{"not_picked":["Moonworks:DeployBits","Moonworks:BigMagnum"],"picked":"Moonworks:Flamethrower","floor":1.0},{"not_picked":["Moonworks:LulusLuckyEgg","Moonworks:ImmovableObject","Moonworks:DeployBits"],"picked":"SKIP","floor":1.0},{"not_picked":["Moonworks:Flamethrower","Moonworks:LulusLuckyEgg"],"picked":"Moonworks:HolyNight","floor":2.0},{"not_picked":["Moonworks:BigMagnum","Moonworks:IndiscriminateFireSupport","Moonworks:ImOnFire"],"picked":"SKIP","floor":2.0},{"not_picked":["Moonworks:Poppoformation","Moonworks:BigMagnum"],"picked":"Moonworks:NicePresent","floor":5.0},{"not_picked":["Moonworks:ImOnFire","Moonworks:StiffCrystal"],"picked":"Moonworks:EvilSpyWorkPreparation","floor":5.0},{"not_picked":["Moonworks:SinkOrSwim","Moonworks:ShieldCounter"],"picked":"Moonworks:GoAway","floor":7.0},{"not_picked":["Moonworks:CloudOfSeagulls","Moonworks:NicePresent"],"picked":"Moonworks:EvilSpyWorkPreparation","floor":11.0},{"not_picked":["Moonworks:Assault","Moonworks:SelfDestruct","Moonworks:CloudOfSeagulls"],"picked":"SKIP","floor":11.0},{"not_picked":["Moonworks:SinkOrSwim","Moonworks:SubspaceTunnel","Moonworks:MetallicMonocoque"],"picked":"SKIP","floor":12.0},{"not_picked":["Moonworks:LeapThroughSpace","Moonworks:Blazing","Moonworks:SubspaceTunnel"],"picked":"SKIP","floor":13.0},{"not_picked":["Moonworks:WeAreWaruda","Moonworks:Gamble"],"picked":"Moonworks:AnotherUltimateWeapon","floor":16.0},{"not_picked":["Moonworks:ImOnFire","Moonworks:BigMagnum","Moonworks:CastOff"],"picked":"SKIP","floor":18.0},{"not_picked":["Moonworks:SakisCookie","Moonworks:JonathanRush","Moonworks:TacticalRetreat+1"],"picked":"SKIP","floor":18.0},{"not_picked":["Moonworks:FinalSurgery","Moonworks:ImOnFire"],"picked":"Moonworks:NicePresent","floor":21.0},{"not_picked":["Moonworks:BigMagnum","Moonworks:DeployBits","Moonworks:Assault"],"picked":"SKIP","floor":21.0},{"not_picked":["Moonworks:SinkOrSwim","Moonworks:Gamble","Moonworks:Encore"],"picked":"SKIP","floor":24.0},{"not_picked":["Moonworks:HolyNight","Moonworks:MeltingMemories","Moonworks:EvilMastermind"],"picked":"SKIP","floor":25.0},{"not_picked":["Moonworks:FinalBattle","Moonworks:PlushieMaster","Moonworks:Gamble"],"picked":"SKIP","floor":27.0}],"player_experience":115912,"relics_obtained":[{"floor":7.0,"key":"Blood Vial"},{"floor":9.0,"key":"Boot"},{"floor":12.0,"key":"Centennial Puzzle"},{"floor":13.0,"key":"Omamori"},{"floor":14.0,"key":"Blue Candle"},{"floor":24.0,"key":"Ginger"},{"floor":25.0,"key":"StrikeDummy"},{"floor":26.0,"key":"Turnip"},{"floor":27.0,"key":"Ice Cream"},{"floor":28.0,"key":"Pen Nib"}],"event_choices":[{"damage_healed":0.0,"max_hp_gain":0.0,"max_hp_loss":0.0,"gold_gain":0.0,"event_name":"Match and Keep!","player_choice":"0 cards matched","floor":4.0,"gold_loss":0.0,"damage_taken":0.0,"cards_obtained":[]},{"cards_removed":["Moonworks:Strike"],"damage_healed":0.0,"max_hp_gain":0.0,"max_hp_loss":0.0,"gold_gain":0.0,"event_name":"Beggar","player_choice":"Gave Gold","floor":20.0,"gold_loss":75.0,"damage_taken":0.0},{"damage_healed":0.0,"max_hp_gain":0.0,"max_hp_loss":0.0,"gold_gain":0.0,"event_name":"Upgrade Shrine","player_choice":"Upgraded","floor":22.0,"gold_loss":0.0,"damage_taken":0.0,"cards_upgraded":["Moonworks:GoAway"]}],"is_beta":false,"boss_relics":[{"not_picked":["Ectoplasm","SacredBark"],"picked":"Sozu"}],"items_purged_floors":[],"is_endless":true,"potions_floor_spawned":[7,12,13,16,18,24,27],"killed_by":"Slavers","ascension_level":20}}