{"host":"gk9qdtkqd8dwfeg2","time":1611919975,"event":{"mods":["Aspiration","BaseMod","Colored Powertips","Downfall","Minty Spire (QoL Compilation)","Quick Restart","Shop Mod","StSLib","TestMod","Waifu the Spire","WarShipGirlsR/’ΩΩ¢…Ÿ≈ÆR mod"],"gold_per_floor":[115,127,127,146,163,173,173,173,173,183,112,145,163,196,196,299,299,299],"floor_reached":17,"language":"ZHS","playtime":490,"items_purged":[],"score":194,"play_id":"a444ef93-d1c0-4e5e-a3be-a9273f8ef89e","local_time":"20210129193255","is_ascension_mode":false,"campfire_choices":[{"data":"rmod:salvage","floor":7,"key":"SMITH"},{"data":"rmod:basicallowance","floor":15,"key":"SMITH"}],"circlet_count":0,"master_deck":["rmod:strick","rmod:strick","rmod:defend","rmod:defend","rmod:defend","rmod:defend","rmod:basicallowance+1","rmod:maingunfire+1","rmod:generalist+1","rmod:supportescort","rmod:goodfighter","rmod:diaomin","rmod:salvage+1","rmod:fletcherpendant","rmod:diamondstrike","rmod:goodsister","rmod:fletcherpendant","rmod:victimresponsibility","rmod:fletcher+1","rmod:fletcherpendant+1","rmod:fletcherpendant+1","rmod:timeschanged"],"relics":["rmod:firstchargereward","testmod-TestBox","testmod-Brilliant","Whetstone","Bag of Preparation","testmod-RainbowHikingShoes","Cursed Key"],"acts_visited":["Exordium","TheCity"],"potions_floor_usage":[],"damage_taken":[{"damage":4.0,"enemies":"Jaw Worm","floor":1.0,"turns":4.0},{"damage":0.0,"enemies":"Cultist","floor":2.0,"turns":2.0},{"damage":0.0,"enemies":"Small Slimes","floor":4.0,"turns":1.0},{"damage":4,"enemies":"Exordium Thugs","floor":5,"turns":3},{"damage":3,"enemies":"Exordium Wildlife","floor":6,"turns":3},{"damage":0,"enemies":"Blue Slaver","floor":10,"turns":1},{"damage":14,"enemies":"Gremlin Nob","floor":12,"turns":3},{"damage":8,"enemies":"Large Slime","floor":13,"turns":4},{"damage":34,"enemies":"Lagavulin","floor":14,"turns":6},{"damage":15,"enemies":"Hexaghost","floor":16,"turns":9}],"seed_played":"6468702943073023896","potions_obtained":[{"floor":1.0,"key":"SkillPotion"},{"floor":2.0,"key":"bronze:BurnAndBuffPotion"},{"floor":4.0,"key":"FairyPotion"}],"is_trial":false,"path_per_floor":["M","M","?","M","M","M","R","?","T","M","$","E","M","E","R","B",null],"character_chosen":"PRAEFECT","items_purchased":["rmod:goodsister"],"campfire_rested":0,"item_purchase_floors":[11],"current_hp_per_floor":[71,71,71,71,67,64,64,85,85,85,85,71,63,29,29,14,85,85],"gold":299,"neow_bonus":"TRANSFORM_CARD","is_daily":false,"chose_seed":false,"campfire_upgraded":2,"win_rate":0.0,"timestamp":1611919975,"path_taken":["M","M","?","M","?","M","R","?","T","M","?","E","?","E","R","BOSS"],"items_purchased_type":["Card"],"build_version":"2020-12-22","purchased_purges":0,"victory":false,"max_hp_per_floor":[75,75,75,75,75,75,75,85,85,85,85,85,85,85,85,85,85,85],"card_choices":[{"not_picked":["rmod:gendarmerie","rmod:ammunitionsupply"],"picked":"rmod:generalist","floor":1.0},{"not_picked":["rmod:aluminumsupply","rmod:circuitoustactics"],"picked":"rmod:supportescort","floor":2.0},{"not_picked":["rmod:mineteam","rmod:intelligenceanalysis"],"picked":"rmod:goodfighter","floor":4.0},{"not_picked":["rmod:guardianhero","rmod:tearstotiara"],"picked":"rmod:diaomin","floor":5},{"not_picked":["rmod:supportescort","rmod:aluminumsupply"],"picked":"rmod:salvage","floor":6},{"not_picked":["rmod:seals","rmod:unsinkable"],"picked":"rmod:diamondstrike","floor":10},{"not_picked":["rmod:aluminumsupply","rmod:diamondstrike"],"picked":"rmod:victimresponsibility","floor":12},{"not_picked":["rmod:wife","rmod:capitalist","rmod:generalist"],"picked":"SKIP","floor":13},{"not_picked":["rmod:unsinkable","rmod:guardianhero","rmod:aluminumsupply"],"picked":"SKIP","floor":14},{"not_picked":["rmod:saltedfish","rmod:acesubmarine"],"picked":"rmod:timeschanged","floor":16}],"player_experience":747469,"relics_obtained":[{"floor":9,"key":"Whetstone"},{"floor":12,"key":"Bag of Preparation"},{"floor":14,"key":"testmod-RainbowHikingShoes"}],"event_choices":[{"cards_removed":["rmod:strick"],"damage_healed":0.0,"max_hp_gain":0.0,"max_hp_loss":0.0,"gold_gain":0.0,"event_name":"Purifier","player_choice":"Purged","floor":3.0,"gold_loss":0.0,"damage_taken":0.0},{"cards_removed":["rmod:seals"],"damage_healed":11,"gold_gain":0,"player_choice":"Offered Rare","damage_taken":0,"max_hp_gain":10,"max_hp_loss":0,"event_name":"Bonfire Elementals","floor":8,"gold_loss":0}],"is_beta":false,"boss_relics":[{"not_picked":["Coffee Dripper","Sozu"],"picked":"Cursed Key"}],"items_purged_floors":[],"is_endless":false,"potions_floor_spawned":[1,2,4,13,16],"ascension_level":0}}