{"host":"9k0h2vz8jg45dz67","time":1611936487,"event":{"mods":["Act Like it!","BaseMod","Colored Map","Colored Powertips","Downfall","Friendly Minions","Gensokyo","GifTheSpireLib","Hermit","Hubris","Infinite Spire","Koishi","Lobotomy","LobotomyExtend","Marisa¡]Ãú«B¡@Å]²z¨F¡^","Minty Spire (QoL Compilation)","Prisma Mod","READ ME - Guardian Mod","Relic Stats","Remilia¡]Á¢¦Ì²ú?¡^","Replay The Spire","Robot Space Explorer","StSLib","The Animator","The Bug Knight","The Clintock","The Construct","The Cursed","The Disciple","The Hierophant","The Jungle","The Necromancer","The Poker Player","The Servant 0.9.4","Youmu¡]»î¾z§¯?¡^","Yuyuko"],"gold_per_floor":[99,99,99,99,166,181,0,0,0,16,45,58,93,93,104,121,139,139,139],"floor_reached":18,"language":"ZHS","playtime":972,"items_purged":[],"score":122,"play_id":"fe4a85b7-81ff-4f00-844e-6bc52608598d","local_time":"20210130000807","is_ascension_mode":false,"campfire_choices":[{"floor":1,"key":"RECALL"},{"data":"expansioncontent:DashGenerateEvil","floor":8,"key":"SMITH"},{"floor":14,"key":"REST"}],"circlet_count":0,"master_deck":["Strike_MRS","Strike_MRS","Strike_MRS","Strike_MRS","Defend_MRS","Defend_MRS","Defend_MRS","Defend_MRS","MasterSpark","UpSweep","TheCursedMod:Dregs","hubris:Envy","AlicesGift","MagicAbsorber","TreasureHunter","expansioncontent:DashGenerateEvil+1","BlazeAway","OrrerysSun","EarthLightRay","DeepEcoloBomb","WitchLeyline","WitchOfGreed"],"relics":["MiniHakkero","Replay:Bronze Core","Replay:Rubber Ducky","Centennial Puzzle","hubris:Reverence","Blood Vial","Simple Rune"],"acts_visited":["Exordium"],"potions_floor_usage":[6,7,11,11,13,17,17,17],"damage_taken":[{"damage":0,"enemies":"Gensokyo:3_Fairies","floor":6,"turns":4},{"damage":5,"enemies":"downfall:FleeingMerchant","floor":7,"turns":5},{"damage":11,"enemies":"Gensokyo:Python","floor":10,"turns":3},{"damage":18,"enemies":"Gensokyo:Aya","floor":11,"turns":4},{"damage":6,"enemies":"Gensokyo:2_Kodama","floor":12,"turns":2},{"damage":18,"enemies":"Gensokyo:Cirno","floor":13,"turns":6},{"damage":0,"enemies":"Gensokyo:Kitsune","floor":15,"turns":2},{"damage":10,"enemies":"Gensokyo:3_Kodama","floor":16,"turns":3},{"damage":6,"enemies":"Gensokyo:VengefulSpirit","floor":17,"turns":4},{"damage":31,"enemies":"SI_SHIV_ARCHETYPE","floor":18,"turns":5}],"seed_played":"222395648035998456","potions_obtained":[{"floor":5,"key":"Fire Potion"},{"floor":5,"key":"EntropicBrew"},{"floor":11,"key":"Energy Potion"},{"floor":12,"key":"SmokeBomb"},{"floor":13,"key":"FearPotion"},{"floor":15,"key":"Venom Potion"}],"is_trial":false,"path_per_floor":["R_BF","PTL","PTL","T","?","M","$","R","T","M","E","M","E","R","M","M","M","B"],"character_chosen":"MARISA","items_purchased":["expansioncontent:DashGenerateEvil"],"campfire_rested":1,"item_purchase_floors":[7],"current_hp_per_floor":[75,75,75,75,45,45,40,40,40,29,23,19,3,25,27,23,23,0,0],"gold":139,"neow_bonus":"CURSED_BOSS_RELIC","is_daily":false,"chose_seed":false,"campfire_upgraded":1,"win_rate":0.0,"timestamp":1611936487,"path_taken":["R_BF","PTL","PTL","?","?","?","?","R","T","M","E","M","E","R","M","?","M","BOSS"],"items_purchased_type":["Card"],"build_version":"2020-12-22","purchased_purges":0,"victory":false,"max_hp_per_floor":[75,75,75,75,75,75,75,75,75,75,75,75,75,75,75,75,75,75,75],"relic_stats":{"Blood Vial":12,"Centennial Puzzle":[24],"counters":[10,38],"obtain_stats":[{"Blood Vial":11,"Centennial Puzzle":5,"Replay:Bronze Core":0,"Simple Rune":13,"MiniHakkero":0,"Replay:Rubber Ducky":4,"hubris:Reverence":9},{"Blood Vial":4,"Centennial Puzzle":0,"Replay:Bronze Core":0,"Simple Rune":6,"MiniHakkero":0,"Replay:Rubber Ducky":0,"hubris:Reverence":2},{"Blood Vial":16,"Centennial Puzzle":0,"Replay:Bronze Core":0,"Simple Rune":24,"MiniHakkero":0,"Replay:Rubber Ducky":0,"hubris:Reverence":9}]},"card_choices":[{"not_picked":["DC","LuminesStrike"],"picked":"AlicesGift","floor":5},{"not_picked":["RefractionSpark","GrandCross"],"picked":"MagicAbsorber","floor":6},{"not_picked":["SporeBomb","GalacticHalo"],"picked":"TreasureHunter","floor":7},{"not_picked":["Acceleration","GravityBeat"],"picked":"BlazeAway","floor":10},{"not_picked":["StarDustReverie","LuminesStrike","BlazeAway"],"picked":"SKIP","floor":11},{"not_picked":["GravityBeat","OortCloud"],"picked":"OrrerysSun","floor":12},{"not_picked":["Singularity","UnstableBomb"],"picked":"EarthLightRay","floor":13},{"not_picked":["AsteroidBelt","DoubleSpark"],"picked":"DeepEcoloBomb","floor":15},{"not_picked":["RefractionSpark","DarkSpark"],"picked":"WitchLeyline","floor":16},{"not_picked":["ChargingUp","BlazeAway"],"picked":"WitchOfGreed","floor":17}],"player_experience":802737,"relics_obtained":[{"floor":4,"key":"Replay:Rubber Ducky"},{"floor":5,"key":"Centennial Puzzle"},{"floor":9,"key":"hubris:Reverence"},{"floor":11,"key":"Blood Vial"},{"floor":13,"key":"Simple Rune"}],"event_choices":[],"is_beta":false,"boss_relics":[],"items_purged_floors":[],"is_endless":false,"potions_floor_spawned":[10,11,12,13,15],"killed_by":"SI_SHIV_ARCHETYPE","ascension_level":0}}