{"host":"klrvvo16pazy794l","time":1611956529,"event":{"mods":["BaseMod","Minty Spire (QoL Compilation)"],"gold_per_floor":[110,110,110,35,48,78,78,110,110,110,142,158,175,195,195,291,291,311,322,71,86,86,86,113,113,140,140,156,174,174,174,174,275,275,290,308,157,171,171,171,171,171,171],"floor_reached":42,"language":"ENG","playtime":2310,"items_purged":["Regret","Defend_P"],"score":583,"play_id":"a098350f-ccac-4804-be92-ff66f1ad4ed1","local_time":"20210129154209","is_ascension_mode":true,"campfire_choices":[{"data":"Eruption","floor":7.0,"key":"SMITH"},{"floor":10.0,"key":"REST"},{"data":"Crescendo","floor":15.0,"key":"SMITH"},{"floor":23.0,"key":"RECALL"},{"data":"Scrawl","floor":25.0,"key":"SMITH"},{"floor":30.0,"key":"REST"},{"data":"ForeignInfluence","floor":32.0,"key":"SMITH"},{"data":"DeusExMachina","floor":40,"key":"SMITH"}],"circlet_count":0,"master_deck":["Strike_P","Strike_P","Strike_P","Strike_P","Defend_P","Defend_P","Defend_P","Eruption+1","Vigilance","ClearTheMind","ReachHeaven","JustLucky+1","Halt","DeusExMachina+1","Crescendo+1","Scrawl+1","CurseOfTheBell","MentalFortress","FollowUp","ForeignInfluence+1","FlyingSleeves+1","Evaluate","FlurryOfBlows+1","Parasite","Madness","Madness"],"relics":["PureWater","Lizard Tail","CaptainsWheel","GoldenEye","Yang","Bag of Marbles","Calling Bell","Regal Pillow","Pear","Torii","Lantern","TeardropLocket","VioletLotus","Whetstone"],"acts_visited":["TheBeyond"],"potions_floor_usage":[38,42],"damage_taken":[{"damage":6.0,"enemies":"Cultist","floor":1.0,"turns":5.0},{"damage":3.0,"enemies":"Small Slimes","floor":5.0,"turns":3.0},{"damage":22.0,"enemies":"Lagavulin","floor":6.0,"turns":5.0},{"damage":28.0,"enemies":"3 Sentries","floor":8.0,"turns":7.0},{"damage":14.0,"enemies":"Lagavulin","floor":11.0,"turns":3.0},{"damage":0.0,"enemies":"2 Louse","floor":12.0,"turns":2.0},{"damage":0.0,"enemies":"2 Fungi Beasts","floor":13.0,"turns":3.0},{"damage":0.0,"enemies":"Looter","floor":14.0,"turns":2.0},{"damage":0.0,"enemies":"Slime Boss","floor":16.0,"turns":5.0},{"damage":2.0,"enemies":"2 Thieves","floor":18.0,"turns":4.0},{"damage":9.0,"enemies":"Shell Parasite","floor":19.0,"turns":4.0},{"damage":0.0,"enemies":"Centurion and Healer","floor":21.0,"turns":2.0},{"damage":27.0,"enemies":"Gremlin Leader","floor":24.0,"turns":6.0},{"damage":0.0,"enemies":"Cultist and Chosen","floor":28.0,"turns":1.0},{"damage":6.0,"enemies":"Snake Plant","floor":29.0,"turns":3.0},{"damage":109.0,"enemies":"Automaton","floor":33.0,"turns":7.0},{"damage":16,"enemies":"Orb Walker","floor":35,"turns":3},{"damage":9,"enemies":"3 Shapes","floor":36,"turns":4},{"damage":17,"enemies":"Writhing Mass","floor":38,"turns":5},{"damage":30,"enemies":"Reptomancer","floor":42,"turns":4}],"seed_played":"-2349952243694052402","potions_obtained":[{"floor":0.0,"key":"EssenceOfSteel"},{"floor":0.0,"key":"Block Potion"},{"floor":0.0,"key":"CultistPotion"},{"floor":1.0,"key":"FearPotion"},{"floor":8.0,"key":"ColorlessPotion"},{"floor":12.0,"key":"Explosive Potion"},{"floor":13.0,"key":"Explosive Potion"},{"floor":14.0,"key":"GamblersBrew"},{"floor":16.0,"key":"DistilledChaos"},{"floor":19.0,"key":"CultistPotion"},{"floor":21.0,"key":"Energy Potion"},{"floor":24.0,"key":"BottledMiracle"},{"floor":33.0,"key":"Fire Potion"},{"floor":35,"key":"FearPotion"}],"is_trial":false,"path_per_floor":["M","?","?","$","M","E","R","E","T","R","E","M","M","M","R","B",null,"M","M","$","M","?","R","E","R","T","?","M","M","R","?","R","B",null,"M","M","$","M","?","R","?","E"],"character_chosen":"WATCHER","items_purchased":["Lantern","Whetstone"],"campfire_rested":2,"item_purchase_floors":[20,37],"current_hp_per_floor":[66,66,66,66,63,41,41,13,13,34,20,20,20,20,20,20,82,80,71,71,71,71,71,44,44,44,44,44,38,77,77,77,41,82,66,57,57,40,40,40,30,0,0],"gold":171,"neow_bonus":"THREE_SMALL_POTIONS","is_daily":false,"chose_seed":false,"campfire_upgraded":5,"win_rate":0.0,"timestamp":1611956529,"path_taken":["M","?","?","$","M","E","R","E","T","R","E","M","M","M","R","BOSS","M","M","$","M","?","R","E","R","T","?","M","M","R","?","R","BOSS","M","M","$","M","?","R","?","E"],"items_purchased_type":["Relic","Relic"],"build_version":"2020-12-22","purchased_purges":2,"victory":false,"max_hp_per_floor":[72,72,72,72,72,72,72,72,72,72,72,72,72,72,72,72,82,82,82,82,82,82,82,82,82,82,82,82,82,82,82,82,82,82,82,82,82,82,82,82,82,82,82],"card_choices":[{"not_picked":["Perseverance","Crescendo"],"picked":"ClearTheMind","floor":1.0},{"not_picked":["FearNoEvil","WaveOfTheHand"],"picked":"ReachHeaven","floor":5.0},{"not_picked":["Perseverance","SandsOfTime"],"picked":"JustLucky","floor":6.0},{"not_picked":["WindmillStrike","JustLucky"],"picked":"Halt","floor":8.0},{"not_picked":["FollowUp","Meditate"],"picked":"DeusExMachina","floor":11.0},{"not_picked":["Wallop","WreathOfFlame","SignatureMove"],"picked":"SKIP","floor":12.0},{"not_picked":["FearNoEvil","Wallop","CrushJoints"],"picked":"SKIP","floor":13.0},{"not_picked":["CutThroughFate","ClearTheMind"],"picked":"Crescendo","floor":14.0},{"not_picked":["Omniscience","Blasphemy"],"picked":"Scrawl","floor":16.0},{"not_picked":["JustLucky+1","ClearTheMind"],"picked":"MentalFortress","floor":18.0},{"not_picked":["JustLucky","ThirdEye+1"],"picked":"FollowUp","floor":19.0},{"not_picked":["PathToVictory","EmptyFist"],"picked":"ForeignInfluence","floor":21.0},{"not_picked":["FlyingSleeves","Halt+1","CrushJoints"],"picked":"SKIP","floor":24.0},{"not_picked":["LessonLearned","Tantrum"],"picked":"FlyingSleeves+1","floor":28.0},{"not_picked":["Fasting2","BattleHymn","FlyingSleeves"],"picked":"SKIP","floor":29.0},{"not_picked":["Omniscience","Establishment"],"picked":"Devotion","floor":33.0},{"not_picked":["Worship+1","Protect"],"picked":"Evaluate","floor":35},{"not_picked":["ThirdEye","Perseverance"],"picked":"FlurryOfBlows","floor":36},{"not_picked":["CrushJoints+1","Crescendo","FlurryOfBlows"],"picked":"SKIP","floor":38}],"player_experience":468997,"relics_obtained":[{"floor":6.0,"key":"CaptainsWheel"},{"floor":8.0,"key":"GoldenEye"},{"floor":9.0,"key":"Yang"},{"floor":11.0,"key":"Bag of Marbles"},{"floor":17.0,"key":"Regal Pillow"},{"floor":17.0,"key":"Pear"},{"floor":17.0,"key":"Torii"},{"floor":24.0,"key":"TeardropLocket"}],"event_choices":[{"damage_healed":0.0,"max_hp_gain":0.0,"max_hp_loss":0.0,"gold_gain":0.0,"event_name":"Big Fish","player_choice":"Box","floor":2.0,"gold_loss":0.0,"damage_taken":0.0,"relics_obtained":["Lizard Tail"],"cards_obtained":["Regret"]},{"damage_healed":0.0,"max_hp_gain":0.0,"max_hp_loss":0.0,"gold_gain":0.0,"event_name":"The Woman in Blue","player_choice":"Bought 0 Potions","floor":3.0,"gold_loss":0.0,"damage_taken":0.0},{"damage_healed":0.0,"max_hp_gain":0.0,"max_hp_loss":0.0,"gold_gain":0.0,"event_name":"The Mausoleum","player_choice":"Ignored","floor":22.0,"gold_loss":0.0,"damage_taken":0.0},{"damage_healed":0.0,"max_hp_gain":0.0,"max_hp_loss":0.0,"gold_gain":0.0,"event_name":"Vampires","player_choice":"Ignored","floor":27.0,"gold_loss":0.0,"damage_taken":0.0},{"damage_healed":0.0,"max_hp_gain":0.0,"max_hp_loss":0.0,"gold_gain":0.0,"event_name":"Ghosts","player_choice":"Ignored","floor":31.0,"gold_loss":0.0,"damage_taken":0.0},{"cards_removed":["Devotion"],"damage_healed":0,"gold_gain":0,"player_choice":"Removed Power","damage_taken":0,"max_hp_gain":0,"max_hp_loss":0,"event_name":"Falling","floor":39,"gold_loss":0},{"damage_healed":0,"gold_gain":0,"player_choice":"Embrace Madness","damage_taken":10,"max_hp_gain":0,"max_hp_loss":0,"event_name":"Winding Halls","floor":41,"gold_loss":0,"cards_obtained":["Madness","Madness"]}],"is_beta":false,"boss_relics":[{"not_picked":["Philosopher\u0027s Stone","Tiny House"],"picked":"Calling Bell"},{"not_picked":["Busted Crown","Black Star"],"picked":"VioletLotus"}],"items_purged_floors":[4,20],"is_endless":false,"potions_floor_spawned":[1,8,12,13,14,16,19,21,24,33,35],"killed_by":"Reptomancer","ascension_level":4}}