{"host":"0rxdudjy6rylha1k","time":1611935194,"event":{"mods":["Aspiration","BaseMod","Colored Map","Colored Powertips","Downfall","Highlight Path","Hubris","Minty Spire (QoL Compilation)","StSLib"],"gold_per_floor":[99,112,112,112,112,12,12,41,41,51,51,66,86,103,118,118,118,118],"floor_reached":16,"language":"ENG","playtime":1167,"items_purged":[],"score":101,"play_id":"7d69882a-aa00-4acc-8e67-c5a17fbc8b37","local_time":"20210129084634","is_ascension_mode":true,"campfire_choices":[{"floor":1.0,"key":"RECALL"},{"data":"bronze:Library","floor":6.0,"key":"SMITH"},{"floor":9.0,"key":"REST"},{"floor":11.0,"key":"REST"}],"circlet_count":0,"master_deck":["bronze:Strike","bronze:Strike","bronze:Strike","bronze:Strike","bronze:Defend","bronze:Defend","bronze:Defend","bronze:Defend","bronze:Replicate","bronze:Goto","bronze:Library+1","bronze:CloningBeam","bronze:Constructor","bronze:Shield","bronze:InfiniteBeams","bronze:Separator","bronze:Terminator"],"relics":["bronze:BronzeCore","downfall:BrokenWingStatue","hubris:Towel","downfall:HeartBlessingRed","The Courier","Odd Mushroom"],"acts_visited":["Exordium"],"potions_floor_usage":[16,16],"damage_taken":[{"damage":14.0,"enemies":"Small Slimes","floor":2.0,"turns":5.0},{"damage":31.0,"enemies":"The Mushroom Lair","floor":8.0,"turns":5.0},{"damage":6.0,"enemies":"2 Louse","floor":10.0,"turns":4.0},{"damage":0.0,"enemies":"Jaw Worm","floor":12.0,"turns":4.0},{"damage":4.0,"enemies":"3 Louse","floor":13.0,"turns":3.0},{"damage":15.0,"enemies":"Gremlin Gang","floor":14.0,"turns":5.0},{"damage":0.0,"enemies":"Exordium Wildlife","floor":15.0,"turns":4.0},{"damage":53,"enemies":"SI_SHIV_ARCHETYPE","floor":16,"turns":7}],"seed_played":"-2166615895261593956","potions_obtained":[{"floor":8.0,"key":"Fruit Juice"},{"floor":10.0,"key":"DuplicationPotion"},{"floor":14.0,"key":"Explosive Potion"},{"floor":15.0,"key":"FearPotion"}],"is_trial":false,"path_per_floor":["R","M","?","?","?","R","T","?","R","M","R","M","M","M","M","B"],"character_chosen":"THE_AUTOMATON","items_purchased":[],"campfire_rested":2,"item_purchase_floors":[],"current_hp_per_floor":[70,56,56,56,56,56,56,25,52,46,68,68,64,49,49,0,0,0],"gold":118,"neow_bonus":"ONE_RANDOM_RARE_CARD","is_daily":false,"chose_seed":false,"campfire_upgraded":1,"win_rate":0.0,"timestamp":1611935194,"path_taken":["R","M","?","?","?","R","T","?","R","M","R","M","M","?","M","BOSS"],"items_purchased_type":[],"build_version":"2020-12-22","purchased_purges":0,"victory":false,"max_hp_per_floor":[70,70,70,70,70,70,70,70,75,75,75,75,75,75,75,75,75,75],"card_choices":[{"not_picked":["bronze:FineTuning","bronze:WildBeam"],"picked":"bronze:CloningBeam","floor":2.0},{"not_picked":["bronze:BitShift","bronze:Backtrace"],"picked":"bronze:Constructor","floor":8.0},{"not_picked":["bronze:CloningBeam","bronze:FineTuning"],"picked":"bronze:Shield","floor":10.0},{"not_picked":["bronze:Iterate","bronze:WildBeam"],"picked":"bronze:InfiniteBeams","floor":12.0},{"not_picked":["bronze:Repulsor","bronze:DelayedGuard"],"picked":"bronze:Separator","floor":13.0},{"not_picked":["bronze:Constructor","bronze:Iterate","bronze:WildBeam"],"picked":"SKIP","floor":14.0},{"not_picked":["bronze:Iterate","bronze:FollowUp"],"picked":"bronze:Terminator","floor":15.0}],"player_experience":2721781,"relics_obtained":[{"floor":7.0,"key":"The Courier"},{"floor":8.0,"key":"Odd Mushroom"}],"event_choices":[{"damage_healed":0.0,"max_hp_gain":0.0,"max_hp_loss":0.0,"gold_gain":0.0,"event_name":"Mushrooms","player_choice":"Fought Mushrooms","floor":8.0,"gold_loss":0.0,"damage_taken":0.0}],"is_beta":false,"boss_relics":[],"items_purged_floors":[],"is_endless":false,"potions_floor_spawned":[8,10,14,15],"killed_by":"SI_SHIV_ARCHETYPE","ascension_level":2}}