{"host":"6bsan6hkua32tfq7","time":1611898206,"event":{"mods":["BaseMod","Better Third Choice","Colored Map","Highlight Path","Minty Spire (QoL Compilation)","StSLib"],"gold_per_floor":[116,41,61,80,96,124,124,158,170,182,182],"floor_reached":10,"language":"ENG","playtime":200,"items_purged":["Defend_R"],"score":156,"play_id":"abb002ee-d214-4f2c-bc6f-1df14894fdfa","local_time":"20210129063006","is_ascension_mode":true,"campfire_choices":[{"data":"Bash","floor":7,"key":"SMITH"}],"circlet_count":0,"master_deck":["AscendersBane","Strike_R","Strike_R","Strike_R","Strike_R","Strike_R","Defend_R+1","Defend_R","Defend_R+1","Bash+1","Twin Strike","Headbutt","Anger","Metallicize"],"relics":["Burning Blood","NeowsBlessing","War Paint","MawBank","Akabeko"],"acts_visited":["Exordium"],"potions_floor_usage":[8,10],"damage_taken":[{"damage":0,"enemies":"Cultist","floor":1,"turns":1},{"damage":0,"enemies":"Small Slimes","floor":3,"turns":1},{"damage":0,"enemies":"2 Louse","floor":4,"turns":1},{"damage":6,"enemies":"Exordium Wildlife","floor":5,"turns":3},{"damage":45,"enemies":"3 Sentries","floor":6,"turns":9},{"damage":34,"enemies":"Lagavulin","floor":8,"turns":5},{"damage":13,"enemies":"Gremlin Nob","floor":10,"turns":3}],"seed_played":"4375365669837566513","potions_obtained":[{"floor":4,"key":"ElixirPotion"},{"floor":8,"key":"Block Potion"}],"is_trial":false,"path_per_floor":["M","$","M","M","M","E","R","E","T","E"],"character_chosen":"IRONCLAD","items_purchased":[],"campfire_rested":0,"item_purchase_floors":[],"current_hp_per_floor":[74,74,75,75,75,36,36,8,8,0,0],"gold":182,"neow_bonus":"THREE_ENEMY_KILL","is_daily":false,"chose_seed":false,"campfire_upgraded":1,"win_rate":0.0,"timestamp":1611898206,"path_taken":["M","?","M","M","?","E","R","E","T","E"],"items_purchased_type":[],"build_version":"2020-12-22","purchased_purges":1,"victory":false,"max_hp_per_floor":[75,75,75,75,75,75,75,75,75,75,75],"card_choices":[{"not_picked":["Wild Strike","Anger"],"picked":"Twin Strike","floor":1},{"not_picked":["Sword Boomerang","Power Through","Intimidate"],"picked":"SKIP","floor":3},{"not_picked":["Dual Wield","Second Wind"],"picked":"Headbutt","floor":4},{"not_picked":["Headbutt","Sever Soul"],"picked":"Anger","floor":5},{"not_picked":["Warcry","Battle Trance"],"picked":"Metallicize","floor":6},{"not_picked":["Perfected Strike","Heavy Blade","Dual Wield"],"picked":"SKIP","floor":8}],"player_experience":5352449,"relics_obtained":[{"floor":6,"key":"War Paint"},{"floor":8,"key":"MawBank"},{"floor":9,"key":"Akabeko"}],"event_choices":[],"is_beta":false,"boss_relics":[],"items_purged_floors":[2],"is_endless":false,"potions_floor_spawned":[4,8],"killed_by":"Gremlin Nob","ascension_level":20}}