{"host":"62ml2u9p5u2np5kb","time":1611931114,"event":{"mods":["BaseMod","Colored Map","Minty Spire (QoL Compilation)","Quick Restart","StSLib","Waifu the Spire","WarShipGirlsR/战舰少女R mod","[功能]功能增强和修复MOD","noobMod"],"gold_per_floor":[119,136,151,6,6,34,45,45,119,46,56,56,69,88,88,184,184,196,209,226,206,220,220,247,108,108,128,43,43,68,86,86,189,189,200,200,214,232,244,244,244],"floor_reached":40,"language":"ZHS","playtime":2098,"items_purged":[],"score":607,"play_id":"88073d7b-2484-4234-a733-c0ef80bcf18b","local_time":"20210129223834","is_ascension_mode":true,"campfire_choices":[{"data":"rmod:mineteam","floor":8.0,"key":"SMITH"},{"floor":12,"key":"RECALL"},{"data":"rmod:robin","floor":15,"key":"SMITH"},{"floor":23,"key":"REST"},{"data":"rmod:advancebysurprise","floor":32,"key":"SMITH"},{"data":"rmod:windflower","floor":40,"key":"SMITH"}],"circlet_count":0,"master_deck":["rmod:strick","rmod:strick","rmod:strick","rmod:defend","rmod:defend","rmod:defend","rmod:defend","rmod:basicallowance","rmod:maingunfire","rmod:highspeedshooting","rmod:diamondstrike","rmod:rockthrower","rmod:mineteam+1","rmod:openingtorpedo","rmod:diamondstrike","rmod:firesupport","rmod:salvage","rmod:expeditionaryescort","rmod:aviationdawn","rmod:fletcher","rmod:robin+1","rmod:expeditionaryescort","rmod:gendarmerie","rmod:tearstotiara+1","rmod:mineteam","rmod:smokecover","rmod:generalist","rmod:aggressivemary","rmod:advancebysurprise+1","rmod:overbreakdown","RitualDagger","rmod:intelligenceanalysis","rmod:expedition","rmod:windflower+1","rmod:intelligenceanalysis+1","rmod:fletcherpendant+1","rmod:wolves","rmod:fletcherpendant","rmod:aviationdawn+1"],"relics":["rmod:firstchargereward","ice","NeowsBlessing","Du-Vu Doll","rmod:monthlycard","Mummified Hand","InkBottle","Lantern","Happy Flower","Runic Pyramid"],"acts_visited":["Exordium","TheCity","TheBeyond"],"potions_floor_usage":[11,13,13,13,14,16,18,19,22,22,24,27,30,30,30,33,35,37,38,38,39],"damage_taken":[{"damage":0.0,"enemies":"Cultist","floor":1.0,"turns":1.0},{"damage":0.0,"enemies":"2 Louse","floor":2.0,"turns":1.0},{"damage":0.0,"enemies":"Small Slimes","floor":3.0,"turns":1.0},{"damage":6.0,"enemies":"Gremlin Nob","floor":6.0,"turns":3.0},{"damage":13.0,"enemies":"Blue Slaver","floor":7.0,"turns":2.0},{"damage":0,"enemies":"2 Fungi Beasts","floor":11,"turns":2},{"damage":26,"enemies":"Exordium Thugs","floor":13,"turns":4},{"damage":0,"enemies":"Large Slime","floor":14,"turns":4},{"damage":43,"enemies":"Slime Boss","floor":16,"turns":7},{"damage":8,"enemies":"Chosen","floor":18,"turns":4},{"damage":27,"enemies":"2 Thieves","floor":19,"turns":4},{"damage":25,"enemies":"Snake Plant","floor":20,"turns":3},{"damage":12,"enemies":"Sentry and Sphere","floor":22,"turns":5},{"damage":31,"enemies":"Gremlin Leader","floor":24,"turns":5},{"damage":0,"enemies":"Shelled Parasite and Fungi","floor":27,"turns":2},{"damage":3,"enemies":"Slavers","floor":30,"turns":4},{"damage":0,"enemies":"Centurion and Healer","floor":31,"turns":2},{"damage":0,"enemies":"Champ","floor":33,"turns":4},{"damage":6,"enemies":"Orb Walker","floor":35,"turns":2},{"damage":4,"enemies":"3 Shapes","floor":37,"turns":2},{"damage":0,"enemies":"Transient","floor":38,"turns":6},{"damage":6,"enemies":"Jaw Worm Horde","floor":39,"turns":2}],"seed_played":"-2658460115422679065","potions_obtained":[{"floor":3.0,"key":"SneckoOil"},{"floor":6.0,"key":"Dexterity Potion"},{"floor":6.0,"key":"Energy Potion"},{"floor":11,"key":"Regen Potion"},{"floor":11,"key":"SpeedPotion"},{"floor":13,"key":"SteroidPotion"},{"floor":14,"key":"Swift Potion"},{"floor":14,"key":"ColorlessPotion"},{"floor":16,"key":"Weak Potion"},{"floor":18,"key":"Block Potion"},{"floor":20,"key":"CultistPotion"},{"floor":20,"key":"LiquidBronze"},{"floor":22,"key":"BlessingOfTheForge"},{"floor":22,"key":"Ancient Potion"},{"floor":24,"key":"AttackPotion"},{"floor":27,"key":"EssenceOfSteel"},{"floor":27,"key":"Weak Potion"},{"floor":31,"key":"Weak Potion"},{"floor":33,"key":"Explosive Potion"},{"floor":35,"key":"CultistPotion"},{"floor":37,"key":"LiquidBronze"},{"floor":37,"key":"Regen Potion"},{"floor":38,"key":"DistilledChaos"},{"floor":38,"key":"Weak Potion"},{"floor":39,"key":"GamblersBrew"}],"is_trial":false,"path_per_floor":["M","M","M","$","?","E","M","R","T","$","M","R","M","M","R","B",null,"M","M","M","?","M","R","E","$","T","M","?","?","E","M","R","B",null,"M","?","M","M","M","R"],"character_chosen":"PRAEFECT","items_purchased":["rmod:mineteam","rmod:openingtorpedo","rmod:salvage","rmod:aggressivemary","rmod:advancebysurprise"],"campfire_rested":1,"item_purchase_floors":[4,4,10,25,25],"current_hp_per_floor":[75,75,75,75,75,69,56,56,56,56,56,56,39,39,39,57,76,68,41,16,16,4,31,87,87,87,87,87,81,78,78,78,78,104,98,115,111,123,117,117,117],"gold":244,"neow_bonus":"THREE_ENEMY_KILL","is_daily":false,"chose_seed":false,"campfire_upgraded":4,"win_rate":0.0,"timestamp":1611931114,"path_taken":["M","?","M","$","?","E","M","R","T","$","?","R","M","?","R","BOSS","M","M","?","?","?","R","E","$","T","M","?","?","E","M","R","BOSS","M","?","?","M","M","R"],"items_purchased_type":["Card","Card","Card","Card","Card"],"build_version":"2020-12-22","purchased_purges":0,"victory":false,"max_hp_per_floor":[75,75,75,75,75,75,75,75,75,75,75,75,75,75,75,76,76,78,83,89,89,92,92,97,97,97,99,99,99,103,103,103,104,104,105,115,120,124,125,125,125],"card_choices":[{"not_picked":["rmod:aluminumsupply","rmod:tearstotiara"],"picked":"rmod:highspeedshooting","floor":1.0},{"not_picked":["rmod:tearstotiara","rmod:ammunitionsupply"],"picked":"rmod:diamondstrike","floor":2.0},{"not_picked":["rmod:aluminumsupply","rmod:steelsupply"],"picked":"rmod:rockthrower","floor":3.0},{"not_picked":["rmod:rockthrower","rmod:combined"],"picked":"rmod:diamondstrike","floor":6.0},{"not_picked":["rmod:combined","rmod:rockthrower"],"picked":"rmod:firesupport","floor":7.0},{"not_picked":["rmod:highspeedshooting","rmod:fletcherpendant"],"picked":"rmod:expeditionaryescort","floor":11},{"not_picked":["rmod:combined","rmod:highspeedshooting"],"picked":"rmod:aviationdawn","floor":13},{"not_picked":["rmod:aviationdawn","rmod:luckystar"],"picked":"rmod:robin","floor":14},{"not_picked":["rmod:supriseattacks","rmod:lastglory"],"picked":"rmod:expeditionaryescort","floor":16},{"not_picked":["rmod:steelsupply+1","rmod:shuttlebombing"],"picked":"rmod:gendarmerie","floor":18},{"not_picked":["rmod:ring","rmod:slowdown+1"],"picked":"rmod:tearstotiara+1","floor":19},{"not_picked":["rmod:unsinkable","rmod:luckystar"],"picked":"rmod:mineteam","floor":20},{"not_picked":["rmod:launchingtorpedo","rmod:sl"],"picked":"rmod:smokecover","floor":22},{"not_picked":["rmod:unsinkable","rmod:u235"],"picked":"rmod:generalist","floor":24},{"not_picked":["rmod:firesupport","rmod:aluminumsupply"],"picked":"rmod:overbreakdown","floor":27},{"not_picked":["rmod:luckystar+1","rmod:circuitoustactics"],"picked":"rmod:intelligenceanalysis","floor":30},{"not_picked":["rmod:intelligenceanalysis","rmod:aviationdawn"],"picked":"rmod:expedition","floor":31},{"not_picked":["rmod:saltedfish","rmod:highspeedmaneuver"],"picked":"rmod:windflower","floor":33},{"not_picked":["rmod:aluminumsupply+1","rmod:firesupport+1"],"picked":"rmod:intelligenceanalysis+1","floor":35},{"not_picked":["rmod:firesupport+1","rmod:concentratefire"],"picked":"rmod:fletcherpendant+1","floor":37},{"not_picked":["rmod:highspeedshooting+1","rmod:firesupport"],"picked":"rmod:wolves","floor":38},{"not_picked":["rmod:sl+1","rmod:capitalist+1"],"picked":"rmod:aviationdawn+1","floor":39}],"player_experience":41699,"relics_obtained":[{"floor":6.0,"key":"Du-Vu Doll"},{"floor":24,"key":"Mummified Hand"},{"floor":26,"key":"InkBottle"},{"floor":30,"key":"Happy Flower"}],"event_choices":[{"cards_removed":["rmod:strick"],"damage_healed":0.0,"max_hp_gain":0.0,"max_hp_loss":0.0,"gold_gain":0.0,"event_name":"Purifier","player_choice":"Purged","floor":5.0,"gold_loss":0.0,"damage_taken":0.0},{"damage_healed":0,"gold_gain":0,"player_choice":"Obtained Relic","damage_taken":0,"relics_obtained":["Lantern"],"max_hp_gain":0,"max_hp_loss":0,"event_name":"Addict","floor":28,"gold_loss":85},{"damage_healed":0,"gold_gain":0,"player_choice":"Joined the Cult","damage_taken":6,"max_hp_gain":0,"max_hp_loss":0,"event_name":"Nest","floor":29,"gold_loss":0,"cards_obtained":["RitualDagger"]},{"cards_removed":["rmod:fletcher"],"damage_healed":7,"gold_gain":0,"player_choice":"Offered Rare","damage_taken":0,"max_hp_gain":10,"max_hp_loss":0,"event_name":"Bonfire Elementals","floor":36,"gold_loss":0}],"is_beta":false,"boss_relics":[{"not_picked":["SlaversCollar","Velvet Choker"],"picked":"rmod:monthlycard"},{"not_picked":["Cursed Key","Coffee Dripper"],"picked":"Runic Pyramid"}],"items_purged_floors":[],"is_endless":false,"potions_floor_spawned":[3,6,6,6,11,11,13,14,14,16,18,20,20,22,22,24,27,27,31,33,35,37,37,38,38,39],"ascension_level":2}}