{"host":"1nniobf0g4s2td4e","time":1611895398,"event":{"mods":["2.2 Compatiblity","BaseMod","Minty Spire (QoL Compilation)","StSLib","SuperFastMode"],"gold_per_floor":[119,130,143,143,154,154,180,180,235,246,278,228,241,264,264,366,366,384,384,403,115,115,115,130,430,512,545,579,608,608,708,708,812,812,825,825,840,890,902,932,932,949,1029,1029,1044,1044,1063,1063,1063,1063,1063,1063,541,573,573],"floor_reached":56,"language":"ENG","playtime":4733,"items_purged":["Strike_R"],"score":1350,"play_id":"df714630-e5f7-4f6f-93d3-858279548a42","local_time":"20210128224318","is_ascension_mode":false,"campfire_choices":[{"data":"Iron Wave","floor":6,"key":"SMITH"},{"data":"Shrug It Off","floor":8,"key":"SMITH"},{"data":"Disarm","floor":15,"key":"SMITH"},{"floor":23,"key":"DIG"},{"floor":25,"key":"DIG"},{"floor":30,"key":"DIG"},{"floor":32,"key":"DIG"},{"floor":41,"key":"DIG"},{"floor":44,"key":"DIG"},{"floor":46,"key":"RECALL"},{"data":"Armaments","floor":49,"key":"SMITH"},{"floor":52,"key":"DIG"}],"circlet_count":0,"master_deck":["Strike_R+1","Strike_R","Strike_R","Defend_R+1","Defend_R","Defend_R+1","Bash","Iron Wave+1","Shrug It Off+1","Thunderclap+1","Shrug It Off","Anger","Armaments+1","Cleave","Flex","Disarm+1","Demon Form","Twin Strike","Heavy Blade","Reaper","Pummel+1","Dropkick","Metallicize+1","Sword Boomerang+1","Double Tap","Combust+1","Thinking Ahead","Pummel+1"],"relics":["Burning Blood","Mummified Hand","Ancient Tea Set","Odd Mushroom","Coffee Dripper","MutagenicStrength","Shovel","Nunchaku","Old Coin","Frozen Egg 2","Smiling Mask","Red Mask","Lantern","Shuriken","Prayer Wheel","Pear","Juzu Bracelet","Runic Cube","Thread and Needle","Pocketwatch","Ice Cream","HornCleat","War Paint","Paper Frog","Lizard Tail","Whetstone"],"acts_visited":["Exordium","TheCity","TheBeyond","TheEnding"],"potions_floor_usage":[38,55,55],"damage_taken":[{"damage":6,"enemies":"Cultist","floor":1,"turns":4},{"damage":2,"enemies":"Small Slimes","floor":2,"turns":3},{"damage":8,"enemies":"Jaw Worm","floor":3,"turns":3},{"damage":12,"enemies":"2 Fungi Beasts","floor":5,"turns":4},{"damage":20,"enemies":"Gremlin Nob","floor":7,"turns":4},{"damage":10,"enemies":"Lots of Slimes","floor":10,"turns":5},{"damage":31,"enemies":"Lagavulin","floor":11,"turns":9},{"damage":0,"enemies":"Blue Slaver","floor":13,"turns":3},{"damage":0,"enemies":"The Mushroom Lair","floor":14,"turns":3},{"damage":22,"enemies":"Hexaghost","floor":16,"turns":13},{"damage":0,"enemies":"Chosen","floor":18,"turns":4},{"damage":3,"enemies":"Shell Parasite","floor":20,"turns":6},{"damage":0,"enemies":"Snake Plant","floor":24,"turns":4},{"damage":45,"enemies":"Gremlin Leader","floor":27,"turns":6},{"damage":9,"enemies":"Masked Bandits","floor":28,"turns":3},{"damage":26,"enemies":"Book of Stabbing","floor":29,"turns":5},{"damage":19,"enemies":"Colosseum Slavers","floor":31,"turns":5},{"damage":0,"enemies":"Colosseum Nobs","floor":31,"turns":1},{"damage":0,"enemies":"Collector","floor":33,"turns":2},{"damage":8,"enemies":"3 Shapes","floor":35,"turns":6},{"damage":4,"enemies":"Orb Walker","floor":37,"turns":3},{"damage":0,"enemies":"Mind Bloom Boss Battle","floor":38,"turns":5},{"damage":7,"enemies":"Sphere and 2 Shapes","floor":39,"turns":5},{"damage":43,"enemies":"Giant Head","floor":40,"turns":8},{"damage":0,"enemies":"Writhing Mass","floor":42,"turns":6},{"damage":1,"enemies":"Maw","floor":45,"turns":5},{"damage":5,"enemies":"Spire Growth","floor":47,"turns":5},{"damage":27,"enemies":"Awakened One","floor":50,"turns":9},{"damage":1,"enemies":"Shield and Spear","floor":54,"turns":2},{"damage":61,"enemies":"The Heart","floor":55,"turns":6}],"seed_played":"-3072833082440180247","potions_obtained":[{"floor":1,"key":"EssenceOfSteel"},{"floor":5,"key":"Block Potion"},{"floor":10,"key":"DistilledChaos"},{"floor":16,"key":"DuplicationPotion"},{"floor":38,"key":"BloodPotion"}],"is_trial":false,"path_per_floor":["M","M","M","$","M","R","E","R","T","M","E","?","M","?","R","B",null,"M","?","M","$","?","R","M","R","T","E","?","E","R","?","R","B",null,"M","?","M","?","M","E","R","M","T","R","M","R","M","?","R","B",null,"R","$","E","B",null],"character_chosen":"IRONCLAD","items_purchased":["Shovel","Lizard Tail","Thinking Ahead"],"campfire_rested":0,"item_purchase_floors":[21,53,53],"current_hp_per_floor":[80,80,78,78,72,72,58,58,58,54,29,29,35,41,41,25,80,80,80,80,80,80,80,80,80,80,41,38,18,18,83,83,89,90,88,100,100,100,99,62,62,68,68,68,98,98,100,100,100,79,100,100,100,100,51],"gold":573,"neow_bonus":"THREE_CARDS","is_daily":false,"chose_seed":false,"campfire_upgraded":4,"win_rate":0.0,"timestamp":1611895398,"path_taken":["M","M","?","?","M","R","E","R","T","M","E","?","M","?","R","BOSS","M","?","M","$","?","R","?","R","T","E","?","E","R","?","R","BOSS","M","?","M","?","M","E","R","M","T","R","M","R","M","?","R","BOSS","R","$","E","BOSS"],"items_purchased_type":["Relic","Relic","Card"],"build_version":"2020-12-22","purchased_purges":1,"victory":true,"max_hp_per_floor":[80,80,80,80,80,80,80,80,80,80,80,80,80,80,80,80,80,80,80,80,80,80,80,80,80,80,80,80,80,80,90,90,90,90,90,100,100,100,100,100,100,100,100,100,100,100,100,100,100,100,100,100,100,100,100],"card_choices":[{"not_picked":["Shrug It Off","Clash"],"picked":"Iron Wave","floor":0},{"not_picked":["Sever Soul","Burning Pact"],"picked":"Shrug It Off","floor":1},{"not_picked":["Clash","Heavy Blade"],"picked":"Thunderclap","floor":2},{"not_picked":["Carnage","Perfected Strike"],"picked":"Shrug It Off","floor":3},{"not_picked":["Shrug It Off","Perfected Strike"],"picked":"Anger","floor":5},{"not_picked":["Double Tap","Sentinel","Seeing Red"],"picked":"SKIP","floor":7},{"not_picked":["Uppercut","Anger"],"picked":"Armaments","floor":10},{"not_picked":["Twin Strike","Pummel"],"picked":"Cleave","floor":11},{"not_picked":["Burning Pact","Body Slam"],"picked":"Flex","floor":13},{"not_picked":["Heavy Blade","Twin Strike"],"picked":"Disarm","floor":14},{"not_picked":["Limit Break","Reaper"],"picked":"Demon Form","floor":16},{"not_picked":["Body Slam","Flex+1","Clothesline"],"picked":"SKIP","floor":18},{"not_picked":["Infernal Blade","Wild Strike"],"picked":"Twin Strike","floor":20},{"not_picked":["Dark Embrace","Twin Strike"],"picked":"Heavy Blade","floor":24},{"not_picked":["Dark Embrace+1","Entrench","Pommel Strike"],"picked":"SKIP","floor":27},{"not_picked":["Fiend Fire","Inflame+1","Cleave+1"],"picked":"SKIP","floor":29},{"not_picked":["Barricade+1","Juggernaut+1"],"picked":"Reaper","floor":33},{"not_picked":["Sentinel","Sever Soul+1"],"picked":"Pummel+1","floor":35},{"not_picked":["Wild Strike+1","Flame Barrier+1","Shrug It Off+1"],"picked":"SKIP","floor":35},{"not_picked":["Searing Blow+1","Body Slam","Wild Strike"],"picked":"SKIP","floor":37},{"not_picked":["Iron Wave","Clash+1","Twin Strike+1"],"picked":"SKIP","floor":37},{"not_picked":["Shrug It Off","Pummel"],"picked":"Dropkick","floor":39},{"not_picked":["Whirlwind+1","Seeing Red"],"picked":"Metallicize+1","floor":39},{"not_picked":["Iron Wave","Corruption+1","Second Wind+1"],"picked":"SKIP","floor":40},{"not_picked":["Armaments+1","Fire Breathing+1"],"picked":"Sword Boomerang+1","floor":42},{"not_picked":["Clash+1","Rampage+1","Warcry"],"picked":"SKIP","floor":42},{"not_picked":["Thunderclap","Sentinel+1"],"picked":"Double Tap","floor":45},{"not_picked":["Uppercut","True Grit+1","Rage+1"],"picked":"SKIP","floor":45},{"not_picked":["Sword Boomerang","Flex"],"picked":"Combust+1","floor":47},{"not_picked":["Cleave+1","Twin Strike+1","Headbutt"],"picked":"SKIP","floor":47},{"not_picked":["Thunderclap+1","Sentinel"],"picked":"Pummel+1","floor":54}],"player_experience":712112,"relics_obtained":[{"floor":7,"key":"Mummified Hand"},{"floor":11,"key":"Ancient Tea Set"},{"floor":14,"key":"Odd Mushroom"},{"floor":23,"key":"Nunchaku"},{"floor":25,"key":"Old Coin"},{"floor":26,"key":"Frozen Egg 2"},{"floor":27,"key":"Smiling Mask"},{"floor":28,"key":"Red Mask"},{"floor":29,"key":"Lantern"},{"floor":30,"key":"Shuriken"},{"floor":31,"key":"Prayer Wheel"},{"floor":31,"key":"Pear"},{"floor":32,"key":"Juzu Bracelet"},{"floor":38,"key":"Thread and Needle"},{"floor":40,"key":"Pocketwatch"},{"floor":41,"key":"Ice Cream"},{"floor":43,"key":"HornCleat"},{"floor":44,"key":"War Paint"},{"floor":52,"key":"Paper Frog"},{"floor":54,"key":"Whetstone"}],"event_choices":[{"cards_removed":["Strike_R"],"damage_healed":0,"gold_gain":0,"player_choice":"Card Removal","damage_taken":0,"max_hp_gain":0,"max_hp_loss":0,"event_name":"The Cleric","floor":12,"gold_loss":50},{"damage_healed":0,"gold_gain":0,"player_choice":"Fought Mushrooms","damage_taken":0,"max_hp_gain":0,"max_hp_loss":0,"event_name":"Mushrooms","floor":14,"gold_loss":0},{"damage_healed":0,"gold_gain":0,"player_choice":"Inject Mutagens","damage_taken":0,"relics_obtained":["MutagenicStrength"],"max_hp_gain":0,"max_hp_loss":0,"event_name":"Drug Dealer","floor":19,"gold_loss":0},{"damage_healed":0,"gold_gain":0,"player_choice":"1 cards matched","damage_taken":0,"max_hp_gain":0,"max_hp_loss":0,"event_name":"Match and Keep!","floor":22,"gold_loss":0,"cards_obtained":["Limit Break"]},{"damage_healed":0,"gold_gain":0,"player_choice":"Fought Bandits","damage_taken":0,"max_hp_gain":0,"max_hp_loss":0,"event_name":"Masked Bandits","floor":28,"gold_loss":0},{"damage_healed":0,"gold_gain":0,"player_choice":"Fight","damage_taken":0,"max_hp_gain":0,"max_hp_loss":0,"event_name":"Colosseum","floor":31,"gold_loss":0},{"damage_healed":0,"gold_gain":0,"player_choice":"Fought Nobs","damage_taken":0,"max_hp_gain":0,"max_hp_loss":0,"event_name":"Colosseum","floor":31,"gold_loss":0},{"cards_removed":["Limit Break"],"damage_healed":2,"gold_gain":0,"player_choice":"Offered Rare","damage_taken":0,"max_hp_gain":10,"max_hp_loss":0,"event_name":"Bonfire Elementals","floor":36,"gold_loss":0},{"damage_healed":0,"gold_gain":0,"player_choice":"Fight","damage_taken":0,"max_hp_gain":0,"max_hp_loss":0,"event_name":"MindBloom","floor":38,"gold_loss":0},{"cards_removed":["Defend_R"],"damage_healed":0,"gold_gain":0,"player_choice":"Purged","damage_taken":0,"max_hp_gain":0,"max_hp_loss":0,"event_name":"Purifier","floor":48,"gold_loss":0}],"is_beta":false,"boss_relics":[{"not_picked":["Snecko Eye","Astrolabe"],"picked":"Coffee Dripper"},{"not_picked":["Philosopher\u0027s Stone","Calling Bell"],"picked":"Runic Cube"}],"items_purged_floors":[53],"is_endless":false,"potions_floor_spawned":[1,5,10,16,27,28,35,38,42,47],"ascension_level":0}}