{"host":"johnydays","time":1611936075,"event":{"mods":["BaseMod","Bestiary","Block Reminder","Colored Map","Colored Powertips","DeckTracker","Highlight Path","Minty Spire (QoL Compilation)","Relic Stats","Slay-I","StSLib","SuperFastMode"],"gold_per_floor":[99,99,35,35,35,35,35,35,35,35,35,35,35,35,35,35,35,35,35,35,35,35,35,35,35,35,35,35,35,35,35,35,35,35,35,35,0,0,0,0,0,0,0,0,0,0,0,0,0,0],"floor_reached":51,"language":"ENG","playtime":4174,"items_purged":[],"score":1637,"play_id":"a02091b3-ee71-4d7b-a051-f5ab517fb52f","local_time":"20210129160115","is_ascension_mode":true,"campfire_choices":[{"data":"Predator","floor":6.0,"key":"SMITH"},{"data":"Dodge and Roll","floor":11.0,"key":"SMITH"},{"data":"Finisher","floor":13.0,"key":"SMITH"},{"floor":15.0,"key":"REST"},{"data":"Envenom","floor":24.0,"key":"SMITH"},{"data":"Masterful Stab","floor":30.0,"key":"SMITH"},{"floor":32.0,"key":"RECALL"},{"data":"Defend_G","floor":44,"key":"SMITH"},{"floor":49,"key":"REST"}],"circlet_count":0,"master_deck":["AscendersBane","Defend_G","Defend_G+1","Survivor","Neutralize+1","Predator+1","Dodge and Roll+1","Finisher+1","Doppelganger+1","PiercingWail+1","Backflip+1","Escape Plan+1","Doppelganger+1","Burst+1","Dagger Throw+1","Skewer+1","Blade Dance+1","Backflip+1","Cloak And Dagger+1","Acrobatics+1","Envenom+1","Masterful Stab+1","Escape Plan+1","Bite","Bite","Bite","Bite","Bite","Burst+1","Cloak And Dagger+1","Escape Plan+1","Dodge and Roll+1","Terror+1","Normality","Cloak And Dagger+1","Backflip+1","Prepared+1"],"relics":["Ectoplasm","Ninja Scroll","Potion Belt","Toxic Egg 2","Torii","Kunai","Question Card","Astrolabe","Nunchaku","Snake Skull","Blue Candle","Centennial Puzzle","Cursed Key","Red Mask","Matryoshka","Frozen Egg 2","Ancient Tea Set","Eternal Feather"],"acts_visited":["Exordium","TheCity","TheBeyond"],"potions_floor_usage":[],"damage_taken":[{"damage":0.0,"enemies":"2 Louse","floor":1.0,"turns":4.0},{"damage":0.0,"enemies":"Cultist","floor":4.0,"turns":3.0},{"damage":0.0,"enemies":"Jaw Worm","floor":5.0,"turns":2.0},{"damage":7.0,"enemies":"Lagavulin","floor":7.0,"turns":6.0},{"damage":11.0,"enemies":"3 Sentries","floor":8.0,"turns":7.0},{"damage":1.0,"enemies":"3 Sentries","floor":10.0,"turns":5.0},{"damage":0.0,"enemies":"Blue Slaver","floor":12.0,"turns":3.0},{"damage":7.0,"enemies":"Gremlin Nob","floor":14.0,"turns":3.0},{"damage":0.0,"enemies":"The Guardian","floor":16.0,"turns":9.0},{"damage":0.0,"enemies":"3 Byrds","floor":18.0,"turns":2.0},{"damage":0.0,"enemies":"Chosen","floor":20.0,"turns":3.0},{"damage":0.0,"enemies":"3 Cultists","floor":21.0,"turns":4.0},{"damage":9.0,"enemies":"Centurion and Healer","floor":22.0,"turns":3.0},{"damage":0.0,"enemies":"Book of Stabbing","floor":23.0,"turns":5.0},{"damage":15.0,"enemies":"Slavers","floor":25.0,"turns":6.0},{"damage":0.0,"enemies":"Gremlin Leader","floor":27.0,"turns":4.0},{"damage":0.0,"enemies":"Shelled Parasite and Fungi","floor":29.0,"turns":2.0},{"damage":0.0,"enemies":"Sentry and Sphere","floor":31.0,"turns":3.0},{"damage":17.0,"enemies":"Collector","floor":33.0,"turns":6.0},{"damage":9,"enemies":"3 Shapes","floor":35,"turns":4},{"damage":1,"enemies":"3 Darklings","floor":39,"turns":4},{"damage":0,"enemies":"Giant Head","floor":40,"turns":5},{"damage":0,"enemies":"Maw","floor":41,"turns":4},{"damage":1,"enemies":"Reptomancer","floor":42,"turns":4},{"damage":0,"enemies":"Transient","floor":45,"turns":5},{"damage":1,"enemies":"4 Shapes","floor":46,"turns":4},{"damage":3,"enemies":"Nemesis","floor":47,"turns":5},{"damage":1,"enemies":"3 Darklings","floor":48,"turns":3},{"damage":1,"enemies":"Donu and Deca","floor":50,"turns":9}],"seed_played":"7477867680612107723","potions_obtained":[{"floor":7.0,"key":"DuplicationPotion"},{"floor":8.0,"key":"Explosive Potion"},{"floor":12.0,"key":"EntropicBrew"},{"floor":14.0,"key":"PowerPotion"},{"floor":18.0,"key":"Fruit Juice"},{"floor":20.0,"key":"Strength Potion"},{"floor":25.0,"key":"Poison Potion"},{"floor":27.0,"key":"AttackPotion"},{"floor":35,"key":"PowerPotion"},{"floor":46,"key":"Dexterity Potion"}],"is_trial":false,"path_per_floor":["M","?","?","M","M","R","E","?","T","E","R","M","R","E","R","B",null,"M","$","M","M","M","E","R","E","T","E","?","M","R","M","R","B",null,"M","$","?","$","M","E","M","E","T","R","M","M","E","M","R","B",null],"character_chosen":"THE_SILENT","items_purchased":[],"campfire_rested":2,"item_purchase_floors":[],"current_hp_per_floor":[63,63,63,63,63,63,56,45,45,44,44,44,44,37,58,58,67,72,72,72,72,63,63,63,48,48,48,48,50,50,52,52,49,51,52,52,52,52,52,52,52,52,52,52,52,52,50,52,52,52],"gold":0,"neow_bonus":"BOSS_RELIC","is_daily":false,"chose_seed":false,"campfire_upgraded":6,"win_rate":0.0,"timestamp":1611936075,"path_taken":["M","?","?","M","?","R","E","?","T","E","R","M","R","E","R","BOSS","M","$","M","M","M","E","R","E","T","E","?","M","R","M","R","BOSS","M","$","?","$","M","E","M","E","T","R","M","M","E","M","R","BOSS"],"items_purchased_type":[],"build_version":"2020-12-18","purchased_purges":0,"victory":true,"max_hp_per_floor":[70,70,70,70,70,70,70,70,70,70,70,70,70,70,70,70,70,75,75,75,75,75,75,75,75,75,75,52,52,52,52,52,52,52,52,52,52,52,52,52,52,52,52,52,52,52,52,52,52,52],"relic_stats":{"Torii":13,"counters":[29,127],"Astrolabe":["Burst","Dagger Throw","Skewer"],"Blue Candle":[4],"Eternal Feather":0,"Snake Skull":[311],"Question Card":20,"Cursed Key":1,"Nunchaku":[41],"Centennial Puzzle":[24],"Ectoplasm":828,"Kunai":[144],"obtain_stats":[{"Potion Belt":7,"Torii":9,"Astrolabe":17,"Blue Candle":26,"Eternal Feather":47,"Snake Skull":25,"Frozen Egg 2":42,"Question Card":14,"Cursed Key":34,"Ancient Tea Set":43,"Nunchaku":23,"Centennial Puzzle":27,"Matryoshka":40,"Ninja Scroll":3,"Ectoplasm":0,"Red Mask":37,"Kunai":10,"Toxic Egg 2":8,"Ring of the Snake":0},{"Potion Belt":4,"Torii":5,"Astrolabe":9,"Blue Candle":15,"Eternal Feather":27,"Snake Skull":15,"Frozen Egg 2":24,"Question Card":8,"Cursed Key":19,"Ancient Tea Set":24,"Nunchaku":14,"Centennial Puzzle":16,"Matryoshka":22,"Ninja Scroll":1,"Ectoplasm":0,"Red Mask":20,"Kunai":6,"Toxic Egg 2":4,"Ring of the Snake":0},{"Potion Belt":15,"Torii":22,"Astrolabe":42,"Blue Candle":65,"Eternal Feather":115,"Snake Skull":65,"Frozen Egg 2":101,"Question Card":33,"Cursed Key":80,"Ancient Tea Set":101,"Nunchaku":59,"Centennial Puzzle":69,"Matryoshka":93,"Ninja Scroll":4,"Ectoplasm":0,"Red Mask":84,"Kunai":27,"Toxic Egg 2":15,"Ring of the Snake":0}]},"card_choices":[{"not_picked":["Slice","Outmaneuver","Acrobatics"],"picked":"SKIP","floor":1.0},{"not_picked":["Quick Slash","Dagger Throw"],"picked":"Predator","floor":4.0},{"not_picked":["Bane","Endless Agony"],"picked":"Dodge and Roll","floor":5.0},{"not_picked":["Blade Dance","Sucker Punch"],"picked":"Finisher","floor":7.0},{"not_picked":["Noxious Fumes","Quick Slash"],"picked":"Doppelganger+1","floor":8.0},{"not_picked":["Outmaneuver+1","Accuracy"],"picked":"PiercingWail+1","floor":10.0},{"not_picked":["Flechettes","Prepared+1"],"picked":"Backflip+1","floor":12.0},{"not_picked":["Well Laid Plans","Deflect+1"],"picked":"Escape Plan+1","floor":14.0},{"not_picked":["Tools of the Trade","Grand Finale","Unload"],"picked":"Doppelganger+1","floor":16.0},{"not_picked":["Infinite Blades","Reflex+1","Riddle With Holes"],"picked":"Blade Dance+1","floor":18.0},{"not_picked":["PiercingWail+1","Flying Knee","Sucker Punch"],"picked":"Backflip+1","floor":20.0},{"not_picked":["Expertise+1","Eviscerate","Infinite Blades+1"],"picked":"Cloak And Dagger+1","floor":21.0},{"not_picked":["Bouncing Flask+1","Dagger Spray","Catalyst+1"],"picked":"Acrobatics+1","floor":22.0},{"not_picked":["Heel Hook+1","Concentrate+1","Sucker Punch"],"picked":"Envenom","floor":23.0},{"not_picked":["Flying Knee","Dagger Throw","Deflect+1"],"picked":"Masterful Stab","floor":25.0},{"not_picked":["Choke","Outmaneuver+1","Backflip+1"],"picked":"Escape Plan+1","floor":27.0},{"not_picked":["Distraction+1","Deadly Poison+1","Dagger Spray","Endless Agony"],"picked":"SKIP","floor":29.0},{"not_picked":["Dagger Throw","Slice","Bane","Dodge and Roll+1"],"picked":"SKIP","floor":31.0},{"not_picked":["Tools of the Trade","A Thousand Cuts","Night Terror+1"],"picked":"Burst+1","floor":33.0},{"not_picked":["Masterful Stab","Deadly Poison+1","Dodge and Roll+1"],"picked":"Cloak And Dagger+1","floor":35},{"not_picked":["Deadly Poison+1","Noxious Fumes","Leg Sweep+1"],"picked":"Escape Plan+1","floor":39},{"not_picked":["Leg Sweep+1","Underhanded Strike+1","Finisher"],"picked":"Dodge and Roll+1","floor":40},{"not_picked":["Deadly Poison+1","Outmaneuver+1","Masterful Stab"],"picked":"Terror+1","floor":41},{"not_picked":["Grand Finale","Quick Slash","PiercingWail+1","Underhanded Strike"],"picked":"SKIP","floor":42},{"not_picked":["PiercingWail+1","Deflect+1","Endless Agony","Poisoned Stab"],"picked":"SKIP","floor":45},{"not_picked":["Prepared+1","Outmaneuver+1","Caltrops+1"],"picked":"Cloak And Dagger+1","floor":46},{"not_picked":["Quick Slash","Heel Hook","Unload"],"picked":"Backflip+1","floor":47},{"not_picked":["Flying Knee+1","Acrobatics+1","Poisoned Stab+1"],"picked":"Prepared+1","floor":48}],"player_experience":479430,"relics_obtained":[{"floor":7.0,"key":"Potion Belt"},{"floor":9.0,"key":"Torii"},{"floor":10.0,"key":"Kunai"},{"floor":14.0,"key":"Question Card"},{"floor":23.0,"key":"Nunchaku"},{"floor":25.0,"key":"Snake Skull"},{"floor":26.0,"key":"Blue Candle"},{"floor":27.0,"key":"Centennial Puzzle"},{"floor":40,"key":"Matryoshka"},{"floor":42,"key":"Frozen Egg 2"},{"floor":43,"key":"Ancient Tea Set"},{"floor":47,"key":"Eternal Feather"}],"event_choices":[{"damage_healed":0.0,"max_hp_gain":0.0,"max_hp_loss":0.0,"gold_gain":0.0,"event_name":"Living Wall","player_choice":"Grow","floor":2.0,"gold_loss":0.0,"damage_taken":0.0,"cards_upgraded":["Neutralize"]},{"damage_healed":0.0,"max_hp_gain":0.0,"max_hp_loss":0.0,"gold_gain":0.0,"event_name":"WeMeetAgain","player_choice":"Paid Gold","floor":3.0,"gold_loss":64.0,"damage_taken":0.0,"relics_obtained":["Ninja Scroll"]},{"damage_healed":0.0,"max_hp_gain":0.0,"max_hp_loss":0.0,"gold_gain":0.0,"event_name":"Dead Adventurer","player_choice":"Searched \u00272\u0027 times","floor":8.0,"gold_loss":0.0,"damage_taken":0.0,"relics_obtained":["Toxic Egg 2"]},{"damage_healed":0.0,"max_hp_gain":0.0,"max_hp_loss":23.0,"gold_gain":0.0,"event_name":"Vampires","player_choice":"Became a vampire","floor":28.0,"gold_loss":0.0,"damage_taken":0.0,"cards_obtained":["Bite","Bite","Bite","Bite","Bite"]},{"damage_healed":0,"gold_gain":0,"player_choice":"Paid","damage_taken":0,"relics_obtained":["Red Mask"],"max_hp_gain":0,"max_hp_loss":0,"event_name":"Tomb of Lord Red Mask","floor":37,"gold_loss":35}],"is_beta":true,"boss_relics":[{"not_picked":["Tiny House","Coffee Dripper"],"picked":"Astrolabe"},{"not_picked":["Busted Crown","HoveringKite"],"picked":"Cursed Key"}],"items_purged_floors":[],"is_endless":false,"potions_floor_spawned":[7,8,12,14,18,20,25,27,35,41,42,46],"ascension_level":12}}