{"host":"Qube","time":1611937915,"event":{"mods":["AchievementEnabler","BaseMod","Colored Map","Colored Powertips","Highlight Path","Minty Spire (QoL Compilation)","Permanent Neow","Quick Restart","Random Character Button","StSLib"],"gold_per_floor":[114,133,148,160,160,160,335,23,23,61,61,97,116,154,154,279,279,293,293,317,342,22,60,76,120,120,134,150,175,219,235,235,355,355,371,24,38,38,58,98,118,118,193,234,234,33,33,46,46,46],"floor_reached":51,"language":"ENG","playtime":3311,"items_purged":["Doubt","Strike_B","Strike_B"],"score":932,"play_id":"703a6bed-acd7-43f7-9436-c83083cb841f","local_time":"20210129083155","is_ascension_mode":true,"campfire_choices":[{"floor":6.0,"key":"REST"},{"data":"Zap","floor":11.0,"key":"SMITH"},{"data":"Echo Form","floor":15.0,"key":"SMITH"},{"data":"Seek","floor":32.0,"key":"SMITH"},{"data":"Capacitor","floor":42.0,"key":"SMITH"},{"data":"Buffer","floor":47.0,"key":"SMITH"},{"data":"Self Repair","floor":49.0,"key":"SMITH"}],"circlet_count":0,"master_deck":["Defend_B","Defend_B","Defend_B","Zap+1","Dualcast","Loop","Glacier","Rebound","Ball Lightning","Cold Snap","Doom and Gloom","Echo Form+1","Go for the Eyes","Cold Snap","Blizzard","Seek+1","Coolheaded+1","Chaos+1","Steam+1","Self Repair+1","Reinforced Body","Hologram+1","Amplify+1","Skim+1","Recycle+1","Fission+1","Skim+1","Apotheosis+1","Static Discharge","Madness+1","Madness+1","Multi-Cast+1","Capacitor+1","Buffer+1","Beam Cell","Rainbow+1","Glacier+1"],"relics":["SlaversCollar","Golden Idol","Sling","Centennial Puzzle","Letter Opener","Nunchaku","Coffee Dripper","Nloth\u0027s Gift","Membership Card","Orichalcum","Matryoshka","Toxic Egg 2","PreservedInsect","Bottled Flame","MealTicket","Empty Cage","Happy Flower","Gremlin Horn","Shuriken","Turnip","Sundial","Orrery"],"acts_visited":["Exordium","TheCity","TheBeyond"],"potions_floor_usage":[],"damage_taken":[{"damage":1.0,"enemies":"Cultist","floor":1.0,"turns":4.0},{"damage":6.0,"enemies":"Jaw Worm","floor":2.0,"turns":4.0},{"damage":1.0,"enemies":"2 Louse","floor":3.0,"turns":2.0},{"damage":6.0,"enemies":"Looter","floor":4.0,"turns":5.0},{"damage":15.0,"enemies":"3 Sentries","floor":10.0,"turns":5.0},{"damage":1.0,"enemies":"Lagavulin","floor":12.0,"turns":6.0},{"damage":6.0,"enemies":"Gremlin Gang","floor":13.0,"turns":3.0},{"damage":0.0,"enemies":"Gremlin Nob","floor":14.0,"turns":3.0},{"damage":19.0,"enemies":"Slime Boss","floor":16.0,"turns":6.0},{"damage":0.0,"enemies":"Chosen","floor":18.0,"turns":4.0},{"damage":5.0,"enemies":"Shell Parasite","floor":20.0,"turns":5.0},{"damage":1.0,"enemies":"Cultist and Chosen","floor":21.0,"turns":4.0},{"damage":2.0,"enemies":"Book of Stabbing","floor":23.0,"turns":5.0},{"damage":1.0,"enemies":"Snecko","floor":24.0,"turns":6.0},{"damage":11.0,"enemies":"Gremlin Leader","floor":25.0,"turns":7.0},{"damage":21.0,"enemies":"Snake Plant","floor":27.0,"turns":6.0},{"damage":3.0,"enemies":"Cultist and Chosen","floor":28.0,"turns":6.0},{"damage":7.0,"enemies":"Centurion and Healer","floor":29.0,"turns":5.0},{"damage":23.0,"enemies":"Book of Stabbing","floor":30.0,"turns":5.0},{"damage":3.0,"enemies":"Snecko","floor":31.0,"turns":6.0},{"damage":0.0,"enemies":"Collector","floor":33.0,"turns":12.0},{"damage":5.0,"enemies":"3 Shapes","floor":35.0,"turns":3.0},{"damage":0.0,"enemies":"Orb Walker","floor":37.0,"turns":5.0},{"damage":0.0,"enemies":"Maw","floor":39.0,"turns":7.0},{"damage":1.0,"enemies":"Reptomancer","floor":40.0,"turns":5.0},{"damage":26.0,"enemies":"Jaw Worm Horde","floor":41.0,"turns":4.0},{"damage":28.0,"enemies":"Giant Head","floor":44.0,"turns":7.0},{"damage":13.0,"enemies":"Sphere and 2 Shapes","floor":48.0,"turns":4.0},{"damage":6.0,"enemies":"Donu and Deca","floor":50.0,"turns":11.0}],"seed_played":"-5009460248000248813","potions_obtained":[{"floor":2.0,"key":"Energy Potion"},{"floor":3.0,"key":"SteroidPotion"},{"floor":13.0,"key":"Fruit Juice"},{"floor":16.0,"key":"SneckoOil"},{"floor":20.0,"key":"LiquidMemories"},{"floor":21.0,"key":"Block Potion"},{"floor":27.0,"key":"LiquidBronze"},{"floor":28.0,"key":"Swift Potion"},{"floor":29.0,"key":"Strength Potion"},{"floor":30.0,"key":"SkillPotion"},{"floor":33.0,"key":"LiquidBronze"},{"floor":44.0,"key":"Dexterity Potion"}],"is_trial":false,"path_per_floor":["M","M","M","M","?","R","?","$","T","E","R","E","M","E","R","B",null,"M","?","M","M","$","E","M","E","T","M","M","M","E","M","R","B",null,"M","$","M","?","M","E","M","R","T","E","?","$","R","M","R","B",null],"character_chosen":"DEFECT","items_purchased":["Sling","Cold Snap","Doom and Gloom","Membership Card","Self Repair","Orichalcum","Apotheosis+1","Happy Flower","Static Discharge","LiquidBronze","EssenceOfSteel","Sundial","Orrery"],"campfire_rested":1,"item_purchase_floors":[8,8,8,22,22,22,36,36,36,36,36,46,46],"current_hp_per_floor":[74,68,67,61,43,65,65,65,65,50,50,49,43,43,43,24,75,75,75,70,69,69,74,73,69,69,48,52,52,41,52,52,66,80,75,80,80,70,80,80,64,64,64,50,50,65,65,52,52,56],"gold":46,"neow_bonus":"BOSS_RELIC","is_daily":false,"chose_seed":false,"campfire_upgraded":6,"win_rate":0.0,"timestamp":1611937915,"path_taken":["M","?","M","M","?","R","?","$","T","E","R","E","M","E","R","BOSS","M","?","M","M","$","E","M","E","T","M","M","?","E","M","R","BOSS","M","$","M","?","M","E","M","R","T","E","?","$","R","?","R","BOSS"],"items_purchased_type":["Relic","Card","Card","Relic","Card","Relic","Card","Relic","Card","Potion","Potion","Relic","Relic"],"build_version":"2020-12-18","purchased_purges":3,"victory":true,"max_hp_per_floor":[75,75,75,75,75,75,75,75,75,75,75,75,75,75,75,75,75,75,75,75,75,75,75,75,75,75,75,75,75,80,80,80,80,80,80,80,80,80,80,80,80,80,80,80,80,80,80,80,80,80],"card_choices":[{"not_picked":["Stack","Scrape"],"picked":"Loop","floor":1.0},{"not_picked":["Leap","Skim"],"picked":"Glacier","floor":2.0},{"not_picked":["Force Field","Stack"],"picked":"Rebound","floor":3.0},{"not_picked":["Blizzard","Gash"],"picked":"Ball Lightning","floor":4.0},{"not_picked":["Capacitor","Steam"],"picked":"Echo Form","floor":10.0},{"not_picked":["Gash","Force Field"],"picked":"Go for the Eyes","floor":12.0},{"not_picked":["Rebound","Redo"],"picked":"Cold Snap","floor":13.0},{"not_picked":["Leap","Heatsinks"],"picked":"Blizzard","floor":14.0},{"not_picked":["Creative AI","Buffer"],"picked":"Seek","floor":16.0},{"not_picked":["Hologram","Go for the Eyes"],"picked":"Coolheaded+1","floor":18.0},{"not_picked":["Beam Cell+1","Steam+1"],"picked":"Chaos+1","floor":20.0},{"not_picked":["Force Field+1","Coolheaded"],"picked":"Steam+1","floor":21.0},{"not_picked":["All For One","Sweeping Beam"],"picked":"Reinforced Body","floor":23.0},{"not_picked":["Gash","Scrape","Hologram"],"picked":"SKIP","floor":24.0},{"not_picked":["Undo+1","Leap+1"],"picked":"Hologram+1","floor":25.0},{"not_picked":["Leap+1","Redo+1","Stack+1"],"picked":"SKIP","floor":27.0},{"not_picked":["Self Repair","Stack+1","Sunder"],"picked":"SKIP","floor":28.0},{"not_picked":["Rebound","Go for the Eyes"],"picked":"Amplify+1","floor":29.0},{"not_picked":["Hologram+1","Tempest+1"],"picked":"Skim+1","floor":30.0},{"not_picked":["Auto Shields+1","Cold Snap"],"picked":"Recycle+1","floor":31.0},{"not_picked":["Thunder Strike","Reboot+1"],"picked":"Fission+1","floor":33.0},{"not_picked":["Steam+1","White Noise+1"],"picked":"Skim+1","floor":35.0},{"not_picked":["Ball Lightning+1","Skim+1","Rebound+1"],"picked":"SKIP","floor":37.0},{"not_picked":["Ball Lightning+1","Skim+1","Rebound+1"],"picked":"SKIP","floor":37.0},{"not_picked":["Melter","Ball Lightning","Beam Cell+1"],"picked":"SKIP","floor":39.0},{"not_picked":["Beam Cell+1","Hyperbeam"],"picked":"Multi-Cast+1","floor":40.0},{"not_picked":["Chaos+1","Fusion+1"],"picked":"Capacitor","floor":41.0},{"not_picked":["Cold Snap","Genetic Algorithm+1"],"picked":"Buffer","floor":44.0},{"not_picked":["Steam+1","Rip and Tear+1"],"picked":"Rainbow+1","floor":46.0},{"not_picked":["Go for the Eyes","Stack+1"],"picked":"Glacier+1","floor":48.0}],"player_experience":1011603,"relics_obtained":[{"floor":9.0,"key":"Centennial Puzzle"},{"floor":10.0,"key":"Letter Opener"},{"floor":12.0,"key":"Bottled Lightning"},{"floor":14.0,"key":"Nunchaku"},{"floor":23.0,"key":"Matryoshka"},{"floor":25.0,"key":"Toxic Egg 2"},{"floor":26.0,"key":"PreservedInsect"},{"floor":26.0,"key":"Bottled Flame"},{"floor":30.0,"key":"MealTicket"},{"floor":40.0,"key":"Gremlin Horn"},{"floor":43.0,"key":"Shuriken"},{"floor":44.0,"key":"Turnip"}],"event_choices":[{"damage_healed":0.0,"max_hp_gain":0.0,"max_hp_loss":0.0,"gold_gain":0.0,"event_name":"Golden Idol","player_choice":"Take Damage","floor":5.0,"gold_loss":0.0,"damage_taken":18.0,"relics_obtained":["Golden Idol"]},{"damage_healed":0.0,"max_hp_gain":0.0,"max_hp_loss":0.0,"gold_gain":175.0,"event_name":"Liars Game","player_choice":"AGREE","floor":7.0,"gold_loss":0.0,"damage_taken":0.0,"cards_obtained":["Doubt"]},{"damage_healed":0.0,"max_hp_gain":0.0,"max_hp_loss":0.0,"gold_gain":0.0,"event_name":"N\u0027loth","player_choice":"Traded Relic","floor":19.0,"relics_lost":["Bottled Lightning"],"gold_loss":0.0,"damage_taken":0.0,"relics_obtained":["Nloth\u0027s Gift"]},{"damage_healed":0.0,"max_hp_gain":0.0,"max_hp_loss":0.0,"gold_gain":0.0,"event_name":"Winding Halls","player_choice":"Embrace Madness","floor":38.0,"gold_loss":0.0,"damage_taken":10.0,"cards_obtained":["Madness","Madness"]},{"damage_healed":0.0,"max_hp_gain":0.0,"max_hp_loss":0.0,"gold_gain":0.0,"cards_transformed":["Strike_B"],"event_name":"Transmorgrifier","player_choice":"Transformed","floor":45.0,"gold_loss":0.0,"damage_taken":0.0,"cards_obtained":["Beam Cell"]}],"is_beta":true,"boss_relics":[{"not_picked":["Inserter","Astrolabe"],"picked":"Coffee Dripper"},{"not_picked":["Velvet Choker","Sozu"],"picked":"Empty Cage"}],"items_purged_floors":[8,22,36],"is_endless":false,"potions_floor_spawned":[2,3,13,16,20,21,27,28,29,30,33,37,40,44,48],"ascension_level":1}}