{"host":"2hea6pl5vmah38iy","time":1611915594,"event":{"mods":["AchievementEnabler","BaseMod","Colored Map","DeckTracker","Keyboard Shortcuts","Minty Spire (QoL Compilation)","Rare Cards Sparkle","StSLib","SuperFastMode","everything is the same but u backflip on backflip"],"gold_per_floor":[365,378,5,15,29,55,55,71,71,71,88,88,149,149,149,223,223,242,242,260,175,186,186,28,46,93,103,103,103],"floor_reached":28,"language":"KOR","playtime":948,"items_purged":[],"score":447,"play_id":"d3574c9b-6394-432d-9209-eaa5ec0a4efe","local_time":"20210129191954","is_ascension_mode":true,"campfire_choices":[{"data":"Perfected Strike","floor":7.0,"key":"SMITH"},{"floor":10.0,"key":"REST"},{"data":"Double Tap","floor":15.0,"key":"SMITH"},{"data":"True Grit","floor":23.0,"key":"SMITH"}],"circlet_count":0,"master_deck":["AscendersBane","Strike_R","Strike_R","Strike_R","Strike_R","Strike_R","Defend_R","Defend_R","Defend_R","Defend_R","Bash","Shockwave","Perfected Strike+1","Double Tap+1","Uppercut","Wild Strike","Twin Strike","Pommel Strike","Warcry","Offering","Power Through","True Grit+1","Shrug It Off"],"relics":["Burning Blood","Potion Belt","Omamori","Gremlin Horn","Pear","Orichalcum","Velvet Choker","Darkstone Periapt","Bag of Marbles","Nunchaku"],"acts_visited":["Exordium","TheCity"],"potions_floor_usage":[28],"damage_taken":[{"damage":11.0,"enemies":"Jaw Worm","floor":1.0,"turns":6.0},{"damage":0.0,"enemies":"2 Louse","floor":2.0,"turns":3.0},{"damage":0.0,"enemies":"Cultist","floor":4.0,"turns":2.0},{"damage":11.0,"enemies":"2 Fungi Beasts","floor":5.0,"turns":3.0},{"damage":57.0,"enemies":"Lagavulin","floor":6.0,"turns":7.0},{"damage":9.0,"enemies":"Looter","floor":8.0,"turns":3.0},{"damage":14.0,"enemies":"Red Slaver","floor":11.0,"turns":2.0},{"damage":21.0,"enemies":"Lagavulin Event","floor":13.0,"turns":5.0},{"damage":15.0,"enemies":"Slime Boss","floor":16.0,"turns":7.0},{"damage":21.0,"enemies":"Shell Parasite","floor":18.0,"turns":2.0},{"damage":5.0,"enemies":"2 Thieves","floor":20.0,"turns":2.0},{"damage":16.0,"enemies":"3 Cultists","floor":22.0,"turns":4.0},{"damage":6.0,"enemies":"Centurion and Healer","floor":25.0,"turns":2.0},{"damage":42.0,"enemies":"Shelled Parasite and Fungi","floor":27.0,"turns":4.0},{"damage":0,"enemies":"Slavers","floor":28,"turns":1}],"seed_played":"-9083608693663322464","potions_obtained":[{"floor":1.0,"key":"BloodPotion"},{"floor":4.0,"key":"SteroidPotion"},{"floor":8.0,"key":"Swift Potion"},{"floor":18.0,"key":"AttackPotion"},{"floor":19.0,"key":"AttackPotion"},{"floor":19.0,"key":"ElixirPotion"},{"floor":27.0,"key":"Fruit Juice"}],"is_trial":false,"path_per_floor":["M","M","$","M","M","E","R","M","T","R","M","?","?","?","R","B",null,"M","?","M","?","M","R","$","M","T","M","E"],"character_chosen":"IRONCLAD","items_purchased":["Potion Belt","Double Tap","Uppercut","Bag of Marbles"],"campfire_rested":1,"item_purchase_floors":[3,3,3,24],"current_hp_per_floor":[45,51,51,57,52,16,16,13,13,35,27,32,27,22,22,13,71,56,56,57,57,47,47,47,47,47,11,16,16],"gold":103,"neow_bonus":"TWO_FIFTY_GOLD","is_daily":false,"chose_seed":false,"campfire_upgraded":3,"win_rate":0.0,"timestamp":1611915594,"path_taken":["M","M","$","M","M","E","R","M","T","R","M","?","?","?","R","BOSS","M","?","?","?","M","R","$","M","T","M","E"],"items_purchased_type":["Relic","Card","Card","Relic"],"build_version":"2020-12-22","purchased_purges":0,"victory":false,"max_hp_per_floor":[75,75,75,75,75,75,75,75,75,75,75,80,90,90,90,90,90,90,90,90,90,90,90,90,90,90,90,95,95],"card_choices":[{"not_picked":["Combust","True Grit"],"picked":"Shockwave","floor":1.0},{"not_picked":["Anger","Pommel Strike"],"picked":"Perfected Strike","floor":2.0},{"not_picked":["Spot Weakness","Iron Wave","Clash"],"picked":"SKIP","floor":4.0},{"not_picked":["Havoc","Sword Boomerang"],"picked":"Wild Strike","floor":5.0},{"not_picked":["Wild Strike","Disarm"],"picked":"Twin Strike","floor":6.0},{"not_picked":["Feel No Pain","Sentinel"],"picked":"Pommel Strike","floor":8.0},{"not_picked":["Whirlwind","Anger","Heavy Blade"],"picked":"SKIP","floor":11.0},{"not_picked":["Inflame","Thunderclap"],"picked":"Warcry","floor":13.0},{"not_picked":["Impervious","Immolate"],"picked":"Offering","floor":16.0},{"not_picked":["Flex","Spot Weakness+1"],"picked":"Power Through","floor":18.0},{"not_picked":["Heavy Blade+1","Iron Wave"],"picked":"True Grit","floor":20.0},{"not_picked":["Clash","Body Slam","Cleave+1"],"picked":"SKIP","floor":22.0},{"not_picked":["True Grit","Uppercut","Armaments"],"picked":"SKIP","floor":25.0},{"not_picked":["True Grit","Rage"],"picked":"Shrug It Off","floor":27.0}],"player_experience":537187,"relics_obtained":[{"floor":6.0,"key":"Omamori"},{"floor":9.0,"key":"Gremlin Horn"},{"floor":13.0,"key":"Pear"},{"floor":26.0,"key":"Nunchaku"}],"event_choices":[{"damage_healed":0.0,"max_hp_gain":5.0,"max_hp_loss":0.0,"gold_gain":0.0,"event_name":"Big Fish","player_choice":"Donut","floor":12.0,"gold_loss":0.0,"damage_taken":0.0},{"damage_healed":0.0,"max_hp_gain":0.0,"max_hp_loss":0.0,"gold_gain":0.0,"event_name":"Dead Adventurer","player_choice":"Searched \u00271\u0027 times","floor":13.0,"gold_loss":0.0,"damage_taken":0.0},{"damage_healed":0.0,"max_hp_gain":0.0,"max_hp_loss":0.0,"gold_gain":0.0,"event_name":"Scrap Ooze","player_choice":"Success","floor":14.0,"gold_loss":0.0,"damage_taken":5.0,"relics_obtained":["Orichalcum"]},{"damage_healed":0.0,"max_hp_gain":0.0,"max_hp_loss":0.0,"gold_gain":0.0,"event_name":"Lab","player_choice":"Got Potions","floor":19.0,"gold_loss":0.0,"damage_taken":0.0},{"damage_healed":0.0,"max_hp_gain":0.0,"max_hp_loss":0.0,"gold_gain":0.0,"event_name":"Addict","player_choice":"Obtained Relic","floor":21.0,"gold_loss":85.0,"damage_taken":0.0,"relics_obtained":["Darkstone Periapt"]}],"is_beta":false,"boss_relics":[{"not_picked":["Cursed Key","Mark of Pain"],"picked":"Velvet Choker"}],"items_purged_floors":[],"is_endless":false,"potions_floor_spawned":[1,4,8,18,27],"killed_by":"Slavers","ascension_level":18}}