{"host":"hka8b3f4pkvnp4ei","time":1611925464,"event":{"mods":["BaseMod","Minty Spire (QoL Compilation)","Quick Restart","Replay The Spire","StSLib"],"gold_per_floor":[114,114,64,83,94,121,121,152,152,186,186,186,202,230,230,327,327,343,343,353,91,103,138,26,26,52,52,52,67,166,199,199,295,295,315,62,78,78,178,178,207,207,232,244,273,286,286,286,286,286,286,286,57,82,82],"floor_reached":56,"language":"ZHS","playtime":3217,"items_purged":["Strike_B","Strike_B","Defend_B"],"score":1555,"play_id":"9e52c440-3351-4508-ba91-2e93d1b9298f","local_time":"20210129210424","is_ascension_mode":true,"campfire_choices":[{"data":"Dualcast","floor":7.0,"key":"SMITH"},{"data":"Coolheaded","floor":11.0,"key":"SMITH"},{"data":"Streamline","floor":15.0,"key":"SMITH"},{"data":"Echo Form","floor":25.0,"key":"SMITH"},{"data":"ReplayTheSpireMod:Calculation Training","floor":27.0,"key":"SMITH"},{"data":"Skim","floor":32.0,"key":"SMITH"},{"data":"Coolheaded","floor":40.0,"key":"SMITH"},{"floor":47.0,"key":"RECALL"},{"data":"Panic Button","floor":49.0,"key":"SMITH"},{"data":"Defend_B","floor":52.0,"key":"PURGE"}],"circlet_count":0,"master_deck":["Defend_B","Zap","Dualcast+1","Coolheaded+1","Ball Lightning","Streamline+1","Meteor Strike","White Noise","Echo Form+1","Chill","Panic Button+1","ReplayTheSpireMod:Calculation Training+1","Recycle+1","Turbo","Self Repair","Skim+1","Coolheaded+1"],"relics":["Cracked Core","Unceasing Top","Prayer Wheel","Peace Pipe","Ginger","Ancient Tea Set","Art of War","MealTicket","Painkiller Herb","Blue Candle","Onion Ring","Juzu Bracelet","Ring of Misfortune","Replay:Rubber Ducky","Runic Pyramid","Anchor","Omamori","Mummified Hand","Geode","Toy Ornithopter"],"acts_visited":["Exordium","TheCity","TheBeyond","TheEnding"],"potions_floor_usage":[55,55,55],"damage_taken":[{"damage":7.0,"enemies":"2 Louse","floor":1.0,"turns":2.0},{"damage":1.0,"enemies":"Small Slimes","floor":4.0,"turns":4.0},{"damage":0.0,"enemies":"Jaw Worm","floor":5.0,"turns":3.0},{"damage":23.0,"enemies":"3 Sentries","floor":6.0,"turns":5.0},{"damage":4.0,"enemies":"Replay:BlueRogue","floor":8.0,"turns":6.0},{"damage":11.0,"enemies":"Lagavulin","floor":10.0,"turns":6.0},{"damage":3.0,"enemies":"Red Slaver","floor":13.0,"turns":2.0},{"damage":10.0,"enemies":"Gremlin Nob","floor":14.0,"turns":3.0},{"damage":0.0,"enemies":"Slime Boss","floor":16.0,"turns":8.0},{"damage":3.0,"enemies":"Chosen","floor":18.0,"turns":4.0},{"damage":2.0,"enemies":"Spheric Guardian","floor":20.0,"turns":3.0},{"damage":11.0,"enemies":"Cultist and Chosen","floor":22.0,"turns":5.0},{"damage":12.0,"enemies":"Gremlin Leader","floor":23.0,"turns":5.0},{"damage":0.0,"enemies":"3 Cultists","floor":29.0,"turns":4.0},{"damage":16.0,"enemies":"Replay:Snechameleon","floor":31.0,"turns":5.0},{"damage":0.0,"enemies":"Automaton","floor":33.0,"turns":5.0},{"damage":2.0,"enemies":"3 Shapes","floor":35.0,"turns":5.0},{"damage":0.0,"enemies":"Orb Walker","floor":37.0,"turns":3.0},{"damage":20.0,"enemies":"Nemesis","floor":41.0,"turns":11.0},{"damage":0.0,"enemies":"4 Shapes","floor":44.0,"turns":5.0},{"damage":0.0,"enemies":"R_Hoarder","floor":45.0,"turns":10.0},{"damage":5.0,"enemies":"Sphere and 2 Shapes","floor":46.0,"turns":5.0},{"damage":0.0,"enemies":"Donu and Deca","floor":50.0,"turns":5.0},{"damage":0.0,"enemies":"Shield and Spear","floor":54.0,"turns":5.0},{"damage":4,"enemies":"The Heart","floor":55,"turns":6}],"seed_played":"7139256114365397757","potions_obtained":[{"floor":1.0,"key":"FocusPotion"},{"floor":4.0,"key":"DuplicationPotion"},{"floor":6.0,"key":"Block Potion"},{"floor":10.0,"key":"SteroidPotion"},{"floor":14.0,"key":"Adrenaline Potion"},{"floor":18.0,"key":"Explosive Potion"},{"floor":20.0,"key":"BlessingOfTheForge"},{"floor":33.0,"key":"Swift Potion"},{"floor":37.0,"key":"SpeedPotion"},{"floor":46.0,"key":"PowerPotion"}],"is_trial":false,"path_per_floor":["M","?","?","M","M","E","R","E","T","E","R","T","M","E","R","B",null,"?","?","?","T","?","E","T","T","T","T","?","?","?","E","T","B",null,"?","T","?","T","?","T","E","?","T","?","E","?","T","?","T","B",null,"T","T","E","B",null],"character_chosen":"DEFECT","items_purchased":["Blue Candle","Self Repair","Anchor","Flashbang"],"campfire_rested":0,"item_purchase_floors":[21,24,36,53],"current_hp_per_floor":[61,61,61,60,60,37,37,33,33,22,22,22,19,9,9,9,68,65,65,63,68,57,45,60,60,60,60,60,67,67,68,68,68,68,68,68,68,68,68,68,55,55,55,68,68,68,68,68,68,68,68,68,68,68,68],"gold":82,"neow_bonus":"REMOVE_TWO","is_daily":false,"chose_seed":false,"campfire_upgraded":8,"win_rate":0.0,"timestamp":1611925464,"path_taken":["M","?","?","M","M","E","R","E","T","E","R","?","M","E","R","BOSS","?","?","?","T","?","E","T","T","T","T","?","?","?","E","T","BOSS","?","T","?","T","?","T","E","?","T","?","E","?","T","?","T","BOSS","T","T","E","BOSS"],"items_purchased_type":["Relic","Card","Relic","Potion"],"build_version":"2020-12-22","purchased_purges":3,"victory":true,"max_hp_per_floor":[68,68,68,68,68,68,68,68,68,68,68,68,68,68,68,68,68,68,68,68,68,68,68,68,68,68,68,68,68,68,68,68,68,68,68,68,68,68,68,68,68,68,68,68,68,68,68,68,68,68,68,68,68,68,68],"card_choices":[{"not_picked":["ReplayTheSpireMod:GoodbyeWorld","Gash"],"picked":"Coolheaded","floor":1.0},{"not_picked":["Turbo","Steam"],"picked":"Ball Lightning","floor":4.0},{"not_picked":["Amplify","Reprogram"],"picked":"Streamline","floor":5.0},{"not_picked":["Beam Cell","FIFO Queue"],"picked":"ReplayTheSpireMod:Fabricate Wheel","floor":6.0},{"not_picked":["Gash","Streamline"],"picked":"Meteor Strike","floor":8.0},{"not_picked":["Beam Cell","Ball Lightning"],"picked":"White Noise","floor":10.0},{"not_picked":["Leap","Ball Lightning","Streamline"],"picked":"SKIP","floor":13.0},{"not_picked":["Reprogram","Gash","ReplayGash"],"picked":"SKIP","floor":13.0},{"not_picked":["Turbo","Gash","Force Field"],"picked":"SKIP","floor":14.0},{"not_picked":["ReplayTheSpireMod:Fabricate Wheel","Buffer"],"picked":"Echo Form","floor":16.0},{"not_picked":["Ball Lightning","Doom and Gloom"],"picked":"Chill","floor":18.0},{"not_picked":["Static Discharge","Go for the Eyes"],"picked":"Panic Button","floor":18.0},{"not_picked":["Double Energy","Scrape+1"],"picked":"Recycle+1","floor":20.0},{"not_picked":["BootSequence","ReplayGash","Conserve Battery"],"picked":"SKIP","floor":20.0},{"not_picked":["Doom and Gloom","Sweeping Beam+1","Aggregate"],"picked":"SKIP","floor":22.0},{"not_picked":["Scrape+1","BasicCrystalCard","Barrage+1"],"picked":"SKIP","floor":22.0},{"not_picked":["Go for the Eyes+1","Darkness+1"],"picked":"Turbo","floor":23.0},{"not_picked":["Compile Driver","Conserve Battery"],"picked":"Skim","floor":29.0},{"not_picked":["Reinforced Body","ReplayGash","Biased Cognition"],"picked":"SKIP","floor":29.0},{"not_picked":["Auto Shields","Undo","Darkness"],"picked":"SKIP","floor":31.0},{"not_picked":["BasicCrystalCard+1","White Noise"],"picked":"Coolheaded","floor":35.0},{"not_picked":["Conserve Battery","Go for the Eyes","Barrage"],"picked":"SKIP","floor":35.0},{"not_picked":["Stack+1","Ball Lightning","Static Discharge"],"picked":"SKIP","floor":37.0},{"not_picked":["Steam+1","Panic Button","Cold Snap"],"picked":"SKIP","floor":37.0},{"not_picked":["Chill+1","Redo","Rip and Tear"],"picked":"SKIP","floor":41.0},{"not_picked":["Gash+1","Panic Button+1","Beam Cell+1"],"picked":"SKIP","floor":44.0},{"not_picked":["Doom and Gloom","Genetic Algorithm+1","Turbo+1"],"picked":"SKIP","floor":44.0},{"not_picked":["Chaos","Cold Snap+1","Multi-Cast"],"picked":"SKIP","floor":45.0},{"not_picked":["Coolheaded","ReplayTheSpireMod:System Scan+1","Leap+1"],"picked":"SKIP","floor":46.0},{"not_picked":["Cold Snap+1","Static Discharge+1","Streamline"],"picked":"SKIP","floor":46.0},{"not_picked":["Coolheaded","ReplayTheSpireMod:System Scan+1","Leap+1"],"picked":"SKIP","floor":46.0},{"not_picked":["Cold Snap+1","Static Discharge+1","Streamline"],"picked":"SKIP","floor":46.0},{"not_picked":["ReplayTheSpireMod:GoodbyeWorld+1","Doom and Gloom","Sweeping Beam+1"],"picked":"SKIP","floor":54.0}],"player_experience":1063622,"relics_obtained":[{"floor":6.0,"key":"Unceasing Top"},{"floor":8.0,"key":"Peace Pipe"},{"floor":9.0,"key":"Ginger"},{"floor":10.0,"key":"Ancient Tea Set"},{"floor":12.0,"key":"Art of War"},{"floor":14.0,"key":"MealTicket"},{"floor":23.0,"key":"Onion Ring"},{"floor":26.0,"key":"Juzu Bracelet"},{"floor":28.0,"key":"Ring of Misfortune"},{"floor":31.0,"key":"Replay:Rubber Ducky"},{"floor":41.0,"key":"Omamori"},{"floor":45.0,"key":"Mummified Hand"},{"floor":54.0,"key":"Toy Ornithopter"}],"event_choices":[{"damage_healed":0.0,"max_hp_gain":0.0,"max_hp_loss":0.0,"gold_gain":0.0,"event_name":"Liars Game","player_choice":"Ignored","floor":2.0,"gold_loss":0.0,"damage_taken":0.0},{"cards_removed":["Strike_B"],"damage_healed":0.0,"max_hp_gain":0.0,"max_hp_loss":0.0,"gold_gain":0.0,"event_name":"The Cleric","player_choice":"Card Removal","floor":3.0,"gold_loss":50.0,"damage_taken":0.0},{"damage_healed":0.0,"max_hp_gain":0.0,"max_hp_loss":0.0,"gold_gain":0.0,"event_name":"The Library","player_choice":"Read","floor":19.0,"gold_loss":0.0,"damage_taken":0.0,"cards_obtained":["ReplayTheSpireMod:Calculation Training"]},{"damage_healed":0.0,"max_hp_gain":0.0,"max_hp_loss":0.0,"gold_gain":99.0,"event_name":"Nest","player_choice":"Stole From Cult","floor":30.0,"gold_loss":0.0,"damage_taken":0.0},{"damage_healed":0.0,"max_hp_gain":0.0,"max_hp_loss":0.0,"gold_gain":100.0,"event_name":"Golden Shrine","player_choice":"Pray","floor":39.0,"gold_loss":0.0,"damage_taken":0.0},{"damage_healed":0.0,"max_hp_gain":0.0,"max_hp_loss":0.0,"gold_gain":0.0,"event_name":"Tomb of Lord Red Mask","player_choice":"Ignored","floor":42.0,"gold_loss":0.0,"damage_taken":0.0},{"damage_healed":0.0,"max_hp_gain":0.0,"max_hp_loss":0.0,"gold_gain":0.0,"event_name":"WeMeetAgain","player_choice":"Gave Potion","floor":48.0,"gold_loss":0.0,"damage_taken":0.0,"relics_obtained":["Geode"]}],"is_beta":false,"boss_relics":[{"not_picked":["Sozu","Honey Jar"],"picked":"Painkiller Herb"},{"not_picked":["Snecko Eye","Tiny House"],"picked":"Runic Pyramid"}],"items_purged_floors":[24,36,53],"is_endless":false,"potions_floor_spawned":[1,4,6,10,14,18,20,33,37,45,46],"ascension_level":1}}