{"host":"6xsbn6ynqlzwllfm","time":1611934468,"event":{"mods":["2.2 Compatiblity","BaseMod","Bestiary","Colored Map","Colored Powertips","Curses Come First","Highlight Path","Keyboard Shortcuts","Minty Spire (QoL Compilation)","Relic Stats","Slay the Relics Exporter","StSLib","SuperFastMode"],"gold_per_floor":[110,130,130,153,0,41,41,83,108,157,187,187,209,254,254,393,465,483,286,311,324,62,111,111,146,146,146,198,198,219,228,228,356,356,388,440,540,570,570,613,613,658,658,708,708,365,365,406,406,406,406],"floor_reached":50,"language":"ENG","playtime":2590,"items_purged":["Eruption","Establishment","Brilliance"],"score":1146,"play_id":"8d6e43fb-5cb5-4714-8395-ad98022da854","local_time":"20210129103428","is_ascension_mode":true,"campfire_choices":[{"data":"Tantrum","floor":7,"key":"SMITH"},{"data":"TalkToTheHand","floor":12,"key":"SMITH"},{"data":"Fasting2","floor":15,"key":"SMITH"},{"floor":24,"key":"REST"},{"floor":32,"key":"REST"},{"floor":41,"key":"REST"},{"floor":45,"key":"REST"},{"floor":47,"key":"RECALL"},{"floor":49,"key":"REST"}],"circlet_count":0,"master_deck":["AscendersBane","Vigilance+1","Tantrum+1","FlurryOfBlows","Protect","Conclude+1","LessonLearned","Vault+1","TalkToTheHand+1","FlyingSleeves+1","Fasting2+1","Wish","WreathOfFlame+1","TalkToTheHand+1","Fasting2","Vengeance","FlurryOfBlows+1","JustLucky","SandsOfTime","Ragnarok","Adaptation","EmptyBody+1","RitualDagger+1","Omniscience","Swivel+1","DeceiveReality+1","ThirdEye+1","Evaluate+1","Swivel+1"],"relics":["PureWater","Pen Nib","Golden Idol","ClockworkSouvenir","Smiling Mask","CeramicFish","Bronze Scales","Toy Ornithopter","Regal Pillow","Pandora\u0027s Box","Whetstone","OrangePellets","Shuriken","Unceasing Top","Mercury Hourglass","Sundial","Blood Vial","Black Star","Juzu Bracelet","Vajra","Potion Belt","Thread and Needle","Strawberry","Boot","Akabeko","HandDrill"],"acts_visited":["Exordium","TheCity","TheBeyond"],"potions_floor_usage":[6,10,11,18,23,30,33,33,38,40,42,48],"damage_taken":[{"damage":0,"enemies":"Cultist","floor":1,"turns":4},{"damage":1,"enemies":"Small Slimes","floor":2,"turns":2},{"damage":2,"enemies":"Jaw Worm","floor":4,"turns":3},{"damage":12,"enemies":"3 Sentries","floor":6,"turns":6},{"damage":0,"enemies":"Lagavulin","floor":8,"turns":4},{"damage":8,"enemies":"3 Sentries","floor":10,"turns":7},{"damage":4,"enemies":"Exordium Thugs","floor":11,"turns":4},{"damage":3,"enemies":"3 Louse","floor":13,"turns":6},{"damage":14,"enemies":"Gremlin Nob","floor":14,"turns":4},{"damage":25,"enemies":"The Guardian","floor":16,"turns":7},{"damage":10,"enemies":"2 Thieves","floor":18,"turns":2},{"damage":12,"enemies":"3 Byrds","floor":20,"turns":4},{"damage":0,"enemies":"Snecko","floor":21,"turns":4},{"damage":25,"enemies":"Slavers","floor":23,"turns":5},{"damage":17,"enemies":"Gremlin Leader","floor":25,"turns":3},{"damage":34,"enemies":"Book of Stabbing","floor":28,"turns":5},{"damage":11,"enemies":"Centurion and Healer","floor":30,"turns":4},{"damage":48,"enemies":"Champ","floor":33,"turns":7},{"damage":27,"enemies":"Orb Walker","floor":35,"turns":3},{"damage":23,"enemies":"3 Shapes","floor":36,"turns":7},{"damage":3,"enemies":"Spire Growth","floor":38,"turns":3},{"damage":14,"enemies":"Nemesis","floor":40,"turns":6},{"damage":31,"enemies":"Reptomancer","floor":42,"turns":4},{"damage":0,"enemies":"Nemesis","floor":44,"turns":3},{"damage":7,"enemies":"Jaw Worm Horde","floor":48,"turns":2},{"damage":80,"enemies":"Donu and Deca","floor":50,"turns":6}],"seed_played":"6339433311150893519","potions_obtained":[{"floor":4,"key":"AttackPotion"},{"floor":6,"key":"GamblersBrew"},{"floor":10,"key":"LiquidMemories"},{"floor":13,"key":"Strength Potion"},{"floor":16,"key":"StancePotion"},{"floor":20,"key":"SpeedPotion"},{"floor":28,"key":"DuplicationPotion"},{"floor":30,"key":"Strength Potion"},{"floor":35,"key":"StancePotion"},{"floor":36,"key":"AttackPotion"},{"floor":40,"key":"Energy Potion"},{"floor":42,"key":"Ambrosia"}],"is_trial":false,"path_per_floor":["M","M","?","M","$","E","R","E","T","E","M","R","M","E","R","B",null,"M","$","M","M","$","E","R","E","T","?","E","T","M","?","R","B",null,"M","M","?","M","?","E","R","E","T","E","R","$","R","M","R","B"],"character_chosen":"WATCHER","items_purchased":["ClockworkSouvenir","Whetstone","OrangePellets","Ragnarok","Akabeko","HandDrill"],"campfire_rested":5,"item_purchase_floors":[5,19,22,22,46,46],"current_hp_per_floor":[65,64,64,62,62,50,50,50,50,42,43,43,40,26,26,1,51,46,46,34,34,34,14,49,32,32,54,20,20,16,10,45,9,53,28,7,7,11,11,4,38,14,14,23,59,59,59,59,71,0,0],"gold":406,"neow_bonus":"RANDOM_COMMON_RELIC","is_daily":false,"chose_seed":false,"campfire_upgraded":3,"win_rate":0.0,"timestamp":1611934468,"path_taken":["M","M","?","M","$","E","R","E","T","E","M","R","M","E","R","BOSS","M","$","M","M","$","E","R","E","T","?","E","?","?","?","R","BOSS","M","M","?","?","?","E","R","E","T","E","R","$","R","M","R","BOSS"],"items_purchased_type":["Relic","Relic","Relic","Card","Relic","Relic"],"build_version":"2020-12-22","purchased_purges":3,"victory":false,"max_hp_per_floor":[72,72,67,67,67,67,67,67,67,67,67,67,67,67,67,67,67,67,67,67,67,67,67,67,67,67,67,67,67,67,67,67,67,67,67,67,67,67,64,64,64,64,64,71,71,71,71,71,71,71,71],"relic_stats":{"Regal Pillow":60,"counters":[26,115],"Golden Idol":170,"CeramicFish":225,"Pen Nib":[18],"Juzu Bracelet":0,"Whetstone":["FlyingSleeves","FlurryOfBlows"],"Smiling Mask":150,"Boot":[0],"Mercury Hourglass":[186],"Blood Vial":18,"OrangePellets":[7],"Shuriken":[10],"Sundial":[2],"Bronze Scales":[226],"Pandora\u0027s Box":["WreathOfFlame","TalkToTheHand","Brilliance","Fasting2","Vengeance","FlurryOfBlows","JustLucky","Establishment"],"Black Star":3,"HandDrill":[8],"obtain_stats":[{"Regal Pillow":14,"CeramicFish":8,"Vajra":40,"Juzu Bracelet":40,"Whetstone":19,"Smiling Mask":6,"Boot":44,"ClockworkSouvenir":5,"Blood Vial":29,"Sundial":28,"Strawberry":44,"HandDrill":46,"Potion Belt":42,"Golden Idol":3,"Thread and Needle":42,"Pen Nib":0,"Akabeko":46,"Mercury Hourglass":26,"OrangePellets":22,"Shuriken":23,"Bronze Scales":9,"Pandora\u0027s Box":17,"Black Star":34,"PureWater":0,"Toy Ornithopter":10,"Unceasing Top":25},{"Regal Pillow":9,"CeramicFish":5,"Vajra":22,"Juzu Bracelet":22,"Whetstone":11,"Smiling Mask":4,"Boot":24,"ClockworkSouvenir":3,"Blood Vial":16,"Sundial":16,"Strawberry":24,"HandDrill":24,"Potion Belt":23,"Golden Idol":2,"Thread and Needle":23,"Pen Nib":0,"Akabeko":24,"Mercury Hourglass":15,"OrangePellets":13,"Shuriken":14,"Bronze Scales":5,"Pandora\u0027s Box":10,"Black Star":18,"PureWater":0,"Toy Ornithopter":6,"Unceasing Top":15},{"Regal Pillow":40,"CeramicFish":19,"Vajra":100,"Juzu Bracelet":100,"Whetstone":49,"Smiling Mask":15,"Boot":107,"ClockworkSouvenir":9,"Blood Vial":70,"Sundial":70,"Strawberry":107,"HandDrill":107,"Potion Belt":104,"Golden Idol":6,"Thread and Needle":104,"Pen Nib":0,"Akabeko":107,"Mercury Hourglass":65,"OrangePellets":57,"Shuriken":62,"Bronze Scales":19,"Pandora\u0027s Box":47,"Black Star":81,"PureWater":0,"Toy Ornithopter":26,"Unceasing Top":65}],"Toy Ornithopter":50,"Unceasing Top":[0]},"card_choices":[{"not_picked":["Consecrate","WaveOfTheHand"],"picked":"Tantrum","floor":1},{"not_picked":["EmptyBody","Perseverance"],"picked":"FlurryOfBlows","floor":2},{"not_picked":["ThirdEye","Worship"],"picked":"Protect","floor":4},{"not_picked":["Adaptation","WaveOfTheHand"],"picked":"Conclude","floor":6},{"not_picked":["Halt","Consecrate"],"picked":"LessonLearned","floor":8},{"not_picked":["SignatureMove","Prostrate"],"picked":"Vault","floor":10},{"not_picked":["CutThroughFate","BowlingBash"],"picked":"TalkToTheHand","floor":11},{"not_picked":["Conclude","FollowUp"],"picked":"FlyingSleeves","floor":13},{"not_picked":["ForeignInfluence","Weave"],"picked":"Fasting2","floor":14},{"not_picked":["Devotion","MasterReality"],"picked":"Wish","floor":16},{"not_picked":["Crescendo","Worship"],"picked":"SandsOfTime","floor":20},{"not_picked":["MasterReality","EmptyMind"],"picked":"Adaptation","floor":23},{"not_picked":["Pray+1","EmptyMind","Worship"],"picked":"SKIP","floor":25},{"not_picked":["Indignation+1","Wireheading"],"picked":"EmptyBody+1","floor":28},{"not_picked":["DeusExMachina","Alpha"],"picked":"Omniscience","floor":33},{"not_picked":["Vengeance","ClearTheMind"],"picked":"Swivel+1","floor":35},{"not_picked":["FlyingSleeves","ClearTheMind"],"picked":"DeceiveReality+1","floor":36},{"not_picked":["BowlingBash+1","EmptyFist"],"picked":"ThirdEye+1","floor":38},{"not_picked":["ClearTheMind","CrushJoints+1"],"picked":"Evaluate+1","floor":42},{"not_picked":["ThirdEye","Study"],"picked":"Swivel+1","floor":44}],"player_experience":1214388,"relics_obtained":[{"floor":6,"key":"Smiling Mask"},{"floor":8,"key":"CeramicFish"},{"floor":9,"key":"Bronze Scales"},{"floor":10,"key":"Toy Ornithopter"},{"floor":14,"key":"Regal Pillow"},{"floor":23,"key":"Shuriken"},{"floor":25,"key":"Unceasing Top"},{"floor":26,"key":"Mercury Hourglass"},{"floor":28,"key":"Sundial"},{"floor":29,"key":"Blood Vial"},{"floor":40,"key":"Juzu Bracelet"},{"floor":40,"key":"Vajra"},{"floor":42,"key":"Potion Belt"},{"floor":42,"key":"Thread and Needle"},{"floor":44,"key":"Strawberry"},{"floor":44,"key":"Boot"}],"event_choices":[{"damage_healed":0,"gold_gain":0,"player_choice":"Lose Max HP","damage_taken":0,"relics_obtained":["Golden Idol"],"max_hp_gain":0,"max_hp_loss":5,"event_name":"Golden Idol","floor":3,"gold_loss":0},{"damage_healed":22,"gold_gain":0,"player_choice":"Heal","damage_taken":0,"max_hp_gain":0,"max_hp_loss":0,"event_name":"The Library","floor":27,"gold_loss":0},{"damage_healed":0,"gold_gain":0,"player_choice":"Joined the Cult","damage_taken":6,"max_hp_gain":0,"max_hp_loss":0,"event_name":"Nest","floor":31,"gold_loss":0,"cards_obtained":["RitualDagger"]},{"damage_healed":0,"gold_gain":100,"player_choice":"Pray","damage_taken":0,"max_hp_gain":0,"max_hp_loss":0,"event_name":"Golden Shrine","floor":37,"gold_loss":0},{"damage_healed":0,"gold_gain":0,"player_choice":"Max HP","damage_taken":0,"max_hp_gain":0,"max_hp_loss":3,"event_name":"Winding Halls","floor":39,"gold_loss":0}],"is_beta":false,"boss_relics":[{"not_picked":["Coffee Dripper","SlaversCollar"],"picked":"Pandora\u0027s Box"},{"not_picked":["Runic Dome","Tiny House"],"picked":"Black Star"}],"items_purged_floors":[19,22,46],"is_endless":false,"potions_floor_spawned":[4,6,10,13,16,20,21,28,30,35,36,40,42],"killed_by":"Donu and Deca","ascension_level":11}}