{"host":"5yoj846f700ld8qy","time":1611942037,"event":{"mods":["AchievementEnabler","Aspiration","BaseMod","Better Altar","Better Match","Better Note","Better Sensory Stone","Better Skull","Better Third Choice","Colored Map","Colored Powertips","Minty Spire (QoL Compilation)","StSLib","UnlockEverythingMod"],"gold_per_floor":[118,118,118,43,62,62,27,27,99,8,28,62,79,91,91,162,162,172,185,185,185],"floor_reached":20,"language":"ENG","playtime":1247,"items_purged":["Strike_P"],"score":373,"play_id":"f1a75c02-69b7-4b7b-805b-fab1ed1b4cfe","local_time":"20210129194037","is_ascension_mode":true,"campfire_choices":[{"floor":6,"key":"REST"},{"data":"ReachHeaven","floor":8,"key":"SMITH"},{"data":"Good Instincts","floor":15,"key":"SMITH"}],"circlet_count":0,"master_deck":["AscendersBane","Strike_P","Strike_P+1","Defend_P+1","Defend_P","Defend_P","Eruption+1","Vigilance","FlurryOfBlows","ReachHeaven+1","Good Instincts+1","PathToVictory","ForeignInfluence+1","Vengeance+1","FlyingSleeves","Alpha+1","Protect+1","Wallop"],"relics":["Empty Cage","Pear","Toxic Egg 2","Busted Crown"],"acts_visited":["Exordium","TheCity"],"potions_floor_usage":[11,16,19,20],"damage_taken":[{"damage":24,"enemies":"Jaw Worm","floor":1,"turns":2},{"damage":0,"enemies":"2 Louse","floor":5,"turns":3},{"damage":0,"enemies":"Small Slimes","floor":11,"turns":1},{"damage":21,"enemies":"3 Sentries","floor":12,"turns":11},{"damage":2,"enemies":"Blue Slaver","floor":13,"turns":2},{"damage":6,"enemies":"Exordium Wildlife","floor":14,"turns":3},{"damage":9,"enemies":"The Guardian","floor":16,"turns":6},{"damage":53,"enemies":"2 Thieves","floor":18,"turns":4},{"damage":10,"enemies":"Chosen","floor":19,"turns":5},{"damage":0,"enemies":"Shelled Parasite and Fungi","floor":20,"turns":2}],"seed_played":"5969231788699878154","potions_obtained":[{"floor":11,"key":"Fruit Juice"},{"floor":12,"key":"Weak Potion"},{"floor":16,"key":"BlessingOfTheForge"},{"floor":18,"key":"Explosive Potion"},{"floor":19,"key":"Fruit Juice"}],"is_trial":false,"path_per_floor":["M","?","?","$","M","R","?","R","T","$","M","E","M","M","R","B",null,"M","M","M"],"character_chosen":"WATCHER","items_purchased":["Good Instincts"],"campfire_rested":1,"item_purchase_floors":[10],"current_hp_per_floor":[37,37,17,17,17,37,54,54,64,64,69,48,46,40,40,31,70,17,12,12,12],"gold":185,"neow_bonus":"BOSS_RELIC","is_daily":false,"chose_seed":false,"campfire_upgraded":2,"win_rate":0.0,"timestamp":1611942037,"path_taken":["M","?","?","$","M","R","?","R","T","?","?","E","M","M","R","BOSS","M","M","M"],"items_purchased_type":["Card"],"build_version":"2020-12-22","purchased_purges":1,"victory":false,"max_hp_per_floor":[68,68,68,68,68,68,68,68,78,78,83,83,83,83,83,83,83,83,88,88,88],"card_choices":[{"not_picked":["SashWhip","CutThroughFate"],"picked":"FlurryOfBlows","floor":1},{"not_picked":["Prostrate","ThirdEye"],"picked":"ReachHeaven","floor":5},{"not_picked":["Weave","EmptyBody"],"picked":"PathToVictory","floor":11},{"not_picked":["FollowUp","Consecrate"],"picked":"ForeignInfluence+1","floor":12},{"not_picked":["LikeWater","EmptyFist"],"picked":"Vengeance+1","floor":13},{"not_picked":["CrushJoints","FlurryOfBlows"],"picked":"FlyingSleeves","floor":14},{"not_picked":["Judgement+1","MasterReality"],"picked":"Alpha+1","floor":16},{"not_picked":[],"picked":"Protect+1","floor":18},{"not_picked":[],"picked":"Wallop","floor":19}],"player_experience":417888,"relics_obtained":[{"floor":9,"key":"Pear"},{"floor":12,"key":"Toxic Egg 2"}],"event_choices":[{"damage_healed":0,"gold_gain":0,"player_choice":"Grow","damage_taken":0,"max_hp_gain":0,"max_hp_loss":0,"event_name":"Living Wall","floor":2,"gold_loss":0,"cards_upgraded":["Eruption"]},{"damage_healed":37,"gold_gain":0,"player_choice":"Upgrade","damage_taken":20,"max_hp_gain":0,"max_hp_loss":68,"event_name":"betterThird:BetterShining","floor":3,"gold_loss":0,"cards_upgraded":["Strike_P","Defend_P"]},{"damage_healed":17,"gold_gain":0,"player_choice":"Healed","damage_taken":0,"max_hp_gain":0,"max_hp_loss":0,"event_name":"The Cleric","floor":7,"gold_loss":35}],"is_beta":false,"boss_relics":[{"not_picked":["SacredBark","aspiration:RunicSpoon"],"picked":"Busted Crown"}],"items_purged_floors":[4],"is_endless":false,"potions_floor_spawned":[11,12,16,18,19],"killed_by":"Shelled Parasite and Fungi","ascension_level":20}}