{"host":"7rmsgc3rayi00cdt","time":1611950794,"event":{"mods":["BaseMod","Minty Spire (QoL Compilation)"],"gold_per_floor":[110,260,260,225,9,34,34,34,34,53,53,71,98,127,139,230,242,273,305,367,379,391,403,435,447,485,497,526,538,550,572,584,596,596],"floor_reached":33,"language":"ENG","playtime":946,"items_purged":[],"score":493,"play_id":"c8a8d620-3068-401a-9dd3-dfe6fce0f97e","local_time":"20210129200634","is_ascension_mode":true,"campfire_choices":[{"data":"Defend_B","floor":8.0,"key":"SMITH"},{"data":"Gash","floor":11.0,"key":"SMITH"},{"floor":15.0,"key":"REST"},{"floor":23.0,"key":"REST"},{"floor":27.0,"key":"REST"},{"floor":30,"key":"REST"},{"floor":32,"key":"REST"}],"circlet_count":0,"master_deck":["AscendersBane","Strike_B","Strike_B","Strike_B","Strike_B","Defend_B","Defend_B","Defend_B+1","Defend_B","Zap+1","Dualcast","BootSequence","Gash+1","Beam Cell","Leap","Chill","Electrodynamics","Genetic Algorithm+1","Streamline","Beam Cell+1"],"relics":["Cracked Core","PreservedInsect","Tiny Chest","Anchor","Eternal Feather","MawBank","Fusion Hammer","Oddly Smooth Stone","Ancient Tea Set","HornCleat"],"acts_visited":["Exordium","TheCity"],"potions_floor_usage":[33,33],"damage_taken":[{"damage":7.0,"enemies":"Small Slimes","floor":1.0,"turns":3.0},{"damage":20.0,"enemies":"Gremlin Nob","floor":6.0,"turns":4.0},{"damage":0.0,"enemies":"Jaw Worm","floor":10.0,"turns":3.0},{"damage":3.0,"enemies":"2 Louse","floor":12.0,"turns":3.0},{"damage":27.0,"enemies":"3 Sentries","floor":13.0,"turns":8.0},{"damage":19.0,"enemies":"Large Slime","floor":14.0,"turns":6.0},{"damage":27.0,"enemies":"The Guardian","floor":16.0,"turns":9.0},{"damage":11.0,"enemies":"3 Byrds","floor":18.0,"turns":4.0},{"damage":23.0,"enemies":"Shell Parasite","floor":19.0,"turns":8.0},{"damage":25.0,"enemies":"Snecko","floor":24.0,"turns":6.0},{"damage":29.0,"enemies":"Chosen and Byrds","floor":28.0,"turns":7.0},{"damage":29,"enemies":"Sentry and Sphere","floor":31,"turns":7},{"damage":75,"enemies":"Collector","floor":33,"turns":9}],"seed_played":"3346595087486483680","potions_obtained":[{"floor":1.0,"key":"Block Potion"},{"floor":13.0,"key":"CultistPotion"},{"floor":24.0,"key":"LiquidMemories"},{"floor":31,"key":"Fire Potion"}],"is_trial":false,"path_per_floor":["M","?","?","?","$","E","?","R","T","M","R","M","E","M","R","B",null,"M","M","?","T","?","R","M","?","T","R","M","T","R","M","R","B"],"character_chosen":"DEFECT","items_purchased":["Tiny Chest","Gash"],"campfire_rested":5,"item_purchase_floors":[5,5],"current_hp_per_floor":[57,57,50,67,67,47,47,47,47,47,53,50,23,4,34,7,55,44,21,21,21,21,51,26,26,26,59,30,30,63,34,67,0,0],"gold":596,"neow_bonus":"RANDOM_COMMON_RELIC","is_daily":false,"chose_seed":false,"campfire_upgraded":2,"win_rate":0.0,"timestamp":1611950794,"path_taken":["M","?","?","?","$","E","?","R","T","?","R","M","E","M","R","BOSS","M","M","?","?","?","R","M","?","T","R","?","?","R","M","R","BOSS"],"items_purchased_type":["Relic","Card"],"build_version":"2020-12-22","purchased_purges":0,"victory":false,"max_hp_per_floor":[71,71,71,71,71,71,71,71,71,71,71,71,71,71,71,71,71,71,71,71,71,71,71,71,71,71,71,71,71,71,71,71,71,71],"card_choices":[{"not_picked":["Aggregate","Stack"],"picked":"BootSequence","floor":1.0},{"not_picked":["Stack","Compile Driver","Force Field"],"picked":"SKIP","floor":6.0},{"not_picked":["Reinforced Body","Fusion","BootSequence"],"picked":"SKIP","floor":10.0},{"not_picked":["Ball Lightning","Defragment"],"picked":"Beam Cell","floor":12.0},{"not_picked":["Hologram","Beam Cell"],"picked":"Leap","floor":13.0},{"not_picked":["Coolheaded","Compile Driver"],"picked":"Chill","floor":14.0},{"not_picked":["Echo Form","Amplify"],"picked":"Electrodynamics","floor":16.0},{"not_picked":["Sweeping Beam","Redo"],"picked":"Genetic Algorithm+1","floor":18.0},{"not_picked":["Conserve Battery","Reinforced Body+1"],"picked":"Streamline","floor":19.0},{"not_picked":["Self Repair","Stack"],"picked":"Beam Cell+1","floor":24.0},{"not_picked":["Heatsinks","Beam Cell","Capacitor"],"picked":"SKIP","floor":28.0},{"not_picked":["Multi-Cast","Compile Driver","Genetic Algorithm"],"picked":"SKIP","floor":31}],"player_experience":787013,"relics_obtained":[{"floor":6.0,"key":"Anchor"},{"floor":9.0,"key":"Eternal Feather"},{"floor":13.0,"key":"MawBank"},{"floor":21.0,"key":"Oddly Smooth Stone"},{"floor":26.0,"key":"Ancient Tea Set"},{"floor":29.0,"key":"HornCleat"}],"event_choices":[{"damage_healed":0.0,"max_hp_gain":0.0,"max_hp_loss":0.0,"gold_gain":150.0,"event_name":"Liars Game","player_choice":"AGREE","floor":2.0,"gold_loss":0.0,"damage_taken":0.0,"cards_obtained":["Doubt"]},{"cards_removed":["Doubt"],"damage_healed":0.0,"max_hp_gain":0.0,"max_hp_loss":0.0,"gold_gain":0.0,"event_name":"Golden Wing","player_choice":"Card Removal","floor":3.0,"gold_loss":0.0,"damage_taken":7.0},{"damage_healed":17.0,"max_hp_gain":0.0,"max_hp_loss":0.0,"gold_gain":0.0,"event_name":"The Cleric","player_choice":"Healed","floor":4.0,"gold_loss":35.0,"damage_taken":0.0},{"damage_healed":0.0,"max_hp_gain":0.0,"max_hp_loss":0.0,"gold_gain":0.0,"event_name":"Living Wall","player_choice":"Grow","floor":7.0,"gold_loss":0.0,"damage_taken":0.0,"cards_upgraded":["Zap"]},{"damage_healed":0.0,"max_hp_gain":0.0,"max_hp_loss":0.0,"gold_gain":50.0,"event_name":"Nest","player_choice":"Stole From Cult","floor":20.0,"gold_loss":0.0,"damage_taken":0.0},{"damage_healed":0.0,"max_hp_gain":0.0,"max_hp_loss":0.0,"gold_gain":0.0,"event_name":"Vampires","player_choice":"Ignored","floor":22.0,"gold_loss":0.0,"damage_taken":0.0},{"damage_healed":0.0,"max_hp_gain":0.0,"max_hp_loss":0.0,"gold_gain":0.0,"event_name":"Cursed Tome","player_choice":"Ignored","floor":25.0,"gold_loss":0.0,"damage_taken":0.0}],"is_beta":false,"boss_relics":[{"not_picked":["Runic Pyramid","Astrolabe"],"picked":"Fusion Hammer"}],"items_purged_floors":[],"is_endless":false,"potions_floor_spawned":[1,13,24,31],"killed_by":"Collector","ascension_level":19}}