{"host":"ktoxvvst1mwxww91","time":1611898976,"event":{"mods":["BaseMod","Downfall","Minty Spire (QoL Compilation)","StSLib"],"gold_per_floor":[99,113,130,130,142,142,142,242,268,278,178,192,292,308,327,431,431,431,444,464,66,86,118,142,175,75,103,103,103,3,34,52,153,153,153,153,153,203,203,237,237,237,237,282,266,294,294,294,309,309],"floor_reached":51,"language":"ENG","playtime":2624,"items_purged":["champ:Defend","champ:Defend"],"score":1551,"play_id":"16f52ca1-15af-407e-91db-e38d15db6984","local_time":"20210129064256","is_ascension_mode":true,"campfire_choices":[{"data":"champ:Taunt","floor":1,"key":"SMITH"},{"data":"champ:FlashCut","floor":6,"key":"SMITH"},{"data":"champ:SteelEdge","floor":11,"key":"SMITH"},{"data":"champ:UltimateStance","floor":18,"key":"SMITH"},{"floor":26,"key":"RECALL"},{"data":"champ:FlashCut","floor":30,"key":"SMITH"},{"data":"champ:StrikeOfGenius","floor":35,"key":"SMITH"},{"floor":42,"key":"DIG"},{"data":"champ:Defend","floor":47,"key":"PURGE"}],"circlet_count":0,"master_deck":["champ:Taunt+1","champ:DefensiveStyle+1","champ:ShieldSlam+1","champ:PerfectedStrike+1","champ:PerfectedStrike+1","champ:DefensiveStyle","champ:FlashCut+1","champ:SteelEdge+1","champ:TornadoPunch","champ:ArenaPreparation","champ:EnGarde","champ:ShieldSigil","champ:ShieldSigil","champ:SwordSigil","champ:UltimateStance+1","champ:Duel","champ:FlashCut","champ:FlashCut","champ:FlashCut+1","champ:BringItOn+1","champ:RapidStrikes","champ:StrikeOfGenius+1","champ:UltimateStance+1","champ:FlashCut+1","Decay","expansioncontent:AwakenDeath","champ:ShieldWall","champ:Haymaker","champ:EnGarde+1"],"relics":["Astrolabe","Juzu Bracelet","White Beast Statue","bronze:DecasWashers","downfall:HeartBlessingGreen","Cursed Key","Slimebound:StickyStick","Chemical X","MealTicket","Sundial","downfall:HeartBlessingBlue","WingedGreaves","downfall:HeartBlessingRed","Mango","Snecko Eye","Shovel","hexamod:CandleOfCauterizing","Bottled Tornado","Bag of Marbles","Peace Pipe","Lee\u0027s Waffle","Happy Flower"],"acts_visited":["Exordium","TheCity","TheBeyond","TheEnding"],"potions_floor_usage":[8,9,16,16,16,16,16,16,22,23,23,23,27,31,33,33,33,44,48],"damage_taken":[{"damage":10,"enemies":"Small Slimes","floor":2,"turns":5},{"damage":0,"enemies":"2 Louse","floor":3,"turns":2},{"damage":0,"enemies":"Jaw Worm","floor":5,"turns":2},{"damage":40,"enemies":"downfall:Heads","floor":8,"turns":6},{"damage":18,"enemies":"Gremlin Nob","floor":9,"turns":6},{"damage":18,"enemies":"Large Slime","floor":10,"turns":4},{"damage":0,"enemies":"Blue Slaver","floor":12,"turns":2},{"damage":0,"enemies":"3 Louse","floor":14,"turns":3},{"damage":0,"enemies":"Large Slime","floor":15,"turns":3},{"damage":0,"enemies":"IC_STATUS_ARCHETYPE","floor":16,"turns":4},{"damage":0,"enemies":"Shell Parasite","floor":19,"turns":3},{"damage":6,"enemies":"Spheric Guardian","floor":20,"turns":4},{"damage":40,"enemies":"downfall:FleeingMerchant","floor":21,"turns":4},{"damage":45,"enemies":"Snake Plant","floor":22,"turns":3},{"damage":30,"enemies":"Slavers","floor":23,"turns":3},{"damage":64,"enemies":"Gremlin Leader","floor":25,"turns":4},{"damage":3,"enemies":"Slavers","floor":27,"turns":4},{"damage":40,"enemies":"Gremlin Leader","floor":31,"turns":7},{"damage":15,"enemies":"Sentry and Sphere","floor":32,"turns":3},{"damage":55,"enemies":"SI_MIRROR_ARCHETYPE","floor":33,"turns":8},{"damage":35,"enemies":"SI_MIRROR_ARCHETYPE","floor":38,"turns":5},{"damage":78,"enemies":"Nemesis","floor":40,"turns":7},{"damage":21,"enemies":"2 Orb Walkers","floor":44,"turns":3},{"damage":43,"enemies":"downfall:FleeingMerchant","floor":45,"turns":4},{"damage":55,"enemies":"Giant Head","floor":46,"turns":6},{"damage":0,"enemies":"Nemesis","floor":48,"turns":2},{"damage":26,"enemies":"3 Darklings","floor":49,"turns":3},{"damage":89,"enemies":"WA_ARCHETYPE_DIVINITY","floor":50,"turns":8}],"seed_played":"464408764304162012","potions_obtained":[{"floor":3,"key":"Explosive Potion"},{"floor":8,"key":"Block Potion"},{"floor":9,"key":"EntropicBrew"},{"floor":10,"key":"Dexterity Potion"},{"floor":12,"key":"PowerPotion"},{"floor":16,"key":"GamblersBrew"},{"floor":19,"key":"Block Potion"},{"floor":20,"key":"Regen Potion"},{"floor":21,"key":"LiquidMemories"},{"floor":22,"key":"Fire Potion"},{"floor":23,"key":"AttackPotion"},{"floor":25,"key":"champ:UltimateStancePotion"},{"floor":27,"key":"Block Potion"},{"floor":31,"key":"Guardian:BlockOnCardUsePotion"},{"floor":32,"key":"champ:CounterPotion"},{"floor":33,"key":"LiquidMemories"},{"floor":38,"key":"SteroidPotion"},{"floor":40,"key":"Explosive Potion"},{"floor":44,"key":"sneckomod:MuddlingPotion"},{"floor":46,"key":"SmokeBomb"},{"floor":49,"key":"LiquidBronze"}],"is_trial":false,"path_per_floor":["R","M","M","?","M","R","T","?","E","M","R","M","?","M","M","B",null,"R","M","M","$","M","E","T","E","R","E","?","?","R","E","M","B",null,"R","?","?","?","?","E","T","R","?","?","?","E","R","E","M","B",null],"character_chosen":"THE_CHAMP","items_purchased":["Slimebound:StickyStick","Chemical X","Lee\u0027s Waffle","champ:ShieldWall"],"campfire_rested":0,"item_purchase_floors":[21,21,45,45],"current_hp_per_floor":[90,90,90,90,90,90,90,70,52,39,39,39,39,39,39,39,90,90,90,84,84,84,90,90,71,81,78,78,78,78,87,87,87,114,114,114,114,114,114,91,91,91,91,80,121,121,121,121,120,96],"gold":309,"neow_bonus":"BOSS_RELIC","is_daily":false,"chose_seed":false,"campfire_upgraded":6,"win_rate":0.0,"timestamp":1611898976,"path_taken":["R","M","M","?","M","R","T","?","E","M","R","M","?","M","M","BOSS","R","M","M","$","M","E","T","E","R","E","?","?","R","E","M","BOSS","R","?","?","?","?","E","T","R","?","?","?","E","R","E","M","BOSS"],"items_purchased_type":["Relic","Relic","Relic","Card"],"build_version":"2020-12-22","purchased_purges":2,"victory":true,"max_hp_per_floor":[90,90,90,90,90,90,90,90,90,90,90,90,90,90,90,90,90,90,90,90,90,90,90,90,90,100,100,100,100,100,114,114,114,114,114,114,114,114,114,114,114,114,114,114,121,121,121,121,121,121],"card_choices":[{"not_picked":["champ:CalledShot","champ:EnGarde"],"picked":"champ:PerfectedStrike","floor":2},{"not_picked":["champ:DefensiveShout","champ:BladeFlurry"],"picked":"champ:DefensiveStyle","floor":3},{"not_picked":["champ:Lariat","champ:BladeFlurry"],"picked":"champ:FlashCut","floor":5},{"not_picked":["champ:FanOfKnives","champ:Endure"],"picked":"champ:TornadoPunch","floor":8},{"not_picked":["champ:StanceDance","champ:CalledShot"],"picked":"champ:ArenaPreparation","floor":9},{"not_picked":["champ:PerfectedStrike","champ:BerserkersShout"],"picked":"champ:EnGarde","floor":10},{"not_picked":["champ:HeartStrike","champ:Shatter"],"picked":"champ:ShieldSigil","floor":12},{"not_picked":["champ:BerserkersShout","champ:DeathBlow"],"picked":"champ:ShieldSigil","floor":14},{"not_picked":["champ:CrownThrow","champ:PerfectedStrike"],"picked":"champ:SwordSigil","floor":15},{"not_picked":["champ:EnchantSword","champ:LastStand"],"picked":"champ:UltimateStance","floor":16},{"not_picked":["champ:BladeFlurry","champ:EnGarde"],"picked":"champ:Duel","floor":19},{"not_picked":["champ:PreciseThrust","champ:AdrenalArmor"],"picked":"champ:FlashCut","floor":20},{"not_picked":["champ:Devastate","champ:PreemptiveStrike"],"picked":"champ:FlashCut","floor":21},{"not_picked":["champ:Backstep","champ:BringItOn"],"picked":"champ:FlashCut","floor":22},{"not_picked":["champ:HoldFirm","champ:EnGarde"],"picked":"champ:SkillfulDodge","floor":23},{"not_picked":["champ:PerfectedStrike","champ:Endure"],"picked":"champ:BringItOn+1","floor":25},{"not_picked":["champ:PerfectedStrike","champ:ViciousMockery","champ:BladeFlurry"],"picked":"SKIP","floor":27},{"not_picked":["champ:DeathBlow","champ:CrownThrow","champ:EndlessRage"],"picked":"SKIP","floor":31},{"not_picked":["champ:CrownThrow","champ:BladeFlurry"],"picked":"champ:RapidStrikes","floor":32},{"not_picked":["champ:EnchantShield","champ:HeavySlash"],"picked":"champ:StrikeOfGenius","floor":33},{"not_picked":["champ:DeathBlow","champ:TornadoPunch+1"],"picked":"champ:FlashCut+1","floor":40},{"not_picked":["expansioncontent:Chronoboost","expansioncontent:InvincibleStrength"],"picked":"expansioncontent:AwakenDeath","floor":43},{"not_picked":["champ:FocusedBerserking","champ:RisingSlash+1","champ:FancyFootwork+1"],"picked":"SKIP","floor":45},{"not_picked":["champ:StanceDance","champ:PreciseThrust+1"],"picked":"champ:Haymaker","floor":46},{"not_picked":["champ:ShieldSigil+1","champ:AdrenalArmor"],"picked":"champ:EnGarde+1","floor":49}],"player_experience":868127,"relics_obtained":[{"floor":7,"key":"White Beast Statue"},{"floor":9,"key":"bronze:DecasWashers"},{"floor":23,"key":"MealTicket"},{"floor":25,"key":"Sundial"},{"floor":27,"key":"WingedGreaves"},{"floor":31,"key":"Mango"},{"floor":38,"key":"Shovel"},{"floor":40,"key":"hexamod:CandleOfCauterizing"},{"floor":41,"key":"Bottled Tornado"},{"floor":42,"key":"Bag of Marbles"},{"floor":44,"key":"Peace Pipe"},{"floor":46,"key":"Happy Flower"}],"event_choices":[{"cards_removed":["champ:SkillfulDodge"],"damage_healed":0,"gold_gain":0,"player_choice":"Removed Skill","damage_taken":0,"max_hp_gain":0,"max_hp_loss":0,"event_name":"Falling","floor":36,"gold_loss":0},{"damage_healed":0,"gold_gain":0,"player_choice":"Fight","damage_taken":0,"max_hp_gain":0,"max_hp_loss":0,"event_name":"Mysterious Sphere","floor":44,"gold_loss":0}],"is_beta":false,"boss_relics":[{"not_picked":["Coffee Dripper","SlaversCollar"],"picked":"Cursed Key"},{"not_picked":["Calling Bell","Empty Cage"],"picked":"Snecko Eye"}],"items_purged_floors":[21,45],"is_endless":false,"potions_floor_spawned":[3,8,9,10,12,14,15,16,19,20,21,22,23,25,27,31,32,33,38,40,44,45,46,48,49],"ascension_level":4}}