{"host":"52m1o8iwwagurbjs","time":1611881374,"event":{"mods":["AchievementEnabler","BaseMod","Bestiary","Colored Powertips","GifTheSpireLib","Minty Spire (QoL Compilation)","Quick Restart","RNG Fix","Relic Stats","StSLib"],"gold_per_floor":[215,230,246,246,15,41,41,57,57,99,158,158,7,47,47,176,176,200,224,323,353,353,353,402,37,70,112,135,335,384,413,413,547,547,570,637,376,390,413,413,428,428,428,428,428,428,32,63,63,63,63,63,14,49,49,49],"floor_reached":55,"language":"ENG","playtime":2752,"items_purged":["Pain","Strike_G","Strike_G+1","Regret"],"score":861,"play_id":"7552523e-e21a-4870-8f20-a3b9eea957fe","local_time":"20210128194934","is_ascension_mode":true,"campfire_choices":[{"data":"Dagger Throw","floor":7.0,"key":"SMITH"},{"data":"Caltrops","floor":15.0,"key":"SMITH"},{"data":"Envenom","floor":23.0,"key":"SMITH"},{"data":"Footwork","floor":32.0,"key":"SMITH"},{"floor":40,"key":"REST"},{"floor":44,"key":"RECALL"},{"data":"Glass Knife","floor":46,"key":"SMITH"},{"data":"Acrobatics","floor":49,"key":"SMITH"},{"data":"Concentrate","floor":52,"key":"SMITH"}],"circlet_count":0,"master_deck":["Strike_G+1","Strike_G+1","Strike_G+1","Defend_G+1","Defend_G+1","Defend_G+1","Defend_G+1","Defend_G+1","Survivor","Neutralize","Underhanded Strike","Dagger Throw+1","Quick Slash","Blade Dance","All Out Attack","Caltrops+1","Envenom+1","Backflip","Dash+1","PiercingWail","Leg Sweep","Footwork+1","Glass Knife+1","Escape Plan","Expertise","Blade Dance+1","Deflect+1","Calculated Gamble","Concentrate+1","Acrobatics+1","Backflip","Storm of Steel","PiercingWail","Catalyst"],"relics":["Ring of the Snake","WarpedTongs","OrangePellets","Snake Skull","Mercury Hourglass","CeramicFish","Golden Idol","Pen Nib","Cursed Key","Anchor","Lee\u0027s Waffle","The Courier","Ancient Tea Set","Sozu","Unceasing Top","Shuriken","Bag of Marbles","Happy Flower","Akabeko"],"acts_visited":["Exordium","TheCity","TheBeyond","TheEnding"],"potions_floor_usage":[],"damage_taken":[{"damage":0.0,"enemies":"Small Slimes","floor":1.0,"turns":4.0},{"damage":0.0,"enemies":"Cultist","floor":2.0,"turns":3.0},{"damage":0.0,"enemies":"Jaw Worm","floor":3.0,"turns":2.0},{"damage":23.0,"enemies":"3 Sentries","floor":6.0,"turns":8.0},{"damage":0.0,"enemies":"Blue Slaver","floor":8.0,"turns":3.0},{"damage":5.0,"enemies":"Lagavulin","floor":10.0,"turns":3.0},{"damage":5.0,"enemies":"3 Sentries","floor":14.0,"turns":4.0},{"damage":25.0,"enemies":"Hexaghost","floor":16.0,"turns":8.0},{"damage":0.0,"enemies":"Spheric Guardian","floor":18.0,"turns":3.0},{"damage":22.0,"enemies":"2 Thieves","floor":19.0,"turns":3.0},{"damage":2.0,"enemies":"Cultist and Chosen","floor":21.0,"turns":4.0},{"damage":19.0,"enemies":"Slavers","floor":24.0,"turns":5.0},{"damage":0.0,"enemies":"Gremlin Leader","floor":27.0,"turns":6.0},{"damage":2.0,"enemies":"Centurion and Healer","floor":28.0,"turns":4.0},{"damage":4.0,"enemies":"Slavers","floor":30.0,"turns":5.0},{"damage":18.0,"enemies":"Snake Plant","floor":31.0,"turns":3.0},{"damage":32.0,"enemies":"Collector","floor":33.0,"turns":8.0},{"damage":32.0,"enemies":"3 Shapes","floor":35.0,"turns":9.0},{"damage":29.0,"enemies":"2 Orb Walkers","floor":36.0,"turns":4.0},{"damage":0,"enemies":"Orb Walker","floor":38,"turns":3},{"damage":0,"enemies":"Transient","floor":39,"turns":5},{"damage":0,"enemies":"4 Shapes","floor":41,"turns":8},{"damage":5,"enemies":"Reptomancer","floor":48,"turns":4},{"damage":0,"enemies":"Donu and Deca","floor":50,"turns":8},{"damage":22,"enemies":"Shield and Spear","floor":54,"turns":5},{"damage":42,"enemies":"The Heart","floor":55,"turns":3}],"seed_played":"-7504509239713071600","potions_obtained":[{"floor":1.0,"key":"SteroidPotion"},{"floor":6.0,"key":"CunningPotion"},{"floor":14.0,"key":"BlessingOfTheForge"},{"floor":19.0,"key":"Strength Potion"},{"floor":27.0,"key":"Block Potion"},{"floor":30.0,"key":"Regen Potion"},{"floor":31.0,"key":"Strength Potion"},{"floor":33.0,"key":"Ancient Potion"}],"is_trial":false,"path_per_floor":["M","M","M","?","$","E","R","M","T","E","?","?","$","E","R","B",null,"M","M","?","M","?","R","E","$","T","E","M","?","E","M","R","B",null,"M","?","$","M","M","R","M","?","T","R","?","R","$","E","R","B",null,"R","$","E","B"],"character_chosen":"THE_SILENT","items_purchased":["OrangePellets","AttackPotion","Lee\u0027s Waffle","Leg Sweep","Footwork","Calculated Gamble","Concentrate","Acrobatics","Shuriken","Bag of Marbles","Storm of Steel","PiercingWail","Catalyst"],"campfire_rested":1,"item_purchase_floors":[5,13,25,25,25,37,37,37,47,47,47,47,53],"current_hp_per_floor":[70,70,70,70,70,47,47,47,47,42,42,42,42,37,37,12,65,65,43,43,41,41,41,22,72,72,72,70,70,66,53,53,21,72,40,11,11,11,11,32,32,32,32,32,63,63,63,58,58,58,63,63,63,41,0,0],"gold":49,"neow_bonus":"HUNDRED_GOLD","is_daily":false,"chose_seed":false,"campfire_upgraded":7,"win_rate":0.0,"timestamp":1611881374,"path_taken":["M","M","M","?","$","E","R","M","T","E","?","?","$","E","R","BOSS","M","M","?","M","?","R","E","$","T","E","M","?","E","M","R","BOSS","M","?","$","?","M","R","M","?","T","R","?","R","$","E","R","BOSS","R","$","E","BOSS"],"items_purchased_type":["Relic","Potion","Relic","Card","Card","Card","Card","Card","Relic","Relic","Card","Card","Card"],"build_version":"2020-12-22","purchased_purges":4,"victory":false,"max_hp_per_floor":[70,70,70,70,70,70,70,70,70,70,70,65,65,65,65,65,65,65,65,65,65,65,65,65,72,72,72,72,72,72,72,72,72,72,72,72,72,72,72,72,72,72,72,72,63,63,63,63,63,63,63,63,63,63,63,63],"relic_stats":{"Lee\u0027s Waffle":50,"Happy Flower":[5],"counters":[26,124],"Golden Idol":161,"CeramicFish":198,"Snake Skull":[163],"Pen Nib":[25],"Cursed Key":1,"WarpedTongs":[108],"Mercury Hourglass":[451],"Sozu":1,"OrangePellets":[6],"Shuriken":[18],"obtain_stats":[{"Lee\u0027s Waffle":25,"Happy Flower":48,"Golden Idol":12,"CeramicFish":10,"Snake Skull":6,"Pen Nib":14,"The Courier":27,"Cursed Key":17,"Ancient Tea Set":30,"Akabeko":54,"WarpedTongs":4,"Mercury Hourglass":9,"Sozu":34,"OrangePellets":5,"Anchor":24,"Shuriken":47,"Bag of Marbles":47,"Unceasing Top":36,"Ring of the Snake":0},{"Lee\u0027s Waffle":12,"Happy Flower":23,"Golden Idol":6,"CeramicFish":6,"Snake Skull":4,"Pen Nib":7,"The Courier":13,"Cursed Key":8,"Ancient Tea Set":15,"Akabeko":25,"WarpedTongs":3,"Mercury Hourglass":5,"Sozu":17,"OrangePellets":3,"Anchor":12,"Shuriken":22,"Bag of Marbles":22,"Unceasing Top":19,"Ring of the Snake":0},{"Lee\u0027s Waffle":49,"Happy Flower":108,"Golden Idol":23,"CeramicFish":23,"Snake Skull":17,"Pen Nib":27,"The Courier":55,"Cursed Key":34,"Ancient Tea Set":64,"Akabeko":121,"WarpedTongs":9,"Mercury Hourglass":20,"Sozu":75,"OrangePellets":9,"Anchor":49,"Shuriken":104,"Bag of Marbles":104,"Unceasing Top":88,"Ring of the Snake":0}],"Unceasing Top":[25],"Ring of the Snake":[52]},"card_choices":[{"not_picked":["Bane","Escape Plan"],"picked":"Underhanded Strike","floor":1.0},{"not_picked":["Bane","Underhanded Strike"],"picked":"Dagger Throw","floor":2.0},{"not_picked":["Outmaneuver","Underhanded Strike"],"picked":"Quick Slash","floor":6.0},{"not_picked":["Slice","Unload"],"picked":"Blade Dance","floor":8.0},{"not_picked":["Predator","Dodge and Roll"],"picked":"All Out Attack","floor":10.0},{"not_picked":["Endless Agony","Backflip"],"picked":"Caltrops","floor":14.0},{"not_picked":["Night Terror","Adrenaline"],"picked":"Envenom","floor":16.0},{"not_picked":["Deflect","Flying Knee+1"],"picked":"Backflip","floor":18.0},{"not_picked":["Bane","Outmaneuver","Heel Hook"],"picked":"SKIP","floor":19.0},{"not_picked":["Sucker Punch+1","Noxious Fumes"],"picked":"Dash+1","floor":21.0},{"not_picked":["Sucker Punch","Accuracy"],"picked":"PiercingWail","floor":24.0},{"not_picked":["Bane","Deadly Poison"],"picked":"Glass Knife","floor":27.0},{"not_picked":["Underhanded Strike","Riddle With Holes"],"picked":"Escape Plan","floor":28.0},{"not_picked":["Dagger Spray","Crippling Poison"],"picked":"Expertise","floor":30.0},{"not_picked":["Sucker Punch","Slice"],"picked":"Blade Dance+1","floor":31.0},{"not_picked":["Doppelganger","Bullet Time"],"picked":"A Thousand Cuts","floor":33.0},{"not_picked":["Poisoned Stab+1","Quick Slash+1","Dagger Throw"],"picked":"SKIP","floor":35.0},{"not_picked":["Heel Hook","Dagger Throw"],"picked":"Deflect+1","floor":36.0},{"not_picked":["Underhanded Strike+1","Accuracy","Quick Slash"],"picked":"SKIP","floor":38},{"not_picked":["Distraction+1","Deadly Poison"],"picked":"Backflip","floor":39},{"not_picked":["Deflect+1","Slice+1","Riddle With Holes"],"picked":"SKIP","floor":41},{"not_picked":["Deadly Poison+1","Unload","Flechettes+1"],"picked":"SKIP","floor":48},{"not_picked":["Quick Slash","Dagger Spray","Underhanded Strike"],"picked":"SKIP","floor":54}],"player_experience":1230434,"relics_obtained":[{"floor":6.0,"key":"Snake Skull"},{"floor":9.0,"key":"Mercury Hourglass"},{"floor":10.0,"key":"CeramicFish"},{"floor":14.0,"key":"Pen Nib"},{"floor":24.0,"key":"Anchor"},{"floor":27.0,"key":"The Courier"},{"floor":30.0,"key":"Ancient Tea Set"},{"floor":36.0,"key":"Unceasing Top"},{"floor":48,"key":"Happy Flower"},{"floor":54,"key":"Akabeko"}],"event_choices":[{"damage_healed":0.0,"max_hp_gain":0.0,"max_hp_loss":0.0,"gold_gain":0.0,"event_name":"Accursed Blacksmith","player_choice":"Rummage","floor":4.0,"gold_loss":0.0,"damage_taken":0.0,"relics_obtained":["WarpedTongs"],"cards_obtained":["Pain"]},{"damage_healed":0.0,"max_hp_gain":0.0,"max_hp_loss":0.0,"gold_gain":59.0,"event_name":"Golden Wing","player_choice":"Gained Gold","floor":11.0,"gold_loss":0.0,"damage_taken":0.0},{"damage_healed":0.0,"max_hp_gain":0.0,"max_hp_loss":5.0,"gold_gain":0.0,"event_name":"Golden Idol","player_choice":"Lose Max HP","floor":12.0,"gold_loss":0.0,"damage_taken":0.0,"relics_obtained":["Golden Idol"]},{"damage_healed":0.0,"max_hp_gain":0.0,"max_hp_loss":0.0,"gold_gain":99.0,"event_name":"Nest","player_choice":"Stole From Cult","floor":20.0,"gold_loss":0.0,"damage_taken":0.0},{"damage_healed":0.0,"max_hp_gain":0.0,"max_hp_loss":0.0,"gold_gain":0.0,"event_name":"Back to Basics","player_choice":"Simplicity","floor":22.0,"gold_loss":0.0,"damage_taken":0.0,"cards_upgraded":["Strike_G","Strike_G","Strike_G","Strike_G","Defend_G","Defend_G","Defend_G","Defend_G","Defend_G"]},{"damage_healed":0.0,"max_hp_gain":0.0,"max_hp_loss":0.0,"gold_gain":200.0,"event_name":"Wheel of Change","player_choice":"Gold","floor":29.0,"gold_loss":0.0,"damage_taken":0.0},{"damage_healed":0.0,"max_hp_gain":0.0,"max_hp_loss":0.0,"gold_gain":0.0,"event_name":"Mysterious Sphere","player_choice":"Fight","floor":36.0,"gold_loss":0.0,"damage_taken":0.0},{"cards_removed":["A Thousand Cuts"],"damage_healed":0,"gold_gain":0,"player_choice":"Removed Power","damage_taken":0,"max_hp_gain":0,"max_hp_loss":0,"event_name":"Falling","floor":42,"gold_loss":0},{"damage_healed":63,"gold_gain":0,"player_choice":"Heal","damage_taken":0,"max_hp_gain":0,"max_hp_loss":9,"event_name":"The Moai Head","floor":45,"gold_loss":0}],"is_beta":false,"boss_relics":[{"not_picked":["Empty Cage","SacredBark"],"picked":"Cursed Key"},{"not_picked":["Runic Pyramid","Calling Bell"],"picked":"Sozu"}],"items_purged_floors":[5,13,25,37],"is_endless":false,"potions_floor_spawned":[1,6,14,19,27,30,31,33,48],"killed_by":"The Heart","ascension_level":1}}