{"host":"nn0usk9aafse27ii","time":1611881428,"event":{"mods":["BaseMod","Colored Map","Highlight Path","Minty Spire (QoL Compilation)","Shop Mod","StSLib"],"gold_per_floor":[144,189,234,279,324,324,369,369,419,464,28,28,73,163,163,463,463,508,553,253,298,343,343,433,433,433,523,568,658,658,20,20,320,320,365,410,410,260,269,359,359,404,429,474,519,92,92,137,137,137,137],"floor_reached":50,"language":"ENG","playtime":32025,"items_purged":[],"score":663,"play_id":"0edba93b-4988-4c95-ab2d-d84d293005e2","local_time":"20210128165028","daily_mods":["Draft","Purple Cards","Midas"],"is_ascension_mode":false,"campfire_choices":[{"floor":6.0,"key":"REST"},{"floor":8.0,"key":"REST"},{"floor":15.0,"key":"REST"},{"floor":23.0,"key":"REST"},{"floor":25.0,"key":"REST"},{"floor":30.0,"key":"REST"},{"floor":32.0,"key":"DIG"},{"floor":41,"key":"REST"},{"floor":47,"key":"REST"},{"floor":49,"key":"DIG"}],"circlet_count":0,"master_deck":["BattleHymn","Static Discharge","EmptyBody","Conserve Battery","Hologram","PathToVictory","Cold Snap","Perseverance","FollowUp+1","Consecrate","PathToVictory","EmptyFist","Self Repair","TalkToTheHand","Ball Lightning","EmptyBody","Steam Power","Gash","Storm","Tantrum","PathToVictory","All For One","Collect+1","Gash+1","Wireheading+1","Defragment","Consecrate+1","PathToVictory+1","Seek","Discovery","Wish","Sweeping Beam+1","Rip and Tear+1","Steam","Hologram+1","Reinforced Body+1","Finesse","Master of Strategy","Chill+1"],"relics":["Cracked Core","Bag of Marbles","Letter Opener","Sling","Regal Pillow","Inserter","Unceasing Top","Sundial","Eternal Feather","StrikeDummy","Symbiotic Virus","Shovel","Bottled Lightning","Ornamental Fan","Fusion Hammer","Whetstone","Turnip","DataDisk","Centennial Puzzle","ClockworkSouvenir","Bottled Flame"],"acts_visited":["Exordium","TheCity","TheBeyond"],"potions_floor_usage":[45,50,50],"damage_taken":[{"damage":0.0,"enemies":"Cultist","floor":1.0,"turns":3.0},{"damage":9.0,"enemies":"Jaw Worm","floor":2.0,"turns":2.0},{"damage":2.0,"enemies":"Small Slimes","floor":3.0,"turns":2.0},{"damage":3.0,"enemies":"3 Louse","floor":4.0,"turns":2.0},{"damage":1.0,"enemies":"2 Fungi Beasts","floor":5.0,"turns":3.0},{"damage":4.0,"enemies":"Exordium Thugs","floor":7.0,"turns":3.0},{"damage":2.0,"enemies":"Blue Slaver","floor":10.0,"turns":3.0},{"damage":13.0,"enemies":"Exordium Wildlife","floor":13.0,"turns":4.0},{"damage":0.0,"enemies":"Gremlin Nob","floor":14.0,"turns":2.0},{"damage":22.0,"enemies":"Slime Boss","floor":16.0,"turns":5.0},{"damage":35.0,"enemies":"2 Thieves","floor":18.0,"turns":3.0},{"damage":10.0,"enemies":"Chosen","floor":19.0,"turns":3.0},{"damage":2.0,"enemies":"Snecko","floor":21.0,"turns":4.0},{"damage":28.0,"enemies":"Sentry and Sphere","floor":22.0,"turns":6.0},{"damage":48.0,"enemies":"Book of Stabbing","floor":24.0,"turns":4.0},{"damage":13.0,"enemies":"Slavers","floor":27.0,"turns":2.0},{"damage":11.0,"enemies":"Cultist and Chosen","floor":28.0,"turns":5.0},{"damage":51.0,"enemies":"Gremlin Leader","floor":29.0,"turns":6.0},{"damage":54.0,"enemies":"Automaton","floor":33.0,"turns":9.0},{"damage":10.0,"enemies":"Orb Walker","floor":35.0,"turns":2.0},{"damage":15.0,"enemies":"3 Darklings","floor":36.0,"turns":3.0},{"damage":21.0,"enemies":"2 Orb Walkers","floor":39.0,"turns":2.0},{"damage":28,"enemies":"Nemesis","floor":40,"turns":3},{"damage":27,"enemies":"Jaw Worm Horde","floor":42,"turns":4},{"damage":10,"enemies":"Sphere and 2 Shapes","floor":44,"turns":3},{"damage":18,"enemies":"3 Darklings","floor":45,"turns":3},{"damage":13,"enemies":"4 Shapes","floor":48,"turns":3},{"damage":86,"enemies":"Time Eater","floor":50,"turns":7}],"seed_played":"9192803745042345800","potions_obtained":[{"floor":2.0,"key":"GamblersBrew"},{"floor":3.0,"key":"Ancient Potion"},{"floor":10.0,"key":"Regen Potion"},{"floor":18.0,"key":"FearPotion"},{"floor":22.0,"key":"Ancient Potion"},{"floor":24.0,"key":"AttackPotion"},{"floor":27.0,"key":"PowerPotion"},{"floor":29.0,"key":"FocusPotion"},{"floor":33.0,"key":"Fire Potion"},{"floor":36.0,"key":"Strength Potion"},{"floor":44,"key":"SkillPotion"},{"floor":45,"key":"FocusPotion"},{"floor":48,"key":"Fire Potion"}],"is_trial":false,"path_per_floor":["M","M","M","M","M","R","M","R","T","M","$","?","M","E","R","B",null,"M","M","$","M","M","R","E","R","T","E","M","E","R","$","R","B",null,"M","M","?","$","?","E","R","M","T","M","M","$","R","M","R","B"],"character_chosen":"DEFECT","items_purchased":["Tantrum","Letter Opener","Sling","Unceasing Top","Shovel","Bottled Lightning","Discovery","Whetstone","Finesse","ClockworkSouvenir","Master of Strategy"],"campfire_rested":8,"item_purchase_floors":[11,11,11,20,31,31,31,38,46,46,46],"current_hp_per_floor":[75,73,75,72,75,75,75,75,75,75,75,85,79,79,85,63,85,57,54,54,59,38,78,37,77,77,64,74,30,85,85,85,31,85,75,60,60,60,39,11,69,49,49,39,21,21,82,69,85,0,0],"gold":137,"neow_bonus":"","is_daily":true,"chose_seed":false,"campfire_upgraded":0,"win_rate":0.0,"timestamp":1611881428,"path_taken":["M","M","M","?","M","R","M","R","T","M","$","?","M","E","R","BOSS","M","M","$","M","M","R","E","R","T","E","?","E","R","$","R","BOSS","M","M","?","$","?","E","R","M","T","M","M","$","R","M","R","BOSS"],"items_purchased_type":["Card","Relic","Relic","Relic","Relic","Relic","Card","Relic","Card","Relic","Card"],"build_version":"2020-12-22","purchased_purges":0,"victory":false,"max_hp_per_floor":[75,75,75,75,75,75,75,75,75,75,75,85,85,85,85,85,85,85,85,85,85,85,85,85,85,85,85,85,85,85,85,85,85,85,85,85,85,85,85,85,85,85,85,85,85,85,85,85,85,85,85],"card_choices":[{"not_picked":["EmptyFist","FlyingSleeves"],"picked":"BattleHymn","floor":0.0},{"not_picked":["CutThroughFate","Worship"],"picked":"Static Discharge","floor":0.0},{"not_picked":["Gash","Halt"],"picked":"EmptyBody","floor":0.0},{"not_picked":["Redo","Rebound"],"picked":"Conserve Battery","floor":0.0},{"not_picked":["CutThroughFate","Consume"],"picked":"Hologram","floor":0.0},{"not_picked":["FollowUp","Turbo"],"picked":"PathToVictory","floor":0.0},{"not_picked":["CrushJoints","Study"],"picked":"Cold Snap","floor":0.0},{"not_picked":["Beam Cell","Rebound"],"picked":"Perseverance","floor":0.0},{"not_picked":["CrushJoints","Consume"],"picked":"FollowUp","floor":0.0},{"not_picked":["Rip and Tear","Ball Lightning"],"picked":"Consecrate","floor":0.0},{"not_picked":["SashWhip","Prostrate"],"picked":"PathToVictory","floor":0.0},{"not_picked":["Hologram","InnerPeace"],"picked":"Coolheaded","floor":0.0},{"not_picked":["Halt","CrushJoints"],"picked":"EmptyFist","floor":0.0},{"not_picked":["SandsOfTime","Scrape"],"picked":"Self Repair","floor":0.0},{"not_picked":["Collect","Turbo"],"picked":"TalkToTheHand","floor":0.0},{"not_picked":["Glacier","SashWhip"],"picked":"Ball Lightning","floor":1.0},{"not_picked":["WindmillStrike","Aggregate"],"picked":"EmptyBody","floor":2.0},{"not_picked":["FearNoEvil","Consume"],"picked":"Steam Power","floor":3.0},{"not_picked":["FlurryOfBlows","Rebound","EmptyBody"],"picked":"SKIP","floor":4.0},{"not_picked":["Coolheaded","EmptyBody"],"picked":"Gash","floor":5.0},{"not_picked":["EmptyBody","EmptyFist"],"picked":"Storm","floor":7.0},{"not_picked":["Doom and Gloom","FearNoEvil"],"picked":"Devotion","floor":10.0},{"not_picked":["Stack","DeceiveReality","Protect"],"picked":"SKIP","floor":13.0},{"not_picked":["MasterReality","Wireheading"],"picked":"PathToVictory","floor":14.0},{"not_picked":["Hyperbeam","Brilliance"],"picked":"All For One","floor":16.0},{"not_picked":["Barrage","Compile Driver"],"picked":"Collect+1","floor":18.0},{"not_picked":["Steam Power","Undo+1"],"picked":"Gash+1","floor":19.0},{"not_picked":["Barrage+1","Protect","Hologram"],"picked":"SKIP","floor":21.0},{"not_picked":["FlyingSleeves","Storm"],"picked":"Wireheading+1","floor":22.0},{"not_picked":["Glacier+1","FollowUp"],"picked":"Defragment","floor":24.0},{"not_picked":["Conserve Battery","SashWhip"],"picked":"Consecrate","floor":27.0},{"not_picked":["Reprogram","CrushJoints"],"picked":"PathToVictory+1","floor":28.0},{"not_picked":["Crescendo","Wallop"],"picked":"Seek","floor":29.0},{"not_picked":["Meteor Strike","Reboot"],"picked":"Wish","floor":33.0},{"not_picked":["ThirdEye+1","Prostrate"],"picked":"Sweeping Beam+1","floor":35.0},{"not_picked":["Redo","Genetic Algorithm+1"],"picked":"Rip and Tear+1","floor":36.0},{"not_picked":["Conclude+1","Cold Snap+1"],"picked":"Steam","floor":40},{"not_picked":["CutThroughFate","Evaluate+1"],"picked":"Hologram+1","floor":42},{"not_picked":["BowlingBash+1","Rebound"],"picked":"Reinforced Body+1","floor":44},{"not_picked":["Rebound+1","CutThroughFate","Fission"],"picked":"SKIP","floor":45},{"not_picked":["SashWhip","Worship"],"picked":"Chill+1","floor":48}],"player_experience":432404,"relics_obtained":[{"floor":9.0,"key":"Bag of Marbles"},{"floor":14.0,"key":"Regal Pillow"},{"floor":24.0,"key":"Sundial"},{"floor":26.0,"key":"Eternal Feather"},{"floor":27.0,"key":"StrikeDummy"},{"floor":29.0,"key":"Symbiotic Virus"},{"floor":32.0,"key":"Ornamental Fan"},{"floor":39.0,"key":"Turnip"},{"floor":40,"key":"DataDisk"},{"floor":43,"key":"Centennial Puzzle"},{"floor":49,"key":"Bottled Flame"}],"event_choices":[{"cards_removed":["Devotion"],"damage_healed":0.0,"max_hp_gain":10.0,"max_hp_loss":0.0,"gold_gain":0.0,"event_name":"Bonfire Elementals","player_choice":"Offered Rare","floor":12.0,"gold_loss":0.0,"damage_taken":0.0},{"cards_removed":["Coolheaded"],"damage_healed":0.0,"max_hp_gain":0.0,"max_hp_loss":0.0,"gold_gain":0.0,"event_name":"Falling","player_choice":"Removed Skill","floor":37.0,"gold_loss":0.0,"damage_taken":0.0},{"damage_healed":0.0,"max_hp_gain":0.0,"max_hp_loss":0.0,"gold_gain":0.0,"event_name":"Mysterious Sphere","player_choice":"Fight","floor":39.0,"gold_loss":0.0,"damage_taken":0.0}],"is_beta":false,"boss_relics":[{"not_picked":["Runic Dome","Astrolabe"],"picked":"Inserter"},{"not_picked":["Calling Bell","Philosopher\u0027s Stone"],"picked":"Fusion Hammer"}],"items_purged_floors":[],"is_endless":false,"potions_floor_spawned":[2,3,10,13,18,22,24,27,29,33,36,44,45,48],"killed_by":"Time Eater","ascension_level":0}}