{"host":"hl3ams4am2ku5u4p","time":1611927046,"event":{"mods":["AchievementEnabler","Act Like it!","Aspiration","BaseMod","Beaked The Cultist","BetterRewards","CatGirl Mod","Colored Map","Colored Powertips","Conspire","Downfall","Energized Spire","Halation","Hallownest","HornydragonMod","Hubris","Infinite Spire","Mad Scientist","Magitek Elite","Minty Spire (QoL Compilation)","READ ME - Guardian Mod","Replay The Spire","Spikes Relics","StSLib","SuperFastMode","The Blackbeard","The Bug Knight","The Construct","The Disciple","The Jungle","The Mystic","The Necromancer","The Senshi"],"gold_per_floor":[210,221,296,316,330,330,342,342,342,342,360,121,135,154,154,250,250,265,265,180,195,195,195,230,230,255,255,3,23,33,49,49,147,147,164,164,164,164],"floor_reached":37,"language":"FRA","playtime":1861,"items_purged":["Defend_P"],"score":433,"play_id":"839b62e0-ea52-4c93-95da-17219e55b767","local_time":"20210129143046","is_ascension_mode":false,"campfire_choices":[{"floor":6,"key":"REST"},{"data":"Eruption","floor":10,"key":"SMITH"},{"floor":15,"key":"REST"},{"data":"Ragnarok","floor":23,"key":"SMITH"},{"data":"Conclude","floor":25,"key":"SMITH"},{"data":"conspire:Banana","floor":27,"key":"SMITH"},{"floor":32,"key":"REST"}],"circlet_count":0,"master_deck":["Strike_P","Strike_P","Strike_P","Strike_P","Defend_P","Defend_P","Defend_P","Eruption+1","Vigilance","PathToVictory","Adaptation","ConjureBlade","Replay:Vibes","Brilliance","Pray","conspire:Banana+1","FollowUp","Replay:AtTheReady","Ragnarok+1","Conclude+1","WreathOfFlame","ClearTheMind","Perseverance","Replay:LoomingThreat+1","Halt+1"],"relics":["HolyWater","hubris:Towel","infinitespire:BottledMercury","hubris:ToyBattleship","infinitespire:CheckeredPen","ReplayFunnel","Golden Egg","VioletLotus"],"acts_visited":["Exordium","TheCity","TheBeyond"],"potions_floor_usage":[14,18,29,29,29,29,29,30,33,37],"damage_taken":[{"damage":2,"enemies":"Small Slimes","floor":1,"turns":4},{"damage":4,"enemies":"Jaw Worm","floor":2,"turns":4},{"damage":4,"enemies":"2 Louse","floor":4,"turns":3},{"damage":15,"enemies":"Gremlin Gang","floor":5,"turns":6},{"damage":4,"enemies":"Red Slaver","floor":7,"turns":5},{"damage":12,"enemies":"Large Slime","floor":11,"turns":7},{"damage":6,"enemies":"Exordium Wildlife","floor":13,"turns":3},{"damage":12,"enemies":"Exordium Thugs","floor":14,"turns":3},{"damage":45,"enemies":"The Guardian","floor":16,"turns":8},{"damage":12,"enemies":"2 Thieves","floor":18,"turns":4},{"damage":9,"enemies":"conspire:FuzzyDice","floor":21,"turns":8},{"damage":0,"enemies":"conspire:Head Lice","floor":24,"turns":4},{"damage":18,"enemies":"Centurion and Healer","floor":29,"turns":6},{"damage":14,"enemies":"Cultist and Chosen","floor":30,"turns":4},{"damage":5,"enemies":"Sentry and Sphere","floor":31,"turns":3},{"damage":39,"enemies":"conspire:MysteriousRune","floor":33,"turns":9},{"damage":6,"enemies":"3 Shapes","floor":35,"turns":3},{"damage":84,"enemies":"infinitespire:MassOfShapes","floor":37,"turns":11}],"seed_played":"3018599100689018468","potions_obtained":[{"floor":2,"key":"SpeedPotion"},{"floor":5,"key":"Ancient Potion"},{"floor":7,"key":"Block Potion"},{"floor":24,"key":"EntropicBrew"},{"floor":29,"key":"Guardian:BlockOnCardUsePotion"},{"floor":31,"key":"SmokeBomb"}],"is_trial":false,"path_per_floor":["M","M","?","M","M","R","M","?","T","R","M","$","M","M","R","B",null,"M","?","?","M","$","R","E","R","T","R","$","M","M","M","R","B",null,"M","?","B"],"character_chosen":"WATCHER","items_purchased":["Pray","conspire:Banana","Golden Egg"],"campfire_rested":3,"item_purchase_floors":[12,12,28],"current_hp_per_floor":[70,66,55,51,36,57,53,53,53,53,41,41,36,25,47,3,75,64,64,64,56,56,56,57,57,57,57,57,41,29,26,51,14,86,82,82,0,0],"gold":164,"neow_bonus":"HUNDRED_GOLD","is_daily":false,"chose_seed":false,"campfire_upgraded":4,"win_rate":0.0,"timestamp":1611927046,"path_taken":["M","M","?","M","M","R","M","?","T","R","M","?","?","M","R","BOSS","M","?","?","M","?","R","E","R","T","R","$","M","M","M","R","BOSS","M","?","BOSS"],"items_purchased_type":["Card","Card","Relic"],"build_version":"2020-12-22","purchased_purges":1,"victory":false,"max_hp_per_floor":[72,72,72,72,72,72,72,72,72,72,72,72,73,74,74,75,75,76,76,76,77,77,77,78,78,78,78,78,80,82,84,84,86,86,88,88,90,90],"card_choices":[{"not_picked":["Replay:BluntJabs","Replay:Hum"],"picked":"PathToVictory","floor":1},{"not_picked":["ThirdEye","CutThroughFate"],"picked":"Adaptation","floor":2},{"not_picked":["EmptyFist","Replay:Anticipation"],"picked":"ConjureBlade","floor":4},{"not_picked":["JustLucky","SashWhip"],"picked":"Replay:Vibes","floor":5},{"not_picked":["SashWhip","JustLucky","Replay:Cycle"],"picked":"SKIP","floor":7},{"not_picked":["JustLucky","WaveOfTheHand"],"picked":"Brilliance","floor":11},{"not_picked":["SashWhip","Replay:DivineShield"],"picked":"FollowUp","floor":13},{"not_picked":["Crescendo","ThirdEye"],"picked":"Replay:AtTheReady","floor":14},{"not_picked":["Scrawl","DeusExMachina"],"picked":"Ragnarok","floor":16},{"not_picked":["BowlingBash","ThirdEye","Replay:ManipulateFuture"],"picked":"SKIP","floor":18},{"not_picked":["Evaluate","FollowUp","Replay:BluntJabs"],"picked":"SKIP","floor":21},{"not_picked":["BowlingBash","CrushJoints"],"picked":"Conclude","floor":24},{"not_picked":["Evaluate","DeusExMachina"],"picked":"WreathOfFlame","floor":29},{"not_picked":["LikeWater","Judgement"],"picked":"ClearTheMind","floor":30},{"not_picked":["BowlingBash+1","InnerPeace"],"picked":"Perseverance","floor":31},{"not_picked":["Omniscience","Replay:AllIn"],"picked":"Replay:LoomingThreat","floor":33},{"not_picked":["ReachHeaven+1","Replay:DivineShield+1"],"picked":"Halt+1","floor":35}],"player_experience":34782,"relics_obtained":[{"floor":9,"key":"infinitespire:BottledMercury"},{"floor":24,"key":"infinitespire:CheckeredPen"},{"floor":26,"key":"ReplayFunnel"}],"event_choices":[{"damage_healed":0,"gold_gain":75,"player_choice":"Gather Gold","damage_taken":11,"max_hp_gain":0,"max_hp_loss":0,"event_name":"World of Goop","floor":3,"gold_loss":0},{"damage_healed":0,"gold_gain":0,"player_choice":"Leave","damage_taken":0,"max_hp_gain":0,"max_hp_loss":0,"event_name":"conspire:Investor","floor":19,"gold_loss":0},{"damage_healed":0,"gold_gain":0,"player_choice":"Obtained Relic","damage_taken":0,"relics_obtained":["hubris:ToyBattleship"],"max_hp_gain":0,"max_hp_loss":0,"event_name":"Addict","floor":20,"gold_loss":85},{"damage_healed":0,"gold_gain":0,"player_choice":"Took Portal","damage_taken":0,"max_hp_gain":0,"max_hp_loss":0,"event_name":"SecretPortal","floor":36,"gold_loss":0}],"is_beta":false,"boss_relics":[{"not_picked":["Replay:Bronze Core","aspiration:RitualDagger"],"picked":"HolyWater"},{"not_picked":["hubris:HollowSoul","infinitespire:Cupcake"],"picked":"VioletLotus"}],"items_purged_floors":[12],"is_endless":false,"potions_floor_spawned":[2,5,7,24,29,31],"killed_by":"infinitespire:MassOfShapes","ascension_level":0}}