{"host":"p4v0hquynnreu717","time":1611927743,"event":{"mods":["BaseMod","Better Vampires","DeckTracker","Googly Eyes","Minty Spire (QoL Compilation)","Quick Restart","StSLib","SuperFastMode"],"gold_per_floor":[118,43,43,5,20,54,20,20,20,20,45,45,59,76,76,150,150,163,163,163],"floor_reached":19,"language":"ZHS","playtime":351,"items_purged":["Strike_R"],"score":350,"play_id":"21d8bc29-e82a-47d3-9bbb-7808f29049db","local_time":"20210129214223","is_ascension_mode":true,"campfire_choices":[{"data":"Rupture","floor":8.0,"key":"SMITH"},{"data":"Bash","floor":10.0,"key":"SMITH"},{"data":"Strike_R","floor":15.0,"key":"PURGE"}],"circlet_count":0,"master_deck":["AscendersBane","Strike_R","Defend_R","Defend_R","Defend_R","Defend_R","Bash+1","Power Through","Hemokinesis","Rupture+1","Reaper","Feel No Pain","Hemokinesis","Exhume"],"relics":["Burning Blood","NeowsBlessing","Potion Belt","Question Card","Kunai","Peace Pipe","Empty Cage"],"acts_visited":["Exordium","TheCity"],"potions_floor_usage":[],"damage_taken":[{"damage":0.0,"enemies":"2 Louse","floor":1.0,"turns":1.0},{"damage":0.0,"enemies":"Cultist","floor":5.0,"turns":1.0},{"damage":0.0,"enemies":"Gremlin Nob","floor":6.0,"turns":1.0},{"damage":36.0,"enemies":"3 Sentries","floor":11.0,"turns":9.0},{"damage":2.0,"enemies":"Small Slimes","floor":13.0,"turns":3.0},{"damage":13.0,"enemies":"Looter","floor":14.0,"turns":4.0},{"damage":25.0,"enemies":"Slime Boss","floor":16.0,"turns":7.0},{"damage":39.0,"enemies":"2 Thieves","floor":18.0,"turns":5.0},{"damage":33,"enemies":"Spheric Guardian","floor":19,"turns":6}],"seed_played":"-8143228791860358535","potions_obtained":[{"floor":3.0,"key":"Fruit Juice"},{"floor":3.0,"key":"LiquidMemories"},{"floor":5.0,"key":"Swift Potion"},{"floor":14.0,"key":"DistilledChaos"}],"is_trial":false,"path_per_floor":["M","$","?","$","M","E","$","R","T","R","E","?","M","M","R","B",null,"M","M"],"character_chosen":"IRONCLAD","items_purchased":["Power Through","Rupture"],"campfire_rested":0,"item_purchase_floors":[4,7],"current_hp_per_floor":[74,74,79,79,80,80,80,80,80,80,50,45,49,48,48,43,71,38,5,5],"gold":163,"neow_bonus":"THREE_ENEMY_KILL","is_daily":false,"chose_seed":false,"campfire_upgraded":2,"win_rate":0.0,"timestamp":1611927743,"path_taken":["M","$","?","$","?","E","$","R","T","R","E","?","M","M","R","BOSS","M","M"],"items_purchased_type":["Card","Card"],"build_version":"2020-12-22","purchased_purges":1,"victory":false,"max_hp_per_floor":[75,75,80,80,80,80,80,80,80,80,80,80,80,80,80,80,80,80,80,80],"card_choices":[{"not_picked":["Pommel Strike","Iron Wave","Wild Strike"],"picked":"SKIP","floor":1.0},{"not_picked":["Thunderclap","Cleave"],"picked":"Hemokinesis","floor":5.0},{"not_picked":["Flex","Warcry","Heavy Blade"],"picked":"SKIP","floor":6.0},{"not_picked":["Shrug It Off","Body Slam","Sword Boomerang"],"picked":"Reaper","floor":11.0},{"not_picked":["Ghostly Armor","Headbutt","Fire Breathing"],"picked":"Feel No Pain","floor":13.0},{"not_picked":["Twin Strike","Spot Weakness","Body Slam"],"picked":"Hemokinesis","floor":14.0},{"not_picked":["Barricade","Fiend Fire","Berserk"],"picked":"Exhume","floor":16.0},{"not_picked":["Thunderclap","Wild Strike","Pommel Strike","Rage"],"picked":"SKIP","floor":18.0}],"player_experience":793593,"relics_obtained":[{"floor":6.0,"key":"Potion Belt"},{"floor":9.0,"key":"Question Card"},{"floor":11.0,"key":"Kunai"}],"event_choices":[{"damage_healed":0.0,"max_hp_gain":0.0,"max_hp_loss":0.0,"gold_gain":0.0,"event_name":"Lab","player_choice":"Got Potions","floor":3.0,"gold_loss":0.0,"damage_taken":0.0},{"damage_healed":0.0,"max_hp_gain":0.0,"max_hp_loss":0.0,"gold_gain":0.0,"event_name":"Scrap Ooze","player_choice":"Success","floor":12.0,"gold_loss":0.0,"damage_taken":5.0,"relics_obtained":["Peace Pipe"]}],"is_beta":false,"boss_relics":[{"not_picked":["Runic Dome","Cursed Key"],"picked":"Empty Cage"}],"items_purged_floors":[2],"is_endless":false,"potions_floor_spawned":[5,14],"killed_by":"Spheric Guardian","ascension_level":15}}