{"host":"p4v0hquynnreu717","time":1611927151,"event":{"mods":["BaseMod","Better Vampires","DeckTracker","Googly Eyes","Minty Spire (QoL Compilation)","Quick Restart","StSLib","SuperFastMode"],"gold_per_floor":[117,42,92,112,112,112,141,159,159,178,178,209,236,236,236,310,310,321,337,354,71,71,71,99,99,99,99,99],"floor_reached":27,"language":"ZHS","playtime":546,"items_purged":["Strike_R","Strike_R"],"score":466,"play_id":"2d7fcb6e-b286-4271-945e-802b25213e4a","local_time":"20210129213231","is_ascension_mode":true,"campfire_choices":[{"data":"Armaments","floor":6.0,"key":"SMITH"},{"data":"Hemokinesis","floor":11.0,"key":"SMITH"},{"data":"Bloodletting","floor":15.0,"key":"SMITH"},{"floor":23.0,"key":"REST"}],"circlet_count":0,"master_deck":["AscendersBane","Strike_R","Defend_R","Defend_R","Defend_R","Defend_R","Bash","Armaments+1","Hemokinesis+1","Bloodletting+1","Sword Boomerang","Disarm","Fire Breathing+1","Demon Form+1","Finesse","Decay"],"relics":["Burning Blood","NeowsBlessing","Smiling Mask","Sundial","Mummified Hand","Frozen Egg 2","Odd Mushroom","Runic Cube","Bag of Preparation","Paper Frog"],"acts_visited":["Exordium","TheCity"],"potions_floor_usage":[27],"damage_taken":[{"damage":0.0,"enemies":"Cultist","floor":1.0,"turns":1.0},{"damage":0.0,"enemies":"Jaw Worm","floor":4.0,"turns":1.0},{"damage":0.0,"enemies":"Gremlin Nob","floor":7.0,"turns":1.0},{"damage":2.0,"enemies":"2 Louse","floor":8.0,"turns":3.0},{"damage":7.0,"enemies":"Large Slime","floor":10.0,"turns":5.0},{"damage":31.0,"enemies":"Lagavulin","floor":12.0,"turns":7.0},{"damage":16.0,"enemies":"The Mushroom Lair","floor":13.0,"turns":4.0},{"damage":32.0,"enemies":"Slime Boss","floor":16.0,"turns":6.0},{"damage":20.0,"enemies":"Spheric Guardian","floor":18.0,"turns":4.0},{"damage":20.0,"enemies":"Chosen","floor":19.0,"turns":6.0},{"damage":20.0,"enemies":"Snake Plant","floor":20.0,"turns":4.0},{"damage":0.0,"enemies":"Sentry and Sphere","floor":22.0,"turns":2.0},{"damage":28.0,"enemies":"Gremlin Leader","floor":24.0,"turns":5.0},{"damage":23,"enemies":"Centurion and Healer","floor":27,"turns":4}],"seed_played":"4373694678683352974","potions_obtained":[{"floor":7.0,"key":"AttackPotion"},{"floor":8.0,"key":"DistilledChaos"},{"floor":10.0,"key":"ElixirPotion"},{"floor":18.0,"key":"SmokeBomb"}],"is_trial":false,"path_per_floor":["M","$","T","M","?","R","E","M","T","M","R","E","?","?","R","B",null,"M","M","M","$","M","R","E","?","T","M"],"character_chosen":"IRONCLAD","items_purchased":["Bag of Preparation","Finesse"],"campfire_rested":1,"item_purchase_floors":[21,21],"current_hp_per_floor":[74,74,74,75,68,68,74,75,75,74,74,49,39,39,39,13,60,46,32,18,18,24,46,24,24,24,1,1],"gold":99,"neow_bonus":"THREE_ENEMY_KILL","is_daily":false,"chose_seed":false,"campfire_upgraded":3,"win_rate":0.0,"timestamp":1611927151,"path_taken":["M","$","?","?","?","R","E","M","T","M","R","E","?","?","R","BOSS","M","M","M","$","M","R","E","?","T","M"],"items_purchased_type":["Relic","Card"],"build_version":"2020-12-22","purchased_purges":2,"victory":false,"max_hp_per_floor":[75,75,75,75,75,75,75,75,75,75,75,75,75,75,75,75,75,75,75,75,75,75,75,75,75,75,75,75],"card_choices":[{"not_picked":["Wild Strike","Seeing Red","Heavy Blade"],"picked":"SKIP","floor":1.0},{"not_picked":["Searing Blow","Pommel Strike"],"picked":"Armaments","floor":4.0},{"not_picked":["Havoc","Anger"],"picked":"Hemokinesis","floor":7.0},{"not_picked":["Fire Breathing","Headbutt"],"picked":"Bloodletting","floor":8.0},{"not_picked":["Ghostly Armor","Heavy Blade"],"picked":"Sword Boomerang","floor":10.0},{"not_picked":["Anger","Twin Strike"],"picked":"Disarm","floor":12.0},{"not_picked":["Double Tap","Impervious"],"picked":"Demon Form+1","floor":16.0},{"not_picked":["Cleave","Thunderclap","Flex"],"picked":"SKIP","floor":18.0},{"not_picked":["Thunderclap","Twin Strike","Dropkick"],"picked":"SKIP","floor":19.0},{"not_picked":["Blood for Blood","Corruption+1","Armaments"],"picked":"SKIP","floor":20.0},{"not_picked":["Twin Strike+1","Perfected Strike","Headbutt"],"picked":"SKIP","floor":24.0}],"player_experience":793593,"relics_obtained":[{"floor":3.0,"key":"Smiling Mask"},{"floor":7.0,"key":"Sundial"},{"floor":9.0,"key":"Mummified Hand"},{"floor":12.0,"key":"Frozen Egg 2"},{"floor":13.0,"key":"Odd Mushroom"},{"floor":24.0,"key":"Paper Frog"}],"event_choices":[{"cards_removed":["Strike_R"],"damage_healed":0.0,"max_hp_gain":0.0,"max_hp_loss":0.0,"gold_gain":0.0,"event_name":"Golden Wing","player_choice":"Card Removal","floor":5.0,"gold_loss":0.0,"damage_taken":7.0},{"damage_healed":0.0,"max_hp_gain":0.0,"max_hp_loss":0.0,"gold_gain":0.0,"event_name":"Mushrooms","player_choice":"Fought Mushrooms","floor":13.0,"gold_loss":0.0,"damage_taken":0.0},{"damage_healed":0.0,"max_hp_gain":0.0,"max_hp_loss":0.0,"gold_gain":0.0,"cards_transformed":["Strike_R"],"event_name":"Living Wall","player_choice":"Change","floor":14.0,"gold_loss":0.0,"damage_taken":0.0,"cards_obtained":["Fire Breathing"]},{"damage_healed":0.0,"max_hp_gain":0.0,"max_hp_loss":0.0,"gold_gain":0.0,"event_name":"Forgotten Altar","player_choice":"Smashed Altar","floor":25.0,"gold_loss":0.0,"damage_taken":0.0,"cards_obtained":["Decay"]}],"is_beta":false,"boss_relics":[{"not_picked":["Runic Pyramid","Mark of Pain"],"picked":"Runic Cube"}],"items_purged_floors":[2,21],"is_endless":false,"potions_floor_spawned":[7,8,10,12,18],"killed_by":"Centurion and Healer","ascension_level":15}}