{"host":"vqd8yewason9t24a","time":1611933404,"event":{"mods":["AchievementEnabler","Act Like it!","Aspiration","BaseMod","Better Match","Better Note","BetterRewards","Block Reminder","Card Forge","Colored Map","Colored Powertips","Conspire","DeckTracker","Downfall","Energized Spire","Friendly Minions","Highlight Path","Hubris","Infinite Spire","Minty Spire (QoL Compilation)","Quick Restart","READ ME - Guardian Mod","Rare Cards Sparkle","Relic Stats","Replay The Spire","Spikes Relics","StSLib","SuperFastMode"],"gold_per_floor":[99,110,110,210,224,149,149,74,103,103,114,125,144,144,164,261,261,186,199,216,216,216,231,284,284,284,298,298,283,296,296,308,407,407,407,424,443,543,528,545,569,569,899,919,919,1249,1249,1249,1249,1249],"floor_reached":48,"language":"ENG","playtime":6742,"items_purged":[],"score":537,"play_id":"2ae5a64a-cea5-4e27-a4f7-1cf4bf16d35e","local_time":"20210129071644","is_ascension_mode":false,"campfire_choices":[{"floor":1.0,"key":"RECALL"},{"floor":6.0,"key":"REST"},{"floor":8.0,"key":"REST"},{"floor":18.0,"key":"REST"},{"floor":26.0,"key":"REST"},{"floor":35.0,"key":"REST"},{"floor":42.0,"key":"REST"},{"floor":47,"key":"REST"}],"circlet_count":0,"master_deck":["Slimebound:Strike_Slimebound+1","Slimebound:Strike_Slimebound+1","Slimebound:Strike_Slimebound+1","Slimebound:Tackle+1","Slimebound:Defend_Slimebound+1","Slimebound:Defend_Slimebound+1","Slimebound:Defend_Slimebound+1","Slimebound:Defend_Slimebound+1","Slimebound:Split+1","Slimebound:CorrosiveSpit+1","Slimebound:LeechLife+1","Slimebound:PressTheAttack+1","Slimebound:PressTheAttack+1","Slimebound:Schlurp+1","Slimebound:SamplingLick+1","Slimebound:LeechingTouch+1","Slimebound:MassFeed+1","Slimebound:ForwardTackle+1","infinitespire:SevenWalls+1","Slimebound:ItLooksTasty+1","Slimebound:GoopSpray+1","Sweeping Beam+1","hexamod:RainOfEmbers+1","Guardian:AncientConstruct+1","Self Repair+1","ReplayTheSpireMod:Tripwire+1","sneckomod:Unknown0Cost+1","Headbutt+1","champ:Duel+1","Iron Wave+1","hubris:Fate+1","hubris:Rewind+1","hexamod:DynamicBlow+1"],"relics":["Slimebound:AbsorbEndCombat","Hammer of Thor","Seething Fire","Anvil of the Gods","downfall:HeartBlessingRed","downfall:HeartBlessingBlue","Replay:Bottled Steam","energizedSpire:CursedPentagram","downfall:HeartBlessingGreen","Black Star","Blue Doll","PrismaticShard","ReplayFunnel","hubris:PeanutButter","hubris:HollowSoul","Toy Ornithopter","Blood Vial","Old Coin","Slimebound:AggressiveSlimeRelic"],"acts_visited":["TheCity","TheBeyond"],"potions_floor_usage":[],"damage_taken":[{"damage":9.0,"enemies":"Cultist","floor":2.0,"turns":3.0},{"damage":11.0,"enemies":"Jaw Worm","floor":5.0,"turns":2.0},{"damage":15.0,"enemies":"Gremlin Nob","floor":9.0,"turns":3.0},{"damage":0.0,"enemies":"2 Louse","floor":11.0,"turns":2.0},{"damage":35.0,"enemies":"Exordium Thugs","floor":12.0,"turns":3.0},{"damage":12.0,"enemies":"Large Slime","floor":13.0,"turns":3.0},{"damage":12.0,"enemies":"2 Fungi Beasts","floor":15.0,"turns":2.0},{"damage":39.0,"enemies":"downfall:Ironclad","floor":16.0,"turns":7.0},{"damage":22.0,"enemies":"Chosen","floor":19.0,"turns":3.0},{"damage":8.0,"enemies":"Spheric Guardian","floor":20.0,"turns":3.0},{"damage":31.0,"enemies":"Centurion and Healer","floor":23.0,"turns":4.0},{"damage":9.0,"enemies":"Sentry and Sphere","floor":27.0,"turns":4.0},{"damage":8.0,"enemies":"downfall:FleeingMerchant","floor":29.0,"turns":4.0},{"damage":0.0,"enemies":"3 Cultists","floor":30.0,"turns":3.0},{"damage":7.0,"enemies":"Snake Plant","floor":32.0,"turns":2.0},{"damage":22.0,"enemies":"downfall:Defect","floor":33.0,"turns":7.0},{"damage":0.0,"enemies":"3 Shapes","floor":36.0,"turns":2.0},{"damage":42.0,"enemies":"3 Darklings","floor":37.0,"turns":4.0},{"damage":18.0,"enemies":"downfall:LadyInBlue","floor":38.0,"turns":6.0},{"damage":0.0,"enemies":"downfall:FleeingMerchant","floor":39.0,"turns":4.0},{"damage":7.0,"enemies":"4 Shapes","floor":40.0,"turns":4.0},{"damage":14.0,"enemies":"downfall:FleeingMerchant","floor":43.0,"turns":3.0},{"damage":0,"enemies":"Spire Growth","floor":44,"turns":5},{"damage":72,"enemies":"Nightmare","floor":46,"turns":8},{"damage":10,"enemies":"infinitespire:Three Voidlings","floor":48,"turns":4},{"damage":43,"enemies":"Nightmare_Alpha","floor":48,"turns":5}],"seed_played":"-9181155882899942166","potions_obtained":[{"floor":5.0,"key":"SkillPotion"},{"floor":12.0,"key":"Reflective Coating"},{"floor":15.0,"key":"SkillPotion"},{"floor":38.0,"key":"Fruit Juice"},{"floor":38.0,"key":"Block Potion"},{"floor":44,"key":"hexamod:SoulburnPotion"}],"is_trial":false,"path_per_floor":["R","M","?","?","M","R","T","R","E","?","M","M","M","?","M","B",null,"R","M","M","AVR","?","M","T","?","R","M","?","$","M","T","M","B",null,"R","M","M","?","$","M","T","R","$","M","?","NM","R","?"],"character_chosen":"SLIMEBOUND","items_purchased":[],"campfire_rested":7,"item_purchase_floors":[],"current_hp_per_floor":[60,60,60,60,57,60,60,70,70,70,70,47,69,70,70,54,70,70,64,72,72,72,61,61,53,76,81,81,82,82,82,79,82,82,82,82,67,91,91,95,95,95,88,99,99,58,87,0,0,0],"gold":1249,"neow_bonus":"THREE_RARE_CARDS","is_daily":false,"chose_seed":false,"campfire_upgraded":0,"win_rate":0.0,"timestamp":1611933404,"path_taken":["R","M","?","?","M","R","T","R","E","?","M","?","M","?","M","BOSS","R","M","M","AVR","?","M","T","?","R","M","?","$","M","?","M","BOSS","R","M","M","?","$","M","T","R","?","M","?","NM","R","?"],"items_purchased_type":[],"build_version":"2020-12-22","purchased_purges":0,"victory":false,"max_hp_per_floor":[60,60,60,60,60,60,60,70,70,70,70,70,70,70,70,70,70,70,70,74,74,74,78,78,78,78,82,82,82,82,82,82,82,82,82,82,82,91,91,95,95,95,95,99,99,99,99,107,107,107],"relic_stats":{"Blood Vial":4,"counters":[26,106],"Black Star":1,"obtain_stats":[{"ReplayFunnel":28,"Slimebound:AggressiveSlimeRelic":46,"downfall:HeartBlessingRed":6,"downfall:HeartBlessingGreen":18,"Blue Doll":24,"Hammer of Thor":0,"hubris:HollowSoul":34,"Seething Fire":0,"PrismaticShard":25,"Old Coin":46,"Blood Vial":41,"energizedSpire:CursedPentagram":17,"Anvil of the Gods":0,"downfall:HeartBlessingBlue":8,"hubris:PeanutButter":31,"Slimebound:AbsorbEndCombat":0,"Black Star":21,"Toy Ornithopter":38,"Replay:Bottled Steam":9},{"ReplayFunnel":12,"Slimebound:AggressiveSlimeRelic":24,"downfall:HeartBlessingRed":2,"downfall:HeartBlessingGreen":8,"Blue Doll":11,"Hammer of Thor":0,"hubris:HollowSoul":16,"Seething Fire":0,"PrismaticShard":11,"Old Coin":24,"Blood Vial":21,"energizedSpire:CursedPentagram":8,"Anvil of the Gods":0,"downfall:HeartBlessingBlue":2,"hubris:PeanutButter":14,"Slimebound:AbsorbEndCombat":0,"Black Star":10,"Toy Ornithopter":19,"Replay:Bottled Steam":3},{"ReplayFunnel":37,"Slimebound:AggressiveSlimeRelic":88,"downfall:HeartBlessingRed":5,"downfall:HeartBlessingGreen":24,"Blue Doll":33,"Hammer of Thor":0,"hubris:HollowSoul":53,"Seething Fire":0,"PrismaticShard":33,"Old Coin":88,"Blood Vial":73,"energizedSpire:CursedPentagram":24,"Anvil of the Gods":0,"downfall:HeartBlessingBlue":5,"hubris:PeanutButter":44,"Slimebound:AbsorbEndCombat":0,"Black Star":29,"Toy Ornithopter":65,"Replay:Bottled Steam":8}],"Toy Ornithopter":0},"card_choices":[{"not_picked":["Slimebound:TagTeam","Slimebound:SelfFormingGoo"],"picked":"Slimebound:LeechLife","floor":0.0},{"not_picked":["Slimebound:RainOfGoop","Slimebound:SplitLeeching"],"picked":"Slimebound:PressTheAttack","floor":2.0},{"not_picked":["Slimebound:DisruptingSlam","Slimebound:Nibble"],"picked":"Slimebound:PressTheAttack","floor":5.0},{"not_picked":["Slimebound:GoopSpray","Slimebound:SplitLeeching"],"picked":"Slimebound:Schlurp","floor":9.0},{"not_picked":["Slimebound:BestDefense","Slimebound:Chomp"],"picked":"Slimebound:SplitMire","floor":11.0},{"not_picked":["Slimebound:SplitMire","Slimebound:SplitLeeching"],"picked":"Slimebound:SamplingLick","floor":12.0},{"not_picked":["Slimebound:SlimeSpikes","Slimebound:ComboTackle"],"picked":"Slimebound:LeechingTouch","floor":13.0},{"not_picked":["Slimebound:RollThrough","Slimebound:FlameTackle"],"picked":"Slimebound:MinionMaster","floor":15.0},{"not_picked":["Slimebound:PrepareCrush","Slimebound:Teamwork"],"picked":"Slimebound:MassFeed","floor":16.0},{"not_picked":["Slimebound:FinishingTackle","Slimebound:DisruptingSlam"],"picked":"Slimebound:ForwardTackle","floor":19.0},{"not_picked":["Slimebound:SplitBruiser","Slimebound:SlimeSpikes"],"picked":"Slimebound:SplitAcid","floor":20.0},{"not_picked":["Slimebound:ComboTackle","Slimebound:Schlurp+1"],"picked":"Slimebound:ItLooksTasty","floor":23.0},{"not_picked":["Slimebound:LeechingTouch","Slimebound:Replication+1"],"picked":"Slimebound:GoopSpray+1","floor":25.0},{"not_picked":["Concentrate+1","expansioncontent:DonusPower"],"picked":"Sweeping Beam","floor":27.0},{"not_picked":["expansioncontent:HyperBeam","Go for the Eyes"],"picked":"Apotheosis","floor":29.0},{"not_picked":["FlyingSleeves","Guardian:Gem_Green"],"picked":"hexamod:RainOfEmbers","floor":30.0},{"not_picked":["Acrobatics","hexamod:HauntingEcho"],"picked":"Slimebound:SplitMire","floor":32.0},{"not_picked":["hubris:DoWhile","LessonLearned"],"picked":"Guardian:AncientConstruct","floor":33.0},{"not_picked":["sneckomod:DiceCrush","Guardian:TimeBomb+1"],"picked":"Self Repair+1","floor":36.0},{"not_picked":["hexamod:RainOfEmbers","Iron Wave"],"picked":"Warcry+1","floor":37.0},{"not_picked":["hexamod:NightmareStrike","hexamod:SpectersWail"],"picked":"ReplayTheSpireMod:Tripwire","floor":38.0},{"not_picked":["sneckomod:SoulExchange","Consume+1"],"picked":"sneckomod:Unknown0Cost","floor":39.0},{"not_picked":["Steam Power","Undo+1"],"picked":"Headbutt+1","floor":40.0},{"not_picked":["ReplayTheSpireMod:Strike From Hell","ReplayTheSpireMod:GoodbyeWorld"],"picked":"champ:Duel+1","floor":43},{"not_picked":["hexamod:Incineration","Guardian:PrismaticBarrier+1"],"picked":"Iron Wave","floor":44},{"not_picked":["ReplayTheSpireMod:Echoes of Time","infinitespire:SevenWalls"],"picked":"hubris:Fate","floor":45},{"not_picked":["infinitespire:Gouge","infinitespire:TheBestDefense"],"picked":"hubris:Rewind","floor":46},{"not_picked":["Slimebound:PressTheAttack","Slimebound:LivingWall"],"picked":"hexamod:DynamicBlow+1","floor":46}],"player_experience":534255,"relics_obtained":[{"floor":9.0,"key":"Replay:Bottled Steam"},{"floor":24.0,"key":"Blue Doll"},{"floor":25.0,"key":"PrismaticShard"},{"floor":31.0,"key":"hubris:PeanutButter"},{"floor":38.0,"key":"Toy Ornithopter"},{"floor":41.0,"key":"Blood Vial"},{"floor":46,"key":"Old Coin"},{"floor":46,"key":"Slimebound:AggressiveSlimeRelic"}],"event_choices":[{"damage_healed":0.0,"max_hp_gain":0.0,"max_hp_loss":0.0,"gold_gain":0.0,"event_name":"Transmorgrifier","player_choice":"Ignored","floor":10.0,"gold_loss":0.0,"damage_taken":0.0},{"damage_healed":0.0,"max_hp_gain":0.0,"max_hp_loss":0.0,"gold_gain":0.0,"event_name":"betterNote:BetterNote","player_choice":"Ignored","floor":22.0,"gold_loss":0.0,"damage_taken":0.0,"cards_obtained":["Slimebound:SlimeSpikes"]}],"is_beta":false,"boss_relics":[{"not_picked":["conspire:RoyalGoblet","aspiration:SilentSkillbook"],"picked":"energizedSpire:CursedPentagram"},{"not_picked":["SlaversCollar","Runic Dome"],"picked":"hubris:HollowSoul"}],"items_purged_floors":[],"is_endless":true,"potions_floor_spawned":[5,12,15,16,23,32,33,38,44,48],"killed_by":"Nightmare_Alpha","ascension_level":0}}