{"host":"344lv32hnei0mdhu","time":1611948163,"event":{"mods":["Act Like it!","BaseMod","Better Match","Better Sensory Stone","Better Skull","Better Third Choice","Better Vampires","Colored Powertips","Highlight Path","Minty Spire (QoL Compilation)","Quick Restart","Random Character Button","Rare Cards Sparkle","StSLib"],"gold_per_floor":[112,112,112,126,126,126,169,169,169,205,205,219,219,254,254,254,254],"floor_reached":16,"language":"ENG","playtime":599,"items_purged":[],"score":219,"play_id":"f8c8c8d3-783e-4ff3-923f-e7f6ad91abcb","local_time":"20210129132243","is_ascension_mode":true,"campfire_choices":[{"floor":6.0,"key":"REST"},{"data":"Bash","floor":8.0,"key":"SMITH"},{"floor":11.0,"key":"REST"},{"floor":13.0,"key":"RECALL"},{"floor":15,"key":"REST"}],"circlet_count":0,"master_deck":["AscendersBane","Strike_R+1","Strike_R","Strike_R","Strike_R","Strike_R","Defend_R","Defend_R","Defend_R+1","Defend_R","Bash+1","Reckless Charge","Thunderclap","Limit Break","Cleave","Armaments"],"relics":["Burning Blood","NeowsBlessing","Golden Idol","Ancient Tea Set","Kunai","Matryoshka","Sundial","Dream Catcher"],"acts_visited":["Exordium"],"potions_floor_usage":[],"damage_taken":[{"damage":0.0,"enemies":"Small Slimes","floor":1.0,"turns":1.0},{"damage":0.0,"enemies":"Jaw Worm","floor":4.0,"turns":1.0},{"damage":0.0,"enemies":"Gremlin Nob","floor":7.0,"turns":1.0},{"damage":35.0,"enemies":"3 Sentries","floor":10.0,"turns":8.0},{"damage":6.0,"enemies":"2 Louse","floor":12.0,"turns":3.0},{"damage":40.0,"enemies":"Lagavulin","floor":14.0,"turns":6.0},{"damage":0,"enemies":"Slime Boss","floor":16,"turns":4}],"seed_played":"-8644693429030663829","potions_obtained":[{"floor":7.0,"key":"Swift Potion"},{"floor":14,"key":"Block Potion"}],"is_trial":false,"path_per_floor":["M","?","?","M","T","R","E","R","T","E","R","M","R","E","R","B"],"character_chosen":"IRONCLAD","items_purchased":[],"campfire_rested":3,"item_purchase_floors":[],"current_hp_per_floor":[78,62,42,48,48,72,78,78,78,49,73,73,73,39,63,63,63],"gold":254,"neow_bonus":"THREE_ENEMY_KILL","is_daily":false,"chose_seed":false,"campfire_upgraded":1,"win_rate":0.0,"timestamp":1611948163,"path_taken":["M","?","?","?","?","R","E","R","T","E","R","M","R","E","R","BOSS"],"items_purchased_type":[],"build_version":"2020-12-22","purchased_purges":0,"victory":false,"max_hp_per_floor":[80,80,80,80,80,80,80,80,80,80,80,80,80,80,80,80,80],"card_choices":[{"not_picked":["Flex","Clothesline"],"picked":"Reckless Charge","floor":1.0},{"not_picked":["Battle Trance","Dark Embrace"],"picked":"Thunderclap","floor":4.0},{"not_picked":["Carnage","Clothesline"],"picked":"Limit Break","floor":7.0},{"not_picked":["Headbutt","Combust","Dropkick"],"picked":"SKIP","floor":10.0},{"not_picked":["Evolve","True Grit"],"picked":"Cleave","floor":12.0},{"not_picked":["Clothesline","Pommel Strike"],"picked":"Armaments","floor":14}],"player_experience":387523,"relics_obtained":[{"floor":5.0,"key":"Ancient Tea Set"},{"floor":7.0,"key":"Kunai"},{"floor":9.0,"key":"Matryoshka"},{"floor":10.0,"key":"Sundial"},{"floor":14,"key":"Dream Catcher"}],"event_choices":[{"damage_healed":78.0,"max_hp_gain":0.0,"max_hp_loss":80.0,"gold_gain":0.0,"event_name":"betterThird:BetterShining","player_choice":"Upgrade","floor":2.0,"gold_loss":0.0,"damage_taken":16.0,"cards_upgraded":["Strike_R","Defend_R"]},{"damage_healed":0.0,"max_hp_gain":0.0,"max_hp_loss":0.0,"gold_gain":0.0,"event_name":"Golden Idol","player_choice":"Take Damage","floor":3.0,"gold_loss":0.0,"damage_taken":20.0,"relics_obtained":["Golden Idol"]}],"is_beta":false,"boss_relics":[],"items_purged_floors":[],"is_endless":false,"potions_floor_spawned":[7,14],"killed_by":"Slime Boss","ascension_level":11}}