{"host":"3jpcvpprzj9sjffh","time":1611929968,"event":{"mods":["AchievementEnabler","BaseMod","Colored Map","Minty Spire (QoL Compilation)","Rare Cards Sparkle","SuperFastMode","everything is the same but u backflip on backflip"],"gold_per_floor":[318,335,348,348,23,53,53,82,82,43,43,57,57,73,73,168,168,168,68,68,68,68,68,68,68,68,68,68,68,68,68,68,68,68,68,68,68,68,68,68,68,68,68,68,68,68,68,68,68,68,68],"floor_reached":50,"language":"KOR","playtime":1435,"items_purged":["Strike_R","Defend_R"],"score":550,"play_id":"2d3b43cd-50fe-4ba1-b2e7-1db372877e59","local_time":"20210129231928","is_ascension_mode":false,"campfire_choices":[{"floor":7,"key":"REST"},{"data":"Perfected Strike","floor":13,"key":"SMITH"},{"data":"Perfected Strike","floor":15,"key":"SMITH"},{"data":"Pommel Strike","floor":23,"key":"SMITH"},{"data":"Heavy Blade","floor":25,"key":"SMITH"},{"floor":30,"key":"RECALL"},{"floor":32,"key":"REST"},{"data":"Double Tap","floor":40,"key":"SMITH"},{"floor":42,"key":"REST"},{"floor":49,"key":"REST"}],"circlet_count":0,"master_deck":["Strike_R","Strike_R","Defend_R","Defend_R","Bash","Ghostly Armor","Pommel Strike+1","Twin Strike","Perfected Strike+1","Heavy Blade+1","Spot Weakness","Perfected Strike+1","Thunderclap","Seeing Red+1","Anger+1","Wild Strike","Flex+1","Inflame","Pommel Strike","Double Tap+1","Cleave+1","Ghostly Armor","Parasite","Twin Strike+1","Heavy Blade+1"],"relics":["Burning Blood","Old Coin","Kunai","Pen Nib","Matryoshka","Tiny Chest","MealTicket","Ectoplasm","Lantern","Blue Candle","Ancient Tea Set","Magic Flower","Runic Pyramid","Shuriken","Question Card","Pantograph","Bottled Flame"],"acts_visited":["Exordium","TheCity","TheBeyond"],"potions_floor_usage":[8,16,16,31,33,41,45,45,48,50,50,50],"damage_taken":[{"damage":0,"enemies":"Small Slimes","floor":1,"turns":3},{"damage":7,"enemies":"2 Louse","floor":2,"turns":3},{"damage":4,"enemies":"Cultist","floor":3,"turns":4},{"damage":30,"enemies":"Gremlin Nob","floor":6,"turns":5},{"damage":29,"enemies":"Lagavulin","floor":8,"turns":7},{"damage":12,"enemies":"Blue Slaver","floor":12,"turns":3},{"damage":8,"enemies":"Red Slaver","floor":14,"turns":2},{"damage":50,"enemies":"Hexaghost","floor":16,"turns":8},{"damage":10,"enemies":"Shell Parasite","floor":18,"turns":3},{"damage":10,"enemies":"Spheric Guardian","floor":20,"turns":3},{"damage":0,"enemies":"Snecko","floor":22,"turns":2},{"damage":11,"enemies":"Snake Plant","floor":24,"turns":2},{"damage":18,"enemies":"Gremlin Leader","floor":29,"turns":4},{"damage":8,"enemies":"Slavers","floor":31,"turns":3},{"damage":67,"enemies":"Collector","floor":33,"turns":5},{"damage":15,"enemies":"3 Darklings","floor":35,"turns":4},{"damage":0,"enemies":"Orb Walker","floor":36,"turns":1},{"damage":27,"enemies":"Writhing Mass","floor":39,"turns":3},{"damage":20,"enemies":"Spire Growth","floor":41,"turns":3},{"damage":11,"enemies":"Jaw Worm Horde","floor":44,"turns":2},{"damage":42,"enemies":"Reptomancer","floor":45,"turns":4},{"damage":0,"enemies":"Sphere and 2 Shapes","floor":46,"turns":3},{"damage":32,"enemies":"Giant Head","floor":48,"turns":6},{"damage":85,"enemies":"Time Eater","floor":50,"turns":4}],"seed_played":"-5229896451294290770","potions_obtained":[{"floor":1,"key":"PowerPotion"},{"floor":2,"key":"AttackPotion"},{"floor":8,"key":"Strength Potion"},{"floor":16,"key":"GamblersBrew"},{"floor":20,"key":"Block Potion"},{"floor":22,"key":"Ancient Potion"},{"floor":31,"key":"ElixirPotion"},{"floor":33,"key":"ColorlessPotion"},{"floor":39,"key":"Block Potion"},{"floor":44,"key":"DistilledChaos"},{"floor":45,"key":"Dexterity Potion"},{"floor":46,"key":"Weak Potion"},{"floor":48,"key":"Strength Potion"}],"is_trial":false,"path_per_floor":["M","M","M","?","$","E","R","E","T","$","?","M","R","M","R","B",null,"M","$","M","?","M","R","M","R","T","?","T","E","R","E","R","B",null,"M","M","?","?","M","R","M","R","T","M","E","M","T","E","R","B"],"character_chosen":"IRONCLAD","items_purchased":["Kunai","Spot Weakness"],"campfire_rested":4,"item_purchase_floors":[5,10],"current_hp_per_floor":[80,79,80,80,80,56,80,57,57,72,65,59,59,57,57,13,80,76,80,76,61,67,67,62,62,62,62,62,50,50,48,73,15,85,79,85,81,81,63,63,52,76,76,74,41,50,50,27,51,0,0],"gold":68,"neow_bonus":"ONE_RARE_RELIC","is_daily":false,"chose_seed":false,"campfire_upgraded":5,"win_rate":0.0,"timestamp":1611929968,"path_taken":["M","M","M","?","$","E","R","E","T","$","?","M","R","M","R","BOSS","M","$","M","?","M","R","M","R","T","?","?","E","R","E","R","BOSS","M","M","?","?","?","R","M","R","T","M","E","M","?","E","R","BOSS"],"items_purchased_type":["Relic","Card"],"build_version":"2020-12-22","purchased_purges":2,"victory":false,"max_hp_per_floor":[80,80,80,80,80,80,80,80,80,80,80,80,80,80,80,80,80,80,80,80,85,85,85,85,85,85,85,85,85,85,85,85,85,85,85,85,81,81,81,81,81,81,81,81,81,81,81,81,81,81,81],"card_choices":[{"not_picked":["Seeing Red","Fire Breathing"],"picked":"Ghostly Armor","floor":1},{"not_picked":["Dropkick","True Grit"],"picked":"Pommel Strike","floor":2},{"not_picked":["Rampage","Clash"],"picked":"Twin Strike","floor":3},{"not_picked":["Disarm","Carnage"],"picked":"Perfected Strike","floor":6},{"not_picked":["Anger","Thunderclap"],"picked":"Heavy Blade","floor":8},{"not_picked":["Ghostly Armor","Wild Strike"],"picked":"Perfected Strike","floor":12},{"not_picked":["Sword Boomerang","Body Slam"],"picked":"Thunderclap","floor":14},{"not_picked":["Iron Wave","Havoc"],"picked":"Seeing Red+1","floor":18},{"not_picked":["Feel No Pain","Heavy Blade+1"],"picked":"Anger+1","floor":20},{"not_picked":["Headbutt","Ghostly Armor+1"],"picked":"Wild Strike","floor":22},{"not_picked":["Reaper","Sword Boomerang"],"picked":"Flex+1","floor":24},{"not_picked":["Whirlwind","Blood for Blood"],"picked":"Inflame","floor":29},{"not_picked":["Battle Trance","Spot Weakness+1"],"picked":"Pommel Strike","floor":31},{"not_picked":["Fiend Fire","Brutality"],"picked":"Double Tap","floor":33},{"not_picked":["Hemokinesis","Warcry+1","Flame Barrier+1"],"picked":"SKIP","floor":35},{"not_picked":["Armaments","Rampage+1"],"picked":"Cleave+1","floor":36},{"not_picked":["Sentinel+1","Flame Barrier"],"picked":"Twin Strike+1","floor":39},{"not_picked":["Limit Break","Cleave","True Grit"],"picked":"SKIP","floor":41},{"not_picked":["Cleave","Clash","Searing Blow"],"picked":"SKIP","floor":44},{"not_picked":["Infernal Blade+1","Limit Break"],"picked":"Heavy Blade+1","floor":45},{"not_picked":["Ghostly Armor","Uppercut","Thunderclap+1","Havoc"],"picked":"SKIP","floor":46},{"not_picked":["Thunderclap","Entrench+1","Armaments","Whirlwind"],"picked":"SKIP","floor":48},{"not_picked":["Thunderclap","Entrench+1","Armaments","Whirlwind"],"picked":"SKIP","floor":48}],"player_experience":302326,"relics_obtained":[{"floor":6,"key":"Pen Nib"},{"floor":8,"key":"Matryoshka"},{"floor":9,"key":"Tiny Chest"},{"floor":9,"key":"MealTicket"},{"floor":26,"key":"Lantern"},{"floor":28,"key":"Blue Candle"},{"floor":29,"key":"Ancient Tea Set"},{"floor":31,"key":"Magic Flower"},{"floor":43,"key":"Shuriken"},{"floor":45,"key":"Question Card"},{"floor":47,"key":"Pantograph"},{"floor":48,"key":"Bottled Flame"}],"event_choices":[{"damage_healed":0,"gold_gain":0,"player_choice":"Ignored","damage_taken":0,"max_hp_gain":0,"max_hp_loss":0,"event_name":"Liars Game","floor":4,"gold_loss":0},{"cards_removed":["Defend_R"],"damage_healed":0,"gold_gain":0,"player_choice":"Card Removal","damage_taken":7,"max_hp_gain":0,"max_hp_loss":0,"event_name":"Golden Wing","floor":11,"gold_loss":0},{"damage_healed":0,"gold_gain":0,"player_choice":"Shed Blood","damage_taken":20,"max_hp_gain":5,"max_hp_loss":0,"event_name":"Forgotten Altar","floor":21,"gold_loss":0},{"cards_removed":["Strike_R"],"damage_healed":0,"gold_gain":0,"player_choice":"Elegance","damage_taken":0,"max_hp_gain":0,"max_hp_loss":0,"event_name":"Back to Basics","floor":27,"gold_loss":0},{"damage_healed":0,"gold_gain":0,"player_choice":"Max HP","damage_taken":0,"max_hp_gain":0,"max_hp_loss":4,"event_name":"Winding Halls","floor":37,"gold_loss":0},{"damage_healed":0,"gold_gain":0,"cards_transformed":["Strike_R"],"player_choice":"Transformed","damage_taken":0,"max_hp_gain":0,"max_hp_loss":0,"event_name":"Transmorgrifier","floor":38,"gold_loss":0,"cards_obtained":["Ghostly Armor"]}],"is_beta":false,"boss_relics":[{"not_picked":["Busted Crown","Cursed Key"],"picked":"Ectoplasm"},{"not_picked":["Astrolabe","Mark of Pain"],"picked":"Runic Pyramid"}],"items_purged_floors":[5,19],"is_endless":false,"potions_floor_spawned":[1,2,8,16,20,22,31,33,39,44,45,46,48],"killed_by":"Time Eater","ascension_level":0}}