{"host":"ojezjkpqju62j8xy","time":1611923919,"event":{"mods":["ATMod(°¢èªMod)","Act Like it!","Aspiration","BaseMod","Conspire","Gensokyo","Minty Spire (QoL Compilation)","Pale of the Ancients","Reliquary","Replay The Spire","Spicy Shops","StSLib","¡¾ÒÅÎï¿¨ÅÆ¡¿REMEMod","²ÐÁôÖ®Îï"],"gold_per_floor":[109,109,109,109,11,40,354,580,607,607,607,607,467,495,495,572,572,614,614,624,74,85,110,110,145,216,216,226,253,242,19,19,93,93,103,160,160,170,20,49,49,84,84,84,84,119,34,34,34,34,34,53,88,88,88,308,308,308,308,308],"floor_reached":61,"language":"ZHS","playtime":2197,"items_purged":[],"score":2625,"play_id":"a430fbe4-4ebe-401d-a229-18587217adf2","local_time":"20210129203839","is_ascension_mode":true,"campfire_choices":[{"floor":10.0,"key":"REST"},{"floor":12.0,"key":"RECALL"},{"data":"Blasphemy","floor":15.0,"key":"SMITH"},{"data":"AT_MachinaRedman","floor":24.0,"key":"SMITH"},{"floor":27.0,"key":"REST"},{"data":"REME_ACTH","floor":32.0,"key":"SMITH"},{"floor":49.0,"key":"DIG"},{"data":"Infernal Blade","floor":55.0,"key":"SMITH"},{"data":"Immolate","floor":57.0,"key":"SMITH"}],"circlet_count":0,"master_deck":["AscendersBane","Strike_R","Strike_R","Strike_R","Bash","AT_MachinaRedman+1","Blasphemy+1","Heavy Blade","Flying Knee","Defend_G","Feed","Infernal Blade+1","Cleave","REME_Cut","Immolate+1","Perfected Strike","Power Through","Blasphemy+1","Iron Wave+1","Rage","REME_ACTH+1","Thunderclap","Cleave","Eclipse","Offering","AT_EmpoweredMortalDraw","ReplayTheSpireMod:Limb From Limb+1","Replay:Undeath\u0027s Touch+1","Demon Form","Flex","Inflame","Flex","Flex+1","Bloodletting","Gensokyo:RustyChest","Feel No Pain+1","Spot Weakness","Warcry+1"],"relics":["Burning Blood","AT_ATBox","REME_ComplimentaryCards","Gensokyo:YoukaiFlower","King of Hearts","Pen Nib","HornCleat","Calipers","reliquary:FeatherDuster","Ooze Armor","Brimstone","DollysMirror","reliquary:PorcupineQuills","ReplayTheSpireMod:Lightbulb","Gambling Chip","Replay:Bottled Snecko","Replay:Mystery Machine","reliquary:Stiletto","Sling","reliquary:PrincelyHelmet","AT_MortalBlade","aspiration:ArtOfWarUpgrade","MealTicket","reliquary:PurpleTingedLeaf","conspire:Dentures","PlaceholderMod:DeVermisMysteriis","reliquary:ExpiredCoupon","AT_SpeedBoots","paleoftheancients:Timepiece","paleoftheancients:KeyRelic","CultistMask","paleoftheancients:SoulOfTheWokeBloke","conspire:DecoderRing","StrikeDummy","aspiration:Lifesprig","Replay:Ringing Soul"],"acts_visited":["Gensokyo:Gensokyo","Gensokyo:Gensokyoer","Gensokyo:Gensokyoest","paleoftheancients:PaleOfTheAncients"],"potions_floor_usage":[60],"damage_taken":[{"damage":10.0,"enemies":"Gensokyo:2_Kodama","floor":1.0,"turns":4.0},{"damage":35.0,"enemies":"Gensokyo:Cirno","floor":6.0,"turns":6.0},{"damage":21.0,"enemies":"Gensokyo:Gryphon","floor":7.0,"turns":4.0},{"damage":15.0,"enemies":"Gensokyo:Mamizou","floor":8.0,"turns":5.0},{"damage":7.0,"enemies":"Gensokyo:Cirno","floor":14.0,"turns":5.0},{"damage":37.0,"enemies":"Gensokyo:Kokoro","floor":16.0,"turns":6.0},{"damage":0.0,"enemies":"Gensokyo:2_Gloops","floor":18.0,"turns":2.0},{"damage":8.0,"enemies":"Gensokyo:CosmicMonolith","floor":20.0,"turns":3.0},{"damage":40.0,"enemies":"Gensokyo:Slime_Group","floor":22.0,"turns":4.0},{"damage":4.0,"enemies":"Gensokyo:Koishi","floor":23.0,"turns":3.0},{"damage":38.0,"enemies":"Gensokyo:Tenshi","floor":25.0,"turns":2.0},{"damage":11.0,"enemies":"Gensokyo:Wraith","floor":28.0,"turns":2.0},{"damage":7.0,"enemies":"Gensokyo:Koishi","floor":29.0,"turns":3.0},{"damage":37.0,"enemies":"Gensokyo:Eiki","floor":33.0,"turns":5.0},{"damage":0.0,"enemies":"Gensokyo:AncientGuardian","floor":35.0,"turns":1.0},{"damage":0.0,"enemies":"Gensokyo:3_Bats","floor":38.0,"turns":1.0},{"damage":6.0,"enemies":"Gensokyo:Doremy","floor":40.0,"turns":1.0},{"damage":0.0,"enemies":"Gensokyo:Kasen","floor":42.0,"turns":3.0},{"damage":0.0,"enemies":"Gensokyo:Doremy","floor":46.0,"turns":2.0},{"damage":6.0,"enemies":"Gensokyo:Scarlet_Devils","floor":50.0,"turns":2.0},{"damage":96.0,"enemies":"Gensokyo:Scarlet_Devils","floor":51.0,"turns":3.0},{"damage":6.0,"enemies":"Gensokyo:Scarlet_Devils","floor":52.0,"turns":3.0},{"damage":3.0,"enemies":"conspire:MimicChest","floor":53.0,"turns":1.0},{"damage":6.0,"enemies":"conspire:MimicChest","floor":56.0,"turns":3.0},{"damage":13,"enemies":"paleoftheancients:N","floor":60,"turns":4}],"seed_played":"8177083085998274438","potions_obtained":[{"floor":1.0,"key":"Strength Potion"},{"floor":6.0,"key":"PowerPotion"},{"floor":7.0,"key":"DuplicationPotion"},{"floor":16.0,"key":"REME_GoldPotion"},{"floor":22.0,"key":"BloodPotion"},{"floor":25.0,"key":"Swift Potion"},{"floor":28.0,"key":"LifebloodPotion"},{"floor":33.0,"key":"Adrenaline Potion"},{"floor":36.0,"key":"Toxic Potion"},{"floor":53.0,"key":"Weak Potion"}],"is_trial":false,"path_per_floor":["M","?","?","?","COS","E","M","E","T","R","?","R","?","E","R","B",null,"M","?","M","COS","M","E","R","E","T","R","M","E","?","$","R","B",null,"M","?","?","M","$","E","R","E","T","?","R","E","COS","?","R","B","M","M","?","T","R","M","R","T","?","B",null],"character_chosen":"IRONCLAD","items_purchased":["Sling","BloodPotion","Flex","Inflame"],"campfire_rested":2,"item_purchase_floors":[31,31,39,39],"current_hp_per_floor":[64,64,64,64,64,35,23,14,14,37,57,57,57,56,56,25,65,71,71,72,72,38,56,56,24,24,48,43,42,76,76,76,45,72,78,68,68,74,74,74,74,80,80,80,80,81,81,81,81,88,88,91,94,94,94,94,94,94,94,90],"gold":308,"neow_bonus":"THREE_RARE_CARDS","is_daily":false,"chose_seed":false,"campfire_upgraded":5,"win_rate":0.0,"timestamp":1611923919,"path_taken":["M","?","?","?","COS","E","?","E","T","R","?","R","?","E","R","BOSS","M","?","M","COS","M","E","R","E","T","R","M","E","?","$","R","BOSS","M","?","?","M","?","E","R","E","T","?","R","E","COS","?","R","BOSS","M","M","?","T","R","M","R","T","?","BOSS"],"items_purchased_type":["Relic","Potion","Card","Card"],"build_version":"2020-12-22","purchased_purges":0,"victory":true,"max_hp_per_floor":[75,75,75,75,75,75,78,78,78,78,78,78,78,78,78,78,78,78,78,81,81,81,81,81,81,81,81,81,81,81,81,81,81,81,81,81,81,81,81,81,81,81,81,81,81,81,81,81,81,88,88,91,94,94,94,94,94,94,94,97],"card_choices":[{"not_picked":["Demon Form","Barricade"],"picked":"Immolate","floor":0.0},{"not_picked":["True Grit","Headbutt"],"picked":"Heavy Blade","floor":1.0},{"not_picked":["AT_IchimonjiDouble","Seeing Red"],"picked":"Feed","floor":6.0},{"not_picked":["ReplayTheSpireMod:Strike From Hell","Run Through"],"picked":"Infernal Blade","floor":7.0},{"not_picked":["Run Through","AT_BodySlamDance"],"picked":"Cleave","floor":8.0},{"not_picked":["Armaments","Seeing Red"],"picked":"REME_Cut","floor":14.0},{"not_picked":["Brutality","Double Tap"],"picked":"Immolate","floor":16.0},{"not_picked":["Iron Wave","AT_BodySlamDance"],"picked":"Perfected Strike","floor":18.0},{"not_picked":["Dark Embrace","ReplayTheSpireMod:Corrosion Curse"],"picked":"Power Through","floor":20.0},{"not_picked":["AT_BodySlamDance+1","Shrug It Off+1"],"picked":"Iron Wave+1","floor":22.0},{"not_picked":["REME_SingleHolding","Clothesline"],"picked":"Dual Wield","floor":22.0},{"not_picked":["Wild Strike","Whirlwind"],"picked":"Rage","floor":23.0},{"not_picked":["Eclipse","Bludgeon"],"picked":"REME_ACTH","floor":25.0},{"not_picked":["Evolve+1","AT_BodySlamDance"],"picked":"Thunderclap","floor":25.0},{"not_picked":["Run Through","AT_BodySlamDance"],"picked":"Cleave","floor":28.0},{"not_picked":["REME_SingleHolding","Clash"],"picked":"Eclipse","floor":29.0},{"not_picked":["Immolate","Double Tap"],"picked":"Offering","floor":33.0},{"not_picked":["Cleave","AT_ShrugMaster+1"],"picked":"ReplayTheSpireMod:Limb From Limb+1","floor":35.0},{"not_picked":["Burning Pact+1","Armaments"],"picked":"Replay:Undeath\u0027s Touch+1","floor":36.0},{"not_picked":["Wild Strike","Armaments"],"picked":"Abandon+1","floor":36.0},{"not_picked":["Run Through","Perfected Strike"],"picked":"Demon Form","floor":38.0},{"not_picked":["Pommel Strike","Wild Strike"],"picked":"Flex","floor":40.0},{"not_picked":["Massacre","Bloodletting+1"],"picked":"Flex+1","floor":42.0},{"not_picked":["AT_DrawKnifeCut+1","Exhume"],"picked":"Bloodletting","floor":46.0},{"not_picked":["Run Through","ReplayTheSpireMod:Strike From Hell"],"picked":"Feel No Pain+1","floor":52.0},{"not_picked":["AT_IchimonjiDouble","True Grit"],"picked":"Spot Weakness","floor":53.0},{"not_picked":["Replay:Undeath\u0027s Touch","Headbutt"],"picked":"Warcry+1","floor":56.0}],"player_experience":1498598,"relics_obtained":[{"floor":6.0,"key":"King of Hearts"},{"floor":8.0,"key":"HornCleat"},{"floor":14.0,"key":"reliquary:FeatherDuster"},{"floor":23.0,"key":"ReplayTheSpireMod:Lightbulb"},{"floor":25.0,"key":"Gambling Chip"},{"floor":26.0,"key":"Replay:Bottled Snecko"},{"floor":29.0,"key":"reliquary:Stiletto"},{"floor":36.0,"key":"Art of War"},{"floor":40.0,"key":"MealTicket"},{"floor":42.0,"key":"reliquary:PurpleTingedLeaf"},{"floor":43.0,"key":"conspire:Dentures"},{"floor":46.0,"key":"PlaceholderMod:DeVermisMysteriis"},{"floor":49.0,"key":"AT_SpeedBoots"},{"floor":52.0,"key":"paleoftheancients:SoulOfTheWokeBloke"},{"floor":53.0,"key":"conspire:DecoderRing"},{"floor":54.0,"key":"StrikeDummy"},{"floor":58.0,"key":"Replay:Ringing Soul"}],"event_choices":[],"is_beta":false,"boss_relics":[{"not_picked":["Replay:Bronze Core","Replay:Drink Me"],"picked":"Ooze Armor"},{"not_picked":["conspire:RunicOctahedron","Black Star"],"picked":"AT_MortalBlade"}],"items_purged_floors":[],"is_endless":false,"potions_floor_spawned":[1,6,7,16,22,25,28,33,38,53],"ascension_level":20}}