{"host":"8p5c6x4qt9411139","time":1611957301,"event":{"mods":["Aspiration","BaseMod","BetterRewards","Hubris","Infinite Spire","Minty Spire (QoL Compilation)","Quick Restart","Replay The Spire","Shop Mod","StSLib","The Animator"],"gold_per_floor":[114,6,18,96,96,129,129,143,143,213,213,224,239,239,258,258,355,355,367,378,378,288,303,303,334,334,359,390,402,431,406,418,418,515,515,525,525,525,541,541,558,590,590,590,638,687,697,571,602,612,624,624,624,624],"floor_reached":53,"language":"ENG","playtime":1732,"items_purged":["Strike_R","Strike_R"],"score":804,"play_id":"7f1cd27c-3a14-4be4-9a1f-c570fe8e1270","local_time":"20210129135501","is_ascension_mode":false,"campfire_choices":[{"data":"Immolate","floor":7.0,"key":"SMITH"},{"data":"Whirlwind","floor":11.0,"key":"SMITH"},{"data":"Berserk","floor":16.0,"key":"SMITH"},{"data":"Immolate","floor":24.0,"key":"SMITH"},{"data":"Shrug It Off","floor":26.0,"key":"SMITH"},{"data":"hubris:SharpeningStone","floor":33.0,"key":"SMITH"},{"data":"infinitespire:Gouge","floor":43,"key":"SMITH"},{"floor":52,"key":"REST"}],"circlet_count":0,"master_deck":["Strike_R","Strike_R","Strike_R","Defend_R","Defend_R","Defend_R","Bash","Whirlwind+1","Shrug It Off+1","ReplayTheSpireMod:LeadingStrike+1","Spot Weakness+1","Carnage","Immolate+1","Berserk+1","Immolate+1","hubris:SharpeningStone+1","Offering","infinitespire:Gouge+1","Replay:Undeath\u0027s Touch+1","Demonic Infusion"],"relics":["Burning Blood","NeowsBlessing","Ring of Hypnosis","ReplayTheSpireMod:Ring of Collecting","infinitespire:CursedDice","ReplayTheSpireMod:Ring of Addiction","Toy Ornithopter","hubris:EmptyBottle","Bottled Flame","Ring of Fury","hubris:Metronome","hubris:RunicObelisk","Pet Ghost","Potion Belt","Ring of Panic","Bag of Preparation","Self Forming Clay","infinitespire:Lucky Rock","hubris:NiceRug","hubris:MedicalManual","Lee\u0027s Waffle","hubris:ScarierMask","Art of War","Bottled Lightning","ReplayTheSpireMod:Ring of Exchange","ReplayTheSpireMod:Spearhead","Ring of Peace","Dream Catcher","hubris:ToyBattleship","hubris:DeckOfHolding"],"acts_visited":["Exordium","TheCity","TheBeyond"],"potions_floor_usage":[42,42,47,47,49,49,49,53,53,53,53],"damage_taken":[{"damage":0.0,"enemies":"Jaw Worm","floor":1.0,"turns":1.0},{"damage":0.0,"enemies":"Small Slimes","floor":3.0,"turns":1.0},{"damage":0.0,"enemies":"3 Sentries","floor":6.0,"turns":1.0},{"damage":0.0,"enemies":"2 Louse","floor":8.0,"turns":1.0},{"damage":7.0,"enemies":"Large Slime","floor":12.0,"turns":4.0},{"damage":0.0,"enemies":"Blue Slaver","floor":13.0,"turns":1.0},{"damage":0.0,"enemies":"Lots of Slimes","floor":15.0,"turns":1.0},{"damage":3.0,"enemies":"Slime Boss","floor":17.0,"turns":4.0},{"damage":9.0,"enemies":"2 Thieves","floor":19.0,"turns":3.0},{"damage":0.0,"enemies":"3 Byrds","floor":20.0,"turns":2.0},{"damage":12.0,"enemies":"Centurion and Healer","floor":23.0,"turns":3.0},{"damage":18.0,"enemies":"Book of Stabbing","floor":25.0,"turns":3.0},{"damage":16.0,"enemies":"Nightmare","floor":28.0,"turns":5.0},{"damage":0.0,"enemies":"Snecko","floor":29.0,"turns":1.0},{"damage":8.0,"enemies":"Book of Stabbing","floor":30.0,"turns":3.0},{"damage":22.0,"enemies":"hubris:Merchant","floor":31.0,"turns":5.0},{"damage":0.0,"enemies":"Shelled Parasite and Fungi","floor":32.0,"turns":2.0},{"damage":0.0,"enemies":"Collector","floor":34.0,"turns":2.0},{"damage":0.0,"enemies":"Orb Walker","floor":36.0,"turns":1.0},{"damage":12.0,"enemies":"3 Shapes","floor":39.0,"turns":1.0},{"damage":7,"enemies":"Transient","floor":41,"turns":5},{"damage":24,"enemies":"Nemesis","floor":42,"turns":1},{"damage":0,"enemies":"Writhing Mass","floor":47,"turns":3},{"damage":15,"enemies":"Nightmare","floor":49,"turns":4},{"damage":24,"enemies":"4 Shapes","floor":50,"turns":1},{"damage":8,"enemies":"Maw","floor":51,"turns":3},{"damage":122,"enemies":"LordOfAnnihilation","floor":53,"turns":13}],"seed_played":"5001256000514567238","potions_obtained":[{"floor":3.0,"key":"Reflective Coating"},{"floor":4.0,"key":"Fruit Juice"},{"floor":4.0,"key":"PowerPotion"},{"floor":4.0,"key":"Toxic Potion"},{"floor":9.0,"key":"AttackPotion"},{"floor":23.0,"key":"Dexterity Potion"},{"floor":25.0,"key":"SkillPotion"},{"floor":29.0,"key":"Fire Potion"},{"floor":31.0,"key":"FearPotion"},{"floor":31.0,"key":"Milkshake"},{"floor":32.0,"key":"Fire Potion"},{"floor":36.0,"key":"Death Potion"},{"floor":37.0,"key":"LifebloodPotion"},{"floor":37.0,"key":"FearPotion"},{"floor":47,"key":"DistilledChaos"},{"floor":49,"key":"ElixirPotion"}],"is_trial":false,"path_per_floor":["M","$","M","?","?","E","R","M","T","T","R","M","M","?","M","R","B",null,"M","M","?","?","M","R","E","R","T","NM","M","E","$","M","R","B",null,"M","?","AVR","M","?","M","E","R","$","T","T","M","?","NM","M","M","R","B"],"character_chosen":"IRONCLAD","items_purchased":["Shrug It Off","ReplayTheSpireMod:LeadingStrike+1","CultistPotion","infinitespire:Lucky Rock"],"campfire_rested":1,"item_purchase_floors":[2,2,31,31],"current_hp_per_floor":[80,80,80,53,53,59,59,65,65,65,65,64,75,83,83,83,83,83,80,83,81,81,75,75,68,68,68,63,69,67,86,86,86,86,86,86,86,84,78,78,77,69,69,69,69,69,80,80,71,53,51,75,0,0],"gold":624,"neow_bonus":"THREE_ENEMY_KILL","is_daily":false,"chose_seed":false,"campfire_upgraded":7,"win_rate":0.0,"timestamp":1611957301,"path_taken":["M","$","M","?","?","E","R","M","T","T","R","M","M","?","M","R","BOSS","M","M","?","?","?","R","E","R","T","NM","M","E","$","M","R","BOSS","M","?","AVR","?","?","M","E","R","?","T","T","M","?","NM","M","M","R","BOSS"],"items_purchased_type":["Card","Card","Potion","Relic"],"build_version":"2020-12-22","purchased_purges":2,"victory":false,"max_hp_per_floor":[80,80,80,85,85,85,85,85,85,85,85,85,83,83,83,83,83,83,83,83,81,81,81,79,79,79,79,79,79,79,86,86,86,86,86,86,86,84,84,84,84,82,82,82,82,80,80,80,80,80,80,80,78,78],"card_choices":[{"not_picked":["Iron Wave","Body Slam"],"picked":"Whirlwind","floor":1.0},{"not_picked":["Clash","Anger"],"picked":"Spot Weakness","floor":3.0},{"not_picked":["Cleave","ReplayTheSpireMod:Strike From Hell"],"picked":"Carnage","floor":4.0},{"not_picked":["Perfected Strike","Wild Strike"],"picked":"Immolate","floor":6.0},{"not_picked":["Evolve","Power Through","ReplayTheSpireMod:Strike From Hell"],"picked":"SKIP","floor":8.0},{"not_picked":["Pommel Strike","Flex","Sword Boomerang"],"picked":"SKIP","floor":12.0},{"not_picked":["ReplayTheSpireMod:Strike From Hell","Defy Death","Searing Blow"],"picked":"SKIP","floor":13.0},{"not_picked":["Warcry","ReplayTheSpireMod:Stacked"],"picked":"Berserk","floor":15.0},{"not_picked":["Barricade","Demon Form"],"picked":"Immolate","floor":17.0},{"not_picked":["Rage+1","Heavy Blade","True Grit+1"],"picked":"SKIP","floor":19.0},{"not_picked":["Blood for Blood+1","ReplayTheSpireMod:Strike From Hell","ReplayReversal"],"picked":"SKIP","floor":20.0},{"not_picked":["Clothesline","Dropkick","Replay:Undeath\u0027s Touch"],"picked":"SKIP","floor":23.0},{"not_picked":["Flame Barrier","Replay:Undeath\u0027s Touch+1","Demon Form"],"picked":"SKIP","floor":25.0},{"not_picked":["Headbutt","Fire Breathing+1","Infernal Blade"],"picked":"SKIP","floor":28.0},{"not_picked":["Searing Blow","Massacre"],"picked":"hubris:SharpeningStone","floor":29.0},{"not_picked":["Run Through+1","Seeing Red","Heavy Blade"],"picked":"SKIP","floor":30.0},{"not_picked":["Hemokinesis"],"picked":"SKIP","floor":31.0},{"not_picked":["Perfected Strike"],"picked":"SKIP","floor":31.0},{"not_picked":["Exhume"],"picked":"SKIP","floor":31.0},{"not_picked":["Flex"],"picked":"SKIP","floor":31.0},{"not_picked":["Metallicize"],"picked":"SKIP","floor":31.0},{"not_picked":["Purity"],"picked":"SKIP","floor":31.0},{"not_picked":["Secret Weapon"],"picked":"SKIP","floor":31.0},{"not_picked":["Havoc","Anger+1","Bloodletting"],"picked":"SKIP","floor":32.0},{"not_picked":["Limit Break","Brutality"],"picked":"Offering","floor":34.0},{"not_picked":["Wild Strike","Battle Trance+1","Armaments"],"picked":"SKIP","floor":36.0},{"not_picked":["Run Through+1","Sword Boomerang","Body Slam"],"picked":"SKIP","floor":39.0},{"not_picked":["Anger","Clothesline"],"picked":"Replay:Undeath\u0027s Touch+1","floor":41},{"not_picked":["Iron Wave","Wild Strike+1","ReplayTheSpireMod:Muscle Training+1"],"picked":"SKIP","floor":42},{"not_picked":["Iron Wave","Thunderclap+1","Body Slam+1"],"picked":"SKIP","floor":47},{"not_picked":["Dark Embrace+1","Body Slam+1"],"picked":"Demonic Infusion","floor":49},{"not_picked":["Run Through","ReplayTheSpireMod:Muscle Training","Body Slam+1"],"picked":"SKIP","floor":50},{"not_picked":["Cleave+1","Bloodletting+1","Body Slam+1"],"picked":"SKIP","floor":51}],"player_experience":400476,"relics_obtained":[{"floor":5.0,"key":"Ring of Hypnosis"},{"floor":5.0,"key":"ReplayTheSpireMod:Ring of Collecting"},{"floor":6.0,"key":"infinitespire:CursedDice"},{"floor":9.0,"key":"ReplayTheSpireMod:Ring of Addiction"},{"floor":9.0,"key":"Toy Ornithopter"},{"floor":9.0,"key":"hubris:EmptyBottle"},{"floor":9.0,"key":"Bottled Flame"},{"floor":10.0,"key":"Ring of Fury"},{"floor":10.0,"key":"hubris:Metronome"},{"floor":25.0,"key":"Pet Ghost"},{"floor":27.0,"key":"Potion Belt"},{"floor":27.0,"key":"Ring of Panic"},{"floor":28.0,"key":"Bag of Preparation"},{"floor":30.0,"key":"Self Forming Clay"},{"floor":31.0,"key":"hubris:MedicalManual"},{"floor":31.0,"key":"Lee\u0027s Waffle"},{"floor":42,"key":"Bottled Lightning"},{"floor":45,"key":"ReplayTheSpireMod:Ring of Exchange"},{"floor":45,"key":"ReplayTheSpireMod:Spearhead"},{"floor":46,"key":"Ring of Peace"},{"floor":46,"key":"Dream Catcher"},{"floor":49,"key":"hubris:DeckOfHolding"}],"event_choices":[{"damage_healed":27.0,"max_hp_gain":0.0,"max_hp_loss":0.0,"gold_gain":0.0,"event_name":"Big Fish","player_choice":"Banana","floor":14.0,"gold_loss":0.0,"damage_taken":0.0},{"cards_removed":["Defend_R"],"damage_healed":0.0,"max_hp_gain":0.0,"max_hp_loss":0.0,"gold_gain":0.0,"event_name":"Designer","player_choice":"Upgrade and Remove","floor":22.0,"gold_loss":90.0,"damage_taken":0.0,"cards_upgraded":["Spot Weakness"]},{"damage_healed":0.0,"max_hp_gain":0.0,"max_hp_loss":0.0,"gold_gain":0.0,"event_name":"Lab","player_choice":"Got Potions","floor":37.0,"gold_loss":0.0,"damage_taken":0.0},{"damage_healed":0,"gold_gain":0,"player_choice":"Paid Gold","damage_taken":0,"relics_obtained":["hubris:ToyBattleship"],"max_hp_gain":0,"max_hp_loss":0,"event_name":"WeMeetAgain","floor":48,"gold_loss":126}],"is_beta":false,"boss_relics":[{"not_picked":["Replay:Ancient Bell","Black Blood"],"picked":"hubris:RunicObelisk"},{"not_picked":["SlaversCollar","aspiration:PoetsPen_weak"],"picked":"hubris:ScarierMask"}],"items_purged_floors":[31,38],"is_endless":true,"potions_floor_spawned":[3,6,8,23,25,29,32,36,39,47,49],"killed_by":"LordOfAnnihilation","ascension_level":0}}