{"host":"a8o3mosf1uagwm4v","time":1611939147,"event":{"mods":["BaseMod","Bestiary","Jorbs\u0027s Wanderer Trilogy","Minty Spire (QoL Compilation)","StSLib"],"gold_per_floor":[109,123,142,152,152,185,185,197,249,249,249],"floor_reached":10,"language":"ENG","playtime":1167,"items_purged":[],"score":95,"play_id":"d2cb5daf-7684-4bc6-975d-285f2d229a46","local_time":"20210129105227","is_ascension_mode":false,"campfire_choices":[{"data":"stsjorbsmod:FindFamiliar","floor":7,"key":"SMITH"}],"circlet_count":0,"master_deck":["stsjorbsmod:ForbiddenGrimoire+1","stsjorbsmod:Strike_Wanderer","stsjorbsmod:Strike_Wanderer","stsjorbsmod:Strike_Wanderer","stsjorbsmod:Defend_Wanderer","stsjorbsmod:Defend_Wanderer","stsjorbsmod:Defend_Wanderer","stsjorbsmod:Defend_Wanderer","stsjorbsmod:FreshAdventure","stsjorbsmod:EyeOfTheStorm","stsjorbsmod:FindFamiliar+1","stsjorbsmod:Prepare","stsjorbsmod:WanderingMind","stsjorbsmod:Index","stsjorbsmod:HoldMonster","stsjorbsmod:WeightOfMemory"],"relics":["stsjorbsmod:GrimoireRelic","Singing Bowl","Strawberry"],"acts_visited":["Exordium"],"potions_floor_usage":[10],"damage_taken":[{"damage":0,"enemies":"2 Louse","floor":1,"turns":2},{"damage":5,"enemies":"Small Slimes","floor":2,"turns":4},{"damage":1,"enemies":"Cultist","floor":3,"turns":4},{"damage":12,"enemies":"3 Louse","floor":4,"turns":2},{"damage":46,"enemies":"Gremlin Nob","floor":6,"turns":6},{"damage":21,"enemies":"Large Slime","floor":8,"turns":7}],"seed_played":"7668718118728065462","potions_obtained":[{"floor":2,"key":"Block Potion"},{"floor":8,"key":"SneckoOil"}],"is_trial":false,"path_per_floor":["M","M","M","M","?","E","R","M","T","E"],"character_chosen":"WANDERER","items_purchased":[],"campfire_rested":0,"item_purchase_floors":[],"current_hp_per_floor":[68,66,67,60,65,22,22,10,17,0,0],"gold":249,"neow_bonus":"REMOVE_CARD","is_daily":false,"chose_seed":false,"campfire_upgraded":1,"win_rate":0.0,"timestamp":1611939147,"path_taken":["M","M","M","M","?","E","R","M","T","E"],"items_purchased_type":[],"build_version":"2020-12-22","purchased_purges":0,"victory":false,"max_hp_per_floor":[68,68,68,72,77,77,77,81,88,88,88],"card_choices":[{"not_picked":["stsjorbsmod:ChatteringStrike","stsjorbsmod:UnseenServant"],"picked":"stsjorbsmod:FindFamiliar","floor":1},{"not_picked":["stsjorbsmod:Counterspell","stsjorbsmod:Will"],"picked":"stsjorbsmod:Prepare","floor":2},{"not_picked":["stsjorbsmod:Channel","stsjorbsmod:ArcaneWeapon"],"picked":"stsjorbsmod:WanderingMind","floor":3},{"not_picked":["stsjorbsmod:DoubleCheck","stsjorbsmod:Prestidigitation"],"picked":"stsjorbsmod:Index","floor":4},{"not_picked":["stsjorbsmod:FaerieFire","stsjorbsmod:Patron"],"picked":"stsjorbsmod:HoldMonster","floor":6},{"not_picked":["stsjorbsmod:Will","stsjorbsmod:Prestidigitation"],"picked":"stsjorbsmod:WeightOfMemory","floor":8}],"player_experience":227383,"relics_obtained":[{"floor":6,"key":"Singing Bowl"},{"floor":9,"key":"Strawberry"}],"event_choices":[{"damage_healed":0,"gold_gain":0,"player_choice":"Donut","damage_taken":0,"max_hp_gain":5,"max_hp_loss":0,"event_name":"Big Fish","floor":5,"gold_loss":0}],"is_beta":false,"boss_relics":[],"items_purged_floors":[],"is_endless":false,"potions_floor_spawned":[2,8],"killed_by":"Lagavulin","ascension_level":0}}