{"host":"uvmuduost5bzvojs","time":1611910599,"event":{"mods":["Aspiration","Bard","BaseMod","Better Match","Block Reminder","Conspire","Hermit","Highlight Path","Hubris","Infinite Spire","Jorbs\u0027s Wanderer Trilogy","Mad Scientist","Marisa????????","Mimic Mod","Minty Spire (QoL Compilation)","Potionbrewer","Replay The Spire","Robot Space Explorer","StSLib","The Blackbeard","The Construct","The Cursed","The Disciple","The Hayseed","The Hierophant","The Juggle","The Jungle","The Poker Player","The Runesmith","The Servant 0.9.4","The Spell Scribe","The Valiant","TheBandit"],"gold_per_floor":[116,131,82,82,93,93,119,119,119,147,216,244,256,285,285,387,387,398,414,414,414,431,466,561,579,633,663,673,685,759,775,775,877,877,888,903,1053,1073,1088,1138,1097,1097,1097,1097,1116,1141,1159,1159,1159,1159],"floor_reached":51,"language":"ENG","playtime":2463,"items_purged":["Defend_MRS"],"score":1051,"play_id":"b0bce14c-9b40-4b0e-8f33-c78d6c56ca0d","local_time":"20210129035639","is_ascension_mode":false,"campfire_choices":[{"floor":6,"key":"REST"},{"floor":8,"key":"REST"},{"floor":15,"key":"REST"},{"floor":32,"key":"DIG"},{"floor":40,"key":"DIG"},{"data":"conspire:DoublingDagger","floor":42,"key":"SMITH"},{"data":"Defend_MRS","floor":44,"key":"PURGE"}],"circlet_count":0,"master_deck":["Strike_MRS","Strike_MRS","Strike_MRS","Strike_MRS","Defend_MRS","Defend_MRS","MasterSpark","UpSweep","DoubleSpark+1","DoubleSpark+1","DoubleSpark+1","NonDirectionalLaser","MilkyWay","Slice","CollectingQuirk","AlicesGift","CollectingQuirk","DoubleSpark+1","conspire:DoublingDagger+1","infinitespire:Collect","RefractionSpark","DoubleSpark+1","RefractionSpark","MysteriousBeam+1","UltimateShortwave","TreasureHunter","MilkyWay+1","GrandCross","CollectingQuirk","MysteriousBeam","AlicesGift","Slice","IllusionStar+1","IllusionStar"],"relics":["MiniHakkero","Fusion Hammer","aspiration:PoetsPen_weak","hubris:Towel","hubris:DeckOfHolding","hubris:MobiusCoin","hubris:DisguiseKit","hubris:64BitClover","infinitespire:EmpoweringShard","ExperimentalFamiliar","Replay:Multitool","Matryoshka","Replay:Wax Seal","Replay:Bottled Steam","Onion Ring","Toy Ornithopter","conspire:GiftBox","Honey Jar","Membership Card","hubris:MysteriousPyramids","Gambling Chip","InkBottle","Akabeko","Replay:Bottled Eggs","Gremlin Food","aspiration:FetidBarrel","Winged Necklace","Ancient Tea Set"],"acts_visited":["Exordium","TheCity","TheBeyond"],"potions_floor_usage":[16,46,50,50],"damage_taken":[{"damage":0,"enemies":"Small Slimes","floor":1,"turns":2},{"damage":0,"enemies":"Cultist","floor":2,"turns":2},{"damage":0,"enemies":"Jaw Worm","floor":5,"turns":1},{"damage":0,"enemies":"Lagavulin","floor":7,"turns":2},{"damage":0,"enemies":"Gremlin Nob","floor":10,"turns":2},{"damage":0,"enemies":"2 Fungi Beasts","floor":11,"turns":1},{"damage":4,"enemies":"3 Sentries","floor":12,"turns":2},{"damage":0,"enemies":"Looter","floor":13,"turns":1},{"damage":0,"enemies":"Gremlin Nob","floor":14,"turns":2},{"damage":42,"enemies":"Hexaghost","floor":16,"turns":3},{"damage":0,"enemies":"Spheric Guardian","floor":18,"turns":1},{"damage":0,"enemies":"Chosen","floor":19,"turns":1},{"damage":16,"enemies":"conspire:HollyBat","floor":22,"turns":5},{"damage":10,"enemies":"Replay:Snechameleon","floor":23,"turns":2},{"damage":8,"enemies":"Centurion and Healer","floor":25,"turns":2},{"damage":0,"enemies":"Book of Stabbing","floor":27,"turns":1},{"damage":0,"enemies":"Cultist and Chosen","floor":28,"turns":1},{"damage":0,"enemies":"3 Cultists","floor":29,"turns":1},{"damage":0,"enemies":"Centurion and Healer","floor":31,"turns":2},{"damage":0,"enemies":"Champ","floor":33,"turns":3},{"damage":9,"enemies":"3 Shapes","floor":35,"turns":1},{"damage":0,"enemies":"Orb Walker","floor":36,"turns":1},{"damage":0,"enemies":"Spire Growth","floor":38,"turns":1},{"damage":0,"enemies":"Maw","floor":39,"turns":2},{"damage":0,"enemies":"Transient","floor":45,"turns":4},{"damage":0,"enemies":"R_Hoarder","floor":46,"turns":2},{"damage":0,"enemies":"Spire Growth","floor":47,"turns":1},{"damage":24,"enemies":"hubris:GrandSnecko","floor":50,"turns":2}],"seed_played":"-7678022522686327017","potions_obtained":[{"floor":5,"key":"potionbrewer:BarricadePotion"},{"floor":12,"key":"Strength Potion"},{"floor":13,"key":"potionbrewer:BarricadePotion"},{"floor":16,"key":"potionbrewer:EndurancePotion"},{"floor":33,"key":"Strength Potion"},{"floor":35,"key":"ShroomBrew"},{"floor":39,"key":"BottledSpark"},{"floor":46,"key":"Dexterity Potion"},{"floor":47,"key":"SkillPotion"}],"is_trial":false,"path_per_floor":["M","M","$","?","M","R","E","R","T","E","M","E","M","E","R","B",null,"M","M","AVR","?","M","E","R","M","T","E","M","M","R","M","R","B",null,"M","M","$","M","M","R","$","R","T","R","M","E","M","AVR","R","B",null],"character_chosen":"MARISA","items_purchased":["DoubleSpark","Membership Card","hubris:MysteriousPyramids","Gambling Chip","AlicesGift"],"campfire_rested":3,"item_purchase_floors":[3,37,37,37,41],"current_hp_per_floor":[75,75,75,75,75,75,75,75,75,75,75,71,71,71,75,33,75,75,75,75,75,59,49,49,41,41,41,41,41,41,41,41,41,75,66,66,20,20,20,20,20,20,20,20,20,25,25,25,25,11],"gold":1159,"neow_bonus":"DOUBLE_BOSS_RELIC","is_daily":false,"chose_seed":false,"campfire_upgraded":1,"win_rate":0.0,"timestamp":1611910599,"path_taken":["M","M","$","?","M","R","E","R","T","E","M","E","M","E","R","BOSS","M","M","AVR","?","M","E","R","?","T","E","M","M","R","M","R","BOSS","M","M","?","M","M","R","$","R","T","R","M","E","M","AVR","R","BOSS"],"items_purchased_type":["Card","Relic","Relic","Relic","Card"],"build_version":"2020-12-22","purchased_purges":1,"victory":true,"max_hp_per_floor":[75,75,75,75,75,75,75,75,75,75,75,75,75,75,75,75,75,75,75,75,75,75,75,75,75,75,75,75,75,75,75,75,75,75,75,75,75,75,75,75,75,75,75,75,75,75,75,75,75,75],"card_choices":[{"not_picked":["Occultation","DarkMatter"],"picked":"DoubleSpark","floor":1},{"not_picked":["AsteroidBelt","GalacticHalo"],"picked":"DoubleSpark","floor":2},{"not_picked":["SprinkleStarSeal","MagicChant"],"picked":"NonDirectionalLaser","floor":5},{"not_picked":["AsteroidBelt","ShootingEcho","SatelliteIllusion"],"picked":"SKIP","floor":7},{"not_picked":["SporeBomb","NonDirectionalLaser","WitchOfGreed"],"picked":"SKIP","floor":10},{"not_picked":["ShootingEcho","PowerUp","Toxin Wave"],"picked":"MilkyWay","floor":11},{"not_picked":["DC","DarkMatter","WitchLeyline"],"picked":"Slice","floor":12},{"not_picked":["PulseMagic","DragonMeteor","Backstab"],"picked":"CollectingQuirk","floor":13},{"not_picked":["PowerUp","GalacticHalo","Flying Knee"],"picked":"AlicesGift","floor":14},{"not_picked":["UltimateShortwave","StarDustReverie","aspiration:Lunge"],"picked":"CollectingQuirk","floor":16},{"not_picked":["DarkSpark","DarkMatter","conspire:PoisonWeapons"],"picked":"DoubleSpark","floor":18},{"not_picked":["ManaConvection","UnstableBomb+1","EnergyFlow"],"picked":"conspire:DoublingDagger","floor":19},{"not_picked":["PowerUp+1","NonDirectionalLaser+1","Crippling Poison"],"picked":"RefractionSpark","floor":22},{"not_picked":["Acceleration+1","MilkyWay","DC","Dagger Spray"],"picked":"SKIP","floor":23},{"not_picked":["OortCloud","WitchOfGreed+1","Acceleration","Toxin Wave"],"picked":"SKIP","floor":25},{"not_picked":["ChargeUpSpray","6A","Tactician"],"picked":"DoubleSpark+1","floor":27},{"not_picked":["WitchLeyline","EarthLightRay","Dagger Throw"],"picked":"RefractionSpark","floor":28},{"not_picked":["ShootingEcho","ChargingUp+1","MagicAbsorber","PiercingWail"],"picked":"SKIP","floor":29},{"not_picked":["WitchOfGreed","SprinkleStarSeal","ReplayTheSpireMod:Speed Training"],"picked":"MysteriousBeam+1","floor":31},{"not_picked":["EscapeVelocity","ManaRampage"],"picked":"UltimateShortwave","floor":32},{"not_picked":["UltimateShortwave","BinaryStars","Adrenaline"],"picked":"TreasureHunter","floor":33},{"not_picked":["IllusionStar","StarlightTyphoon","OneTimeOff","Dagger Spray"],"picked":"MilkyWay+1","floor":35},{"not_picked":["SporeBomb+1","NonDirectionalLaser+1","PropBag","Bane"],"picked":"GrandCross","floor":36},{"not_picked":["MeteoricShower+1","6A","ShootingEcho","Outmaneuver"],"picked":"CollectingQuirk","floor":38},{"not_picked":["OrrerysSun","EnergyRecoil+1","StarBarrage","hubris:SlightOfHand"],"picked":"MysteriousBeam","floor":39},{"not_picked":["ManaConvection+1","AsteroidBelt","PowerUp","ManaRampage"],"picked":"Slice","floor":45},{"not_picked":["GalacticHalo+1","StarDustReverie","SporeBomb+1","Glass Knife"],"picked":"IllusionStar+1","floor":46},{"not_picked":["SatelliteIllusion","EnergyFlow","SporeBomb","Backflip"],"picked":"IllusionStar","floor":47}],"player_experience":1905130,"relics_obtained":[{"floor":7,"key":"hubris:DeckOfHolding"},{"floor":9,"key":"hubris:MobiusCoin"},{"floor":10,"key":"hubris:DisguiseKit"},{"floor":12,"key":"hubris:64BitClover"},{"floor":14,"key":"infinitespire:EmpoweringShard"},{"floor":23,"key":"Matryoshka"},{"floor":26,"key":"Replay:Wax Seal"},{"floor":26,"key":"Replay:Bottled Steam"},{"floor":27,"key":"Onion Ring"},{"floor":28,"key":"Toy Ornithopter"},{"floor":32,"key":"conspire:GiftBox"},{"floor":39,"key":"InkBottle"},{"floor":40,"key":"Akabeko"},{"floor":43,"key":"Replay:Bottled Eggs"},{"floor":43,"key":"Gremlin Food"},{"floor":46,"key":"aspiration:FetidBarrel"},{"floor":46,"key":"Winged Necklace"}],"event_choices":[{"damage_healed":0,"gold_gain":0,"player_choice":"Ignored","damage_taken":0,"max_hp_gain":0,"max_hp_loss":0,"event_name":"N\u0027loth","floor":21,"gold_loss":0},{"damage_healed":0,"gold_gain":0,"player_choice":"Leave","damage_taken":0,"max_hp_gain":0,"max_hp_loss":0,"event_name":"conspire:Investor","floor":49,"gold_loss":0}],"is_beta":false,"boss_relics":[{"not_picked":["conspire:RoyalGoblet","hubris:RunicObelisk"],"picked":"ExperimentalFamiliar"},{"not_picked":["Pandora\u0027s Box","aspiration:RunicSpoon"],"picked":"Honey Jar"}],"items_purged_floors":[48],"is_endless":false,"potions_floor_spawned":[5,12,13,14,16,19,23,28,31,33,35,39,46,47],"ascension_level":0}}