{"host":"vumwfieg2b2mnrfl","time":1611888271,"event":{"mods":["AchievementEnabler","BaseMod","Minty Spire (QoL Compilation)","Rare Cards Sparkle","Relic Stats"],"gold_per_floor":[112,112,122,141,141,141,155,180,180,180,105,135,155,155,155],"floor_reached":14,"language":"ENG","playtime":386,"items_purged":["Strike_R"],"score":190,"play_id":"17b21668-cec5-485e-ac25-5a5a476485f1","local_time":"20210128204431","is_ascension_mode":true,"campfire_choices":[{"data":"Armaments","floor":6.0,"key":"SMITH"},{"floor":10.0,"key":"REST"}],"circlet_count":0,"master_deck":["AscendersBane","Strike_R","Strike_R","Strike_R","Strike_R","Defend_R","Defend_R","Defend_R","Defend_R","Bash","Anger","Cleave","Armaments+1","Battle Trance","Offering","Spot Weakness","Shrug It Off","Entrench","Armaments"],"relics":["SacredBark","Singing Bowl","Sundial","Ancient Tea Set"],"acts_visited":["Exordium"],"potions_floor_usage":[12,14],"damage_taken":[{"damage":5.0,"enemies":"Small Slimes","floor":1.0,"turns":4.0},{"damage":1.0,"enemies":"Cultist","floor":3.0,"turns":3.0},{"damage":9.0,"enemies":"Jaw Worm","floor":4.0,"turns":4.0},{"damage":21.0,"enemies":"Large Slime","floor":7.0,"turns":5.0},{"damage":22.0,"enemies":"Lagavulin","floor":8.0,"turns":7.0},{"damage":27,"enemies":"3 Sentries","floor":12,"turns":6},{"damage":6,"enemies":"Blue Slaver","floor":13,"turns":5},{"damage":34,"enemies":"Gremlin Nob","floor":14,"turns":3}],"seed_played":"-3570883404596233058","potions_obtained":[{"floor":1.0,"key":"CultistPotion"},{"floor":2.0,"key":"BloodPotion"},{"floor":2.0,"key":"LiquidBronze"},{"floor":8.0,"key":"Energy Potion"}],"is_trial":false,"path_per_floor":["M","?","M","M","?","R","M","E","T","R","$","E","M","E"],"character_chosen":"IRONCLAD","items_purchased":[],"campfire_rested":1,"item_purchase_floors":[],"current_hp_per_floor":[63,75,74,65,65,65,44,22,22,44,44,17,11,0,0],"gold":155,"neow_bonus":"BOSS_RELIC","is_daily":false,"chose_seed":false,"campfire_upgraded":1,"win_rate":0.0,"timestamp":1611888271,"path_taken":["M","?","M","?","?","R","M","E","T","R","$","E","?","E"],"items_purchased_type":[],"build_version":"2020-12-22","purchased_purges":1,"victory":false,"max_hp_per_floor":[75,75,75,75,75,75,75,75,75,75,75,75,75,75,75],"relic_stats":{"Singing Bowl":0,"counters":[8,37],"Sundial":[0],"obtain_stats":[{"Singing Bowl":8,"Sundial":9,"SacredBark":0,"Ancient Tea Set":12,"Burning Blood":0},{"Singing Bowl":5,"Sundial":5,"SacredBark":0,"Ancient Tea Set":6,"Burning Blood":0},{"Singing Bowl":23,"Sundial":23,"SacredBark":0,"Ancient Tea Set":29,"Burning Blood":0}]},"card_choices":[{"not_picked":["Rage","True Grit"],"picked":"Anger","floor":1.0},{"not_picked":["Iron Wave","Pommel Strike"],"picked":"Cleave","floor":3.0},{"not_picked":["Blood for Blood","Anger"],"picked":"Armaments","floor":4.0},{"not_picked":["Rampage","Sword Boomerang"],"picked":"Spot Weakness","floor":7.0},{"not_picked":["Intimidate","Infernal Blade"],"picked":"Shrug It Off","floor":8.0},{"not_picked":["Bloodletting","Disarm"],"picked":"Entrench","floor":12},{"not_picked":["Sentinel","Thunderclap"],"picked":"Armaments","floor":13}],"player_experience":489068,"relics_obtained":[{"floor":8.0,"key":"Singing Bowl"},{"floor":9.0,"key":"Sundial"},{"floor":12,"key":"Ancient Tea Set"}],"event_choices":[{"damage_healed":0.0,"max_hp_gain":0.0,"max_hp_loss":0.0,"gold_gain":0.0,"event_name":"Lab","player_choice":"Got Potions","floor":2.0,"gold_loss":0.0,"damage_taken":0.0},{"damage_healed":0.0,"max_hp_gain":0.0,"max_hp_loss":0.0,"gold_gain":0.0,"event_name":"Match and Keep!","player_choice":"2 cards matched","floor":5.0,"gold_loss":0.0,"damage_taken":0.0,"cards_obtained":["Battle Trance","Offering"]}],"is_beta":false,"boss_relics":[],"items_purged_floors":[11],"is_endless":false,"potions_floor_spawned":[1,8],"killed_by":"Gremlin Nob","ascension_level":18}}