{"host":"kzpuingyul43kz0j","time":1611959919,"event":{"mods":["2.2 Compatiblity","BaseMod","Bestiary","Better Skull","BetterRewards","Colored Map","Colored Powertips","Curses Come First","Displayed Cursed Tome","Downfall","Gold Saver","Highlight Path","Keyboard Shortcuts","Minty Spire (QoL Compilation)","Relic Stats","Remove Card Discount Mod","StSLib","Uncapped"],"gold_per_floor":[636,649,664,681,681,681,696,6,6,38,52,67,98,112,112,209,209,228,74,74,74,88,113,113,125,152,152,251,251,251,284,284,387,387,399,1398,1398,710,710,741,760,791,817,348,368,384,399,409,409,409,409,409,102,136,136,136],"floor_reached":55,"language":"ENG","playtime":3022,"items_purged":["Strike_B","Defend_B","Defend_B","Strike_B","Go for the Eyes","Defend_B","Strike_B","Strike_B","Defend_B","Dualcast","Normality","Normality","Parasite","Streamline"],"score":804,"play_id":"31833315-73b2-474a-a106-53403555b962","local_time":"20210129233839","is_ascension_mode":false,"campfire_choices":[{"floor":6,"key":"RECALL"},{"data":"Redo","floor":15,"key":"SMITH"},{"data":"White Noise","floor":24,"key":"SMITH"},{"data":"BootSequence","floor":29,"key":"SMITH"},{"floor":32,"key":"REST"},{"data":"Core Surge","floor":49,"key":"SMITH"},{"data":"Thunder Strike","floor":52,"key":"SMITH"}],"circlet_count":0,"master_deck":["Zap+1","BootSequence+1","Ball Lightning","Leap+1","White Noise+1","Consume+1","Redo+1","Self Repair+1","Leap","Biased Cognition+1","Thunder Strike+1","Ball Lightning+1","Redo+1","Heatsinks+1","Blind","Core Surge+1","Force Field"],"relics":["Cracked Core","NeowsBlessing","Frozen Egg 2","Juzu Bracelet","OrangePellets","Pear","Bag of Marbles","Emotion Chip","Sozu","Oddly Smooth Stone","Bag of Preparation","Mercury Hourglass","Centennial Puzzle","Black Star","Unceasing Top","Pen Nib","TheAbacus","Regal Pillow","Ancient Tea Set","Art of War","Pantograph","Lantern","Eternal Feather","MealTicket","Orichalcum","Runic Capacitor","War Paint","Ornamental Fan"],"acts_visited":["Exordium","TheCity","TheBeyond","TheEnding"],"potions_floor_usage":[10,13,13,55],"damage_taken":[{"damage":0,"enemies":"2 Louse","floor":1,"turns":1},{"damage":0,"enemies":"Small Slimes","floor":2,"turns":1},{"damage":0,"enemies":"Jaw Worm","floor":3,"turns":1},{"damage":4,"enemies":"2 Fungi Beasts","floor":4,"turns":3},{"damage":3,"enemies":"Exordium Thugs","floor":7,"turns":4},{"damage":27,"enemies":"3 Sentries","floor":10,"turns":6},{"damage":0,"enemies":"Large Slime","floor":11,"turns":4},{"damage":7,"enemies":"Blue Slaver","floor":12,"turns":3},{"damage":8,"enemies":"Lagavulin","floor":13,"turns":6},{"damage":3,"enemies":"Gremlin Gang","floor":14,"turns":3},{"damage":61,"enemies":"The Guardian","floor":16,"turns":8},{"damage":1,"enemies":"Spheric Guardian","floor":18,"turns":3},{"damage":0,"enemies":"Shell Parasite","floor":22,"turns":3},{"damage":41,"enemies":"Slavers","floor":23,"turns":4},{"damage":10,"enemies":"Shelled Parasite and Fungi","floor":25,"turns":3},{"damage":17,"enemies":"Gremlin Leader","floor":31,"turns":4},{"damage":17,"enemies":"Automaton","floor":33,"turns":5},{"damage":3,"enemies":"Orb Walker","floor":35,"turns":3},{"damage":17,"enemies":"Giant Head","floor":40,"turns":6},{"damage":0,"enemies":"3 Shapes","floor":41,"turns":3},{"damage":39,"enemies":"Nemesis","floor":42,"turns":5},{"damage":5,"enemies":"Maw","floor":45,"turns":6},{"damage":0,"enemies":"Jaw Worm Horde","floor":46,"turns":3},{"damage":0,"enemies":"Writhing Mass","floor":47,"turns":4},{"damage":0,"enemies":"3 Darklings","floor":48,"turns":3},{"damage":105,"enemies":"Awakened One","floor":50,"turns":7},{"damage":18,"enemies":"Shield and Spear","floor":54,"turns":4},{"damage":111,"enemies":"The Heart","floor":55,"turns":6}],"seed_played":"-9220583572852179604","potions_obtained":[{"floor":2,"key":"BlessingOfTheForge"},{"floor":7,"key":"SteroidPotion"},{"floor":11,"key":"Swift Potion"},{"floor":12,"key":"GamblersBrew"},{"floor":14,"key":"FairyPotion"}],"is_trial":false,"path_per_floor":["M","M","M","M","?","R","M","$","T","E","M","M","E","M","R","B",null,"M","$","?","?","M","E","R","M","T","?","?","R","?","E","R","B",null,"M","?","?","$","?","E","M","E","T","$","M","M","M","M","R","B",null,"R","$","E","B"],"character_chosen":"DEFECT","items_purchased":["Frozen Egg 2","Juzu Bracelet","Consume","Redo","OrangePellets","Oddly Smooth Stone","Unceasing Top","Pen Nib","TheAbacus","Heatsinks+1","Eternal Feather","Blind","MealTicket","Orichalcum","Runic Capacitor"],"campfire_rested":1,"item_purchase_floors":[8,8,8,8,8,19,38,38,38,38,44,44,44,53,53],"current_hp_per_floor":[75,75,75,71,71,71,68,68,78,51,51,54,56,63,63,12,85,84,84,84,84,85,54,54,44,44,44,44,44,28,21,48,41,90,90,90,90,90,85,78,85,56,56,56,61,71,81,85,85,35,85,85,82,74,0,0],"gold":136,"neow_bonus":"THREE_ENEMY_KILL","is_daily":false,"chose_seed":false,"campfire_upgraded":5,"win_rate":0.0,"timestamp":1611959919,"path_taken":["M","M","M","M","?","R","M","$","T","E","M","M","E","M","R","BOSS","M","$","?","?","M","E","R","M","T","?","?","R","?","E","R","BOSS","M","?","?","$","?","E","M","E","T","$","M","M","M","M","R","BOSS","R","$","E","BOSS"],"items_purchased_type":["Relic","Relic","Card","Card","Relic","Relic","Relic","Relic","Relic","Card","Relic","Card","Relic","Relic","Relic"],"build_version":"2020-12-22","purchased_purges":14,"victory":false,"max_hp_per_floor":[75,75,75,75,75,75,75,75,85,85,85,85,85,85,85,85,85,85,85,85,85,85,85,85,85,85,85,85,85,90,90,90,90,90,90,90,90,90,85,85,85,85,85,85,85,85,85,85,85,85,85,85,82,82,82,82],"relic_stats":{"Regal Pillow":0,"counters":[28,112],"Eternal Feather":0,"Pen Nib":[6],"Juzu Bracelet":2,"Bag of Preparation":[32],"Orichalcum":[18],"War Paint":["Consume","Leap"],"Mercury Hourglass":[219],"Sozu":7,"OrangePellets":[29],"Emotion Chip":[73,73,0,0,0],"Centennial Puzzle":[24],"TheAbacus":[138],"Ornamental Fan":[0],"Pantograph":8,"MealTicket":0,"Black Star":3,"Art of War":[4],"obtain_stats":[{"Regal Pillow":40,"Lantern":43,"Juzu Bracelet":8,"Bag of Preparation":20,"Runic Capacitor":53,"Ancient Tea Set":40,"Sozu":17,"Emotion Chip":13,"Centennial Puzzle":31,"TheAbacus":38,"Pantograph":42,"MealTicket":44,"Cracked Core":0,"Pear":9,"NeowsBlessing":0,"Oddly Smooth Stone":19,"Eternal Feather":44,"Pen Nib":38,"Frozen Egg 2":8,"Orichalcum":53,"War Paint":54,"Mercury Hourglass":23,"OrangePellets":8,"Ornamental Fan":54,"Bag of Marbles":10,"Black Star":34,"Art of War":42,"Unceasing Top":38},{"Regal Pillow":19,"Lantern":21,"Juzu Bracelet":5,"Bag of Preparation":12,"Runic Capacitor":26,"Ancient Tea Set":19,"Sozu":11,"Emotion Chip":9,"Centennial Puzzle":16,"TheAbacus":18,"Pantograph":21,"MealTicket":21,"Cracked Core":0,"Pear":5,"NeowsBlessing":0,"Oddly Smooth Stone":12,"Eternal Feather":21,"Pen Nib":18,"Frozen Egg 2":5,"Orichalcum":26,"War Paint":27,"Mercury Hourglass":14,"OrangePellets":5,"Ornamental Fan":27,"Bag of Marbles":6,"Black Star":17,"Art of War":21,"Unceasing Top":18},{"Regal Pillow":71,"Lantern":79,"Juzu Bracelet":10,"Bag of Preparation":43,"Runic Capacitor":102,"Ancient Tea Set":71,"Sozu":40,"Emotion Chip":29,"Centennial Puzzle":57,"TheAbacus":65,"Pantograph":79,"MealTicket":79,"Cracked Core":0,"Pear":10,"NeowsBlessing":0,"Oddly Smooth Stone":43,"Eternal Feather":79,"Pen Nib":65,"Frozen Egg 2":10,"Orichalcum":102,"War Paint":106,"Mercury Hourglass":50,"OrangePellets":10,"Ornamental Fan":106,"Bag of Marbles":16,"Black Star":62,"Art of War":79,"Unceasing Top":65}],"Unceasing Top":[13]},"card_choices":[{"not_picked":["Conserve Battery","Ball Lightning"],"picked":"BootSequence","floor":1},{"not_picked":["Reinforced Body","Reprogram"],"picked":"Ball Lightning","floor":2},{"not_picked":["Doom and Gloom","Blizzard"],"picked":"Go for the Eyes","floor":3},{"not_picked":["Doom and Gloom","Stack"],"picked":"Leap","floor":4},{"not_picked":["Stack","Reinforced Body"],"picked":"White Noise","floor":7},{"not_picked":["Steam","FTL"],"picked":"Streamline","floor":10},{"not_picked":["Sunder","Thunder Strike"],"picked":"Self Repair+1","floor":11},{"not_picked":["Go for the Eyes","Auto Shields"],"picked":"Leap","floor":12},{"not_picked":["Lockon","Compile Driver"],"picked":"Biased Cognition+1","floor":13},{"not_picked":["Hologram","Rip and Tear","Barrage"],"picked":"SKIP","floor":14},{"not_picked":["Multi-Cast","Seek"],"picked":"Thunder Strike","floor":16},{"not_picked":["Rip and Tear+1","Reprogram"],"picked":"Ball Lightning+1","floor":18},{"not_picked":["Hologram+1","Go for the Eyes","Gash+1"],"picked":"SKIP","floor":22},{"not_picked":["Barrage+1","Turbo","Cold Snap"],"picked":"SKIP","floor":23},{"not_picked":["Rainbow","Conserve Battery"],"picked":"Redo+1","floor":25},{"not_picked":["Streamline","Go for the Eyes+1","Redo"],"picked":"SKIP","floor":31},{"not_picked":["Cold Snap","White Noise","Coolheaded+1"],"picked":"SKIP","floor":35},{"not_picked":["Chill+1","Recycle+1","Stack"],"picked":"SKIP","floor":40},{"not_picked":["Steam+1","Skim+1","Turbo"],"picked":"SKIP","floor":41},{"not_picked":["Coolheaded+1","Ball Lightning","Melter+1"],"picked":"SKIP","floor":42},{"not_picked":["Force Field","Leap+1"],"picked":"Core Surge","floor":45},{"not_picked":["Genetic Algorithm+1","Go for the Eyes+1","Sweeping Beam"],"picked":"SKIP","floor":46},{"not_picked":["Barrage","Cold Snap","Hologram"],"picked":"SKIP","floor":47},{"not_picked":["Steam+1","Stack","White Noise+1"],"picked":"SKIP","floor":48},{"not_picked":["Steam+1","Stack","White Noise+1"],"picked":"SKIP","floor":48},{"not_picked":["Reprogram+1","Compile Driver+1"],"picked":"Force Field","floor":54}],"player_experience":93513,"relics_obtained":[{"floor":9,"key":"Pear"},{"floor":10,"key":"Bag of Marbles"},{"floor":13,"key":"Emotion Chip"},{"floor":23,"key":"Mercury Hourglass"},{"floor":31,"key":"Centennial Puzzle"},{"floor":40,"key":"Regal Pillow"},{"floor":40,"key":"Ancient Tea Set"},{"floor":42,"key":"Art of War"},{"floor":42,"key":"Pantograph"},{"floor":43,"key":"Lantern"},{"floor":54,"key":"War Paint"},{"floor":54,"key":"Ornamental Fan"}],"event_choices":[{"damage_healed":0,"gold_gain":0,"player_choice":"Grow","damage_taken":0,"max_hp_gain":0,"max_hp_loss":0,"event_name":"Living Wall","floor":5,"gold_loss":0,"cards_upgraded":["Zap"]},{"damage_healed":0,"gold_gain":0,"player_choice":"Stole Relic","damage_taken":0,"relics_obtained":["Bag of Preparation"],"max_hp_gain":0,"max_hp_loss":0,"event_name":"Addict","floor":20,"gold_loss":0,"cards_obtained":["Shame"]},{"damage_healed":0,"gold_gain":0,"player_choice":"Ignored","damage_taken":0,"max_hp_gain":0,"max_hp_loss":0,"event_name":"NoteForYourself","floor":27,"gold_loss":0},{"damage_healed":0,"gold_gain":99,"player_choice":"Stole From Cult","damage_taken":0,"max_hp_gain":0,"max_hp_loss":0,"event_name":"Nest","floor":28,"gold_loss":0},{"damage_healed":0,"gold_gain":0,"player_choice":"Shed Blood","damage_taken":21,"max_hp_gain":5,"max_hp_loss":0,"event_name":"Forgotten Altar","floor":30,"gold_loss":0},{"damage_healed":0,"gold_gain":999,"player_choice":"Gold","damage_taken":0,"max_hp_gain":0,"max_hp_loss":0,"event_name":"MindBloom","floor":36,"gold_loss":0,"cards_obtained":["Normality","Normality"]},{"cards_removed":["Shame"],"damage_healed":0,"gold_gain":0,"player_choice":"Purged","damage_taken":0,"max_hp_gain":0,"max_hp_loss":0,"event_name":"Purifier","floor":37,"gold_loss":0},{"damage_healed":0,"gold_gain":0,"player_choice":"Max HP","damage_taken":0,"max_hp_gain":0,"max_hp_loss":5,"event_name":"Winding Halls","floor":39,"gold_loss":0}],"is_beta":false,"boss_relics":[{"not_picked":["Busted Crown","Fusion Hammer"],"picked":"Sozu"},{"not_picked":["Empty Cage","Snecko Eye"],"picked":"Black Star"}],"items_purged_floors":[8,8,8,8,8,19,19,19,19,19,38,38,53,53],"is_endless":false,"potions_floor_spawned":[2,7,11,12,14,18,22,23,33,35,41,45],"killed_by":"The Heart","ascension_level":0}}