{"host":"zpdnzdhg0mkc3yhv","time":1611927330,"event":{"mods":["BaseMod","BetterRewards","Decade(王小明)","Downfall","Infinite Spire","LagranYue(拉格朗・月)","Minty Spire (QoL Compilation)","Replay The Spire","Shop Mod","StSLib","SuperFastMode","The Servant 0.9.4","[IsaacMod]以撒尖塔","【功能Mod】混沌之环修复补丁"],"gold_per_floor":[114,289,289,289,289,289,322,340,363,388,419,419,451,469,469,573,573,603,615,652,763,788,826,838,850,862,874,115,132,143,171,171,266,266,280,280,296,8,43,43,70,70,97,97,117,161,14,51,51,160,160,179,194,194,235,235,302,302,322,394,394,446,446,446,143,143,280,280,298,298,298,70,136,136,136,136,180,180,220,220,240,19,19,154,154,169,187,234,234,278,278,278,278,325,39,63,116,116,137,137,265,265,279,17,37,13,87,87,387,29,96,96,143,191,235,235,235,361,433,482,45,45,123,161,161,161,161,209,209,244,244,259,302,302,432,495,516,525,131,201,423,423,470,490,540,589,613,613,629,682,682,819,819,835,835,850,900,25,25,69,69,114,114,157,230,278,351,351,488,488,511,511],"floor_reached":171,"language":"ZHS","playtime":10800,"items_purged":[],"score":6207,"play_id":"8c1bca52-4916-4063-bd1c-f8aa64f2c99a","local_time":"20210129213529","daily_mods":["Vintage","Colorless Cards","Heirloom","Flight","DeadlyEvents","Elite Swarm"],"is_ascension_mode":false,"campfire_choices":[{"floor":6.0,"key":"REST"},{"data":"Berserk","floor":15.0,"key":"SMITH"},{"floor":24.0,"key":"REST"},{"floor":25.0,"key":"REST"},{"data":"Panache","floor":27.0,"key":"SMITH"},{"floor":32.0,"key":"DIG"},{"floor":42.0,"key":"REST"},{"floor":44.0,"key":"DIG"},{"floor":49.0,"key":"DIG"},{"floor":58.0,"key":"DIG"},{"floor":61.0,"key":"DIG"},{"floor":64.0,"key":"DIG"},{"floor":66.0,"key":"DIG"},{"floor":74.0,"key":"DIG"},{"floor":75.0,"key":"DIG"},{"floor":76.0,"key":"DIG"},{"floor":78.0,"key":"DIG"},{"floor":80.0,"key":"DIG"},{"floor":83.0,"key":"DIG"},{"floor":91.0,"key":"DIG"},{"floor":92.0,"key":"DIG"},{"floor":93.0,"key":"DIG"},{"floor":98.0,"key":"DIG"},{"floor":100.0,"key":"DIG"},{"floor":108.0,"key":"DIG"},{"floor":109.0,"key":"DIG"},{"floor":112.0,"key":"DIG"},{"floor":117.0,"key":"DIG"},{"floor":125.0,"key":"DIG"},{"data":"Apotheosis","floor":126.0,"key":"SMITH"},{"data":"Brutality","floor":127.0,"key":"SMITH"},{"data":"Mayhem","floor":129.0,"key":"SMITH"},{"data":"Sadistic Nature","floor":131.0,"key":"SMITH"},{"data":"Sadistic Nature","floor":134.0,"key":"SMITH"},{"data":"Bash","floor":142.0,"key":"SMITH"},{"data":"Demon Form","floor":148.0,"key":"SMITH"},{"data":"Sadistic Nature","floor":151.0,"key":"SMITH"},{"data":"Feel No Pain","floor":159.0,"key":"SMITH"},{"data":"Juggernaut","floor":161.0,"key":"SMITH"},{"data":"Madness","floor":163.0,"key":"SMITH"},{"data":"Berserk","floor":168.0,"key":"SMITH"}],"circlet_count":16,"master_deck":["Bash+1","Secret Weapon+1","Sadistic Nature+1","Berserk+1","Juggernaut+1","CurseOfTheBell","Sadistic Nature+1","Panache+1","Reaper+1","Reaper+1","Demon Form+1","Mayhem+1","Sentinel+1","Clothesline+1","Trip","Jack Of All Trades","Flash of Steel+1","Sadistic Nature+1","Master of Strategy","Heavy Blade+1","Transmutation+1","Berserk+1","Chrysalis","Mayhem+1","Violence","Chrysalis","Feel No Pain+1","Brutality+1","Feed+1","Twin Strike+1","Magnetism+1","Madness+1","Madness+1","Brutality+1","Reaper+1","HandOfGreed+1","Sword Boomerang+1","Apotheosis+1","Sadistic Nature+1","Madness+1","Exhume+1","Apotheosis+1","Sadistic Nature+1","Sadistic Nature+1","Limit Break+1","Warcry+1","Deep Breath+1","Pommel Strike+1","Shrug It Off+1","Juggernaut+1","Secret Technique+1","Secret Technique+1","Sentinel+1","Havoc+1","Flame Barrier+1","Panache+1","Apotheosis+1","Flame Barrier+1","Enlightenment+1","Trip+1","Mayhem+1","Corruption+1","Mayhem+1","Offering+1","Offering+1","Demon Form+1","Offering+1","Panache+1","Spot Weakness+1","Flex+1","Evolve+1","Metallicize+1","Inflame+1","Evolve+1","Fire Breathing+1","Metallicize+1","Metallicize+1","Fire Breathing+1","Rupture+1","Combust+1","Dark Embrace+1","Fire Breathing+1","Fire Breathing+1","Feel No Pain+1","Feel No Pain+1","Offering+1","Secret Technique+1","Mayhem+1","Double Tap+1","Brutality+1","Secret Technique+1","Limit Break+1"],"relics":["Burning Blood","Pocketwatch","Akabeko","HornCleat","Sundial","Shuriken","Vajra","Oddly Smooth Stone","War Paint","Magic Flower","Calipers","Mango","Calling Bell","MawBank","Self Forming Clay","FossilizedHelix","Orichalcum","Blood Vial","Champion Belt","Pear","Molten Egg 2","Toy Ornithopter","Shovel","Chemical X","Happy Flower","Darkstone Periapt","Turnip","Letter Opener","Astrolabe","Smiling Mask","Lantern","Potion Belt","Lee\u0027s Waffle","Blue Candle","Dream Catcher","CeramicFish","PreservedInsect","Kunai","Paper Frog","Membership Card","InkBottle","Bag of Marbles","SacredBark","Gremlin Horn","Peace Pipe","Golden Idol","Ginger","Boot","Bottled Tornado","Bag of Preparation","Regal Pillow","MealTicket","Nunchaku","Medical Kit","Matryoshka","Bird Faced Urn","Runic Pyramid","Strawberry","Mercury Hourglass","Prayer Wheel","HandDrill","Centennial Puzzle","The Courier","Tiny Chest","Pantograph","Bronze Scales","Red Mask","Question Card","Frozen Egg 2","Eternal Feather","CaptainsWheel","White Beast Statue","Runic Cube","Ornamental Fan","Pen Nib","Bottled Flame","Anchor","Meat on the Bone","Whetstone","Ancient Tea Set","Red Skull","Mummified Hand","Singing Bowl","Du-Vu Doll","Incense Burner","Black Star","Art of War","Strange Spoon","Toxic Egg 2","StrikeDummy","StoneCalendar","Unceasing Top","Old Coin","Dead Branch","Torii","Ice Cream","Circlet","Tiny House","Sling","Pandora\u0027s Box","Cauldron","Mark of Pain","Bottled Lightning","Lizard Tail","Omamori","Charon\u0027s Ashes","Thread and Needle","DollysMirror","TungstenRod","Gambling Chip"],"acts_visited":["TheCity"],"potions_floor_usage":[],"damage_taken":[{"damage":15.0,"enemies":"2 Louse","floor":1.0,"turns":3.0},{"damage":0.0,"enemies":"Gremlin Nob","floor":7.0,"turns":3.0},{"damage":0.0,"enemies":"Small Slimes","floor":8.0,"turns":3.0},{"damage":23.0,"enemies":"3 Sentries","floor":10.0,"turns":8.0},{"damage":18.0,"enemies":"Gremlin Nob","floor":11.0,"turns":4.0},{"damage":13.0,"enemies":"3 Sentries","floor":13.0,"turns":6.0},{"damage":0.0,"enemies":"Cultist","floor":14.0,"turns":3.0},{"damage":34.0,"enemies":"Hexaghost","floor":16.0,"turns":8.0},{"damage":34.0,"enemies":"2 Thieves","floor":18.0,"turns":5.0},{"damage":15.0,"enemies":"Gremlin Leader","floor":20.0,"turns":7.0},{"damage":0.0,"enemies":"Spheric Guardian","floor":22.0,"turns":4.0},{"damage":64.0,"enemies":"Slavers","floor":23.0,"turns":7.0},{"damage":31.0,"enemies":"Cultist and Chosen","floor":29.0,"turns":7.0},{"damage":26.0,"enemies":"3 Cultists","floor":30.0,"turns":5.0},{"damage":44.0,"enemies":"Gremlin Leader","floor":31.0,"turns":6.0},{"damage":67.0,"enemies":"Collector","floor":33.0,"turns":10.0},{"damage":0.0,"enemies":"3 Shapes","floor":35.0,"turns":3.0},{"damage":0.0,"enemies":"Orb Walker","floor":37.0,"turns":3.0},{"damage":4.0,"enemies":"Nemesis","floor":39.0,"turns":8.0},{"damage":73.0,"enemies":"Reptomancer","floor":41.0,"turns":4.0},{"damage":18.0,"enemies":"Spire Growth","floor":45.0,"turns":5.0},{"damage":0.0,"enemies":"Giant Head","floor":46.0,"turns":6.0},{"damage":1.0,"enemies":"Reptomancer","floor":48.0,"turns":4.0},{"damage":64.0,"enemies":"Donu and Deca","floor":50.0,"turns":7.0},{"damage":0.0,"enemies":"2 Louse","floor":52.0,"turns":1.0},{"damage":0.0,"enemies":"Small Slimes","floor":53.0,"turns":1.0},{"damage":0.0,"enemies":"3 Sentries","floor":55.0,"turns":2.0},{"damage":0.0,"enemies":"Gremlin Nob","floor":57.0,"turns":2.0},{"damage":0.0,"enemies":"Cultist","floor":59.0,"turns":2.0},{"damage":0.0,"enemies":"3 Sentries","floor":62.0,"turns":2.0},{"damage":28.0,"enemies":"The Guardian","floor":67.0,"turns":5.0},{"damage":2.0,"enemies":"Spheric Guardian","floor":69.0,"turns":3.0},{"damage":0.0,"enemies":"2 Thieves","floor":73.0,"turns":1.0},{"damage":44.0,"enemies":"Gremlin Leader","floor":77.0,"turns":3.0},{"damage":0.0,"enemies":"Masked Bandits","floor":79.0,"turns":2.0},{"damage":0.0,"enemies":"3 Cultists","floor":81.0,"turns":2.0},{"damage":15.0,"enemies":"Automaton","floor":84.0,"turns":4.0},{"damage":36.0,"enemies":"3 Darklings","floor":86.0,"turns":3.0},{"damage":0.0,"enemies":"Reptomancer","floor":88.0,"turns":2.0},{"damage":88.0,"enemies":"Nemesis","floor":90.0,"turns":5.0},{"damage":8.0,"enemies":"Giant Head","floor":94.0,"turns":5.0},{"damage":17.0,"enemies":"3 Shapes","floor":96.0,"turns":2.0},{"damage":5.0,"enemies":"Nemesis","floor":97.0,"turns":3.0},{"damage":4.0,"enemies":"Transient","floor":99.0,"turns":5.0},{"damage":53.0,"enemies":"Awakened One","floor":101.0,"turns":5.0},{"damage":0.0,"enemies":"Small Slimes","floor":103.0,"turns":2.0},{"damage":0.0,"enemies":"Jaw Worm","floor":105.0,"turns":1.0},{"damage":27.0,"enemies":"Gremlin Nob","floor":107.0,"turns":3.0},{"damage":0.0,"enemies":"Lagavulin","floor":111.0,"turns":2.0},{"damage":0.0,"enemies":"Gremlin Nob","floor":113.0,"turns":2.0},{"damage":0.0,"enemies":"Lagavulin","floor":114.0,"turns":1.0},{"damage":0.0,"enemies":"3 Sentries","floor":115.0,"turns":2.0},{"damage":1.0,"enemies":"Slime Boss","floor":118.0,"turns":2.0},{"damage":0.0,"enemies":"Spheric Guardian","floor":120.0,"turns":2.0},{"damage":1.0,"enemies":"Slavers","floor":123.0,"turns":2.0},{"damage":0.0,"enemies":"Gremlin Leader","floor":124.0,"turns":1.0},{"damage":0.0,"enemies":"Slavers","floor":128.0,"turns":1.0},{"damage":14.0,"enemies":"Gremlin Leader","floor":130.0,"turns":2.0},{"damage":0.0,"enemies":"3 Byrds","floor":132.0,"turns":1.0},{"damage":0.0,"enemies":"Snecko","floor":133.0,"turns":2.0},{"damage":2.0,"enemies":"Collector","floor":135.0,"turns":3.0},{"damage":0.0,"enemies":"Orb Walker","floor":137.0,"turns":1.0},{"damage":101.0,"enemies":"Nemesis","floor":140.0,"turns":3.0},{"damage":2.0,"enemies":"Giant Head","floor":143.0,"turns":2.0},{"damage":0.0,"enemies":"3 Darklings","floor":144.0,"turns":2.0},{"damage":4.0,"enemies":"Nemesis","floor":145.0,"turns":3.0},{"damage":1.0,"enemies":"Giant Head","floor":146.0,"turns":3.0},{"damage":8.0,"enemies":"Writhing Mass","floor":147.0,"turns":2.0},{"damage":22.0,"enemies":"Maw","floor":149.0,"turns":3.0},{"damage":20.0,"enemies":"Nemesis","floor":150.0,"turns":3.0},{"damage":57.0,"enemies":"Donu and Deca","floor":152.0,"turns":4.0},{"damage":0.0,"enemies":"Cultist","floor":154.0,"turns":1.0},{"damage":8.0,"enemies":"Jaw Worm","floor":156.0,"turns":2.0},{"damage":0.0,"enemies":"Lagavulin","floor":157.0,"turns":1.0},{"damage":0.0,"enemies":"Gremlin Nob","floor":160.0,"turns":1.0},{"damage":0.0,"enemies":"Lagavulin","floor":162.0,"turns":1.0},{"damage":0.0,"enemies":"3 Sentries","floor":164.0,"turns":1.0},{"damage":11.0,"enemies":"Gremlin Nob","floor":165.0,"turns":2.0},{"damage":6.0,"enemies":"Lagavulin","floor":166.0,"turns":2.0},{"damage":7.0,"enemies":"Gremlin Nob","floor":167.0,"turns":2.0},{"damage":14.0,"enemies":"Slime Boss","floor":169.0,"turns":3.0},{"damage":0,"enemies":"Spheric Guardian","floor":171,"turns":1}],"seed_played":"-8162337793818134904","potions_obtained":[{"floor":7.0,"key":"LiquidBronze"},{"floor":8.0,"key":"FearPotion"},{"floor":16.0,"key":"Explosive Potion"},{"floor":22.0,"key":"BlessingOfTheForge"},{"floor":23.0,"key":"PowerPotion"},{"floor":30.0,"key":"SteroidPotion"},{"floor":35.0,"key":"Ancient Potion"},{"floor":37.0,"key":"Explosive Potion"},{"floor":46.0,"key":"SmokeBomb"},{"floor":52.0,"key":"BloodPotion"},{"floor":62.0,"key":"BloodPotion"},{"floor":67.0,"key":"Energy Potion"},{"floor":86.0,"key":"PowerPotion"},{"floor":96.0,"key":"Energy Potion"},{"floor":139.0,"key":"FairyPotion"},{"floor":145.0,"key":"Energy Potion"},{"floor":154.0,"key":"Fruit Juice"}],"is_trial":true,"path_per_floor":["M","?","?","?","T","R","E","M","T","E","E","T","E","M","R","B",null,"M","?","E","?","M","E","R","R","T","R","$","M","M","E","R","B",null,"M","?","M","$","E","$","E","R","T","R","M","E","$","E","R","B",null,"M","M","?","E","?","E","R","M","T","R","E","?","R","$","R","B",null,"M","?","?","$","M","R","R","R","E","R","?","R","M","$","R","B",null,"M","?","E","?","E","R","R","R","E","$","M","E","R","M","R","B",null,"M","$","M","$","E","R","R","$","E","R","E","E","E","?","R","B",null,"M","$","?","E","E","R","R","R","E","R","E","R","M","M","R","B",null,"M","?","$","E","?","R","E","M","E","E","M","R","M","E","R","B",null,"M","?","M","E","$","R","E","R","E","R","E","E","E","E","R","B",null,"M"],"character_chosen":"IRONCLAD","items_purchased":["Toy Ornithopter","Shovel","Chemical X","Reaper+1","Potion Belt","Lee\u0027s Waffle","Membership Card","Nunchaku","Medical Kit","Matryoshka","Feel No Pain","Prayer Wheel","HandDrill","Eternal Feather","CaptainsWheel","Meat on the Bone","Whetstone","Ancient Tea Set","Red Skull","Sword Boomerang+1","Strange Spoon","Toxic Egg 2","StrikeDummy","Madness+1","Dead Branch","Torii","Ice Cream","Sling","Deep Breath+1","Pommel Strike+1","Shrug It Off+1","Circlet","Circlet","Cauldron","Circlet","Circlet","Charon\u0027s Ashes","Thread and Needle","DollysMirror","TungstenRod","Gambling Chip","Spot Weakness+1","Flex+1","Evolve+1","Metallicize+1","Inflame+1","Evolve+1","Fire Breathing+1","Metallicize+1","Metallicize+1","Fire Breathing+1","Rupture+1","Combust+1","Dark Embrace+1","Fire Breathing+1","Fire Breathing+1","Feel No Pain+1","Feel No Pain+1"],"campfire_rested":4,"item_purchase_floors":[28,28,28,28,38,38,47,65,65,65,65,72,72,82,82,95,95,95,95,95,104,104,104,106,110,110,110,121,121,121,121,121,121,139,139,139,158,158,158,158,158,158,158,158,158,158,158,158,158,158,158,158,158,158,158,158,158,158],"current_hp_per_floor":[71,71,64,48,48,72,78,80,80,63,51,51,47,70,70,45,94,69,69,63,63,75,33,64,95,95,95,95,82,87,104,104,60,104,104,94,104,111,111,111,47,80,80,80,89,111,111,111,111,106,111,111,111,111,111,84,111,111,111,111,111,111,104,104,111,111,98,111,118,93,93,108,123,123,123,123,91,91,124,124,131,131,131,131,131,122,106,131,131,70,94,118,131,135,135,139,139,139,139,139,134,139,139,139,139,139,121,139,139,139,139,139,139,139,139,105,135,141,146,146,146,146,150,152,152,152,152,156,156,156,158,162,162,162,162,162,162,162,162,91,91,127,162,162,162,166,166,166,166,155,166,166,166,166,154,166,166,166,166,166,166,166,166,166,166,166,166,166,166,166,171,171],"gold":511,"neow_bonus":"","is_daily":false,"chose_seed":false,"campfire_upgraded":14,"win_rate":0.0,"timestamp":1611927329,"path_taken":["M","?","?","?","?","R","E","?","T","E","?","?","?","?","R","BOSS","M","?","?","?","?","E","R","R","T","R","?","M","?","?","R","BOSS","M","?","?","?","?","?","?","R","T","R","?","E","$","E","R","BOSS","M","?","?","?","?","E","R","?","T","R","?","?","R","$","R","BOSS","M","?","?","$","?","R","R","R","E","R","?","R","?","$","R","BOSS","M","?","?","?","?","R","R","R","E","$","?","?","R","?","R","BOSS","M","$","?","$","?","R","R","$","E","R","E","?","?","?","R","BOSS","M","$","?","?","?","R","R","R","E","R","E","R","M","?","R","BOSS","M","?","$","?","?","R","?","?","E","?","M","R","M","?","R","BOSS","M","?","?","?","?","R","E","R","E","R","E","?","?","?","R","BOSS","M"],"items_purchased_type":["Relic","Relic","Relic","Card","Relic","Relic","Relic","Relic","Relic","Relic","Card","Relic","Relic","Relic","Relic","Relic","Relic","Relic","Relic","Card","Relic","Relic","Relic","Card","Relic","Relic","Relic","Relic","Card","Card","Card","Undefined","Undefined","Relic","Undefined","Undefined","Relic","Relic","Relic","Relic","Relic","Card","Card","Card","Card","Card","Card","Card","Card","Card","Card","Card","Card","Card","Card","Card","Card","Card"],"build_version":"2020-12-22","purchased_purges":0,"victory":false,"max_hp_per_floor":[80,80,80,80,80,80,80,80,80,80,80,80,80,94,94,94,94,94,94,94,94,94,104,104,104,104,104,104,104,104,104,104,104,104,104,104,104,111,111,111,111,111,111,111,111,111,111,111,111,111,111,111,111,111,111,111,111,111,111,111,111,111,111,111,111,111,111,111,118,123,123,123,123,123,123,123,123,123,127,127,131,131,131,131,131,131,131,131,131,131,131,131,131,135,135,139,139,139,139,139,139,139,139,139,139,139,139,139,139,139,139,139,139,139,139,139,139,141,146,146,146,146,150,152,152,152,152,156,156,158,158,162,162,162,162,162,162,162,162,162,162,162,162,162,162,166,166,166,166,166,166,166,166,166,166,166,166,166,166,166,166,166,166,166,166,166,166,166,166,166,171,171],"card_choices":[{"not_picked":["HandOfGreed","Thinking Ahead"],"picked":"Secret Weapon","floor":7.0},{"not_picked":["Exhume","Violence"],"picked":"Sadistic Nature","floor":10.0},{"not_picked":["HandOfGreed","Magnetism"],"picked":"Berserk","floor":11.0},{"not_picked":["Thinking Ahead","Secret Technique"],"picked":"Juggernaut","floor":13.0},{"not_picked":["Fiend Fire","Barricade"],"picked":"Metamorphosis","floor":16.0},{"not_picked":["Mayhem","Juggernaut"],"picked":"Sadistic Nature","floor":20.0},{"not_picked":["Barricade","Mayhem"],"picked":"Panache","floor":23.0},{"not_picked":["Corruption","Berserk"],"picked":"Reaper+1","floor":31.0},{"not_picked":["Offering","Brutality"],"picked":"Demon Form","floor":33.0},{"not_picked":["Blind","Forethought"],"picked":"Trip","floor":36.0},{"not_picked":["Enlightenment","Bandage Up"],"picked":"Jack Of All Trades","floor":36.0},{"not_picked":["Mind Blast+1","Forethought"],"picked":"Flash of Steel+1","floor":36.0},{"not_picked":["Offering","Demon Form"],"picked":"Sadistic Nature","floor":39.0},{"not_picked":["The Bomb","Corruption"],"picked":"Master of Strategy","floor":41.0},{"not_picked":["Shockwave+1","Ghostly Armor"],"picked":"Heavy Blade+1","floor":42.0},{"not_picked":["Fiend Fire+1","The Bomb"],"picked":"Transmutation","floor":46.0},{"not_picked":["Metamorphosis","Offering"],"picked":"Berserk","floor":48.0},{"not_picked":["Thinking Ahead","Reaper+1"],"picked":"Chrysalis","floor":50.0},{"not_picked":["Transmutation","The Bomb"],"picked":"Mayhem","floor":55.0},{"not_picked":["Fiend Fire+1","Metamorphosis"],"picked":"Violence","floor":57.0},{"not_picked":["Fiend Fire+1","Feed+1"],"picked":"Chrysalis","floor":62.0},{"not_picked":["Double Tap","Chrysalis"],"picked":"Brutality","floor":67.0},{"not_picked":["Fiend Fire+1","The Bomb"],"picked":"Feed+1","floor":77.0},{"not_picked":["Clothesline+1","Panacea"],"picked":"Twin Strike+1","floor":79.0},{"not_picked":["Metamorphosis","Secret Technique","Violence"],"picked":"Magnetism+1","floor":84.0},{"not_picked":["Juggernaut+1","Chrysalis","HandOfGreed+1"],"picked":"Brutality+1","floor":88.0},{"not_picked":["Barricade+1","Juggernaut+1","Master of Strategy"],"picked":"Reaper+1","floor":90.0},{"not_picked":["Demon Form+1","Immolate+1","Secret Weapon"],"picked":"HandOfGreed+1","floor":94.0},{"not_picked":["Magnetism+1","Exhume","Corruption+1"],"picked":"Apotheosis","floor":97.0},{"not_picked":["Magnetism+1","Apotheosis","Brutality+1"],"picked":"Sadistic Nature+1","floor":101.0},{"not_picked":["Limit Break+1","Mayhem+1","Impervious+1"],"picked":"Exhume+1","floor":107.0},{"not_picked":["Panache+1","Immolate+1","Transmutation+1"],"picked":"Apotheosis+1","floor":111.0},{"not_picked":["Secret Technique+1","Master of Strategy+1","Limit Break+1"],"picked":"Sadistic Nature+1","floor":113.0},{"not_picked":["HandOfGreed+1","Feed+1","Berserk+1"],"picked":"Sadistic Nature+1","floor":114.0},{"not_picked":["Apotheosis+1","Feed+1","Secret Weapon+1"],"picked":"Limit Break+1","floor":115.0},{"not_picked":["Demon Form+1","Brutality+1","Secret Technique+1","Reaper+1"],"picked":"Singing Bowl","floor":118.0},{"not_picked":["Wild Strike+1","Sentinel+1","Searing Blow+1"],"picked":"Warcry+1","floor":119.0},{"not_picked":["Impervious+1","Feed+1","Chrysalis+1"],"picked":"Juggernaut+1","floor":123.0},{"not_picked":["Violence+1","HandOfGreed+1","Transmutation+1","Metamorphosis+1"],"picked":"Singing Bowl","floor":124.0},{"not_picked":["Master of Strategy+1","Mayhem+1","Transmutation+1"],"picked":"Secret Technique+1","floor":128.0},{"not_picked":["Chrysalis+1","Demon Form+1","Fiend Fire+1","Magnetism+1"],"picked":"Singing Bowl","floor":130.0},{"not_picked":["Barricade+1","Juggernaut+1","Bludgeon+1"],"picked":"Secret Technique+1","floor":135.0},{"not_picked":["PanicButton+1","Magnetism+1","The Bomb+1"],"picked":"Trip+1","floor":138.0},{"not_picked":["Brutality+1","Immolate+1","Thinking Ahead+1"],"picked":"Mayhem+1","floor":140.0},{"not_picked":["Feed+1","Double Tap+1","Chrysalis+1"],"picked":"Corruption+1","floor":143.0},{"not_picked":["Corruption+1","Master of Strategy+1","Offering+1"],"picked":"Mayhem+1","floor":145.0},{"not_picked":["Juggernaut+1","Double Tap+1","Bludgeon+1"],"picked":"Offering+1","floor":146.0},{"not_picked":["Double Tap+1","HandOfGreed+1","Transmutation+1"],"picked":"Offering+1","floor":150.0},{"not_picked":["Secret Technique+1","Metamorphosis+1","Magnetism+1"],"picked":"Demon Form+1","floor":152.0},{"not_picked":["Barricade+1","Metamorphosis+1","Limit Break+1"],"picked":"Offering+1","floor":157.0},{"not_picked":["Reaper+1","Feed+1","Corruption+1"],"picked":"Offering+1","floor":160.0},{"not_picked":["Bludgeon+1","The Bomb+1","Chrysalis+1"],"picked":"Secret Technique+1","floor":162.0},{"not_picked":["Feed+1","HandOfGreed+1","Master of Strategy+1"],"picked":"Mayhem+1","floor":164.0},{"not_picked":["HandOfGreed+1","The Bomb+1","Demon Form+1"],"picked":"Double Tap+1","floor":165.0},{"not_picked":["Metamorphosis+1","Fiend Fire+1","Impervious+1"],"picked":"Brutality+1","floor":166.0},{"not_picked":["Bludgeon+1","Reaper+1","Juggernaut+1"],"picked":"Secret Technique+1","floor":167.0},{"not_picked":["Secret Technique+1","Thinking Ahead+1","Sadistic Nature+1"],"picked":"Limit Break+1","floor":169.0}],"player_experience":93530,"relics_obtained":[{"floor":1.0,"key":"Akabeko"},{"floor":5.0,"key":"HornCleat"},{"floor":7.0,"key":"Sundial"},{"floor":8.0,"key":"Shuriken"},{"floor":9.0,"key":"Vajra"},{"floor":10.0,"key":"Oddly Smooth Stone"},{"floor":11.0,"key":"War Paint"},{"floor":12.0,"key":"Magic Flower"},{"floor":13.0,"key":"Calipers"},{"floor":14.0,"key":"Mango"},{"floor":17.0,"key":"MawBank"},{"floor":17.0,"key":"Self Forming Clay"},{"floor":17.0,"key":"FossilizedHelix"},{"floor":18.0,"key":"Orichalcum"},{"floor":20.0,"key":"Blood Vial"},{"floor":22.0,"key":"Champion Belt"},{"floor":23.0,"key":"Pear"},{"floor":26.0,"key":"Molten Egg 2"},{"floor":29.0,"key":"Happy Flower"},{"floor":30.0,"key":"Darkstone Periapt"},{"floor":31.0,"key":"Turnip"},{"floor":32.0,"key":"Letter Opener"},{"floor":35.0,"key":"Smiling Mask"},{"floor":37.0,"key":"Lantern"},{"floor":39.0,"key":"Blue Candle"},{"floor":41.0,"key":"Dream Catcher"},{"floor":43.0,"key":"CeramicFish"},{"floor":44.0,"key":"PreservedInsect"},{"floor":45.0,"key":"Kunai"},{"floor":46.0,"key":"Paper Frog"},{"floor":48.0,"key":"InkBottle"},{"floor":49.0,"key":"Bag of Marbles"},{"floor":52.0,"key":"Gremlin Horn"},{"floor":53.0,"key":"Peace Pipe"},{"floor":58.0,"key":"Ginger"},{"floor":59.0,"key":"Boot"},{"floor":60.0,"key":"Bottled Tornado"},{"floor":61.0,"key":"Bag of Preparation"},{"floor":64.0,"key":"MealTicket"},{"floor":66.0,"key":"Bird Faced Urn"},{"floor":69.0,"key":"Strawberry"},{"floor":73.0,"key":"Centennial Puzzle"},{"floor":74.0,"key":"The Courier"},{"floor":75.0,"key":"Tiny Chest"},{"floor":76.0,"key":"Pantograph"},{"floor":78.0,"key":"Bronze Scales"},{"floor":79.0,"key":"Red Mask"},{"floor":80.0,"key":"Question Card"},{"floor":81.0,"key":"Frozen Egg 2"},{"floor":83.0,"key":"White Beast Statue"},{"floor":86.0,"key":"Ornamental Fan"},{"floor":91.0,"key":"Pen Nib"},{"floor":92.0,"key":"Bottled Flame"},{"floor":93.0,"key":"Anchor"},{"floor":96.0,"key":"Mummified Hand"},{"floor":98.0,"key":"Singing Bowl"},{"floor":99.0,"key":"Du-Vu Doll"},{"floor":100.0,"key":"Incense Burner"},{"floor":103.0,"key":"Art of War"},{"floor":105.0,"key":"StoneCalendar"},{"floor":108.0,"key":"Unceasing Top"},{"floor":109.0,"key":"Old Coin"},{"floor":112.0,"key":"Circlet"},{"floor":117.0,"key":"Circlet"},{"floor":120.0,"key":"Circlet"},{"floor":125.0,"key":"Circlet"},{"floor":132.0,"key":"Circlet"},{"floor":133.0,"key":"Circlet"},{"floor":137.0,"key":"Circlet"},{"floor":144.0,"key":"Circlet"},{"floor":147.0,"key":"Circlet"},{"floor":149.0,"key":"Circlet"},{"floor":154.0,"key":"Bottled Lightning"},{"floor":156.0,"key":"Omamori"},{"floor":171,"key":"Circlet"}],"event_choices":[{"damage_healed":0.0,"max_hp_gain":0.0,"max_hp_loss":0.0,"gold_gain":175.0,"event_name":"Liars Game","player_choice":"AGREE","floor":2.0,"gold_loss":0.0,"damage_taken":0.0,"cards_obtained":["Doubt"]},{"cards_removed":["Doubt"],"damage_healed":0.0,"max_hp_gain":0.0,"max_hp_loss":0.0,"gold_gain":0.0,"event_name":"Golden Wing","player_choice":"Card Removal","floor":3.0,"gold_loss":0.0,"damage_taken":7.0},{"damage_healed":0.0,"max_hp_gain":0.0,"max_hp_loss":0.0,"gold_gain":0.0,"event_name":"Shining Light","player_choice":"Entered Light","floor":4.0,"gold_loss":0.0,"damage_taken":16.0,"cards_upgraded":["Strike_R","Defend_R"]},{"damage_healed":0.0,"max_hp_gain":0.0,"max_hp_loss":0.0,"gold_gain":0.0,"event_name":"Upgrade Shrine","player_choice":"Upgraded","floor":19.0,"gold_loss":0.0,"damage_taken":0.0,"cards_upgraded":["Secret Weapon"]},{"damage_healed":0.0,"max_hp_gain":0.0,"max_hp_loss":0.0,"gold_gain":99.0,"event_name":"Nest","player_choice":"Stole From Cult","floor":21.0,"gold_loss":0.0,"damage_taken":0.0},{"damage_healed":0.0,"max_hp_gain":0.0,"max_hp_loss":0.0,"gold_gain":0.0,"event_name":"SensoryStone","player_choice":"Memory 3","floor":36.0,"gold_loss":0.0,"damage_taken":10.0},{"damage_healed":0.0,"max_hp_gain":0.0,"max_hp_loss":0.0,"gold_gain":0.0,"event_name":"Upgrade Shrine","player_choice":"Upgraded","floor":54.0,"gold_loss":0.0,"damage_taken":0.0,"cards_upgraded":["Transmutation"]},{"damage_healed":0.0,"max_hp_gain":0.0,"max_hp_loss":0.0,"gold_gain":0.0,"event_name":"Golden Idol","player_choice":"Take Damage","floor":56.0,"gold_loss":0.0,"damage_taken":27.0,"relics_obtained":["Golden Idol"]},{"damage_healed":0.0,"max_hp_gain":0.0,"max_hp_loss":0.0,"gold_gain":0.0,"event_name":"Scrap Ooze","player_choice":"Success","floor":63.0,"gold_loss":0.0,"damage_taken":7.0,"relics_obtained":["Regal Pillow"]},{"damage_healed":0.0,"max_hp_gain":5.0,"max_hp_loss":0.0,"gold_gain":0.0,"event_name":"Forgotten Altar","player_choice":"Shed Blood","floor":70.0,"gold_loss":0.0,"damage_taken":30.0},{"damage_healed":0.0,"max_hp_gain":0.0,"max_hp_loss":0.0,"gold_gain":0.0,"event_name":"The Mausoleum","player_choice":"Opened","floor":71.0,"gold_loss":0.0,"damage_taken":0.0,"relics_obtained":["Mercury Hourglass"]},{"damage_healed":0.0,"max_hp_gain":0.0,"max_hp_loss":0.0,"gold_gain":0.0,"event_name":"Masked Bandits","player_choice":"Fought Bandits","floor":79.0,"gold_loss":0.0,"damage_taken":0.0},{"damage_healed":0.0,"max_hp_gain":0.0,"max_hp_loss":0.0,"gold_gain":0.0,"event_name":"Winding Halls","player_choice":"Embrace Madness","floor":87.0,"gold_loss":0.0,"damage_taken":16.0,"cards_obtained":["Madness","Madness"]},{"damage_healed":0.0,"max_hp_gain":0.0,"max_hp_loss":0.0,"gold_gain":0.0,"event_name":"SecretPortal","player_choice":"Ignored","floor":89.0,"gold_loss":0.0,"damage_taken":0.0},{"damage_healed":0.0,"max_hp_gain":0.0,"max_hp_loss":0.0,"gold_gain":0.0,"event_name":"Golden Idol","player_choice":"Take Damage","floor":116.0,"gold_loss":0.0,"damage_taken":34.0,"relics_obtained":["Circlet"]},{"damage_healed":0.0,"max_hp_gain":0.0,"max_hp_loss":0.0,"gold_gain":0.0,"event_name":"Ghosts","player_choice":"Ignored","floor":122.0,"gold_loss":0.0,"damage_taken":0.0},{"damage_healed":0.0,"max_hp_gain":0.0,"max_hp_loss":0.0,"gold_gain":0.0,"event_name":"SensoryStone","player_choice":"Memory 1","floor":138.0,"gold_loss":0.0,"damage_taken":0.0},{"damage_healed":0.0,"max_hp_gain":0.0,"max_hp_loss":0.0,"gold_gain":222.0,"event_name":"Tomb of Lord Red Mask","player_choice":"Wore Mask","floor":141.0,"gold_loss":0.0,"damage_taken":0.0},{"damage_healed":0.0,"max_hp_gain":0.0,"max_hp_loss":0.0,"gold_gain":0.0,"event_name":"Scrap Ooze","player_choice":"Success","floor":155.0,"gold_loss":0.0,"damage_taken":12.0,"relics_obtained":["Lizard Tail"]}],"is_beta":false,"boss_relics":[{"not_picked":["Black Star","Tiny House"],"picked":"Calling Bell"},{"not_picked":["Runic Dome","Busted Crown"],"picked":"Astrolabe"},{"not_picked":["Empty Cage","Runic Cube"],"picked":"SacredBark"},{"not_picked":["Runic Dome","Velvet Choker"],"picked":"Runic Pyramid"},{"not_picked":["Pandora\u0027s Box","Busted Crown"],"picked":"Runic Cube"},{"not_picked":["Mark of Pain","Philosopher\u0027s Stone"],"picked":"Black Star"},{"not_picked":["SlaversCollar","Coffee Dripper"],"picked":"Tiny House"},{"not_picked":["Busted Crown","Cursed Key"],"picked":"Pandora\u0027s Box"},{"not_picked":["Sozu","Runic Dome"],"picked":"Mark of Pain"},{"not_picked":["Empty Cage","Velvet Choker","Snecko Eye"]}],"items_purged_floors":[],"is_endless":false,"potions_floor_spawned":[7,8,11,16,22,23,30,35,37,46,52,55,62,67,69,84,86,88,90,94,96,97,99,101,103,105,107,111,113,114,115,118,120,123,124,128,130,132,133,135,137,140,143,144,145,146,147,149,150,152,154,156,157,160,162,164,165,166,167,169,171],"killed_by":"Spheric Guardian","ascension_level":0}}