{"host":"yx6un74hqn8d53n4","time":1611907754,"event":{"mods":["ATMod(°¢èªMod)","Act Like it!","Aspiration","BaseMod","CapriCore","GifTheSpireLib","Minty Spire (QoL Compilation)","Quick Restart","Rare Cards Sparkle","Replay The Spire","RumiaBox-Â¶Ã×æ«µÄÉñÃØºÐ×Ó","Shop Mod","StSLib","[IsaacMod]ÒÔÈö¼âËþ","¡¾ÒÅÎï¿¨ÅÆ¡¿REMEMod"],"gold_per_floor":[118,168,168,185,110,136,37,37,337,352,352,105,132,142,92,191,191,209,209,209,209,219,71,71,83,83,83,83,96,96,222,222,426,426,436,436,436,529,545,673,673,798,875,1004,1015,1032,1032,35,35,235],"floor_reached":51,"language":"ZHS","playtime":1226,"items_purged":["Strike_R","Strike_R","Strike_R+1"],"score":959,"play_id":"2a028e32-6cba-435a-88bd-2952690eef53","local_time":"20210129160914","is_ascension_mode":false,"campfire_choices":[{"data":"Flex","floor":8,"key":"SMITH"},{"data":"Flex","floor":11,"key":"SMITH"},{"data":"Sword Boomerang","floor":24,"key":"SMITH"},{"data":"AT_KingSlayer","floor":30,"key":"SMITH"},{"data":"AT_KingSlayer","floor":32,"key":"SMITH"},{"data":"AT_EmpoweredMortalDraw","floor":41,"key":"SMITH"},{"data":"Bash","floor":49,"key":"SMITH"}],"circlet_count":0,"master_deck":["Strike_R+1","Strike_R+1","Defend_R+1","Defend_R+1","Defend_R+1","Bash+1","AT_KingSlayer+1","Sword Boomerang+1","Flex+1","AT_ShrugMaster","Flex+1","AT_KingSlayer+1","AT_EmpoweredMortalDraw+1","Dual Wield+1","Power Through+1","Pommel Strike+1"],"relics":["Burning Blood","HushsDoor","AT_ATBox","REME_ComplimentaryCards","YumHeart","King of Hearts","Onion Ring","BookofShadows","MealTicket","GuppysTail","Ooze Armor","Nloth\u0027s Gift","Medical Kit","AT_TheCollector","DeathBook","GuppysCollar","Chaos","Self Forming Clay","Incubus","Lantern","MerchantsRug","REME_LowDesire","Iron Hammer","BFFS"],"acts_visited":["Exordium","TheCity","TheBeyond"],"potions_floor_usage":[33,50,50],"damage_taken":[{"damage":5,"enemies":"2 Louse","floor":1,"turns":3},{"damage":73,"enemies":"Hiden Room Battle","floor":2,"turns":9},{"damage":0,"enemies":"Cultist","floor":4,"turns":2},{"damage":14,"enemies":"Gremlin Nob","floor":6,"turns":3},{"damage":0,"enemies":"Jaw Worm","floor":10,"turns":1},{"damage":5,"enemies":"3 Sentries","floor":13,"turns":7},{"damage":0,"enemies":"Gremlin Gang","floor":14,"turns":1},{"damage":19,"enemies":"Hexaghost","floor":16,"turns":10},{"damage":14,"enemies":"Shell Parasite","floor":18,"turns":3},{"damage":1,"enemies":"3 Byrds","floor":22,"turns":4},{"damage":12,"enemies":"Shelled Parasite and Fungi","floor":25,"turns":2},{"damage":0,"enemies":"Snake Plant","floor":29,"turns":1},{"damage":13,"enemies":"Gremlin Leader","floor":31,"turns":2},{"damage":0,"enemies":"Collector","floor":33,"turns":2},{"damage":0,"enemies":"3 Shapes","floor":35,"turns":2},{"damage":7,"enemies":"3 Darklings","floor":39,"turns":3},{"damage":0,"enemies":"Reptomancer","floor":40,"turns":2},{"damage":0,"enemies":"Giant Head","floor":42,"turns":3},{"damage":0,"enemies":"R_Hoarder","floor":44,"turns":1},{"damage":0,"enemies":"4 Shapes","floor":45,"turns":2},{"damage":33,"enemies":"Transient","floor":46,"turns":2},{"damage":20,"enemies":"Awakened One","floor":50,"turns":3}],"seed_played":"4414329727294088788","potions_obtained":[{"floor":6,"key":"AttackPotion"},{"floor":13,"key":"REME_GoldPotion"},{"floor":14,"key":"Doom Potion"},{"floor":33,"key":"DuplicationPotion"},{"floor":38,"key":"Weak Potion"}],"is_trial":false,"path_per_floor":["M","?","?","M","$","E","$","R","T","M","R","$","E","M","R","B",null,"M","?","?","?","M","$","R","M","T","?","$","M","R","E","R","B",null,"M","?","T","?","M","E","R","E","T","E","M","M","?","$","R","B",null],"character_chosen":"IRONCLAD","items_purchased":["AT_ShrugMaster","Flex","MealTicket","Medical Kit","GuppysCollar","Lantern","MerchantsRug","REME_LowDesire"],"campfire_rested":0,"item_purchase_floors":[7,7,12,23,34,48,48,48],"current_hp_per_floor":[88,46,46,52,52,44,44,44,44,50,75,75,76,82,82,69,88,80,80,80,80,85,88,88,82,82,82,88,88,88,81,81,87,75,75,75,75,57,56,62,62,68,68,74,75,48,48,63,63,49],"gold":235,"neow_bonus":"TEN_PERCENT_HP_BONUS","is_daily":false,"chose_seed":false,"campfire_upgraded":7,"win_rate":0.0,"timestamp":1611907754,"path_taken":["M","?","?","?","$","E","?","R","T","?","R","$","E","M","R","BOSS","M","?","?","?","M","$","R","?","T","?","$","M","R","E","R","BOSS","M","?","?","?","M","E","R","E","T","E","M","M","?","$","R","BOSS"],"items_purchased_type":["Card","Card","Relic","Relic","Relic","Relic","Relic","Relic"],"build_version":"2020-12-22","purchased_purges":3,"victory":true,"max_hp_per_floor":[88,88,88,88,88,88,88,88,88,88,88,88,88,88,88,88,88,88,88,88,88,88,88,88,88,88,88,88,88,88,88,88,88,75,75,75,75,75,75,75,75,75,75,75,75,75,71,71,71,71],"card_choices":[{"not_picked":["Massacre","Thunderclap"],"picked":"Bomb","floor":1},{"not_picked":["Life Link","Run Through"],"picked":"Sword Boomerang","floor":2},{"not_picked":["Headbutt","Carnage","Anger"],"picked":"SKIP","floor":4},{"not_picked":["ReplayTheSpireMod:Strike From Hell","AT_Dispersion"],"picked":"Flex","floor":6},{"not_picked":["ReplayTheSpireMod:Stacked","Flex","Armaments"],"picked":"SKIP","floor":10},{"not_picked":["Warcry","Berserk"],"picked":"Bomb","floor":13},{"not_picked":["AT_BodySlamDance","ReplayTheSpireMod:Strike From Hell","Thunderclap"],"picked":"SKIP","floor":14},{"not_picked":["Carnage","Intimidate","Seeing Red"],"picked":"SKIP","floor":18},{"not_picked":["Cleave","Twin Strike+1","Corruption"],"picked":"SKIP","floor":22},{"not_picked":["Replay:Undeath\u0027s Touch","Anger","Clash"],"picked":"SKIP","floor":25},{"not_picked":["Iron Wave","Demonic Infusion","AT_BodySlamDance"],"picked":"SKIP","floor":29},{"not_picked":["REME_TheLastStrike","Blood for Blood","Headbutt"],"picked":"SKIP","floor":31},{"not_picked":["True Grit+1","Searing Blow+1","Uppercut+1"],"picked":"SKIP","floor":35},{"not_picked":["AT_ManFootWork+1","Iron Wave+1"],"picked":"Dual Wield+1","floor":38},{"not_picked":["Reckless Charge+1","Disarm+1","ReplayTheSpireMod:Strike From Hell"],"picked":"SKIP","floor":39},{"not_picked":["Replay:Undeath\u0027s Touch+1","Fiend Fire","Corruption"],"picked":"SKIP","floor":40},{"not_picked":["ReplayTheSpireMod:Stacked+1","Anger","Fiend Fire"],"picked":"SKIP","floor":42},{"not_picked":["AT_GerminateFire","Hemogenesis"],"picked":"Power Through+1","floor":44},{"not_picked":["Ghostly Armor","ReplayTheSpireMod:Muscle Training","Massacre"],"picked":"SKIP","floor":45},{"not_picked":["Feel No Pain","Shrug It Off"],"picked":"Pommel Strike+1","floor":46}],"player_experience":8184,"relics_obtained":[{"floor":2,"key":"King of Hearts"},{"floor":2,"key":"Onion Ring"},{"floor":6,"key":"BookofShadows"},{"floor":9,"key":"Old Coin"},{"floor":13,"key":"GuppysTail"},{"floor":26,"key":"AT_TheCollector"},{"floor":31,"key":"DeathBook"},{"floor":37,"key":"Matryoshka"},{"floor":38,"key":"Chaos"},{"floor":38,"key":"Self Forming Clay"},{"floor":40,"key":"REME_CardOfGreed"},{"floor":42,"key":"PunchingBag"},{"floor":43,"key":"D4"},{"floor":43,"key":"Incubus"},{"floor":44,"key":"SSSystem"},{"floor":48,"key":"Iron Hammer"},{"floor":48,"key":"BFFS"}],"event_choices":[{"damage_healed":0,"gold_gain":0,"player_choice":"Fight","damage_taken":0,"max_hp_gain":0,"max_hp_loss":0,"event_name":"HidenRoomEvent","floor":2,"gold_loss":0},{"damage_healed":0,"gold_gain":0,"player_choice":"0 cards matched","damage_taken":0,"max_hp_gain":0,"max_hp_loss":0,"event_name":"Match and Keep!","floor":3,"gold_loss":0,"cards_obtained":[]},{"cards_removed":["Defend_R"],"damage_healed":0,"gold_gain":0,"player_choice":"Card Removal","damage_taken":0,"max_hp_gain":0,"max_hp_loss":0,"event_name":"The Cleric","floor":15,"gold_loss":50},{"damage_healed":0,"gold_gain":0,"player_choice":"Simplicity","damage_taken":0,"max_hp_gain":0,"max_hp_loss":0,"event_name":"Back to Basics","floor":20,"gold_loss":0,"cards_upgraded":["Strike_R","Strike_R","Strike_R","Defend_R","Defend_R","Defend_R"]},{"damage_healed":0,"gold_gain":0,"player_choice":"Traded Relic","damage_taken":0,"relics_obtained":["Nloth\u0027s Gift"],"max_hp_gain":0,"max_hp_loss":0,"event_name":"N\u0027loth","floor":21,"relics_lost":["Old Coin"],"gold_loss":0},{"damage_healed":0,"gold_gain":0,"player_choice":"Copied","damage_taken":0,"max_hp_gain":0,"max_hp_loss":0,"event_name":"Duplicator","floor":27,"gold_loss":0,"cards_obtained":["AT_KingSlayer"]},{"damage_healed":0,"gold_gain":0,"player_choice":"Ignored","damage_taken":0,"max_hp_gain":0,"max_hp_loss":0,"event_name":"Tomb of Lord Red Mask","floor":36,"gold_loss":0},{"damage_healed":0,"gold_gain":0,"player_choice":"Max HP","damage_taken":0,"max_hp_gain":0,"max_hp_loss":4,"event_name":"Winding Halls","floor":47,"gold_loss":0}],"is_beta":false,"boss_relics":[{"not_picked":["aspiration:DefectSkillbook","aspiration:RitualDagger"],"picked":"Ooze Armor"},{"not_picked":[]},{"not_picked":["Replay:Ancient Bell","Replay:Grab Bag"],"picked":"AT_MortalBlade"},{"not_picked":[]}],"items_purged_floors":[5,12,48],"is_endless":false,"potions_floor_spawned":[6,13,14,22,33,35,42],"ascension_level":0}}