{"host":"lp8gi2x5rrw4z3b7","time":1611900204,"event":{"mods":["AchievementEnabler","BaseMod","Colored Map","Downfall","Minty Spire (QoL Compilation)","Quick Restart","Rare Cards Sparkle","StSLib"],"gold_per_floor":[99,111,111,127,37,53,53,38,53,86,105,136,136,151,164,164,164,164],"floor_reached":16,"language":"ENG","playtime":2110,"items_purged":["Doubt"],"score":114,"play_id":"b42bed73-1aaa-48ec-8f17-58b369e98d18","local_time":"20210129010324","is_ascension_mode":false,"campfire_choices":[{"data":"bronze:Replicate","floor":1,"key":"SMITH"},{"floor":13,"key":"REST"}],"circlet_count":0,"master_deck":["bronze:Strike","bronze:Strike","bronze:Strike","bronze:Defend","bronze:Defend","bronze:Replicate+1","bronze:Goto","bronze:Branch","bronze:ChildClass","bronze:BuggyMess","bronze:Deprecate","bronze:CutThrough","bronze:Verify","bronze:ChosenStrike","bronze:CutThrough","bronze:Allocate","bronze:DigitalCarnage","bronze:Branch"],"relics":["bronze:BronzeCore","HornCleat","Frozen Egg 2","Regal Pillow"],"acts_visited":["Exordium"],"potions_floor_usage":[12,12,12,12,12,12,16],"damage_taken":[{"damage":5,"enemies":"Jaw Worm","floor":2,"turns":5},{"damage":5,"enemies":"Cultist","floor":4,"turns":4},{"damage":0,"enemies":"downfall:FleeingMerchant","floor":5,"turns":4},{"damage":0,"enemies":"Small Slimes","floor":6,"turns":3},{"damage":0,"enemies":"downfall:FleeingMerchant","floor":8,"turns":4},{"damage":0,"enemies":"Exordium Wildlife","floor":9,"turns":3},{"damage":25,"enemies":"3 Sentries","floor":10,"turns":9},{"damage":7,"enemies":"2 Fungi Beasts","floor":11,"turns":4},{"damage":4,"enemies":"Lagavulin","floor":12,"turns":3},{"damage":36,"enemies":"Exordium Thugs","floor":14,"turns":6},{"damage":7,"enemies":"Large Slime","floor":15,"turns":6},{"damage":6,"enemies":"SI_SHIV_ARCHETYPE","floor":16,"turns":2}],"seed_played":"-3327030156424999179","potions_obtained":[{"floor":4,"key":"SneckoOil"},{"floor":9,"key":"Dexterity Potion"},{"floor":10,"key":"EntropicBrew"},{"floor":14,"key":"LiquidMemories"},{"floor":15,"key":"Weak Potion"}],"is_trial":false,"path_per_floor":["R","M","?","M","$","M","T","$","M","E","M","E","R","M","M","B"],"character_chosen":"THE_AUTOMATON","items_purchased":[],"campfire_rested":1,"item_purchase_floors":[],"current_hp_per_floor":[77,72,72,67,67,67,67,67,67,42,35,31,69,33,26,20,20,20],"gold":164,"neow_bonus":"TEN_PERCENT_HP_BONUS","is_daily":false,"chose_seed":false,"campfire_upgraded":1,"win_rate":0.0,"timestamp":1611900204,"path_taken":["R","M","?","M","?","?","T","$","?","E","M","E","R","M","M","BOSS"],"items_purchased_type":[],"build_version":"2020-12-22","purchased_purges":1,"victory":false,"max_hp_per_floor":[77,77,77,77,77,77,77,77,77,77,77,77,77,77,77,77,77,77],"card_choices":[{"not_picked":["bronze:DelayedGuard","bronze:BitShift"],"picked":"bronze:Branch","floor":2},{"not_picked":["bronze:WildBeam","bronze:DelayedGuard"],"picked":"bronze:ChildClass","floor":4},{"not_picked":["bronze:Iterate","bronze:ForceShield"],"picked":"bronze:BuggyMess","floor":5},{"not_picked":["bronze:DelayedGuard","bronze:Shield"],"picked":"bronze:Deprecate","floor":6},{"not_picked":["bronze:FineTuning","bronze:OilSpill"],"picked":"bronze:CutThrough","floor":8},{"not_picked":["bronze:WildBeam","bronze:MaxOutput"],"picked":"bronze:Verify","floor":9},{"not_picked":["bronze:BuggyMess","bronze:WhirlingStrike"],"picked":"bronze:ChosenStrike","floor":10},{"not_picked":["bronze:Fortify","bronze:DelayedSlice"],"picked":"bronze:CutThrough","floor":11},{"not_picked":["bronze:FindAndReplace","bronze:Shield"],"picked":"bronze:Allocate","floor":12},{"not_picked":["bronze:Overheat","bronze:BuggyMess"],"picked":"bronze:DigitalCarnage","floor":14},{"not_picked":["bronze:BitShift","bronze:FineTuning"],"picked":"bronze:Branch","floor":15}],"player_experience":948682,"relics_obtained":[{"floor":7,"key":"HornCleat"},{"floor":10,"key":"Frozen Egg 2"},{"floor":12,"key":"Regal Pillow"}],"event_choices":[],"is_beta":false,"boss_relics":[],"items_purged_floors":[5],"is_endless":false,"potions_floor_spawned":[4,9,10,14,15],"killed_by":"SI_SHIV_ARCHETYPE","ascension_level":0}}