{"host":"ygr55oy7qe9vv2jr","time":1611915248,"event":{"mods":["BaseMod","Better Third Choice","Downfall","Minty Spire (QoL Compilation)","Replay The Spire","StSLib"],"gold_per_floor":[99,112,127,143,162,180,233,62,162,162,162,162,192,208,219,316,316,316,333,349,76,176,186,213,223,238,238,257,269,269,369,386,488,488,488,499,499,239,254,254,324,343,343,377,401,435,435,489,389,413],"floor_reached":51,"language":"ENG","playtime":3751,"items_purged":["bronze:Strike","bronze:CloningBeam"],"score":740,"play_id":"256194cf-a134-499b-a18c-9d94ef7eaf71","local_time":"20210129041408","is_ascension_mode":false,"campfire_choices":[{"data":"bronze:Replicate","floor":1.0,"key":"SMITH"},{"data":"bronze:FineTuning","floor":10.0,"key":"SMITH"},{"floor":12.0,"key":"REST"},{"data":"bronze:AlphaBuild","floor":18.0,"key":"SMITH"},{"floor":27.0,"key":"REST"},{"floor":30.0,"key":"REST"},{"data":"bronze:Mutator","floor":35.0,"key":"SMITH"},{"data":"bronze:Repulsor","floor":40.0,"key":"SMITH"},{"floor":47,"key":"REST"},{"floor":49,"key":"REST"}],"circlet_count":0,"master_deck":["bronze:Defend","bronze:Defend","bronze:Defend","bronze:Defend","bronze:Replicate+1","bronze:Goto","bronze:OilSpill","bronze:ChosenStrike","bronze:FineTuning+1","bronze:Boost+1","bronze:WhirlingStrike","bronze:AlphaBuild+1","CurseOfTheBell","bronze:Flail+1","bronze:Branch","bronze:Iterate","bronze:Overload","bronze:Assembly","bronze:MaxOutput+1","bronze:Repulsor+1","bronze:BronzeOrb","bronze:Mutator+1","bronze:Boost+1"],"relics":["bronze:BronzeCore","Potion Belt","Ornamental Fan","Calling Bell","Oddly Smooth Stone","Darkstone Periapt","Prayer Wheel","White Beast Statue","MutagenicStrength","bronze:SilverBullet","Guardian:GemstoneGun","StrikeDummy","Busted Crown","Replay:Rubber Ducky","Replay:Ringing Soul","Replay:Bandana","Mercury Hourglass","downfall:HeartBlessingGreen"],"acts_visited":["TheCity","TheBeyond"],"potions_floor_usage":[50,50,50,50,50],"damage_taken":[{"damage":3.0,"enemies":"2 Louse","floor":2.0,"turns":4.0},{"damage":0.0,"enemies":"Small Slimes","floor":3.0,"turns":3.0},{"damage":1.0,"enemies":"Cultist","floor":4.0,"turns":3.0},{"damage":6.0,"enemies":"Exordium Wildlife","floor":5.0,"turns":6.0},{"damage":8.0,"enemies":"3 Louse","floor":6.0,"turns":4.0},{"damage":0.0,"enemies":"downfall:FleeingMerchant","floor":8.0,"turns":4.0},{"damage":28.0,"enemies":"downfall:Heads","floor":9.0,"turns":7.0},{"damage":4.0,"enemies":"3 Sentries","floor":13.0,"turns":6.0},{"damage":2.0,"enemies":"Blue Slaver","floor":14.0,"turns":2.0},{"damage":9.0,"enemies":"Large Slime","floor":15.0,"turns":5.0},{"damage":27.0,"enemies":"DF_ARCHETYPE_STREAMLINE","floor":16.0,"turns":8.0},{"damage":2.0,"enemies":"Spheric Guardian","floor":19.0,"turns":5.0},{"damage":0.0,"enemies":"Chosen","floor":20.0,"turns":4.0},{"damage":3.0,"enemies":"downfall:FleeingMerchant","floor":21.0,"turns":4.0},{"damage":30.0,"enemies":"downfall:Augmenter","floor":22.0,"turns":6.0},{"damage":10.0,"enemies":"Snecko","floor":23.0,"turns":3.0},{"damage":12.0,"enemies":"Shelled Parasite and Fungi","floor":25.0,"turns":4.0},{"damage":0.0,"enemies":"3 Cultists","floor":26.0,"turns":3.0},{"damage":0.0,"enemies":"Chosen and Byrds","floor":28.0,"turns":4.0},{"damage":11.0,"enemies":"Snake Plant","floor":29.0,"turns":4.0},{"damage":36.0,"enemies":"SI_SHIV_ARCHETYPE","floor":31.0,"turns":9.0},{"damage":0.0,"enemies":"Sentry and Sphere","floor":32.0,"turns":1.0},{"damage":16.0,"enemies":"IC_MUSHROOM_ARCHETYPE","floor":33.0,"turns":7.0},{"damage":7.0,"enemies":"3 Shapes","floor":36.0,"turns":3.0},{"damage":1.0,"enemies":"downfall:FleeingMerchant","floor":38.0,"turns":4.0},{"damage":0.0,"enemies":"3 Darklings","floor":39.0,"turns":4.0},{"damage":15.0,"enemies":"Transient","floor":42.0,"turns":5.0},{"damage":0.0,"enemies":"R_Hoarder","floor":44.0,"turns":6.0},{"damage":35,"enemies":"Writhing Mass","floor":45,"turns":6},{"damage":1,"enemies":"4 Shapes","floor":46,"turns":5},{"damage":33,"enemies":"Giant Head","floor":48,"turns":7},{"damage":13,"enemies":"SI_POISON_ARCHETYPE","floor":50,"turns":8}],"seed_played":"5685655437983121534","potions_obtained":[{"floor":3.0,"key":"Dexterity Potion"},{"floor":5.0,"key":"DistilledChaos"},{"floor":11.0,"key":"BlessingOfTheForge"},{"floor":11.0,"key":"PowerPotion"},{"floor":11.0,"key":"Death Potion"},{"floor":14.0,"key":"Venom Potion"},{"floor":15.0,"key":"Adrenaline Potion"},{"floor":20.0,"key":"SkillPotion"},{"floor":22.0,"key":"ColorlessPotion"},{"floor":23.0,"key":"Venom Potion"},{"floor":25.0,"key":"Fire Potion"},{"floor":26.0,"key":"SpeedPotion"},{"floor":28.0,"key":"sneckomod:MuddlingPotion"},{"floor":29.0,"key":"Fruit Juice"},{"floor":31.0,"key":"SpeedPotion"},{"floor":32.0,"key":"Elixir"},{"floor":33.0,"key":"Venom Potion"},{"floor":36.0,"key":"Dexterity Potion"},{"floor":45,"key":"Dexterity Potion"}],"is_trial":false,"path_per_floor":["R","M","M","M","M","M","T","$","?","R","?","R","E","M","M","B",null,"R","M","M","$","?","M","T","M","M","R","M","M","R","?","M","B",null,"R","M","?","$","M","R","T","M","?","E","M","M","R","E","R","B",null],"character_chosen":"THE_AUTOMATON","items_purchased":["bronze:CloningBeam","White Beast Statue","Replay:Rubber Ducky"],"campfire_rested":5,"item_purchase_floors":[8,21,38],"current_hp_per_floor":[77,74,74,73,67,59,59,59,31,31,31,54,50,48,39,12,77,77,75,75,72,42,32,32,20,20,43,43,37,61,25,25,9,82,82,75,75,74,74,74,74,59,59,62,27,26,51,18,43,30],"gold":413,"neow_bonus":"TEN_PERCENT_HP_BONUS","is_daily":false,"chose_seed":false,"campfire_upgraded":5,"win_rate":0.0,"timestamp":1611915248,"path_taken":["R","M","M","M","M","M","T","$","?","R","?","R","E","M","M","BOSS","R","M","M","$","?","M","T","M","M","R","M","M","R","?","M","BOSS","R","M","?","$","M","R","T","M","?","E","M","M","R","E","R","BOSS"],"items_purchased_type":["Card","Relic","Relic"],"build_version":"2020-12-22","purchased_purges":2,"victory":true,"max_hp_per_floor":[77,77,77,77,77,77,77,77,77,77,77,77,77,77,77,77,77,77,77,77,77,77,77,77,77,77,77,77,82,82,82,82,82,82,82,82,82,82,82,82,82,82,82,85,85,85,85,85,85,85],"card_choices":[{"not_picked":["bronze:Frontload","bronze:Allocate"],"picked":"bronze:OilSpill","floor":2.0},{"not_picked":["bronze:Frontload","bronze:GetLatest"],"picked":"bronze:ChosenStrike","floor":3.0},{"not_picked":["bronze:Frontload","bronze:WildBeam","bronze:BuggyMess"],"picked":"SKIP","floor":4.0},{"not_picked":["bronze:Shield","bronze:DarkDash"],"picked":"bronze:FineTuning","floor":5.0},{"not_picked":["bronze:Deprecate","bronze:BitShift"],"picked":"bronze:Boost","floor":6.0},{"not_picked":["bronze:Philosophize","bronze:BitShift","bronze:ShipIt"],"picked":"SKIP","floor":8.0},{"not_picked":["bronze:ThunderWave","bronze:Backtrace","bronze:BitShift"],"picked":"SKIP","floor":13.0},{"not_picked":["bronze:WildBeam","bronze:Return","bronze:BitShift"],"picked":"SKIP","floor":14.0},{"not_picked":["bronze:RecursiveStrike","bronze:BitShift"],"picked":"bronze:WhirlingStrike","floor":15.0},{"not_picked":["bronze:Assembly","bronze:Verify"],"picked":"bronze:AlphaBuild","floor":16.0},{"not_picked":["bronze:FollowUp","bronze:CloningBeam"],"picked":"bronze:Flail+1","floor":19.0},{"not_picked":["bronze:DelayedGuard","bronze:BugBarrage","bronze:BitShift"],"picked":"SKIP","floor":19.0},{"not_picked":["bronze:MaxOutput","bronze:Invalidate+1"],"picked":"bronze:Branch","floor":20.0},{"not_picked":["bronze:ChosenStrike+1","bronze:BuggyMess+1","bronze:Branch"],"picked":"SKIP","floor":20.0},{"not_picked":["bronze:CleanCode","bronze:OilSpill","bronze:ForceShield"],"picked":"SKIP","floor":21.0},{"not_picked":["bronze:Return","bronze:BuggyMess+1"],"picked":"bronze:Iterate","floor":22.0},{"not_picked":["bronze:Iterate","bronze:ChildClass"],"picked":"bronze:MaxOutput+1","floor":23.0},{"not_picked":["bronze:Flail","bronze:MaxOutput","bronze:Invalidate"],"picked":"SKIP","floor":23.0},{"not_picked":["bronze:BugBarrage","bronze:MaxOutput","bronze:Invalidate"],"picked":"SKIP","floor":25.0},{"not_picked":["bronze:ChosenStrike","bronze:WhirlingStrike","bronze:DelayedSlice"],"picked":"SKIP","floor":25.0},{"not_picked":["bronze:BitShift","bronze:Turbo"],"picked":"bronze:Repulsor","floor":26.0},{"not_picked":["bronze:Overheat+1","bronze:NullPointer"],"picked":"bronze:BronzeOrb","floor":26.0},{"not_picked":["bronze:Overheat","bronze:Safeguard","bronze:BugBarrage+1"],"picked":"SKIP","floor":28.0},{"not_picked":["bronze:RecursiveStrike","bronze:Iterate","bronze:Shield"],"picked":"SKIP","floor":28.0},{"not_picked":["bronze:ChosenStrike+1","bronze:DarkDash+1","bronze:FineTuning"],"picked":"SKIP","floor":29.0},{"not_picked":["bronze:BitShift","bronze:Overheat","bronze:FineTuning"],"picked":"SKIP","floor":29.0},{"not_picked":["bronze:ChildClass","bronze:Deprecate"],"picked":"bronze:Mutator","floor":32.0},{"not_picked":["bronze:Overheat","bronze:DelayedGuard","bronze:ForceShield"],"picked":"SKIP","floor":32.0},{"not_picked":["bronze:Invalidate+1"],"picked":"SKIP","floor":36.0},{"not_picked":["bronze:ChosenStrike+1"],"picked":"SKIP","floor":36.0},{"not_picked":["bronze:WildBeam+1"],"picked":"SKIP","floor":38.0},{"not_picked":["bronze:Optimize+1"],"picked":"SKIP","floor":39.0},{"not_picked":["bronze:Shield+1"],"picked":"SKIP","floor":39.0},{"not_picked":["bronze:FineTuning+1"],"picked":"SKIP","floor":42.0},{"not_picked":["bronze:Frontload+1"],"picked":"SKIP","floor":42.0},{"not_picked":[],"picked":"bronze:Boost+1","floor":44.0},{"not_picked":["bronze:Shell+1"],"picked":"SKIP","floor":45},{"not_picked":["bronze:CutThrough"],"picked":"SKIP","floor":45},{"not_picked":["bronze:MaxOutput+1"],"picked":"SKIP","floor":46},{"not_picked":["bronze:Allocate"],"picked":"SKIP","floor":46},{"not_picked":["bronze:DigitalCarnage"],"picked":"SKIP","floor":48}],"player_experience":806599,"relics_obtained":[{"floor":7.0,"key":"Potion Belt"},{"floor":13.0,"key":"Ornamental Fan"},{"floor":17.0,"key":"Oddly Smooth Stone"},{"floor":17.0,"key":"Darkstone Periapt"},{"floor":17.0,"key":"Prayer Wheel"},{"floor":22.0,"key":"MutagenicStrength"},{"floor":24.0,"key":"bronze:SilverBullet"},{"floor":31.0,"key":"Guardian:GemstoneGun"},{"floor":31.0,"key":"StrikeDummy"},{"floor":41.0,"key":"Replay:Ringing Soul"},{"floor":44.0,"key":"Replay:Bandana"},{"floor":48,"key":"Mercury Hourglass"}],"event_choices":[{"damage_healed":0.0,"max_hp_gain":0.0,"max_hp_loss":0.0,"gold_gain":0.0,"event_name":"Lab","player_choice":"Got Potions","floor":11.0,"gold_loss":0.0,"damage_taken":0.0}],"is_beta":false,"boss_relics":[{"not_picked":["Runic Dome","Tiny House"],"picked":"Calling Bell"},{"not_picked":["Replay:Drink Me","ChewingGum"],"picked":"Busted Crown"}],"items_purged_floors":[8,38],"is_endless":false,"potions_floor_spawned":[3,5,14,15,20,22,23,25,26,28,29,31,32,33,36,38,39,42,44,45,46,48],"ascension_level":0}}