{"host":"qrlp59d4kykmw4mt","time":1611951897,"event":{"mods":["Act Like it!","BaseMod","Colored Map","Downfall","Friendly Minions","Highlight Path","Minty Spire (QoL Compilation)","Permanent Neow","Random Character Button","Rare Cards Sparkle","SacredBarkPlus","StSLib","SuperFastMode","everything is the same but u backflip on backflip"],"gold_per_floor":[99,109,126,136,136,136,185,185,95,124,138,163,195,215,228,324,324,324,334,334,334,349,234,234,143,43,78,88,119,134,168,187,284,284,84,104,104,116,135,135,135,155,187,207,207,122,148,163,181,181,181,210,10,10,10,10,10,10],"floor_reached":56,"language":"ENG","playtime":4233,"items_purged":["Slimebound:Strike_Slimebound","Pain","Slimebound:Defend_Slimebound"],"score":1047,"play_id":"bb8fc17d-fa13-4b77-beef-a9a1042cb95f","local_time":"20210129152457","is_ascension_mode":true,"campfire_choices":[{"data":"Slimebound:Split","floor":1,"key":"SMITH"},{"floor":18,"key":"RECALL"},{"data":"Slimebound:OozeBath","floor":26,"key":"SMITH"},{"data":"Slimebound:GoopSpray","floor":35,"key":"SMITH"},{"data":"Slimebound:PressTheAttack","floor":40,"key":"SMITH"},{"data":"Slimebound:SpikyOuterGoop","floor":45,"key":"SMITH"},{"floor":54,"key":"REST"}],"circlet_count":0,"master_deck":["Slimebound:Defend_Slimebound","Slimebound:Defend_Slimebound+1","Slimebound:Defend_Slimebound+1","Slimebound:Split+1","Slimebound:CorrosiveSpit","Slimebound:Recycling","Slimebound:LeadByExample","Slimebound:LeechEnergy","Slimebound:SpikyOuterGoop","Slimebound:GoopSpray+1","Slimebound:PressTheAttack+1","Slimebound:Recollect","Slimebound:OozeBath+1","Slimebound:HungryTackle","Slimebound:PressTheAttack+1","Slimebound:SpikyOuterGoop+1","Slimebound:SlimeBrawl","Slimebound:Equalize+1","Slimebound:LeechingTouch","Slimebound:MassFeed","CurseOfTheBell","Slimebound:Recollect+1","Parasite","Slimebound:SplitMire","Slimebound:LevelUp+1","Slimebound:Equalize+1","Slimebound:SlimeBrawl","Slimebound:DuplicatedForm+1","Slimebound:SpikyOuterGoop+1"],"relics":["Slimebound:AbsorbEndCombatUpgraded","Potion Belt","Odd Mushroom","White Beast Statue","Slimebound:MaxSlimesRelic","downfall:HeartBlessingGreen","Mummified Hand","Thread and Needle","Frozen Egg 2","Calling Bell","Dream Catcher","Eternal Feather","Du-Vu Doll","downfall:HeartBlessingRed","downfall:HeartBlessingBlue","Gambling Chip","Bottled Tornado","Ginger","Blue Candle"],"acts_visited":["Exordium","TheCity","TheBeyond","TheEnding"],"potions_floor_usage":[13,15,16,16,22,29,29,29,29,33,46,46,46,46,46,46,49,50,52,52,55,56],"damage_taken":[{"damage":4,"enemies":"2 Louse","floor":2,"turns":3},{"damage":5,"enemies":"Small Slimes","floor":3,"turns":5},{"damage":2,"enemies":"Jaw Worm","floor":4,"turns":4},{"damage":0,"enemies":"downfall:FleeingMerchant","floor":9,"turns":4},{"damage":21,"enemies":"3 Sentries","floor":10,"turns":6},{"damage":14,"enemies":"Exordium Thugs","floor":11,"turns":4},{"damage":3,"enemies":"The Mushroom Lair","floor":12,"turns":4},{"damage":47,"enemies":"Gremlin Nob","floor":13,"turns":5},{"damage":4,"enemies":"Large Slime","floor":14,"turns":5},{"damage":7,"enemies":"Gremlin Gang","floor":15,"turns":4},{"damage":13,"enemies":"DF_ARCHETYPE_STREAMLINE","floor":16,"turns":13},{"damage":10,"enemies":"Chosen","floor":19,"turns":5},{"damage":7,"enemies":"3 Byrds","floor":22,"turns":5},{"damage":6,"enemies":"downfall:FleeingMerchant","floor":23,"turns":4},{"damage":11,"enemies":"downfall:FleeingMerchant","floor":25,"turns":4},{"damage":24,"enemies":"Book of Stabbing","floor":27,"turns":6},{"damage":14,"enemies":"Centurion and Healer","floor":28,"turns":6},{"damage":14,"enemies":"Slavers","floor":29,"turns":7},{"damage":0,"enemies":"Sentry and Sphere","floor":30,"turns":6},{"damage":30,"enemies":"Book of Stabbing","floor":31,"turns":7},{"damage":30,"enemies":"Cultist and Chosen","floor":32,"turns":6},{"damage":10,"enemies":"IC_MUSHROOM_ARCHETYPE","floor":33,"turns":10},{"damage":15,"enemies":"Orb Walker","floor":36,"turns":5},{"damage":50,"enemies":"3 Darklings","floor":38,"turns":9},{"damage":19,"enemies":"Writhing Mass","floor":39,"turns":9},{"damage":37,"enemies":"Maw","floor":42,"turns":13},{"damage":11,"enemies":"Nemesis","floor":43,"turns":7},{"damage":41,"enemies":"Sphere and 2 Shapes","floor":44,"turns":6},{"damage":0,"enemies":"downfall:FleeingMerchant","floor":46,"turns":4},{"damage":30,"enemies":"Giant Head","floor":47,"turns":9},{"damage":0,"enemies":"Jaw Worm Horde","floor":48,"turns":4},{"damage":16,"enemies":"Maw","floor":49,"turns":8},{"damage":59,"enemies":"SI_POISON_ARCHETYPE","floor":50,"turns":14},{"damage":99,"enemies":"downfall:CharBossMerchant","floor":52,"turns":10},{"damage":14,"enemies":"downfall:NeowBoss","floor":55,"turns":17},{"damage":113,"enemies":"downfall:NeowBossFinal","floor":56,"turns":8}],"seed_played":"-419497738734141175","potions_obtained":[{"floor":3,"key":"PowerPotion"},{"floor":4,"key":"Explosive Potion"},{"floor":10,"key":"PowerPotion"},{"floor":11,"key":"Dexterity Potion"},{"floor":13,"key":"ColorlessPotion"},{"floor":14,"key":"Slimebound:SlimedPotion"},{"floor":15,"key":"Block Potion"},{"floor":16,"key":"champ:CounterPotion"},{"floor":19,"key":"LiquidMemories"},{"floor":22,"key":"Slimebound:SlimedPotion"},{"floor":27,"key":"Dexterity Potion"},{"floor":29,"key":"LiquidMemories"},{"floor":30,"key":"SkillPotion"},{"floor":31,"key":"Explosive Potion"},{"floor":32,"key":"EntropicBrew"},{"floor":33,"key":"SpeedPotion"},{"floor":38,"key":"LiquidMemories"},{"floor":46,"key":"Guardian:BlockOnCardUsePotion"},{"floor":48,"key":"Block Potion"},{"floor":49,"key":"Slimebound:SpawnSlimePotion"},{"floor":52,"key":"Explosive Potion"}],"is_trial":false,"path_per_floor":["R","M","M","M","?","?","T","?","$","E","M","?","E","M","M","B",null,"R","M","?","?","M","$","T","$","R","E","M","E","M","E","M","B",null,"R","M","?","M","M","R","T","M","E","M","R","$","E","M","M","B",null,"E","$","R","B","B"],"character_chosen":"SLIMEBOUND","items_purchased":["Slimebound:SpikyOuterGoop","Slimebound:LevelUp+1","Slimebound:SpikyOuterGoop+1"],"campfire_rested":1,"item_purchase_floors":[25,46,53],"current_hp_per_floor":[47,45,46,52,57,57,57,57,63,50,44,49,21,25,24,19,70,70,70,70,70,70,69,69,65,65,54,55,56,70,61,49,66,70,80,80,80,48,56,68,68,55,68,48,63,90,62,95,96,64,104,26,26,72,97,0,0,0],"gold":10,"neow_bonus":"THREE_RARE_CARDS","is_daily":false,"chose_seed":false,"campfire_upgraded":5,"win_rate":0.0,"timestamp":1611951897,"path_taken":["R","M","M","M","?","?","T","?","$","E","M","?","E","M","M","BOSS","R","M","?","?","M","$","T","$","R","E","?","E","M","E","M","BOSS","R","M","?","M","?","R","T","?","E","?","R","$","E","M","M","BOSS","E","$","R","BOSS","BOSS"],"items_purchased_type":["Card","Card","Card"],"build_version":"2020-12-22","purchased_purges":3,"victory":false,"max_hp_per_floor":[65,65,65,65,70,70,70,70,70,70,70,70,70,70,70,70,70,70,70,70,70,70,70,70,70,70,70,70,70,70,70,70,70,70,80,80,80,83,86,86,86,89,92,92,92,92,92,98,101,104,104,104,104,104,104,104,104,104],"card_choices":[{"not_picked":["Slimebound:PrepareCrush","Slimebound:Overexert"],"picked":"Slimebound:Recycling","floor":0},{"not_picked":["Slimebound:SplitBruiser","Slimebound:Dissolve"],"picked":"Slimebound:LeadByExample","floor":2},{"not_picked":["Slimebound:ItLooksTasty","Slimebound:FlameTackle"],"picked":"Slimebound:LeechEnergy","floor":3},{"not_picked":["Slimebound:ItLooksTasty","Slimebound:Chomp"],"picked":"Slimebound:SpikyOuterGoop","floor":4},{"not_picked":["Slimebound:Replication","Slimebound:SlimeSpikes"],"picked":"Slimebound:GoopSpray","floor":9},{"not_picked":["Slimebound:ComboTackle","Slimebound:RollThrough"],"picked":"Slimebound:PressTheAttack","floor":10},{"not_picked":["Slimebound:RejuvenatingLick","Slimebound:ComboTackle"],"picked":"Slimebound:Recollect","floor":11},{"not_picked":["Slimebound:SlimeSpikes","Slimebound:ProtectTheBoss","Slimebound:RollThrough"],"picked":"SKIP","floor":13},{"not_picked":["Slimebound:RejuvenatingLick","Slimebound:SlimeBarrage","Slimebound:Chomp"],"picked":"SKIP","floor":14},{"not_picked":["Slimebound:RollThrough","Slimebound:SplitBruiser","Slimebound:SlimeBarrage"],"picked":"SKIP","floor":15},{"not_picked":["Slimebound:MassRepurpose","Slimebound:Overexert"],"picked":"Slimebound:OozeBath","floor":16},{"not_picked":["Slimebound:SplitLeeching","Slimebound:ProtectTheBoss"],"picked":"Slimebound:HungryTackle","floor":19},{"not_picked":["Slimebound:SplitMire","Slimebound:LivingWall"],"picked":"Slimebound:PressTheAttack+1","floor":22},{"not_picked":["Slimebound:ProtectTheBoss","Slimebound:ViciousTackle+1","Slimebound:ServeAndProtect"],"picked":"SKIP","floor":23},{"not_picked":["Slimebound:PressTheAttack","Slimebound:SlimeBarrage+1","Slimebound:HungryTackle"],"picked":"SKIP","floor":25},{"not_picked":["Slimebound:LivingWall","Slimebound:RollThrough","Slimebound:SplitMire"],"picked":"SKIP","floor":27},{"not_picked":["Slimebound:ComboTackle","Slimebound:RejuvenatingLick"],"picked":"Slimebound:SlimeBrawl","floor":28},{"not_picked":["Slimebound:OneTwoCombo","Slimebound:FinishingTackle"],"picked":"Slimebound:Equalize+1","floor":29},{"not_picked":["Slimebound:SlimeSpikes","Slimebound:SplitLeeching","Slimebound:GoopTackle"],"picked":"SKIP","floor":30},{"not_picked":["Slimebound:PressTheAttack","Slimebound:Dissolve","Slimebound:TagTeam"],"picked":"SKIP","floor":31},{"not_picked":["Slimebound:SlimeSpikes","Slimebound:HungryTackle"],"picked":"Slimebound:LeechingTouch","floor":32},{"not_picked":["Slimebound:SelfFormingGoo+1","Slimebound:OneTwoCombo"],"picked":"Slimebound:MassFeed","floor":33},{"not_picked":["Slimebound:SlimeBarrage+1","Slimebound:LivingWall+1","Slimebound:ServeAndProtect"],"picked":"SKIP","floor":36},{"not_picked":["Slimebound:SlimeTap","Slimebound:GoopTackle+1"],"picked":"Slimebound:Recollect+1","floor":38},{"not_picked":["Slimebound:HungryTackle","Slimebound:HauntingLick+1","Slimebound:SplitBruiser+1"],"picked":"SKIP","floor":39},{"not_picked":["Slimebound:SlimeSpikes+1","Slimebound:SplitLeeching+1","Slimebound:FinishingTackle+1"],"picked":"SKIP","floor":42},{"not_picked":["Slimebound:RejuvenatingLick+1","Slimebound:LivingWall+1"],"picked":"Slimebound:SplitMire","floor":43},{"not_picked":["Slimebound:LeechEnergy+1","Slimebound:SlimeSpikes","Slimebound:DivideAndConquer"],"picked":"SKIP","floor":44},{"not_picked":["Slimebound:SlimeBarrage+1","Slimebound:LivingWall+1","Slimebound:ComboTackle+1"],"picked":"SKIP","floor":46},{"not_picked":["Slimebound:LeechEnergy+1","Slimebound:DivideAndConquer+1"],"picked":"Slimebound:Equalize+1","floor":47},{"not_picked":["Slimebound:Recollect+1","Slimebound:MinionMaster+1"],"picked":"Slimebound:SlimeBrawl","floor":48},{"not_picked":["Slimebound:PressTheAttack","Slimebound:GoopTackle+1","Slimebound:SlimeSpikes+1"],"picked":"SKIP","floor":49},{"not_picked":["Slimebound:Replication","Slimebound:GoopTackle+1"],"picked":"Slimebound:DuplicatedForm+1","floor":52}],"player_experience":302092,"relics_obtained":[{"floor":10,"key":"Potion Belt"},{"floor":12,"key":"Odd Mushroom"},{"floor":13,"key":"White Beast Statue"},{"floor":24,"key":"Slimebound:MaxSlimesRelic"},{"floor":27,"key":"Mummified Hand"},{"floor":29,"key":"Thread and Needle"},{"floor":31,"key":"Frozen Egg 2"},{"floor":34,"key":"Dream Catcher"},{"floor":34,"key":"Eternal Feather"},{"floor":34,"key":"Du-Vu Doll"},{"floor":41,"key":"Gambling Chip"},{"floor":43,"key":"Bottled Tornado"},{"floor":47,"key":"Ginger"},{"floor":52,"key":"Blue Candle"}],"event_choices":[{"damage_healed":0,"gold_gain":0,"player_choice":"Donut","damage_taken":0,"max_hp_gain":5,"max_hp_loss":0,"event_name":"Big Fish","floor":5,"gold_loss":0},{"cards_removed":["downfall:Malfunctioning"],"damage_healed":0,"gold_gain":0,"player_choice":"Card Removal","damage_taken":0,"max_hp_gain":0,"max_hp_loss":0,"event_name":"The Cleric","floor":8,"gold_loss":0},{"damage_healed":0,"gold_gain":0,"player_choice":"Fought Mushrooms","damage_taken":0,"max_hp_gain":0,"max_hp_loss":0,"event_name":"Mushrooms","floor":12,"gold_loss":0},{"damage_healed":0,"gold_gain":0,"player_choice":"Ignored","damage_taken":0,"max_hp_gain":0,"max_hp_loss":0,"event_name":"Vampires","floor":20,"gold_loss":0},{"damage_healed":0,"gold_gain":0,"player_choice":"Got Potions","damage_taken":0,"max_hp_gain":0,"max_hp_loss":0,"event_name":"Lab","floor":37,"gold_loss":0}],"is_beta":false,"boss_relics":[{"not_picked":["bronze:MakeshiftBattery","Empty Cage"],"picked":"Slimebound:AbsorbEndCombatUpgraded"},{"not_picked":["Snecko Eye","Pandora\u0027s Box"],"picked":"Calling Bell"}],"items_purged_floors":[9,23,53],"is_endless":false,"potions_floor_spawned":[3,4,10,11,13,14,15,16,19,22,23,25,27,28,29,30,31,32,33,36,38,39,42,43,44,46,47,48,49,52],"killed_by":"downfall:NeowBossFinal","ascension_level":4}}