{"host":"51f0ad793vly1w6u","time":1611936180,"event":{"mods":["BaseMod","Colored Map","DeckTracker","Minty Spire (QoL Compilation)","Replay The Spire","StSLib","SuperFastMode"],"gold_per_floor":[116,134,209,209,159,192,192,202,202,213,230,240,240,258,258,354,404,422,158,158,158,158,83,103,103,103,103],"floor_reached":26,"language":"KOR","playtime":398,"items_purged":["Decay"],"score":245,"play_id":"d28b7826-ce24-43bc-956b-270445f129f8","local_time":"20210130010300","is_ascension_mode":true,"campfire_choices":[{"data":"Eruption","floor":7.0,"key":"SMITH"},{"data":"Beam Cell","floor":13.0,"key":"SMITH"},{"data":"Go for the Eyes","floor":15.0,"key":"SMITH"},{"data":"ReplayTheSpireMod:Calculation Training","floor":25,"key":"SMITH"}],"circlet_count":0,"master_deck":["Strike_B","Strike_B","Strike_B","Defend_B","Defend_B","Defend_B","Beam Cell+1","Gash","Vigilance+1","Eruption+1","Skim","Coolheaded","Go for the Eyes+1","Gash","Turbo","ReplayTheSpireMod:Calculation Training+1","Echo Form","Hologram","Gash","Capacitor+1","Necronomicurse"],"relics":["Cracked Core","NeowsBlessing","Letter Opener","Art of War","Tiny House","ReplayTheSpireMod:CursedCoin","Golden Egg","Necronomicon"],"acts_visited":["Exordium","TheCity"],"potions_floor_usage":[26,26,26],"damage_taken":[{"damage":0.0,"enemies":"Small Slimes","floor":1.0,"turns":1.0},{"damage":0.0,"enemies":"2 Louse","floor":2.0,"turns":1.0},{"damage":0.0,"enemies":"3 Sentries","floor":6.0,"turns":1.0},{"damage":0.0,"enemies":"Jaw Worm","floor":8.0,"turns":3.0},{"damage":2.0,"enemies":"Blue Slaver","floor":10.0,"turns":4.0},{"damage":3.0,"enemies":"Gremlin Gang","floor":11.0,"turns":3.0},{"damage":9.0,"enemies":"Exordium Wildlife","floor":12.0,"turns":4.0},{"damage":4.0,"enemies":"2 Fungi Beasts","floor":14.0,"turns":2.0},{"damage":10.0,"enemies":"Hexaghost","floor":16.0,"turns":9.0},{"damage":9.0,"enemies":"Shell Parasite","floor":18.0,"turns":7.0},{"damage":38,"enemies":"Spheric Guardian","floor":24,"turns":7},{"damage":45,"enemies":"Masked Bandits","floor":26,"turns":3}],"seed_played":"-2332851381241746332","potions_obtained":[{"floor":6.0,"key":"Ancient Potion"},{"floor":10.0,"key":"Weak Potion"},{"floor":11.0,"key":"Regen Potion"},{"floor":17.0,"key":"Regen Potion"}],"is_trial":false,"path_per_floor":["M","M","?","?","?","E","R","M","T","M","M","M","R","M","R","B",null,"M","$","?","PTL","PTL","?","M","R","?"],"character_chosen":"DEFECT","items_purchased":["ReplayTheSpireMod:CursedCoin","Golden Egg","Capacitor"],"campfire_rested":0,"item_purchase_floors":[19,19,19],"current_hp_per_floor":[75,75,64,64,64,64,64,64,64,62,59,50,50,46,46,36,80,71,71,55,55,55,55,17,17,0,0],"gold":103,"neow_bonus":"THREE_ENEMY_KILL","is_daily":false,"chose_seed":false,"campfire_upgraded":4,"win_rate":0.0,"timestamp":1611936180,"path_taken":["M","M","?","?","?","E","R","M","T","M","M","M","R","M","R","BOSS","M","$","?","PTL","PTL","?","M","R","?"],"items_purchased_type":["Relic","Relic","Card"],"build_version":"2020-12-22","purchased_purges":1,"victory":false,"max_hp_per_floor":[75,75,75,75,75,75,75,75,75,75,75,75,75,75,75,75,80,80,80,80,80,80,80,80,80,80,80],"card_choices":[{"not_picked":["Stack","Leap"],"picked":"Beam Cell","floor":1.0},{"not_picked":["Redo","Sweeping Beam"],"picked":"Gash","floor":2.0},{"not_picked":["Steam","Panic Button"],"picked":"Skim","floor":6.0},{"not_picked":["Stack","Rebound"],"picked":"Coolheaded","floor":8.0},{"not_picked":["Blizzard","Hologram"],"picked":"Go for the Eyes","floor":10.0},{"not_picked":["Rebound","Capacitor"],"picked":"Gash","floor":11.0},{"not_picked":["Barrage","Steam"],"picked":"Turbo","floor":12.0},{"not_picked":["FIFO Queue","Stack"],"picked":"ReplayTheSpireMod:Calculation Training","floor":14.0},{"not_picked":["Reboot","Machine Learning"],"picked":"Echo Form","floor":16.0},{"not_picked":["Panic Button","Cold Snap"],"picked":"Hologram","floor":17.0},{"not_picked":["Compile Driver","Ball Lightning"],"picked":"Gash","floor":18.0},{"not_picked":["Hologram","Rebound","Conserve Battery"],"picked":"SKIP","floor":24}],"player_experience":1423783,"relics_obtained":[{"floor":6.0,"key":"Letter Opener"},{"floor":9.0,"key":"Art of War"},{"floor":20.0,"key":"Necronomicon"}],"event_choices":[{"damage_healed":0.0,"max_hp_gain":0.0,"max_hp_loss":0.0,"gold_gain":75.0,"event_name":"World of Goop","player_choice":"Gather Gold","floor":3.0,"gold_loss":0.0,"damage_taken":11.0},{"cards_removed":["Strike_B"],"damage_healed":0.0,"max_hp_gain":0.0,"max_hp_loss":0.0,"gold_gain":0.0,"event_name":"The Cleric","player_choice":"Card Removal","floor":5.0,"gold_loss":50.0,"damage_taken":0.0},{"damage_healed":0.0,"max_hp_gain":0.0,"max_hp_loss":0.0,"gold_gain":0.0,"event_name":"Cursed Tome","player_choice":"Obtained Book","floor":20.0,"gold_loss":0.0,"damage_taken":16.0},{"cards_removed":["Defend_B"],"damage_healed":0.0,"max_hp_gain":0.0,"max_hp_loss":0.0,"gold_gain":0.0,"event_name":"Beggar","player_choice":"Gave Gold","floor":23.0,"gold_loss":75.0,"damage_taken":0.0},{"damage_healed":0,"gold_gain":0,"player_choice":"Fought Bandits","damage_taken":0,"max_hp_gain":0,"max_hp_loss":0,"event_name":"Masked Bandits","floor":26,"gold_loss":0}],"is_beta":false,"boss_relics":[{"not_picked":["Coffee Dripper","Black Star"],"picked":"Tiny House"}],"items_purged_floors":[19],"is_endless":false,"potions_floor_spawned":[6,10,11],"killed_by":"Masked Bandits","ascension_level":1}}