{"host":"sc0o2qwpf9j16a4i","time":1611937182,"event":{"mods":["AchievementEnabler","BaseMod","BetterRewards","Block Reminder","Colored Map","Colored Powertips","Custom Start","Highlight Path","Minty Spire (QoL Compilation)","Relic Stats"],"gold_per_floor":[110,110,110,110,137,412,452,452,452,496,496,529,548,586,586,712,712,731,752,667,667,521,552,552,552,577,617,635,760,800,800,800,921,921,941,941,941,43,57,95,95,134,157,188,521,551,551,591,591,591],"floor_reached":51,"language":"ENG","playtime":2449,"items_purged":["Regret"],"score":1191,"play_id":"d1a7d8cc-c658-44fc-bcfb-600a4a9513ea","local_time":"20210129181942","daily_mods":["Allstar","Vintage","Elite Swarm"],"is_ascension_mode":false,"campfire_choices":[{"floor":8,"key":"REST"},{"floor":11,"key":"REST"},{"floor":15,"key":"REST"},{"floor":25,"key":"REST"},{"floor":32,"key":"REST"},{"floor":41,"key":"DIG"},{"floor":47,"key":"DIG"},{"floor":49,"key":"DIG"}],"circlet_count":0,"master_deck":["Strike_G","Strike_G","Strike_G","Strike_G","Strike_G","Defend_G","Defend_G","Defend_G","Defend_G","Defend_G","Survivor","Neutralize","Magnetism+1","Madness","Magnetism","Impatience","PanicButton","Wraith Form v2","Corpse Explosion","Burst","Bullet Time","A Thousand Cuts","Ghostly","Ghostly","Ghostly","Ghostly","Ghostly","Footwork","Night Terror","Writhe","Bullet Time","Prepared+1","After Image","Burst","Madness","Madness","Ghostly","Wraith Form v2","Parasite","Phantasmal Killer+1","Night Terror+1"],"relics":["Ring of the Snake","PreservedInsect","Strawberry","Ginger","Ornamental Fan","Calipers","Lantern","Vajra","Mango","Fusion Hammer","Pocketwatch","Mercury Hourglass","Akabeko","Gremlin Horn","Anchor","Bag of Preparation","Du-Vu Doll","HornCleat","Torii","Kunai","Bag of Marbles","Enchiridion","Cursed Key","The Courier","DollysMirror","Eternal Feather","Paper Crane","Shovel","Centennial Puzzle","Potion Belt","Turnip","StoneCalendar","Toxic Egg 2","Smiling Mask","Pear","Darkstone Periapt","Molten Egg 2","Lizard Tail","Pen Nib"],"acts_visited":["Exordium","TheCity","TheBeyond"],"potions_floor_usage":[42,46,50,50,50],"damage_taken":[{"damage":0,"enemies":"2 Louse","floor":1,"turns":4},{"damage":47,"enemies":"Gremlin Nob","floor":7,"turns":5},{"damage":7,"enemies":"Lagavulin","floor":10,"turns":6},{"damage":10,"enemies":"3 Sentries","floor":12,"turns":4},{"damage":0,"enemies":"Small Slimes","floor":13,"turns":1},{"damage":23,"enemies":"Lagavulin","floor":14,"turns":8},{"damage":47,"enemies":"Slime Boss","floor":16,"turns":10},{"damage":27,"enemies":"Spheric Guardian","floor":18,"turns":5},{"damage":8,"enemies":"Shell Parasite","floor":19,"turns":7},{"damage":3,"enemies":"Slavers","floor":23,"turns":3},{"damage":4,"enemies":"Book of Stabbing","floor":27,"turns":8},{"damage":3,"enemies":"Snake Plant","floor":28,"turns":6},{"damage":0,"enemies":"Colosseum Slavers","floor":29,"turns":3},{"damage":0,"enemies":"Colosseum Nobs","floor":29,"turns":3},{"damage":0,"enemies":"Gremlin Leader","floor":30,"turns":5},{"damage":1,"enemies":"Automaton","floor":33,"turns":11},{"damage":0,"enemies":"3 Shapes","floor":35,"turns":4},{"damage":0,"enemies":"3 Darklings","floor":39,"turns":6},{"damage":0,"enemies":"Giant Head","floor":40,"turns":8},{"damage":0,"enemies":"Reptomancer","floor":42,"turns":4},{"damage":0,"enemies":"Nemesis","floor":44,"turns":7},{"damage":0,"enemies":"Giant Head","floor":46,"turns":7},{"damage":0,"enemies":"4 Shapes","floor":48,"turns":5},{"damage":0,"enemies":"Donu and Deca","floor":50,"turns":11}],"seed_played":"5447969190717616370","potions_obtained":[{"floor":7,"key":"FearPotion"},{"floor":10,"key":"SteroidPotion"},{"floor":14,"key":"BlessingOfTheForge"},{"floor":23,"key":"LiquidMemories"},{"floor":37,"key":"Regen Potion"},{"floor":37,"key":"PowerPotion"},{"floor":39,"key":"Explosive Potion"},{"floor":42,"key":"Strength Potion"},{"floor":48,"key":"EssenceOfSteel"}],"is_trial":true,"path_per_floor":["M","?","?","?","T","?","E","R","T","E","R","E","M","E","R","B",null,"M","M","?","?","$","E","?","R","T","E","M","?","E","?","R","B",null,"M","?","?","$","M","E","R","E","T","E","?","E","R","M","R","B",null],"character_chosen":"THE_SILENT","items_purchased":["Footwork","DollysMirror","Eternal Feather","Paper Crane","Shovel","Centennial Puzzle"],"campfire_rested":5,"item_purchase_floors":[22,38,38,38,38,38],"current_hp_per_floor":[70,70,70,63,70,70,23,46,46,39,62,52,52,43,70,23,91,64,56,56,45,45,42,42,45,45,41,38,38,38,22,35,34,45,45,39,39,39,39,39,45,45,45,55,55,55,55,55,55,55],"gold":591,"neow_bonus":"","is_daily":false,"chose_seed":false,"campfire_upgraded":0,"win_rate":0.0,"timestamp":1611937182,"path_taken":["M","?","?","?","?","?","E","R","T","E","R","E","M","E","R","BOSS","M","?","?","?","$","E","?","R","T","E","?","?","E","?","R","BOSS","M","?","?","$","?","E","R","E","T","E","?","E","R","M","R","BOSS"],"items_purchased_type":["Card","Relic","Relic","Relic","Relic","Relic"],"build_version":"2020-12-22","purchased_purges":1,"victory":true,"max_hp_per_floor":[70,70,70,70,77,77,77,77,77,77,77,77,77,91,91,91,91,91,91,91,45,45,45,45,45,45,45,45,45,45,45,45,45,45,45,45,45,45,45,45,45,45,45,55,55,55,55,55,55,55],"relic_stats":{"Darkstone Periapt":0,"Gremlin Horn":[11,13],"Torii":0,"counters":[24,140],"Eternal Feather":6,"StoneCalendar":[104],"PreservedInsect":629,"Pen Nib":[0],"Bag of Preparation":[28],"Ginger":[10],"Cursed Key":1,"Smiling Mask":0,"Mercury Hourglass":[439],"Centennial Puzzle":[0],"Lizard Tail":0,"Shovel":3,"Ornamental Fan":[92],"Turnip":[0],"Kunai":[18],"obtain_stats":[{"Darkstone Periapt":46,"Lantern":12,"Calipers":10,"Gremlin Horn":23,"Torii":29,"Vajra":13,"Enchiridion":31,"Mango":14,"StoneCalendar":41,"Bag of Preparation":26,"Ginger":7,"Cursed Key":34,"Smiling Mask":43,"Centennial Puzzle":38,"Lizard Tail":48,"HornCleat":28,"Shovel":38,"DollysMirror":38,"Strawberry":5,"Fusion Hammer":17,"Kunai":29,"Toxic Egg 2":42,"Ring of the Snake":0,"Potion Belt":39,"Pear":44,"Golden Idol":2,"Eternal Feather":38,"PreservedInsect":1,"The Courier":35,"Pen Nib":49,"Paper Crane":38,"Akabeko":20,"Mercury Hourglass":19,"Du-Vu Doll":27,"Anchor":24,"Ornamental Fan":9,"Molten Egg 2":47,"Turnip":40,"Bag of Marbles":30,"Pocketwatch":18},{"Darkstone Periapt":22,"Lantern":4,"Calipers":3,"Gremlin Horn":10,"Torii":14,"Vajra":5,"Enchiridion":15,"Mango":6,"StoneCalendar":19,"Bag of Preparation":10,"Ginger":2,"Cursed Key":16,"Smiling Mask":20,"Centennial Puzzle":17,"Lizard Tail":23,"HornCleat":12,"Shovel":17,"DollysMirror":17,"Strawberry":1,"Fusion Hammer":7,"Kunai":14,"Toxic Egg 2":20,"Ring of the Snake":0,"Potion Belt":18,"Pear":21,"Golden Idol":1,"Eternal Feather":17,"PreservedInsect":1,"The Courier":17,"Pen Nib":23,"Paper Crane":17,"Akabeko":9,"Mercury Hourglass":9,"Du-Vu Doll":11,"Anchor":10,"Ornamental Fan":2,"Molten Egg 2":22,"Turnip":19,"Bag of Marbles":15,"Pocketwatch":8},{"Darkstone Periapt":124,"Lantern":19,"Calipers":15,"Gremlin Horn":53,"Torii":72,"Vajra":20,"Enchiridion":77,"Mango":28,"StoneCalendar":106,"Bag of Preparation":53,"Ginger":9,"Cursed Key":88,"Smiling Mask":110,"Centennial Puzzle":92,"Lizard Tail":129,"HornCleat":66,"Shovel":92,"DollysMirror":92,"Strawberry":4,"Fusion Hammer":38,"Kunai":72,"Toxic Egg 2":110,"Ring of the Snake":0,"Potion Belt":98,"Pear":117,"Golden Idol":4,"Eternal Feather":92,"PreservedInsect":4,"The Courier":92,"Pen Nib":129,"Paper Crane":92,"Akabeko":50,"Mercury Hourglass":50,"Du-Vu Doll":60,"Anchor":53,"Ornamental Fan":9,"Molten Egg 2":124,"Turnip":106,"Bag of Marbles":77,"Pocketwatch":43}],"Ring of the Snake":[48],"Pocketwatch":[30]},"card_choices":[{"not_picked":["A Thousand Cuts","Envenom"],"picked":"Wraith Form v2","floor":7},{"not_picked":["Tools of the Trade","Malaise"],"picked":"Corpse Explosion","floor":10},{"not_picked":["Phantasmal Killer","Envenom"],"picked":"Burst","floor":12},{"not_picked":["Burst","Doppelganger"],"picked":"Bullet Time","floor":14},{"not_picked":["Corpse Explosion","Die Die Die"],"picked":"A Thousand Cuts","floor":16},{"not_picked":["Phantasmal Killer","Corpse Explosion"],"picked":"Night Terror","floor":23},{"not_picked":["Glass Knife","A Thousand Cuts"],"picked":"Bullet Time","floor":27},{"not_picked":["Bane","Masterful Stab"],"picked":"Prepared+1","floor":29},{"not_picked":["Glass Knife","Burst"],"picked":"After Image","floor":30},{"not_picked":["Bullet Time","Malaise"],"picked":"Burst","floor":33},{"not_picked":["Bullet Time","Grand Finale","Malaise"],"picked":"SKIP","floor":40},{"not_picked":["After Image","Glass Knife"],"picked":"Wraith Form v2","floor":42},{"not_picked":["A Thousand Cuts","Die Die Die"],"picked":"Phantasmal Killer+1","floor":44},{"not_picked":["Adrenaline+1","Unload"],"picked":"Night Terror+1","floor":46}],"player_experience":1049841,"relics_obtained":[{"floor":1,"key":"PreservedInsect"},{"floor":5,"key":"Strawberry"},{"floor":7,"key":"Ginger"},{"floor":9,"key":"Ornamental Fan"},{"floor":10,"key":"Calipers"},{"floor":12,"key":"Lantern"},{"floor":13,"key":"Vajra"},{"floor":14,"key":"Mango"},{"floor":18,"key":"Pocketwatch"},{"floor":19,"key":"Mercury Hourglass"},{"floor":23,"key":"Gremlin Horn"},{"floor":26,"key":"Bag of Preparation"},{"floor":27,"key":"Du-Vu Doll"},{"floor":28,"key":"HornCleat"},{"floor":29,"key":"Torii"},{"floor":29,"key":"Kunai"},{"floor":30,"key":"Bag of Marbles"},{"floor":31,"key":"Enchiridion"},{"floor":35,"key":"The Courier"},{"floor":39,"key":"Potion Belt"},{"floor":40,"key":"Turnip"},{"floor":41,"key":"StoneCalendar"},{"floor":42,"key":"Toxic Egg 2"},{"floor":43,"key":"Smiling Mask"},{"floor":44,"key":"Pear"},{"floor":46,"key":"Darkstone Periapt"},{"floor":47,"key":"Molten Egg 2"},{"floor":48,"key":"Lizard Tail"},{"floor":49,"key":"Pen Nib"}],"event_choices":[{"damage_healed":0,"gold_gain":0,"player_choice":"Take Wound","damage_taken":0,"relics_obtained":["Golden Idol"],"max_hp_gain":0,"max_hp_loss":0,"event_name":"Golden Idol","floor":2,"gold_loss":0,"cards_obtained":["Injury"]},{"damage_healed":0,"gold_gain":0,"player_choice":"Grow","damage_taken":0,"max_hp_gain":0,"max_hp_loss":0,"event_name":"Living Wall","floor":3,"gold_loss":0,"cards_upgraded":["Magnetism"]},{"cards_removed":["Injury"],"damage_healed":0,"gold_gain":0,"player_choice":"Card Removal","damage_taken":7,"max_hp_gain":0,"max_hp_loss":0,"event_name":"Golden Wing","floor":4,"gold_loss":0},{"damage_healed":0,"gold_gain":275,"player_choice":"Desecrate","damage_taken":0,"max_hp_gain":0,"max_hp_loss":0,"event_name":"Golden Shrine","floor":6,"gold_loss":0,"cards_obtained":["Regret"]},{"damage_healed":0,"gold_gain":0,"player_choice":"Obtained Relic","damage_taken":0,"relics_obtained":["Akabeko"],"max_hp_gain":0,"max_hp_loss":0,"event_name":"Addict","floor":20,"gold_loss":85},{"damage_healed":0,"gold_gain":0,"player_choice":"Became a Ghost","damage_taken":0,"max_hp_gain":0,"max_hp_loss":46,"event_name":"Ghosts","floor":21,"gold_loss":0,"cards_obtained":["Ghostly","Ghostly","Ghostly","Ghostly","Ghostly"]},{"damage_healed":0,"gold_gain":0,"player_choice":"Opened","damage_taken":0,"relics_obtained":["Anchor"],"max_hp_gain":0,"max_hp_loss":0,"event_name":"The Mausoleum","floor":24,"gold_loss":0,"cards_obtained":["Writhe"]},{"damage_healed":0,"gold_gain":0,"player_choice":"Fight","damage_taken":0,"max_hp_gain":0,"max_hp_loss":0,"event_name":"Colosseum","floor":29,"gold_loss":0},{"damage_healed":0,"gold_gain":0,"player_choice":"Fought Nobs","damage_taken":0,"max_hp_gain":0,"max_hp_loss":0,"event_name":"Colosseum","floor":29,"gold_loss":0},{"damage_healed":0,"gold_gain":0,"player_choice":"Obtained Book","damage_taken":16,"max_hp_gain":0,"max_hp_loss":0,"event_name":"Cursed Tome","floor":31,"gold_loss":0},{"damage_healed":0,"gold_gain":0,"player_choice":"Embrace Madness","damage_taken":6,"max_hp_gain":0,"max_hp_loss":0,"event_name":"Winding Halls","floor":36,"gold_loss":0,"cards_obtained":["Madness","Madness"]},{"damage_healed":0,"gold_gain":0,"player_choice":"Got Potions","damage_taken":0,"max_hp_gain":0,"max_hp_loss":0,"event_name":"Lab","floor":37,"gold_loss":0},{"damage_healed":0,"gold_gain":333,"player_choice":"Gave Idol","damage_taken":0,"max_hp_gain":0,"max_hp_loss":0,"event_name":"The Moai Head","floor":45,"relics_lost":["Golden Idol"],"gold_loss":0}],"is_beta":false,"boss_relics":[{"not_picked":["Philosopher\u0027s Stone","Pandora\u0027s Box"],"picked":"Fusion Hammer"},{"not_picked":["SlaversCollar","Coffee Dripper"],"picked":"Cursed Key"}],"items_purged_floors":[22],"is_endless":false,"potions_floor_spawned":[7,10,14,19,23,33,39,42,48],"ascension_level":0}}