{"host":"am9dcwhv7hq2nlsk","time":1611924081,"event":{"mods":["ATMod(°¢èªMod)","AchievementEnabler","Act Like it!","Ascension Reborn","Aspiration","BaseMod","BetterRewards","Conspire","Custom Start","Dota2Spire","Marisa£¨ìFÓê¡¡Ä§ÀíÉ³£©","Minty Spire (QoL Compilation)","Reimu£¨²©ÀöÁéÃÎ£©","Remilia£¨ÀÙÃ×ÀòÑÇ£©","Replay The Spire","RumiaBox-Â¶Ã×æ«µÄÉñÃØºÐ×Ó","Shop Mod","Spicy Shops","StSLib","TestMod","The Cursed","The Hierophant","UnlockEverythingMod","[IsaacMod]ÒÔÈö¼âËþ","noobMod","¡¾ÒÅÎï¿¨ÅÆ¡¿REMEMod","óô»ðÖ¸ÄÏ"],"gold_per_floor":[116,135,152,152,175,175,206,316,316,331,375,375,418,442,442,537,600,614,638,653,653,316,354,354,354,377,377,393,393,418,458,15,104,104,127,141,141,165,165,165,200,225,225,266,287,320,343,382,382,382,382],"floor_reached":52,"language":"ZHS","playtime":3965,"items_purged":["Strike_B","Strike_B","Defend_B"],"score":2173,"play_id":"897ad867-c614-41be-bdf6-08ec1a7d21b6","local_time":"20210129204121","is_ascension_mode":true,"campfire_choices":[{"data":"Dualcast","floor":6.0,"key":"SMITH"},{"data":"Coolheaded","floor":12.0,"key":"SMITH"},{"data":"Redo","floor":25.0,"key":"SMITH"},{"data":"Loop","floor":27.0,"key":"SMITH"},{"data":"Double Energy","floor":40,"key":"SMITH"},{"data":"ElectricPowerLearning","floor":49,"key":"SMITH"}],"circlet_count":0,"master_deck":["AscendersBane","Strike_B+1","Defend_B","Defend_B","Zap","Dualcast+1","Capacitor","ReplayTheSpireMod:Reroute Power","aspiration:Polymerization","Machine Learning","Coolheaded+1","Cold Snap+1","Seek","Loop+1","Double Energy+1","White Noise","Creative AI","Crystallizer","Buffer","Pot Of Greed","Pot Of Greed","Redo+1","AT_RightCognition","Pot Of Greed","ReplaySort+1","Defragment+1","ElectricPowerLearning+1"],"relics":["Cracked Core","testmod-TestBox","HushsDoor","REME_ComplimentaryCards","AT_ATBox","ice","PreservedInsect","BloodDonationBag","Lee\u0027s Waffle","Golden Idol","Dota2Spire:Mjollnir","Vajra","testmod-Muramasa","Dota2Spire:PowerTreads","Prayer Wheel","Tiny House","Grinning Jar","conspire:TreasureMap","testmod-BouquetWithThorns","REME_LimitBreaker","Ice Cream","conspire:IceCreamScoop","testmod-SaigiyounoYou","Ginger","Potion Belt","AT_PhaseBoots","GodSword7","Prayer Wheel","Dota2Spire:AssaultCuirass"],"acts_visited":["Exordium","TheCity","TheBeyond"],"potions_floor_usage":[51],"damage_taken":[{"damage":5.0,"enemies":"Small Slimes","floor":1.0,"turns":4.0},{"damage":2.0,"enemies":"Jaw Worm","floor":2.0,"turns":4.0},{"damage":0.0,"enemies":"Cultist","floor":3.0,"turns":2.0},{"damage":10.0,"enemies":"3 Louse","floor":5.0,"turns":2.0},{"damage":32.0,"enemies":"Gremlin Nob","floor":7.0,"turns":4.0},{"damage":6.0,"enemies":"Exordium Thugs","floor":10.0,"turns":5.0},{"damage":9.0,"enemies":"Replay:BlueRogue","floor":11.0,"turns":4.0},{"damage":0.0,"enemies":"2 Fungi Beasts","floor":14.0,"turns":2.0},{"damage":4.0,"enemies":"Slime Boss","floor":16.0,"turns":6.0},{"damage":0.0,"enemies":"Spheric Guardian","floor":18.0,"turns":4.0},{"damage":4.0,"enemies":"3 Byrds","floor":19.0,"turns":2.0},{"damage":1.0,"enemies":"Centurion and Healer","floor":20.0,"turns":8.0},{"damage":26.0,"enemies":"Slavers","floor":23.0,"turns":5.0},{"damage":21.0,"enemies":"Shelled Parasite and Fungi","floor":28.0,"turns":5.0},{"damage":0.0,"enemies":"conspire:HollyBat","floor":30.0,"turns":8.0},{"damage":19.0,"enemies":"Book of Stabbing","floor":31.0,"turns":4.0},{"damage":4.0,"enemies":"Automaton","floor":33.0,"turns":7.0},{"damage":38,"enemies":"Orb Walker","floor":35,"turns":5},{"damage":88,"enemies":"3 Darklings","floor":36,"turns":5},{"damage":52,"enemies":"4 Shapes","floor":38,"turns":6},{"damage":15,"enemies":"R_Hoarder","floor":41,"turns":7},{"damage":46,"enemies":"Sphere and 2 Shapes","floor":42,"turns":6},{"damage":126,"enemies":"Reptomancer","floor":44,"turns":5},{"damage":0,"enemies":"Transient","floor":45,"turns":6},{"damage":17,"enemies":"Giant Head","floor":46,"turns":5},{"damage":0,"enemies":"Spire Growth","floor":47,"turns":3},{"damage":0,"enemies":"R_Hoarder","floor":48,"turns":5},{"damage":54,"enemies":"Awakened One","floor":50,"turns":6},{"damage":37,"enemies":"Time Eater","floor":51,"turns":8}],"seed_played":"-6970771432144067634","potions_obtained":[{"floor":1.0,"key":"testmod-TestPotion"},{"floor":2.0,"key":"EssenceOfSteel"},{"floor":14.0,"key":"EntropicBrew"},{"floor":16.0,"key":"DistilledChaos"},{"floor":17.0,"key":"SkillPotion"},{"floor":23.0,"key":"PowerPotion"},{"floor":33.0,"key":"Milkshake"},{"floor":35,"key":"Reflective Coating"},{"floor":44,"key":"Weak Potion"},{"floor":46,"key":"Energy Potion"}],"is_trial":false,"path_per_floor":["M","M","M","?","M","R","E","?","T","M","E","R","?","M","R","B",null,"M","M","M","?","$","E","?","R","T","R","M","?","M","E","R","B",null,"M","M","?","M","?","R","E","M","T","E","M","E","M","E","R","B","B",null],"character_chosen":"DEFECT","items_purchased":["PreservedInsect","Lee\u0027s Waffle","Grinning Jar","conspire:TreasureMap","conspire:IceCreamScoop"],"campfire_rested":0,"item_purchase_floors":[0,0,22,22,32],"current_hp_per_floor":[73,71,71,71,61,61,29,1,1,65,56,56,41,41,64,60,79,79,75,74,74,74,48,48,48,48,48,27,27,27,8,8,128,131,111,50,50,24,24,24,38,113,113,151,155,158,160,164,164,169,170],"gold":382,"neow_bonus":"","is_daily":false,"chose_seed":false,"campfire_upgraded":6,"win_rate":0.0,"timestamp":1611924081,"path_taken":["M","M","M","?","?","R","E","?","T","?","E","R","?","M","R","BOSS","M","M","M","?","$","E","?","R","T","R","?","?","?","E","R","BOSS","M","?","?","M","?","R","E","M","T","E","M","E","M","E","R","BOSS","BOSS"],"items_purchased_type":["Relic","Relic","Relic","Relic","Relic"],"build_version":"2020-12-22","purchased_purges":3,"victory":true,"max_hp_per_floor":[78,78,78,71,71,71,71,71,71,75,77,77,77,77,77,78,83,86,98,102,102,102,109,109,109,109,109,114,114,118,125,125,132,132,132,132,132,132,132,132,132,138,138,151,155,158,160,165,165,173,184],"card_choices":[{"not_picked":["Compile Driver","Rebound"],"picked":"Capacitor","floor":1.0},{"not_picked":["Recycle","AT_HeatAcrobatics","Streamline"],"picked":"SKIP","floor":2.0},{"not_picked":["Rebound","Conserve Battery"],"picked":"ReplayTheSpireMod:Reroute Power","floor":3.0},{"not_picked":["Heatsinks","Chill"],"picked":"aspiration:Polymerization","floor":5.0},{"not_picked":["Gash","Coolheaded"],"picked":"Machine Learning","floor":7.0},{"not_picked":["Steam","Beam Cell"],"picked":"Coolheaded","floor":8.0},{"not_picked":["Fusion","Static Discharge","Cold Snap"],"picked":"SKIP","floor":10.0},{"not_picked":["Fusion","Static Discharge"],"picked":"Cold Snap","floor":10.0},{"not_picked":["Coolheaded","Hello World","Compile Driver"],"picked":"SKIP","floor":11.0},{"not_picked":["Blizzard","Rebound","Stack"],"picked":"SKIP","floor":14.0},{"not_picked":["Hyperbeam","Meteor Strike"],"picked":"Seek","floor":16.0},{"not_picked":["Steam","Gash"],"picked":"Loop","floor":17.0},{"not_picked":["Barrage","AT_HeatAcrobatics"],"picked":"Double Energy","floor":18.0},{"not_picked":["AT_HeatAcrobatics","Steam Power","Hologram"],"picked":"SKIP","floor":18.0},{"not_picked":["Sunder","Self Repair"],"picked":"White Noise","floor":19.0},{"not_picked":["Ball Lightning","Reprogram","Steam"],"picked":"SKIP","floor":19.0},{"not_picked":["Stack","Cold Snap","Steam"],"picked":"Creative AI","floor":20.0},{"not_picked":["Loop","Barrage+1","Panic Button+1","Coolheaded"],"picked":"SKIP","floor":20.0},{"not_picked":["Rebound","Tempest"],"picked":"Redo","floor":23.0},{"not_picked":["FIFO Queue+1","Glacier","BasicCrystalCard+1"],"picked":"SKIP","floor":28.0},{"not_picked":["Gash","ReplayTheSpireMod:Reroute Power","Ball Lightning"],"picked":"SKIP","floor":28.0},{"not_picked":["conspire:Rain","Rebound","AT_WarpDrive+1"],"picked":"SKIP","floor":30.0},{"not_picked":["Skim","Turbo","REME_DataAnalysis"],"picked":"SKIP","floor":30.0},{"not_picked":["Barrage","Thunder Strike","Static Discharge"],"picked":"SKIP","floor":31.0},{"not_picked":["Buffer","Biased Cognition","ReplayRNGCard"],"picked":"AT_RightCognition","floor":33.0},{"not_picked":["Scrape+1","Conserve Battery"],"picked":"ReplaySort+1","floor":35},{"not_picked":["Beam Cell+1","ReplaySolidLightProjector+1","BasicCrystalCard"],"picked":"SKIP","floor":35},{"not_picked":["REME_Compress","Coolheaded","Steam Power"],"picked":"SKIP","floor":36},{"not_picked":["Redo","Rebound","Buffer"],"picked":"SKIP","floor":36},{"not_picked":["Sweeping Beam","FIFO Queue","Reprogram"],"picked":"SKIP","floor":38},{"not_picked":["ReplayTheSpireMod:Reroute Power","Time Bomb","AT_EMC2+1"],"picked":"SKIP","floor":38},{"not_picked":["Turbo","Distribution","Hologram"],"picked":"SKIP","floor":41},{"not_picked":["Hologram","Ball Lightning+1","Rebound"],"picked":"SKIP","floor":42},{"not_picked":["REME_Compress+1","conspire:Rain","ReplayTheSpireMod:Calculation Training"],"picked":"SKIP","floor":42},{"not_picked":["REME_Shoggoth","Go for the Eyes"],"picked":"Defragment+1","floor":44},{"not_picked":["ReplayTheSpireMod:GoodbyeWorld","Barrage","Consume+1"],"picked":"SKIP","floor":45},{"not_picked":["Streamline+1","Undo+1","Cold Snap"],"picked":"SKIP","floor":45},{"not_picked":["Redo","BasicCrystalCard","Cancel+1"],"picked":"SKIP","floor":46},{"not_picked":["Turbo","Defragment"],"picked":"ElectricPowerLearning","floor":47},{"not_picked":["AT_HeatAcrobatics","Rebound+1","Beam Cell"],"picked":"SKIP","floor":47},{"not_picked":["Stack+1","Redo+1","Skim","Gash"],"picked":"SKIP","floor":48}],"player_experience":516113,"relics_obtained":[{"floor":7.0,"key":"Dota2Spire:Mjollnir"},{"floor":8.0,"key":"Vajra"},{"floor":9.0,"key":"testmod-Muramasa"},{"floor":11.0,"key":"Dota2Spire:PowerTreads"},{"floor":23.0,"key":"testmod-BouquetWithThorns"},{"floor":26.0,"key":"REME_LimitBreaker"},{"floor":31.0,"key":"Ice Cream"},{"floor":41,"key":"Ginger"},{"floor":43,"key":"Potion Belt"},{"floor":44,"key":"AT_SpeedBoots"},{"floor":46,"key":"GodSword7"},{"floor":48,"key":"Dota2Spire:AssaultCuirass"}],"event_choices":[{"damage_healed":0.0,"max_hp_gain":0.0,"max_hp_loss":7.0,"gold_gain":0.0,"event_name":"Golden Idol","player_choice":"Lose Max HP","floor":4.0,"gold_loss":0.0,"damage_taken":0.0,"relics_obtained":["Golden Idol"]},{"damage_healed":0.0,"max_hp_gain":0.0,"max_hp_loss":0.0,"gold_gain":0.0,"cards_transformed":["Strike_B","Defend_B"],"event_name":"Drug Dealer","player_choice":"Became Test Subject","floor":21.0,"gold_loss":0.0,"damage_taken":0.0,"cards_obtained":["Crystallizer","Buffer"]},{"damage_healed":0.0,"max_hp_gain":0.0,"max_hp_loss":0.0,"gold_gain":0.0,"event_name":"Ghosts","player_choice":"Ignored","floor":24.0,"gold_loss":0.0,"damage_taken":0.0},{"damage_healed":0.0,"max_hp_gain":0.0,"max_hp_loss":0.0,"gold_gain":0.0,"event_name":"Duplicator","player_choice":"Ignored","floor":29.0,"gold_loss":0.0,"damage_taken":0.0},{"damage_healed":0,"gold_gain":0,"player_choice":"Ignored","damage_taken":0,"max_hp_gain":0,"max_hp_loss":0,"event_name":"Tomb of Lord Red Mask","floor":37,"gold_loss":0},{"cards_removed":["Die Die Die"],"damage_healed":0,"gold_gain":0,"player_choice":"Removed Attack","damage_taken":0,"max_hp_gain":0,"max_hp_loss":0,"event_name":"Falling","floor":39,"gold_loss":0}],"is_beta":false,"boss_relics":[{"not_picked":["testmod-HarvestTotem","ReplayTheSpireMod:DimensionalGlitch"],"picked":"Tiny House"},{"not_picked":[]},{"not_picked":["Abe\u0027s Treasure","testmod-IncinerationGenerator"],"picked":"testmod-SaigiyounoYou"},{"not_picked":[]}],"items_purged_floors":[0,22,32],"is_endless":false,"potions_floor_spawned":[1,2,14,16,23,28,30,33,35,36,44,46,47],"ascension_level":20}}