{"host":"7k2a2omxz3voj5ax","time":1611950909,"event":{"mods":["BaseMod","Marisa£¨ìFÓê¡¡Ä§ÀíÉ³£©","Minty Spire (QoL Compilation)","Quick Restart","Spicy Shops","StSLib","Starting Relic: Pandora\u0027s Box","Yakumo Yukari mod","¡¾ÒÅÎï¿¨ÅÆ¡¿REMEMod","óô»ðÖ¸ÄÏ"],"gold_per_floor":[118,118,138,63,63,63,99,122,122,191,641,677,693,304,304,6,135,198,213,138,163,163,16,16,55,55,55,78,78,181,181,291,430,591,503,1168,1168,1283,1283,1062,1168,1237,2010,2009,4035,4374,4398,4155,4264,3836,3836,3845,3845,4737,4737,4499,3989,4025,4046],"floor_reached":60,"language":"ZHS","playtime":1839,"items_purged":["Occultation","GrandCross","MasterSpark","UpSweep+1","MeteoricShower","Singularity+1","Skim+1","Skim+1","Robbery+1","PowerUp"],"score":1984,"play_id":"5f7d2166-a906-4a1e-a3ef-dfda8f5f45a2","local_time":"20210130050829","is_ascension_mode":true,"campfire_choices":[{"data":"Singularity","floor":6.0,"key":"SMITH"},{"data":"SatelliteIllusion","floor":24.0,"key":"SMITH"},{"data":"Singularity","floor":26.0,"key":"SMITH"},{"floor":53,"key":"RECALL"}],"circlet_count":0,"master_deck":["WitchLeyline","EarthLightRay","Parasite","Parasite","Parasite","Parasite","Parasite","Parasite","Parasite","Parasite","Parasite","Parasite","Parasite","Parasite","Parasite","Parasite","Parasite","Parasite","SatelliteIllusion+1","Singularity+1","REME_ShortnessOfBreath+1","Singularity+1","REME_ShortnessOfBreath+1"],"relics":["MiniHakkero","REME_ComplimentaryCards","NeowsBlessing","Golden Idol","Pear","Toxic Egg 2","Potion Belt","ShroomBag","BigShroomBag","BigShroomBag","BigShroomBag","BigShroomBag","BigShroomBag","BigShroomBag","BigShroomBag","PreservedInsect","Medical Kit","War Paint","Membership Card","Bag of Preparation","Tiny House","Chemical X","Ancient Tea Set","MealTicket","Letter Opener","InkBottle","Runic Dome","SimpleLauncher","DollysMirror","REME_ArchaeologicalTools","TheAbacus","Old Coin","CeramicFish","Akabeko","Frozen Egg 2","ClockworkSouvenir","Lantern","StrikeDummy","Gremlin Horn","Torii","Art of War","Pantograph"],"acts_visited":["Exordium","TheCity","TheBeyond","TheEnding"],"potions_floor_usage":[59,59,59],"damage_taken":[{"damage":0.0,"enemies":"2 Louse","floor":1.0,"turns":1.0},{"damage":0.0,"enemies":"Jaw Worm","floor":3.0,"turns":1.0},{"damage":0.0,"enemies":"Lagavulin","floor":7.0,"turns":1.0},{"damage":0.0,"enemies":"Small Slimes","floor":8.0,"turns":1.0},{"damage":2.0,"enemies":"Gremlin Nob","floor":10.0,"turns":2.0},{"damage":11.0,"enemies":"The Mushroom Lair","floor":11.0,"turns":2.0},{"damage":0.0,"enemies":"3 Sentries","floor":12.0,"turns":1.0},{"damage":0.0,"enemies":"Looter","floor":13.0,"turns":1.0},{"damage":0.0,"enemies":"Slime Boss","floor":17.0,"turns":1.0},{"damage":0.0,"enemies":"Chosen","floor":19.0,"turns":1.0},{"damage":0.0,"enemies":"3 Byrds","floor":21.0,"turns":1.0},{"damage":0.0,"enemies":"REME_1_Revenger","floor":25.0,"turns":1.0},{"damage":0.0,"enemies":"Centurion and Healer","floor":30.0,"turns":1.0},{"damage":0.0,"enemies":"Cultist and Chosen","floor":32.0,"turns":1.0},{"damage":0.0,"enemies":"Gremlin Leader","floor":33.0,"turns":1.0},{"damage":0.0,"enemies":"Snake Plant","floor":34.0,"turns":1.0},{"damage":0.0,"enemies":"Collector","floor":36.0,"turns":1.0},{"damage":4.0,"enemies":"3 Shapes","floor":38.0,"turns":1.0},{"damage":0.0,"enemies":"Orb Walker","floor":41.0,"turns":1.0},{"damage":8.0,"enemies":"4 Shapes","floor":42.0,"turns":1.0},{"damage":13.0,"enemies":"Giant Head","floor":43.0,"turns":2.0},{"damage":0.0,"enemies":"Transient","floor":45.0,"turns":1.0},{"damage":0.0,"enemies":"Writhing Mass","floor":46.0,"turns":1.0},{"damage":0.0,"enemies":"Sphere and 2 Shapes","floor":49.0,"turns":1.0},{"damage":18,"enemies":"Time Eater","floor":54,"turns":2},{"damage":0,"enemies":"Shield and Spear","floor":58,"turns":1},{"damage":21,"enemies":"The Heart","floor":59,"turns":3}],"seed_played":"4486323425148164358","potions_obtained":[{"floor":7.0,"key":"SneckoOil"},{"floor":10.0,"key":"ColorlessPotion"},{"floor":11.0,"key":"ColorlessPotion"},{"floor":11.0,"key":"BottledSpark"},{"floor":11.0,"key":"ColorlessPotion"},{"floor":11.0,"key":"AttackPotion"},{"floor":49.0,"key":"FairyPotion"}],"is_trial":false,"path_per_floor":["M","?","M","$","?","R","E","M","T","?","?","E","M","R","T","R","B",null,"M","?","M","?","$","R","E","R","$","T","T","M","?","M","E","M","R","B",null,"M","?","$","M","M","E","R","M","M","T","$","M","R","?","?","R","B",null,"R","$","E","B",null],"character_chosen":"MARISA","items_purchased":["Medical Kit","War Paint","Membership Card","Bag of Preparation","Chemical X","SimpleLauncher","DollysMirror","REME_ShortnessOfBreath+1","TheAbacus","Old Coin","Akabeko","Frozen Egg 2","ClockworkSouvenir","Singularity+1","Lantern","StrikeDummy","Gremlin Horn","Torii","Art of War"],"campfire_rested":0,"item_purchase_floors":[14,14,16,16,23,40,40,44,44,44,48,48,48,50,50,50,50,57,57],"current_hp_per_floor":[75,80,80,80,74,74,84,84,84,84,73,84,84,84,84,84,84,89,89,89,89,89,89,89,89,89,89,89,89,89,89,89,89,89,89,89,89,89,89,89,89,87,76,76,89,89,89,89,89,89,85,75,75,83,85,85,85,85,81],"gold":4046,"neow_bonus":"THREE_ENEMY_KILL","is_daily":false,"chose_seed":false,"campfire_upgraded":3,"win_rate":0.0,"timestamp":1611950909,"path_taken":["M","?","M","$","?","R","E","?","T","?","?","E","M","R","?","R","BOSS","M","?","M","?","$","R","E","R","$","T","T","M","?","?","E","M","R","BOSS","M","?","$","M","M","E","R","M","M","T","$","M","R","?","?","R","BOSS","R","$","E","BOSS"],"items_purchased_type":["Relic","Relic","Relic","Relic","Relic","Relic","Relic","Card","Relic","Relic","Relic","Relic","Relic","Card","Relic","Relic","Relic","Relic","Relic"],"build_version":"2020-12-22","purchased_purges":10,"victory":true,"max_hp_per_floor":[75,80,80,80,74,74,84,84,84,84,84,84,84,84,84,84,84,89,89,89,89,89,89,89,89,89,89,89,89,89,89,89,89,89,89,89,89,89,89,89,89,89,89,89,89,89,89,89,89,89,85,85,85,85,85,85,85,85,85],"card_choices":[{"not_picked":["StarBarrage","PropBag"],"picked":"EarthLightRay","floor":1.0},{"not_picked":["MagicChant","IllusionStar","DC"],"picked":"SKIP","floor":3.0},{"not_picked":["MysteriousBeam","NonDirectionalLaser","MilkyWay"],"picked":"SKIP","floor":7.0},{"not_picked":["MysteriousBeam","NonDirectionalLaser","WitchLeyline"],"picked":"SKIP","floor":8.0},{"not_picked":["MysteriousBeam","BlazeAway+1"],"picked":"MeteoricShower","floor":12.0},{"not_picked":["Orbital+1","ShootingEcho","StarlightTyphoon+1"],"picked":"SKIP","floor":13.0},{"not_picked":["TreasureHunter","EscapeVelocity"],"picked":"SatelliteIllusion","floor":17.0},{"not_picked":["GalacticHalo+1","WitchLeyline"],"picked":"Singularity","floor":18.0},{"not_picked":["Acceleration+1","AlicesGift+1","EarthLightRay+1"],"picked":"SKIP","floor":19.0},{"not_picked":["LuminesStrike","PowerUp+1","6A"],"picked":"SKIP","floor":21.0},{"not_picked":["GravityBeat","MysteriousBeam+1"],"picked":"Robbery+1","floor":25.0},{"not_picked":["StarBarrage+1","WitchLeyline","AlicesGift+1"],"picked":"SKIP","floor":30.0},{"not_picked":["IllusionStar+1","WitchOfGreed","StarBarrage+1"],"picked":"SKIP","floor":32.0},{"not_picked":["EscapeVelocity","WitchLeyline","UnstableBomb"],"picked":"SKIP","floor":33.0},{"not_picked":["ShootingEcho","DeepEcoloBomb","SporeBomb+1"],"picked":"SKIP","floor":34.0},{"not_picked":["ShootingEcho+1","DoubleSpark+1","MysteriousBeam"],"picked":"SKIP","floor":38.0},{"not_picked":["GrandCross+1","DarkMatter+1","MeteoricShower"],"picked":"SKIP","floor":41.0},{"not_picked":["GalacticHalo+1","DC","PropBag+1"],"picked":"SKIP","floor":42.0},{"not_picked":["6A+1","AbsoluteMagnitude","Occultation+1"],"picked":"SKIP","floor":43.0},{"not_picked":["OortCloud+1","MagicChant+1","SporeBomb+1"],"picked":"SKIP","floor":45.0},{"not_picked":["6A","WitchLeyline+1","EventHorizon+1"],"picked":"SKIP","floor":46.0},{"not_picked":["GravityBeat+1","DoubleSpark+1","AlicesGift+1"],"picked":"SKIP","floor":49.0},{"not_picked":["Magnetism+1","PanicButton+1"],"picked":"REME_ShortnessOfBreath+1","floor":52.0},{"not_picked":["Singularity+1","AsteroidBelt+1","EscapeVelocity+1"],"picked":"SKIP","floor":58}],"player_experience":277730,"relics_obtained":[{"floor":7.0,"key":"Pear"},{"floor":9.0,"key":"Toxic Egg 2"},{"floor":10.0,"key":"Potion Belt"},{"floor":11.0,"key":"ShroomBag"},{"floor":11.0,"key":"ShroomBag"},{"floor":11.0,"key":"ShroomBag"},{"floor":11.0,"key":"ShroomBag"},{"floor":11.0,"key":"ShroomBag"},{"floor":11.0,"key":"ShroomBag"},{"floor":11.0,"key":"ShroomBag"},{"floor":11.0,"key":"ShroomBag"},{"floor":11.0,"key":"BigShroomBag"},{"floor":12.0,"key":"PreservedInsect"},{"floor":25.0,"key":"Ancient Tea Set"},{"floor":28.0,"key":"MealTicket"},{"floor":29.0,"key":"Letter Opener"},{"floor":33.0,"key":"InkBottle"},{"floor":43.0,"key":"REME_ArchaeologicalTools"},{"floor":47.0,"key":"CeramicFish"},{"floor":58,"key":"Pantograph"}],"event_choices":[{"damage_healed":0.0,"max_hp_gain":5.0,"max_hp_loss":0.0,"gold_gain":0.0,"event_name":"Big Fish","player_choice":"Donut","floor":2.0,"gold_loss":0.0,"damage_taken":0.0},{"damage_healed":0.0,"max_hp_gain":0.0,"max_hp_loss":6.0,"gold_gain":0.0,"event_name":"Golden Idol","player_choice":"Lose Max HP","floor":5.0,"gold_loss":0.0,"damage_taken":0.0,"relics_obtained":["Golden Idol"]},{"damage_healed":0.0,"max_hp_gain":0.0,"max_hp_loss":0.0,"gold_gain":0.0,"event_name":"Dead Adventurer","player_choice":"Searched \u00271\u0027 times","floor":10.0,"gold_loss":0.0,"damage_taken":0.0},{"damage_healed":0.0,"max_hp_gain":0.0,"max_hp_loss":0.0,"gold_gain":0.0,"event_name":"Mushrooms_MRS","player_choice":"Fought Mushrooms","floor":11.0,"gold_loss":0.0,"damage_taken":0.0},{"damage_healed":0.0,"max_hp_gain":0.0,"max_hp_loss":0.0,"gold_gain":0.0,"event_name":"Mushrooms_MRS","player_choice":"Fought Mushrooms","floor":11.0,"gold_loss":0.0,"damage_taken":0.0},{"damage_healed":0.0,"max_hp_gain":0.0,"max_hp_loss":0.0,"gold_gain":0.0,"event_name":"Mushrooms_MRS","player_choice":"Fought Mushrooms","floor":11.0,"gold_loss":0.0,"damage_taken":0.0},{"damage_healed":0.0,"max_hp_gain":0.0,"max_hp_loss":0.0,"gold_gain":0.0,"event_name":"Mushrooms_MRS","player_choice":"Fought Mushrooms","floor":11.0,"gold_loss":0.0,"damage_taken":0.0},{"damage_healed":0.0,"max_hp_gain":0.0,"max_hp_loss":0.0,"gold_gain":0.0,"event_name":"Mushrooms_MRS","player_choice":"Fought Mushrooms","floor":11.0,"gold_loss":0.0,"damage_taken":0.0},{"cards_removed":["GrandCross"],"damage_healed":0.0,"max_hp_gain":0.0,"max_hp_loss":0.0,"gold_gain":0.0,"event_name":"Beggar","player_choice":"Gave Gold","floor":20.0,"gold_loss":75.0,"damage_taken":0.0},{"damage_healed":0.0,"max_hp_gain":0.0,"max_hp_loss":0.0,"gold_gain":0.0,"event_name":"Ghosts","player_choice":"Ignored","floor":22.0,"gold_loss":0.0,"damage_taken":0.0},{"cards_removed":["Acceleration"],"damage_healed":0.0,"max_hp_gain":0.0,"max_hp_loss":0.0,"gold_gain":0.0,"event_name":"Wheel of Change","player_choice":"Card Removal","floor":31.0,"gold_loss":0.0,"damage_taken":0.0},{"cards_removed":["PowerUp"],"damage_healed":0.0,"max_hp_gain":0.0,"max_hp_loss":0.0,"gold_gain":0.0,"event_name":"Falling","player_choice":"Removed Skill","floor":39.0,"gold_loss":0.0,"damage_taken":0.0},{"damage_healed":0.0,"max_hp_gain":0.0,"max_hp_loss":4.0,"gold_gain":0.0,"event_name":"Winding Halls","player_choice":"Max HP","floor":51.0,"gold_loss":0.0,"damage_taken":0.0},{"damage_healed":0.0,"max_hp_gain":0.0,"max_hp_loss":0.0,"gold_gain":0.0,"event_name":"SensoryStone","player_choice":"Memory 3","floor":52.0,"gold_loss":0.0,"damage_taken":10.0}],"is_beta":false,"boss_relics":[{"not_picked":["Pandora\u0027s Box","Sozu"],"picked":"Tiny House"},{"not_picked":["Snecko Eye","Astrolabe"],"picked":"Runic Dome"}],"items_purged_floors":[4,14,16,23,35,50,56,56,57,57],"is_endless":false,"potions_floor_spawned":[7,10,11,11,11,11,17,25,32,38,42,49],"ascension_level":4}}