{"host":"ws1rigs6jhqnf67d","time":1611934807,"event":{"mods":["BaseMod","Friendly Minions","KinomotoSakuraMod(ƒæ÷Æ±æ”£)","Kiyohime£®«Âºß£©","Lobotomy","LobotomyExtend","Marisa£®ÏF”Í°°ƒß¿Ì…≥£©","Minty Spire (QoL Compilation)","Remilia£®¿Ÿ√◊¿Ú—«£©","StSLib","The Bug Knight","The Senshi","Youmu£®ªÍ∆«—˝√Œ£©","[IsaacMod]“‘»ˆº‚À˛"],"gold_per_floor":[359,376,39,52,62,97,97,127,127,145,145,159,193,193,193,269,269,269,280,292,305,316,348,348,383,383,394,727,727,727,756,756,827,827,838,210,222,222,232,232,257,282,282,316,0,0,0,17,17,17,17],"floor_reached":52,"language":"ZHS","playtime":1671,"items_purged":[],"score":1734,"play_id":"db666b76-db7d-4087-8cb2-1635cd907d6f","local_time":"20210129234007","is_ascension_mode":true,"campfire_choices":[{"floor":7.0,"key":"REST"},{"floor":15.0,"key":"REST"},{"floor":24.0,"key":"REST"},{"floor":29.0,"key":"REST"},{"floor":32.0,"key":"REST"},{"floor":40,"key":"REST"},{"floor":46,"key":"RECALL"},{"floor":49,"key":"REST"}],"circlet_count":0,"master_deck":["AscendersBane","Strike_G","Strike_G","Strike_G","Strike_G","Defend_G","Defend_G+1","Defend_G","Defend_G","Defend_G+1","Survivor","Neutralize","Terror","Skewer","Storm of Steel+1","Blade Dance+1","Adrenaline+1","Blade Dance+1","Cloak And Dagger+1","Apotheosis+1","Dark Shackles+1","Blade Dance+1","Blade Dance+1","Backstab+1"],"relics":["Ring of the Snake","HushsDoor","GuppysTail","LetterFromLob","AntiCross","Snake Skull","Toxic Egg 2","Prayer Wheel","DoctorsRemote","Turnip","Fusion Hammer","MaYiHuaBei","Tingsha","Incense Burner","Old Coin","Juzu Bracelet","HoveringKite","Toy Ornithopter","War Paint","Dead Branch","TungstenRod","TungstenRod","Void","Omamori","Akabeko","Habit","Singing Bowl"],"acts_visited":["Exordium","TheCity","TheBeyond"],"potions_floor_usage":[50],"damage_taken":[{"damage":17.0,"enemies":"Cultist","floor":1.0,"turns":5.0},{"damage":7.0,"enemies":"2 Louse","floor":2.0,"turns":4.0},{"damage":1.0,"enemies":"Jaw Worm","floor":4.0,"turns":2.0},{"damage":4.0,"enemies":"Exordium Wildlife","floor":5.0,"turns":2.0},{"damage":0.0,"enemies":"Gremlin Nob","floor":6.0,"turns":2.0},{"damage":0.0,"enemies":"HollowMod:MossKnight","floor":8.0,"turns":4.0},{"damage":15.0,"enemies":"Gremlin Gang","floor":10.0,"turns":3.0},{"damage":9.0,"enemies":"3 Louse","floor":12.0,"turns":4.0},{"damage":14.0,"enemies":"Gremlin Nob","floor":13.0,"turns":3.0},{"damage":5.0,"enemies":"Slime Boss","floor":16.0,"turns":4.0},{"damage":0.0,"enemies":"Chosen","floor":19.0,"turns":3.0},{"damage":0.0,"enemies":"2 Thieves","floor":20.0,"turns":2.0},{"damage":18.0,"enemies":"Snake Plant","floor":21.0,"turns":2.0},{"damage":0.0,"enemies":"Snecko","floor":22.0,"turns":2.0},{"damage":20.0,"enemies":"Slavers","floor":23.0,"turns":5.0},{"damage":2.0,"enemies":"Gremlin Leader","floor":25.0,"turns":2.0},{"damage":21.0,"enemies":"Shelled Parasite and Fungi","floor":27.0,"turns":3.0},{"damage":5.0,"enemies":"HollowMod:Nosk","floor":28.0,"turns":3.0},{"damage":0.0,"enemies":"Book of Stabbing","floor":31.0,"turns":1.0},{"damage":21.0,"enemies":"Champ","floor":33.0,"turns":6.0},{"damage":0,"enemies":"3 Darklings","floor":35,"turns":1},{"damage":0,"enemies":"Orb Walker","floor":37,"turns":2},{"damage":1,"enemies":"Transient","floor":39,"turns":5},{"damage":0,"enemies":"Reptomancer","floor":41,"turns":1},{"damage":0,"enemies":"Mind Bloom Boss Battle","floor":42,"turns":1},{"damage":0,"enemies":"HollowMod:StalkingDevout","floor":44,"turns":1},{"damage":0,"enemies":"Spire Growth","floor":48,"turns":2},{"damage":21,"enemies":"Time Eater","floor":50,"turns":3}],"seed_played":"-2978262757358906308","potions_obtained":[{"floor":4.0,"key":"BlessingOfTheForge"},{"floor":5.0,"key":"Explosive Potion"},{"floor":8.0,"key":"GhostInAJar"},{"floor":13.0,"key":"SteroidPotion"},{"floor":22.0,"key":"Ancient Potion"},{"floor":27.0,"key":"ColorlessPotion"},{"floor":31.0,"key":"AttackPotion"}],"is_trial":false,"path_per_floor":["M","M","$","M","M","E","R","E","T","M","?","M","E","T","R","B",null,"M","M","M","M","M","E","R","E","T","M","E","R","?","E","R","B",null,"M","$","M","?","M","R","E","?","T","E","$","R","?","M","R","B",null,null],"character_chosen":"THE_SILENT","items_purchased":["AntiCross","Skewer","Toy Ornithopter","Apotheosis+1","War Paint","Dark Shackles+1","AttackPotion","Akabeko","Habit","Singing Bowl"],"campfire_rested":7,"item_purchase_floors":[3,3,36,36,36,36,36,45,45,45],"current_hp_per_floor":[46,39,39,38,34,34,52,52,52,37,37,28,14,14,32,27,54,54,54,54,36,36,16,34,32,32,11,6,24,24,24,42,21,53,53,53,53,53,52,63,63,63,63,63,63,63,63,67,67,51,51],"gold":17,"neow_bonus":"TWO_FIFTY_GOLD","is_daily":false,"chose_seed":false,"campfire_upgraded":0,"win_rate":0.0,"timestamp":1611934807,"path_taken":["M","M","$","M","?","E","R","E","T","M","?","M","E","?","R","BOSS","M","?","M","M","M","E","R","E","T","M","E","R","?","E","R","BOSS","M","$","M","?","M","R","E","?","T","E","$","R","?","M","R","BOSS"],"items_purchased_type":["Relic","Card","Relic","Card","Relic","Card","Potion","Relic","Relic","Relic"],"build_version":"2020-12-22","purchased_purges":0,"victory":true,"max_hp_per_floor":[63,63,63,63,63,63,63,63,63,63,63,63,63,63,63,63,63,63,63,63,63,63,63,63,63,63,63,63,63,63,63,63,63,63,63,63,63,63,63,63,63,63,63,63,63,63,63,67,67,67,67],"card_choices":[{"not_picked":[],"picked":"Bomb","floor":0.0},{"not_picked":["Setup","Outmaneuver"],"picked":"Terror","floor":1.0},{"not_picked":["Deflect","Prepared","Outmaneuver"],"picked":"SKIP","floor":2.0},{"not_picked":["Caltrops","Sucker Punch","Underhanded Strike"],"picked":"SKIP","floor":4.0},{"not_picked":["Flying Knee","Outmaneuver","Skewer"],"picked":"SKIP","floor":5.0},{"not_picked":["Quick Slash","Dodge and Roll","Distraction"],"picked":"SKIP","floor":6.0},{"not_picked":["Tools of the Trade","Sucker Punch","Deflect+1"],"picked":"SKIP","floor":8.0},{"not_picked":["Deadly Poison+1","PiercingWail+1","Deflect+1"],"picked":"SKIP","floor":10.0},{"not_picked":["Tactician+1","Dagger Spray","Endless Agony"],"picked":"SKIP","floor":10.0},{"not_picked":["Dagger Throw","Expertise+1","Endless Agony"],"picked":"SKIP","floor":12.0},{"not_picked":["Dagger Spray","Grand Finale","All Out Attack"],"picked":"SKIP","floor":12.0},{"not_picked":["Prepared+1","Finisher"],"picked":"Bomb","floor":13.0},{"not_picked":["Doppelganger+1","Glass Knife"],"picked":"Storm of Steel+1","floor":16.0},{"not_picked":["Bane","Blur+1","Masterful Stab"],"picked":"SKIP","floor":19.0},{"not_picked":["Acrobatics+1","Flying Knee","Backflip+1"],"picked":"SKIP","floor":19.0},{"not_picked":["Deadly Poison+1","Tactician+1"],"picked":"Blade Dance+1","floor":20.0},{"not_picked":["Dagger Throw","Quick Slash+1"],"picked":"Adrenaline+1","floor":20.0},{"not_picked":["Flying Knee","Masterful Stab","Reflex+1"],"picked":"SKIP","floor":21.0},{"not_picked":["Dagger Spray","Deadly Poison+1","Underhanded Strike"],"picked":"SKIP","floor":21.0},{"not_picked":["Underhanded Strike","Heel Hook+1","Deflect+1"],"picked":"SKIP","floor":22.0},{"not_picked":["A Thousand Cuts","Underhanded Strike","Catalyst+1"],"picked":"SKIP","floor":22.0},{"not_picked":["Blur+1","Tactician+1","After Image"],"picked":"SKIP","floor":23.0},{"not_picked":["Slice","Outmaneuver+1"],"picked":"Blade Dance+1","floor":25.0},{"not_picked":["Slice","Prepared+1"],"picked":"Cloak And Dagger+1","floor":27.0},{"not_picked":["Deflect+1","Heel Hook","Footwork"],"picked":"SKIP","floor":27.0},{"not_picked":["Endless Agony","Deadly Poison+1","Dagger Throw"],"picked":"SKIP","floor":28.0},{"not_picked":["Setup+1","Eviscerate+1","Expertise+1"],"picked":"SKIP","floor":31.0},{"not_picked":["Expertise+1","Deadly Poison+1"],"picked":"Infinite Blades","floor":35},{"not_picked":["Underhanded Strike+1","Calculated Gamble+1","Sucker Punch"],"picked":"SKIP","floor":35},{"not_picked":["Deadly Poison+1","Cloak And Dagger+1"],"picked":"Blade Dance+1","floor":37},{"not_picked":["Night Terror+1","Acrobatics+1"],"picked":"Blade Dance+1","floor":37},{"not_picked":["Sucker Punch","Calculated Gamble+1"],"picked":"Backstab+1","floor":39},{"not_picked":["Dagger Spray","Quick Slash+1","Outmaneuver+1"],"picked":"SKIP","floor":39},{"not_picked":["Escape Plan+1","Choke","Terror+1"],"picked":"SKIP","floor":41},{"not_picked":["Choke","Well Laid Plans","Deflect+1"],"picked":"SKIP","floor":44},{"not_picked":["Backflip+1","Cloak And Dagger+1","Outmaneuver+1"],"picked":"Singing Bowl","floor":48},{"not_picked":["Deflect+1","Dagger Throw","Underhanded Strike"],"picked":"Singing Bowl","floor":48}],"player_experience":926271,"relics_obtained":[{"floor":1.0,"key":"LetterFromLob"},{"floor":6.0,"key":"Snake Skull"},{"floor":8.0,"key":"Toxic Egg 2"},{"floor":9.0,"key":"Prayer Wheel"},{"floor":13.0,"key":"DoctorsRemote"},{"floor":14.0,"key":"Turnip"},{"floor":23.0,"key":"MaYiHuaBei"},{"floor":25.0,"key":"Tingsha"},{"floor":26.0,"key":"Incense Burner"},{"floor":28.0,"key":"Old Coin"},{"floor":31.0,"key":"Juzu Bracelet"},{"floor":41,"key":"Diplopia"},{"floor":42,"key":"TungstenRod"},{"floor":43,"key":"Void"},{"floor":44,"key":"Omamori"}],"event_choices":[{"damage_healed":0.0,"max_hp_gain":0.0,"max_hp_loss":0.0,"gold_gain":0.0,"event_name":"Golden Wing","player_choice":"Ignored","floor":11.0,"gold_loss":0.0,"damage_taken":0.0},{"cards_removed":["Infinite Blades"],"damage_healed":0,"gold_gain":0,"player_choice":"Gave Card","damage_taken":0,"relics_obtained":["Dead Branch"],"max_hp_gain":0,"max_hp_loss":0,"event_name":"WeMeetAgain","floor":38,"gold_loss":0},{"damage_healed":0,"gold_gain":0,"player_choice":"Fight","damage_taken":0,"max_hp_gain":0,"max_hp_loss":0,"event_name":"MindBloom","floor":42,"gold_loss":0},{"cards_removed":["Strike_G"],"damage_healed":0,"gold_gain":0,"player_choice":"Removed Attack","damage_taken":0,"max_hp_gain":0,"max_hp_loss":0,"event_name":"Falling","floor":47,"gold_loss":0}],"is_beta":false,"boss_relics":[{"not_picked":["Tiny House","Runic Dome"],"picked":"Fusion Hammer"},{"not_picked":[]},{"not_picked":["Pandora\u0027s Box","Runic Pyramid"],"picked":"HoveringKite"},{"not_picked":[]}],"items_purged_floors":[],"is_endless":false,"potions_floor_spawned":[4,5,8,13,16,22,27,31,37,41],"ascension_level":13}}