{"host":"1c7jotkkc04esl4v","time":1611907083,"event":{"mods":["BaseMod","Downfall","Hubris","Minty Spire (QoL Compilation)","Monster B Gone","StSLib","The Alterego"],"gold_per_floor":[120,295,295,295,312,346,346,377,377,411,422,434,101,113,113,218,218,228,228,228,247,260,260,260,294,363,383,383,416,416,28,28,131,131,148,148,148,81,100,128,128,156,156,156,174,188,218,237,237,237,237,237,44,70,70,70],"floor_reached":55,"language":"ENG","playtime":3805,"items_purged":["alterego_mod:BigMeatyClaws","Slimebound:CheckThePlaybook+1"],"score":902,"play_id":"41039262-463c-466d-a3e8-d5bffa1e1db4","local_time":"20210129015803","is_ascension_mode":true,"campfire_choices":[{"data":"alterego_mod:BrynhildrsRune","floor":7,"key":"SMITH"},{"data":"alterego_mod:Impale","floor":15,"key":"SMITH"},{"data":"alterego_mod:Birthday","floor":23,"key":"SMITH"},{"data":"alterego_mod:1TonWallop","floor":28,"key":"SMITH"},{"data":"alterego_mod:ChallengeComplete","floor":30,"key":"SMITH"},{"data":"alterego_mod:ChallengeComplete","floor":32,"key":"SMITH"},{"floor":41,"key":"RECALL"},{"data":"alterego_mod:Bounce","floor":44,"key":"SMITH"},{"data":"alterego_mod:Bounce","floor":49,"key":"SMITH"},{"data":"alterego_mod:SakuraFive","floor":52,"key":"SMITH"}],"circlet_count":0,"master_deck":["alterego_mod:Strike+1","alterego_mod:Strike+1","alterego_mod:Strike+1","alterego_mod:Strike+1","alterego_mod:Defend+1","alterego_mod:Defend+1","alterego_mod:Defend+1","alterego_mod:Defend+1","alterego_mod:Impale+1","alterego_mod:BrynhildrsRune+1","alterego_mod:Undulate+1","alterego_mod:1TonWallop+1","alterego_mod:Birthday+1","alterego_mod:ChallengeComplete+1","alterego_mod:Bounce+1","alterego_mod:Undulate+1","Deep Breath+1","alterego_mod:GIGAMILK+1","alterego_mod:Pet+1","alterego_mod:Birthday+1","alterego_mod:Bounce+1","Thinking Ahead+1","Discovery+1","alterego_mod:ChallengeComplete+1","alterego_mod:Undulate+1","alterego_mod:SakuraFive+1","alterego_mod:Bounce+1","alterego_mod:RocketPunch+1","Deep Breath+1"],"relics":["alterego_mod:MasochisticConstitution","hubris:Spice","hubris:Metronome","Turnip","Toxic Egg 2","hubris:OldNail","Black Star","MutagenicStrength","Darkstone Periapt","Bottled Flame","Question Card","Ice Cream","hubris:Backtick","Brimstone","MealTicket","Meat on the Bone","Akabeko","Blood Vial"],"acts_visited":["Exordium","TheCity","TheBeyond","TheEnding"],"potions_floor_usage":[6,21,22,40,47],"damage_taken":[{"damage":14,"enemies":"Small Slimes","floor":1,"turns":6},{"damage":1,"enemies":"Jaw Worm","floor":5,"turns":6},{"damage":17,"enemies":"3 Sentries","floor":6,"turns":15},{"damage":20,"enemies":"Lagavulin","floor":8,"turns":8},{"damage":13,"enemies":"3 Sentries","floor":10,"turns":11},{"damage":4,"enemies":"2 Louse","floor":11,"turns":1},{"damage":4,"enemies":"2 Fungi Beasts","floor":12,"turns":3},{"damage":4,"enemies":"Gremlin Gang","floor":14,"turns":2},{"damage":4,"enemies":"Slime Boss","floor":16,"turns":5},{"damage":2,"enemies":"Shell Parasite","floor":18,"turns":6},{"damage":9,"enemies":"3 Byrds","floor":21,"turns":5},{"damage":4,"enemies":"3 Cultists","floor":22,"turns":3},{"damage":6,"enemies":"Gremlin Leader","floor":25,"turns":5},{"damage":11,"enemies":"Cultist and Chosen","floor":27,"turns":5},{"damage":3,"enemies":"Book of Stabbing","floor":29,"turns":6},{"damage":8,"enemies":"Automaton","floor":33,"turns":6},{"damage":4,"enemies":"3 Darklings","floor":35,"turns":2},{"damage":4,"enemies":"3 Shapes","floor":39,"turns":2},{"damage":7,"enemies":"Nemesis","floor":40,"turns":3},{"damage":10,"enemies":"Reptomancer","floor":42,"turns":2},{"damage":0,"enemies":"Sphere and 2 Shapes","floor":45,"turns":1},{"damage":4,"enemies":"3 Darklings","floor":46,"turns":1},{"damage":21,"enemies":"Nemesis","floor":47,"turns":5},{"damage":20,"enemies":"4 Shapes","floor":48,"turns":1},{"damage":43,"enemies":"Time Eater","floor":50,"turns":5},{"damage":50,"enemies":"Shield and Spear","floor":54,"turns":2},{"damage":68,"enemies":"The Heart","floor":55,"turns":3}],"seed_played":"6104313444340046993","potions_obtained":[{"floor":5,"key":"SkillPotion"},{"floor":10,"key":"Fire Potion"},{"floor":21,"key":"ColorlessPotion"},{"floor":25,"key":"Strength Potion"},{"floor":27,"key":"bronze:BurnAndBuffPotion"},{"floor":33,"key":"CultistPotion"},{"floor":40,"key":"SpeedPotion"},{"floor":42,"key":"Ancient Potion"},{"floor":45,"key":"Dexterity Potion"},{"floor":46,"key":"LiquidMemories"}],"is_trial":false,"path_per_floor":["M","?","?","?","M","E","R","E","T","E","M","M","$","M","R","B",null,"M","?","?","M","M","R","?","E","T","M","R","E","R","$","R","B",null,"M","?","?","$","M","E","R","E","T","R","M","M","E","M","R","B",null,"R","$","E","B"],"character_chosen":"The_Alterego","items_purchased":["alterego_mod:Undulate+1","hubris:OldNail","Deep Breath+1","Thinking Ahead+1","Discovery+1","alterego_mod:ChallengeComplete","alterego_mod:Undulate+1","alterego_mod:SakuraFive","Deep Breath+1"],"campfire_rested":0,"item_purchase_floors":[13,13,13,31,31,31,31,38,53],"current_hp_per_floor":[64,64,64,50,57,63,63,51,51,55,52,65,65,64,64,63,87,86,56,56,64,84,84,84,99,99,97,97,99,99,99,99,98,100,100,100,97,97,102,99,99,99,99,99,102,102,95,81,81,62,106,106,106,57,0,0],"gold":70,"neow_bonus":"THREE_CARDS","is_daily":false,"chose_seed":false,"campfire_upgraded":9,"win_rate":0.0,"timestamp":1611907083,"path_taken":["M","?","?","?","M","E","R","E","T","E","M","M","$","M","R","BOSS","M","?","?","M","M","R","?","E","T","M","R","E","R","$","R","BOSS","M","?","?","$","M","E","R","E","T","R","M","?","E","M","R","BOSS","R","$","E","BOSS"],"items_purchased_type":["Card","Relic","Card","Card","Card","Card","Card","Card","Card"],"build_version":"2020-12-22","purchased_purges":2,"victory":false,"max_hp_per_floor":[71,71,71,71,72,81,81,82,82,83,84,85,85,86,86,87,87,88,88,88,89,90,90,90,99,99,100,100,99,99,99,99,100,100,101,101,101,101,102,103,103,102,102,102,102,103,104,105,105,106,106,106,106,91,91,91],"card_choices":[{"not_picked":["alterego_mod:BiFurious","alterego_mod:PresenceConcealment"],"picked":"alterego_mod:Undulate","floor":0},{"not_picked":["alterego_mod:MagicResistance","alterego_mod:DustData","alterego_mod:Skirt"],"picked":"SKIP","floor":1},{"not_picked":["alterego_mod:PerceptionDisorder","alterego_mod:Cooking","alterego_mod:TrashNCrash"],"picked":"SKIP","floor":5},{"not_picked":["alterego_mod:Complex","alterego_mod:GoddessCore"],"picked":"alterego_mod:1TonWallop","floor":6},{"not_picked":["alterego_mod:DeftHands","alterego_mod:MagicResistance"],"picked":"alterego_mod:Birthday","floor":8},{"not_picked":["alterego_mod:Lingerie","alterego_mod:Jiggle+1"],"picked":"alterego_mod:ChallengeComplete","floor":10},{"not_picked":["alterego_mod:GoddessCore","alterego_mod:MagicResistance+1"],"picked":"alterego_mod:Bounce","floor":11},{"not_picked":["alterego_mod:Maid","alterego_mod:BiFurious","alterego_mod:Complex"],"picked":"SKIP","floor":12},{"not_picked":["alterego_mod:Clones+1","alterego_mod:Stockings"],"picked":"alterego_mod:GIGAMILK+1","floor":14},{"not_picked":["alterego_mod:Cooking+1","alterego_mod:DeftHands"],"picked":"alterego_mod:Pet+1","floor":18},{"not_picked":["alterego_mod:Cooking+1","alterego_mod:BustOut+1","alterego_mod:MagicResistance+1"],"picked":"SKIP","floor":21},{"not_picked":["alterego_mod:Schoolgirl+1","alterego_mod:GachaTicket","alterego_mod:Complex"],"picked":"SKIP","floor":22},{"not_picked":["alterego_mod:BiFurious","alterego_mod:DeftHands+1"],"picked":"alterego_mod:Birthday+1","floor":25},{"not_picked":["alterego_mod:BoobPocket+1","alterego_mod:Complex+1"],"picked":"alterego_mod:Bounce+1","floor":27},{"not_picked":["alterego_mod:Skirt+1","alterego_mod:Table+1"],"picked":"hubris:SpiceAddiction","floor":29},{"not_picked":["hubris:SpiceAddiction","alterego_mod:Skirt+1","alterego_mod:Bloomers+1","alterego_mod:Schoolgirl+1"],"picked":"SKIP","floor":35},{"not_picked":["alterego_mod:Cycle+1","alterego_mod:RocketPunch","alterego_mod:PainIsPleasure"],"picked":"alterego_mod:Bounce","floor":39},{"not_picked":["alterego_mod:Swimsuit+1","alterego_mod:TrashNCrash+1","alterego_mod:Maid+1","alterego_mod:Mirror+1"],"picked":"SKIP","floor":40},{"not_picked":["alterego_mod:Alter+1","alterego_mod:Weigh","alterego_mod:DestructionOfProperty+1"],"picked":"hubris:SpiceAddiction","floor":42},{"not_picked":["alterego_mod:Cooking+1","alterego_mod:Bloomers+1","alterego_mod:Clap+1"],"picked":"alterego_mod:RocketPunch+1","floor":45},{"not_picked":["alterego_mod:SuperDuperMasochism+1","alterego_mod:Cooking+1","alterego_mod:DiscoLights+1","alterego_mod:BustOut"],"picked":"SKIP","floor":46},{"not_picked":["hubris:SpiceAddiction","alterego_mod:DeftHands+1","hubris:SpiceAddiction","alterego_mod:Skirt"],"picked":"SKIP","floor":47},{"not_picked":["alterego_mod:GachaTicket","alterego_mod:Cooking+1","alterego_mod:Collar+1","alterego_mod:Rip"],"picked":"SKIP","floor":48},{"not_picked":["alterego_mod:TrashNCrash+1","alterego_mod:Cycle+1","alterego_mod:BiFurious","alterego_mod:Cooking+1"],"picked":"SKIP","floor":54}],"player_experience":352390,"relics_obtained":[{"floor":6,"key":"hubris:Spice"},{"floor":8,"key":"hubris:Metronome"},{"floor":9,"key":"Turnip"},{"floor":10,"key":"Toxic Egg 2"},{"floor":25,"key":"Darkstone Periapt"},{"floor":25,"key":"hubris:Spice"},{"floor":26,"key":"Bottled Flame"},{"floor":29,"key":"Question Card"},{"floor":29,"key":"Ice Cream"},{"floor":40,"key":"MealTicket"},{"floor":40,"key":"Meat on the Bone"},{"floor":42,"key":"Akabeko"},{"floor":47,"key":"Blood Vial"},{"floor":54,"key":"hubris:Spice"},{"floor":54,"key":"hubris:Spice"}],"event_choices":[{"damage_healed":0,"gold_gain":175,"player_choice":"AGREE","damage_taken":0,"max_hp_gain":0,"max_hp_loss":0,"event_name":"Liars Game","floor":2,"gold_loss":0,"cards_obtained":["Doubt"]},{"cards_removed":["Doubt"],"damage_healed":0,"gold_gain":0,"player_choice":"Forget","damage_taken":0,"max_hp_gain":0,"max_hp_loss":0,"event_name":"Living Wall","floor":3,"gold_loss":0},{"damage_healed":0,"gold_gain":0,"player_choice":"Entered Light","damage_taken":14,"max_hp_gain":0,"max_hp_loss":0,"event_name":"Shining Light","floor":4,"gold_loss":0,"cards_upgraded":["alterego_mod:Strike","alterego_mod:Undulate"]},{"damage_healed":0,"gold_gain":0,"player_choice":"Simplicity","damage_taken":0,"max_hp_gain":0,"max_hp_loss":0,"event_name":"Back to Basics","floor":20,"gold_loss":0,"cards_upgraded":["alterego_mod:Strike","alterego_mod:Strike","alterego_mod:Strike","alterego_mod:Defend","alterego_mod:Defend","alterego_mod:Defend","alterego_mod:Defend"]},{"damage_healed":0,"gold_gain":0,"player_choice":"Inject Mutagens","damage_taken":0,"relics_obtained":["MutagenicStrength"],"max_hp_gain":0,"max_hp_loss":0,"event_name":"Drug Dealer","floor":24,"gold_loss":0},{"damage_healed":0,"gold_gain":0,"player_choice":"Ignored","damage_taken":0,"max_hp_gain":0,"max_hp_loss":0,"event_name":"Tomb of Lord Red Mask","floor":36,"gold_loss":0},{"damage_healed":0,"gold_gain":0,"player_choice":"Punched","damage_taken":3,"max_hp_gain":0,"max_hp_loss":0,"event_name":"Designer","floor":37,"gold_loss":0}],"is_beta":false,"boss_relics":[{"not_picked":["Snecko Eye","hubris:VirtuousBlindfold"],"picked":"Black Star"},{"not_picked":["Runic Pyramid","hubris:ScarierMask"],"picked":"hubris:Backtick"}],"items_purged_floors":[13,53],"is_endless":false,"potions_floor_spawned":[5,10,21,25,27,33,40,42,45,46],"killed_by":"The Heart","ascension_level":3}}