{"host":"li7nr9q4d53iu1rb","time":1611936327,"event":{"mods":["AchievementEnabler","BaseMod","Colored Map","Colored Powertips","Downfall","Highlight Path","Minty Spire (QoL Compilation)","Permanent Neow","Quick Restart","Random Character Button","StSLib"],"gold_per_floor":[113,129,129,30,105,105,136,156,203,59,59,59,85,100,100,203,203,215,233,103,119,119,119,119,119],"floor_reached":24,"language":"ENG","playtime":1252,"items_purged":["Strike_B"],"score":260,"play_id":"e33cf490-b5d0-432e-aecb-ba608bed529e","local_time":"20210129120527","is_ascension_mode":true,"campfire_choices":[{"floor":6,"key":"REST"},{"floor":12,"key":"REST"},{"floor":15,"key":"REST"}],"circlet_count":0,"master_deck":["Defend_B","Defend_B","Defend_B","Defend_B","Zap","Dualcast","Biased Cognition","Rebound","Static Discharge","Fusion","Coolheaded","Redo","Conserve Battery","Creative AI","Echo Form","Defragment","Loop","Fission","Storm","Compile Driver+1","Seek","Coolheaded","Reinforced Body","Bite","Bite","Bite","Bite","Bite"],"relics":["Cracked Core","Art of War","MealTicket","Dream Catcher","Runic Pyramid"],"acts_visited":["Exordium","TheCity"],"potions_floor_usage":[24,24,24],"damage_taken":[{"damage":0,"enemies":"2 Louse","floor":1,"turns":2},{"damage":4,"enemies":"Jaw Worm","floor":2,"turns":3},{"damage":44,"enemies":"Lagavulin","floor":7,"turns":9},{"damage":0,"enemies":"Cultist","floor":8,"turns":3},{"damage":28,"enemies":"3 Sentries","floor":13,"turns":4},{"damage":13,"enemies":"Blue Slaver","floor":14,"turns":4},{"damage":9,"enemies":"Hexaghost","floor":16,"turns":7},{"damage":29,"enemies":"Spheric Guardian","floor":18,"turns":6},{"damage":39,"enemies":"2 Thieves","floor":19,"turns":3},{"damage":16,"enemies":"Centurion and Healer","floor":21,"turns":8},{"damage":29,"enemies":"Slavers","floor":24,"turns":1}],"seed_played":"4865089943869812612","potions_obtained":[{"floor":13,"key":"FearPotion"},{"floor":14,"key":"SteroidPotion"},{"floor":16,"key":"DuplicationPotion"},{"floor":21,"key":"Dexterity Potion"}],"is_trial":false,"path_per_floor":["M","M","?","$","?","R","E","M","T","$","T","R","E","M","R","B",null,"M","M","$","M","?","?","E"],"character_chosen":"DEFECT","items_purchased":["Coolheaded","Creative AI","Seek","Coolheaded"],"campfire_rested":3,"item_purchase_floors":[4,10,20,20],"current_hp_per_floor":[54,50,50,50,39,61,17,17,17,32,32,54,26,13,35,26,75,46,7,22,6,6,23,0,0],"gold":119,"neow_bonus":"THREE_RARE_CARDS","is_daily":false,"chose_seed":false,"campfire_upgraded":0,"win_rate":0.0,"timestamp":1611936327,"path_taken":["M","M","?","$","?","R","E","M","T","$","?","R","E","M","R","BOSS","M","M","$","M","?","?","E"],"items_purchased_type":["Card","Card","Card","Card"],"build_version":"2020-12-22","purchased_purges":1,"victory":false,"max_hp_per_floor":[75,75,75,75,75,75,75,75,75,75,75,75,75,75,75,75,75,75,75,75,75,52,52,52,52],"card_choices":[{"not_picked":["Seek","Reboot"],"picked":"Biased Cognition","floor":0},{"not_picked":["Barrage","Sweeping Beam"],"picked":"Rebound","floor":1},{"not_picked":["Loop","Cold Snap"],"picked":"Static Discharge","floor":2},{"not_picked":["Tempest","Sweeping Beam"],"picked":"Redo","floor":7},{"not_picked":["Genetic Algorithm","Barrage"],"picked":"Conserve Battery","floor":8},{"not_picked":["Barrage","Storm"],"picked":"Echo Form","floor":13},{"not_picked":["Sweeping Beam","Compile Driver"],"picked":"Defragment","floor":14},{"not_picked":["Leap","Steam"],"picked":"Loop","floor":15},{"not_picked":["Echo Form","Machine Learning"],"picked":"Fission","floor":16},{"not_picked":["Conserve Battery","Sweeping Beam"],"picked":"Storm","floor":18},{"not_picked":["Melter+1","Rebound+1"],"picked":"Compile Driver+1","floor":19},{"not_picked":["Gash","Streamline"],"picked":"Reinforced Body","floor":21}],"player_experience":255924,"relics_obtained":[{"floor":7,"key":"Art of War"},{"floor":9,"key":"MealTicket"},{"floor":13,"key":"Dream Catcher"}],"event_choices":[{"damage_healed":0,"gold_gain":0,"cards_transformed":["Strike_B"],"player_choice":"Change","damage_taken":0,"max_hp_gain":0,"max_hp_loss":0,"event_name":"Living Wall","floor":3,"gold_loss":0,"cards_obtained":["Fusion"]},{"damage_healed":0,"gold_gain":75,"player_choice":"Gather Gold","damage_taken":11,"max_hp_gain":0,"max_hp_loss":0,"event_name":"World of Goop","floor":5,"gold_loss":0},{"damage_healed":0,"gold_gain":0,"player_choice":"Became a vampire","damage_taken":0,"max_hp_gain":0,"max_hp_loss":23,"event_name":"Vampires","floor":22,"gold_loss":0,"cards_obtained":["Bite","Bite","Bite","Bite","Bite"]},{"damage_healed":17,"gold_gain":0,"player_choice":"Heal","damage_taken":0,"max_hp_gain":0,"max_hp_loss":0,"event_name":"The Library","floor":23,"gold_loss":0}],"is_beta":false,"boss_relics":[{"not_picked":["Empty Cage","Inserter"],"picked":"Runic Pyramid"}],"items_purged_floors":[4],"is_endless":false,"potions_floor_spawned":[13,14,16,21],"killed_by":"Slavers","ascension_level":3}}