{"host":"6bsan6hkua32tfq7","time":1611895428,"event":{"mods":["BaseMod","Better Third Choice","Colored Map","Highlight Path","Minty Spire (QoL Compilation)","StSLib"],"gold_per_floor":[113,126,141,141,16,16,16,16,66,95,110,110,10,10,10,86,86,104,154,29,49,66,66,81,81,81,112,112,112,112],"floor_reached":29,"language":"ENG","playtime":477,"items_purged":["Defend_G","Strike_G","Strike_G"],"score":482,"play_id":"d99e30c4-9af6-428c-972f-ab258f1fe7a5","local_time":"20210129054348","is_ascension_mode":true,"campfire_choices":[{"data":"Dagger Spray","floor":6,"key":"SMITH"},{"data":"Dagger Spray","floor":8,"key":"SMITH"},{"data":"Cloak And Dagger","floor":15,"key":"SMITH"},{"floor":23,"key":"REST"},{"floor":25,"key":"REST"}],"circlet_count":0,"master_deck":["AscendersBane","Strike_G","Strike_G","Defend_G","Defend_G","Defend_G","Survivor","Neutralize","Dagger Spray+1","Dagger Spray+1","Dagger Throw","Infinite Blades","Cloak And Dagger+1","Adrenaline","Footwork","Flying Knee","Terror","Dagger Spray"],"relics":["Ring of the Snake","NeowsBlessing","Omamori","Shuriken","Philosopher\u0027s Stone","Ancient Tea Set","Unceasing Top"],"acts_visited":["Exordium","TheCity"],"potions_floor_usage":[10,18,21,27,27],"damage_taken":[{"damage":0,"enemies":"Cultist","floor":1,"turns":1},{"damage":0,"enemies":"Small Slimes","floor":2,"turns":1},{"damage":0,"enemies":"Jaw Worm","floor":3,"turns":1},{"damage":7,"enemies":"3 Sentries","floor":10,"turns":3},{"damage":9,"enemies":"Looter","floor":11,"turns":3},{"damage":33,"enemies":"Hexaghost","floor":16,"turns":8},{"damage":12,"enemies":"Shell Parasite","floor":18,"turns":3},{"damage":0,"enemies":"Chosen","floor":21,"turns":3},{"damage":39,"enemies":"Shelled Parasite and Fungi","floor":22,"turns":4},{"damage":17,"enemies":"Snake Plant","floor":24,"turns":3},{"damage":11,"enemies":"Book of Stabbing","floor":27,"turns":4},{"damage":19,"enemies":"Centurion and Healer","floor":29,"turns":2}],"seed_played":"-4498573763664425869","potions_obtained":[{"floor":1,"key":"FearPotion"},{"floor":2,"key":"SteroidPotion"},{"floor":11,"key":"Explosive Potion"},{"floor":22,"key":"LiquidBronze"},{"floor":24,"key":"DuplicationPotion"}],"is_trial":false,"path_per_floor":["M","M","M","?","$","R","$","R","T","E","M","?","$","?","R","B",null,"M","?","$","M","M","R","M","R","T","E","?","M"],"character_chosen":"THE_SILENT","items_purchased":["Dagger Throw"],"campfire_rested":2,"item_purchase_floors":[5],"current_hp_per_floor":[59,59,59,66,66,66,66,66,66,59,50,43,43,43,43,10,52,40,40,40,40,1,20,3,22,22,11,11,0,0],"gold":112,"neow_bonus":"THREE_ENEMY_KILL","is_daily":false,"chose_seed":false,"campfire_upgraded":3,"win_rate":0.0,"timestamp":1611895428,"path_taken":["M","?","M","?","?","R","?","R","T","E","M","?","?","?","R","BOSS","M","?","?","M","M","R","M","R","T","E","?","M"],"items_purchased_type":["Card"],"build_version":"2020-12-22","purchased_purges":3,"victory":false,"max_hp_per_floor":[66,66,66,66,66,66,66,66,66,66,66,66,66,66,66,66,66,66,66,66,66,66,66,66,66,66,66,66,66,66],"card_choices":[{"not_picked":["Tactician","Well Laid Plans"],"picked":"Dagger Spray","floor":1},{"not_picked":["Outmaneuver","Setup","Dodge and Roll"],"picked":"SKIP","floor":2},{"not_picked":["Flying Knee","PiercingWail"],"picked":"Dagger Spray","floor":3},{"not_picked":["Flying Knee","Acrobatics"],"picked":"Infinite Blades","floor":10},{"not_picked":["Deflect","Outmaneuver"],"picked":"Cloak And Dagger","floor":11},{"not_picked":["Bullet Time","Tools of the Trade"],"picked":"Adrenaline","floor":16},{"not_picked":["Quick Slash","Skewer"],"picked":"Footwork","floor":18},{"not_picked":["PiercingWail","Concentrate"],"picked":"Flying Knee","floor":21},{"not_picked":["Skewer","Calculated Gamble"],"picked":"Terror","floor":22},{"not_picked":["Caltrops","Skewer","Sucker Punch"],"picked":"SKIP","floor":24},{"not_picked":["Sucker Punch+1","Acrobatics"],"picked":"Dagger Spray","floor":27}],"player_experience":5349465,"relics_obtained":[{"floor":9,"key":"Omamori"},{"floor":10,"key":"Shuriken"},{"floor":26,"key":"Ancient Tea Set"},{"floor":27,"key":"Unceasing Top"}],"event_choices":[{"damage_healed":7,"gold_gain":0,"player_choice":"Full Heal","damage_taken":0,"max_hp_gain":0,"max_hp_loss":0,"event_name":"Wheel of Change","floor":4,"gold_loss":0},{"cards_removed":["Defend_G"],"damage_healed":0,"gold_gain":0,"player_choice":"Card Removal","damage_taken":7,"max_hp_gain":0,"max_hp_loss":0,"event_name":"Golden Wing","floor":12,"gold_loss":0},{"cards_removed":["Strike_G"],"damage_healed":0,"gold_gain":0,"player_choice":"Forget","damage_taken":0,"max_hp_gain":0,"max_hp_loss":0,"event_name":"Living Wall","floor":14,"gold_loss":0},{"damage_healed":0,"gold_gain":100,"player_choice":"Bet on Murderer","damage_taken":0,"max_hp_gain":0,"max_hp_loss":0,"event_name":"The Joust","floor":19,"gold_loss":50},{"damage_healed":0,"gold_gain":0,"player_choice":"Smashed Altar","damage_taken":0,"max_hp_gain":0,"max_hp_loss":0,"event_name":"Forgotten Altar","floor":28,"gold_loss":0,"cards_obtained":["Decay"]}],"is_beta":false,"boss_relics":[{"not_picked":["Fusion Hammer","Snecko Eye"],"picked":"Philosopher\u0027s Stone"}],"items_purged_floors":[5,13,20],"is_endless":false,"potions_floor_spawned":[1,2,11,22,24],"killed_by":"Centurion and Healer","ascension_level":20}}