{"host":"2i0myh7fqij2ti1z","time":1611881865,"event":{"mods":["Aspiration","BaseMod","Better Third Choice","Colored Powertips","Conspire","Evolution","FoggyMod","GifTheSpireLib","Highlight Path","Hubris","Minty Spire (QoL Compilation)","Permanent Neow","Quick Restart","Random Character Button","Random Character Mod","Replay The Spire","Shop Mod","Spicy Shops","StSLib","Stuff the Spire","Wandering Minibosses","óô»ðÖ¸ÄÏ"],"gold_per_floor":[17,17,17,17,96,130,80,80,80,124,124,124,124],"floor_reached":12,"language":"ENG","playtime":916,"items_purged":[],"score":94,"play_id":"8330653d-ed4c-4860-a983-f27ed2a8e4c2","local_time":"20210129085745","is_ascension_mode":true,"campfire_choices":[{"floor":8,"key":"REST"}],"circlet_count":0,"master_deck":["Compile Driver","Strike_B+1","Strike_B+1","Defend_B","Defend_B","Defend_B+1","Zap","Dualcast+1","BasicCrystalCard","Redo","Melter","White Noise"],"relics":["Cracked Core","EVO:Axolotl","Black Star","Juzu Bracelet","WarpedTongs","Golden Idol","Replay:Baseball","hubris:FunFungus","Dream Catcher","War Paint","Replay:Mystery Machine","aspiration:HummingbirdHeart","hubris:Icosahedron"],"acts_visited":["Exordium"],"potions_floor_usage":[6],"damage_taken":[{"damage":8,"enemies":"Small Slimes","floor":1,"turns":3},{"damage":26,"enemies":"Lagavulin","floor":6,"turns":5},{"damage":7,"enemies":"3 Sentries","floor":10,"turns":4},{"damage":2,"enemies":"Gremlin Nob","floor":12,"turns":3}],"seed_played":"7496821762231391763","potions_obtained":[{"floor":5,"key":"Cursed Concoction"},{"floor":6,"key":"Swift Potion"}],"is_trial":false,"path_per_floor":["M","?","?","?","?","E","?","R","T","E","?","E"],"character_chosen":"DEFECT","items_purchased":[],"campfire_rested":1,"item_purchase_floors":[],"current_hp_per_floor":[67,52,52,34,34,8,8,30,30,23,23,21,21],"gold":124,"neow_bonus":"REMOVE_TWO","is_daily":false,"chose_seed":false,"campfire_upgraded":0,"win_rate":0.0,"timestamp":1611881865,"path_taken":["M","?","?","?","?","E","?","R","T","E","?","E"],"items_purchased_type":[],"build_version":"2020-12-22","purchased_purges":0,"victory":false,"max_hp_per_floor":[75,75,75,75,75,75,75,75,75,75,75,75,75],"card_choices":[{"not_picked":["Rebound","Undo","ReplayTheSpireMod:Dual Polarity"],"picked":"SKIP","floor":1},{"not_picked":["Sweeping Beam","ReplaySort"],"picked":"BasicCrystalCard","floor":5},{"not_picked":["Turbo","BasicCrystalCard"],"picked":"Redo","floor":5},{"not_picked":["StuffTheSpire:Plugnplay","Sunder"],"picked":"Melter","floor":6},{"not_picked":["Gash","Ball Lightning"],"picked":"White Noise","floor":8},{"not_picked":["ReplaySolidLightProjector","StuffTheSpire:Purify","Cold Snap"],"picked":"SKIP","floor":10}],"player_experience":278901,"relics_obtained":[{"floor":5,"key":"Replay:Baseball"},{"floor":6,"key":"hubris:FunFungus"},{"floor":6,"key":"Dream Catcher"},{"floor":9,"key":"War Paint"},{"floor":10,"key":"Replay:Mystery Machine"},{"floor":10,"key":"aspiration:HummingbirdHeart"}],"event_choices":[{"damage_healed":67,"gold_gain":0,"player_choice":"Upgrade","damage_taken":15,"max_hp_gain":0,"max_hp_loss":75,"event_name":"betterThird:BetterShining","floor":2,"gold_loss":0,"cards_upgraded":["Strike_B","Strike_B"]},{"damage_healed":0,"gold_gain":0,"player_choice":"Rummage","damage_taken":0,"relics_obtained":["WarpedTongs"],"max_hp_gain":0,"max_hp_loss":0,"event_name":"Accursed Blacksmith","floor":3,"gold_loss":0,"cards_obtained":["Pain"]},{"damage_healed":0,"gold_gain":0,"player_choice":"Take Damage","damage_taken":18,"relics_obtained":["Golden Idol"],"max_hp_gain":0,"max_hp_loss":0,"event_name":"Golden Idol","floor":4,"gold_loss":0},{"cards_removed":["Pain"],"damage_healed":0,"gold_gain":0,"player_choice":"Card Removal","damage_taken":0,"max_hp_gain":0,"max_hp_loss":0,"event_name":"The Cleric","floor":7,"gold_loss":50}],"is_beta":false,"boss_relics":[],"items_purged_floors":[],"is_endless":false,"potions_floor_spawned":[6],"killed_by":"Gremlin Nob","ascension_level":3}}