{"host":"36zn1fhase90d3ns","time":1611913152,"event":{"mods":["2.2 Compatiblity","AchievementEnabler","Act Like it!","Aspiration","BaseMod","BetterRewards","Block Reminder","Colored Map","Colored Powertips","Conspire","Curses Come First","Custom Start","Energized Spire","Friendly Minions","Halation","Hermit","Hubris","Minty Spire (QoL Compilation)","Prisma Mod","Quick Restart","Relic Sorter","Replay The Spire","Shade Mod","Spicy Shops","StSLib","The Necromancer","Unceasing Turn Reminder","Yohane!"],"gold_per_floor":[116,135,135,81,81,81,81,81,81,109,109,138,138,155,155,251,251,268,283,329,344,96,128,128,155,182,182,182,196,215,234,234,332,432,447,463,473,488,488,518,518,547,547,578,578,578,592,618,618,628,628,628,57,105,113],"floor_reached":56,"language":"ENG","playtime":3175,"items_purged":["hermit:Strike_Hermit","hermit:Strike_Hermit","hermit:Strike_Hermit"],"score":1756,"play_id":"c3dd1bf3-4fd3-4fca-b10f-ac7ad190af47","local_time":"20210129033912","is_ascension_mode":true,"campfire_choices":[{"data":"hermit:GoldenBullet","floor":6,"key":"SMITH"},{"data":"hermit:Defend_Hermit","floor":7,"key":"SMITH"},{"floor":11,"key":"REST"},{"data":"Injury","floor":15,"key":"PURGE"},{"floor":24,"key":"REST"},{"floor":27,"key":"REST"},{"data":"Strike_from_Beyond","floor":32,"key":"SMITH"},{"floor":41,"key":"RECALL"},{"data":"hermit:Covet","floor":45,"key":"SMITH"},{"data":"hermit:Roughhouse","floor":49,"key":"SMITH"},{"data":"hermit:Defend_Hermit","floor":52,"key":"SMITH"}],"circlet_count":0,"master_deck":["hermit:Defend_Hermit+1","hermit:Defend_Hermit+1","hermit:Defend_Hermit+1","hermit:Defend_Hermit","hermit:Snapshot","hermit:Covet+1","hermit:GoldenBullet+1","hermit:Horror","hermit:Brawl+1","hermit:PistolWhip","Vampiric_Strike","hermit:HoleUp+1","hermit:Roughhouse+1","hermit:GhostlyPresence+1","hermit:Enervate","hermit:NoHoldsBarred+1","hermit:GhostlyPresence+1","Strike_from_Beyond+1","hermit:GhostlyPresence+1","hermit:FlashPowder+1","hermit:GoldenBullet","hermit:EyeOfTheStorm+1","hermit:Quickdraw+1","hermit:PistolWhip+1","hermit:Maintenance+1","hermit:FlashPowder+1","hermit:Dive+1","hermit:BlackWind+1","hermit:Dive+1"],"relics":["hermit:Momento","Lantern","WingedGreaves","hubris:DisguiseKit","Replay:Rubber Ducky","hubris:FunFungus","Toxic Egg 2","SacredBark","ReplayTheSpireMod:Shallot","Centennial Puzzle","FossilizedHelix","Oddly Smooth Stone","Replay:Wanted Poster","conspire:DecoderRing","Golden Egg","InkBottle","Bag of Marbles","Replay:Bandana","Happy Flower","halation:Jellyphish","aspiration:HiddenCompartment"],"acts_visited":["Exordium","TheCity","TheBeyond","TheEnding"],"potions_floor_usage":[12,21,21,21,33,37,42,48,55],"damage_taken":[{"damage":2,"enemies":"2 Louse","floor":1,"turns":3},{"damage":1,"enemies":"conspire:RoseBush","floor":2,"turns":1},{"damage":27,"enemies":"Gremlin Nob","floor":10,"turns":4},{"damage":11,"enemies":"Lagavulin","floor":12,"turns":5},{"damage":5,"enemies":"Small Slimes","floor":14,"turns":2},{"damage":7,"enemies":"Slime Boss","floor":16,"turns":9},{"damage":15,"enemies":"Spheric Guardian","floor":18,"turns":8},{"damage":0,"enemies":"Shell Parasite","floor":19,"turns":5},{"damage":2,"enemies":"Snake Plant","floor":21,"turns":2},{"damage":7,"enemies":"conspire:Head Lice","floor":23,"turns":9},{"damage":29,"enemies":"Book of Stabbing","floor":25,"turns":6},{"damage":0,"enemies":"Centurion and Healer","floor":29,"turns":5},{"damage":2,"enemies":"Shelled Parasite and Fungi","floor":30,"turns":6},{"damage":6,"enemies":"Snake Plant","floor":31,"turns":4},{"damage":35,"enemies":"Champ","floor":33,"turns":14},{"damage":0,"enemies":"3 Shapes","floor":35,"turns":8},{"damage":0,"enemies":"Orb Walker","floor":36,"turns":4},{"damage":0,"enemies":"Spire Growth","floor":37,"turns":5},{"damage":0,"enemies":"4 Shapes","floor":38,"turns":5},{"damage":15,"enemies":"Nemesis","floor":40,"turns":11},{"damage":13,"enemies":"Giant Head","floor":42,"turns":7},{"damage":13,"enemies":"R_Hoarder","floor":44,"turns":8},{"damage":11,"enemies":"Sphere and 2 Shapes","floor":47,"turns":4},{"damage":0,"enemies":"Reptomancer","floor":48,"turns":5},{"damage":9,"enemies":"Donu and Deca","floor":50,"turns":12},{"damage":20,"enemies":"Shield and Spear","floor":54,"turns":10},{"damage":38,"enemies":"The Heart","floor":55,"turns":11}],"seed_played":"5245767958710280087","potions_obtained":[{"floor":10,"key":"Weak Potion"},{"floor":14,"key":"Strength Potion"},{"floor":19,"key":"hermit:Tonic"},{"floor":20,"key":"Energy Potion"},{"floor":20,"key":"AttackPotion"},{"floor":30,"key":"SpeedPotion"},{"floor":31,"key":"Explosive Potion"},{"floor":36,"key":"Strength Potion"},{"floor":40,"key":"Swift Potion"},{"floor":44,"key":"Explosive Potion"},{"floor":46,"key":"hermit:Tonic"},{"floor":46,"key":"DistilledChaos"},{"floor":47,"key":"hermit:Tonic"},{"floor":48,"key":"Energy Potion"}],"is_trial":false,"path_per_floor":["M","M","?","$","?","R","R","?","T","E","R","E","?","M","R_BF","B",null,"M","M","?","M","$","E","R","E","T","R","R","M","M","M","R","B",null,"M","M","M","M","?","E","R","E","T","E","R","?","M","E","R","B",null,"R","$","E","B",null],"character_chosen":"HERMIT","items_purchased":["Lantern","hermit:GoldenBullet","WingedGreaves","hermit:Horror","hermit:Brawl+1","ReplayTheSpireMod:Shallot","hermit:BlackWind","Happy Flower","halation:Jellyphish"],"campfire_rested":3,"item_purchase_floors":[0,0,0,0,4,22,53,53,53],"current_hp_per_floor":[51,50,43,43,43,43,43,43,43,16,38,27,27,25,25,32,75,60,60,42,41,41,38,60,34,34,56,56,57,55,51,51,29,75,75,75,75,75,75,66,66,60,60,53,53,53,45,49,49,50,75,75,75,61,32],"gold":113,"neow_bonus":"","is_daily":false,"chose_seed":false,"campfire_upgraded":6,"win_rate":0.0,"timestamp":1611913152,"path_taken":["M","M","?","$","?","R","R","?","T","E","R","E","?","M","R_BF","BOSS","M","M","?","M","$","E","R","E","T","R","R","M","M","M","R","BOSS","M","M","M","M","?","E","R","E","T","E","R","?","?","E","R","BOSS","R","$","E","BOSS"],"items_purchased_type":["Relic","Card","Relic","Card","Card","Relic","Card","Relic","Relic"],"build_version":"2020-12-22","purchased_purges":3,"victory":true,"max_hp_per_floor":[75,75,75,75,75,75,75,75,75,75,75,75,75,75,75,75,75,75,75,75,75,75,75,75,75,75,75,75,75,75,75,75,75,75,75,75,75,75,75,75,75,75,75,75,75,75,75,75,75,75,75,75,75,75,75],"card_choices":[{"not_picked":["hermit:DeadMansHand","hermit:ItchyTrigger","hermit:FullyLoaded"],"picked":"SKIP","floor":1},{"not_picked":["hermit:Spite","hermit:CalledShot","hermit:Headshot"],"picked":"SKIP","floor":2},{"not_picked":["hermit:EyeOfTheStorm","hermit:WideOpen","Life_Tap"],"picked":"hermit:PistolWhip","floor":10},{"not_picked":["hermit:Malice","hermit:Coalescence","hermit:Horror"],"picked":"Vampiric_Strike","floor":12},{"not_picked":["hermit:BigShot","hermit:Manifest+1","Finger_Of_Death"],"picked":"hermit:HoleUp+1","floor":14},{"not_picked":["hermit:FatalDesire","hermit:Purgatory","Requiem"],"picked":"hermit:Roughhouse","floor":16},{"not_picked":["hermit:Misfire","hermit:Determination","Summon_Undead"],"picked":"hermit:GhostlyPresence+1","floor":18},{"not_picked":["hermit:Midnight+1","hermit:SprayPray","Bones_to_Steel"],"picked":"hermit:Enervate","floor":19},{"not_picked":["hermit:TrackingShot+1","hermit:Manifest+1","Cloudkill"],"picked":"hermit:NoHoldsBarred+1","floor":20},{"not_picked":["hermit:Determination+1","hermit:TrackingShot","hermit:HighCaliber+1","Scare"],"picked":"SKIP","floor":21},{"not_picked":["hermit:Headshot","hermit:Reprieve+1","hermit:Shortfuse","Violent_Necrosis"],"picked":"SKIP","floor":23},{"not_picked":["hermit:Vantage+1","hermit:Misfire","Whirlwind_of_Bones"],"picked":"hermit:GhostlyPresence+1","floor":25},{"not_picked":["hermit:BodyArmor+1","hermit:Vantage+1","hermit:LowProfile+1"],"picked":"Strike_from_Beyond","floor":29},{"not_picked":["hermit:Glare+1","hermit:Gambit+1","Bone_Bullets"],"picked":"hermit:GhostlyPresence+1","floor":30},{"not_picked":["hermit:TrackingShot","hermit:LowProfile+1","Negative_Energy_Javelin"],"picked":"hermit:FlashPowder+1","floor":31},{"not_picked":["hermit:Manifest+1","hermit:DeadMansHand+1","Summon_Undead_Army"],"picked":"hermit:GoldenBullet","floor":35},{"not_picked":["hermit:Feint+1","hermit:Ricochet+1","hermit:WideOpen","Bone_Armor"],"picked":"SKIP","floor":36},{"not_picked":["hermit:NoHoldsBarred+1","hermit:LowProfile+1","Epidemic"],"picked":"hermit:EyeOfTheStorm+1","floor":37},{"not_picked":["hermit:BigShot+1","hermit:FullyLoaded+1","Scare"],"picked":"hermit:Quickdraw+1","floor":38},{"not_picked":["hermit:Feint+1","hermit:OverwhelmingPower","Finger_Of_Death"],"picked":"hermit:PistolWhip+1","floor":40},{"not_picked":["hermit:TakeCover+1","hermit:Quickdraw+1","Summon_Undead_Army"],"picked":"hermit:Maintenance+1","floor":42},{"not_picked":["hermit:Deadeye","hermit:HeroicBravado+1","hermit:Feint+1","Blood_for_Blood"],"picked":"SKIP","floor":44},{"not_picked":["hermit:Vantage+1","hermit:Glare+1","Bone_Shift"],"picked":"hermit:FlashPowder+1","floor":47},{"not_picked":["hermit:Roughhouse","hermit:Quickdraw+1","Scare"],"picked":"hermit:Dive+1","floor":48},{"not_picked":["hermit:Snipe+1","hermit:Glare+1","Negative_Energy_Javelin"],"picked":"hermit:Dive+1","floor":54}],"player_experience":466047,"relics_obtained":[{"floor":10,"key":"Replay:Rubber Ducky"},{"floor":12,"key":"hubris:FunFungus"},{"floor":23,"key":"Centennial Puzzle"},{"floor":25,"key":"FossilizedHelix"},{"floor":26,"key":"Oddly Smooth Stone"},{"floor":40,"key":"conspire:DecoderRing"},{"floor":42,"key":"Golden Egg"},{"floor":43,"key":"InkBottle"},{"floor":44,"key":"Bag of Marbles"},{"floor":48,"key":"Replay:Bandana"},{"floor":54,"key":"aspiration:HiddenCompartment"}],"event_choices":[{"cards_removed":["hermit:Strike_Hermit"],"damage_healed":0,"gold_gain":0,"player_choice":"Card Removal","damage_taken":7,"max_hp_gain":0,"max_hp_loss":0,"event_name":"Golden Wing","floor":3,"gold_loss":0},{"damage_healed":0,"gold_gain":0,"player_choice":"Got Potions","damage_taken":0,"max_hp_gain":0,"max_hp_loss":0,"event_name":"Lab","floor":46,"gold_loss":0}],"is_beta":false,"boss_relics":[{"not_picked":["aspiration:FutureDiary","halation:Risk"],"picked":"SacredBark"},{"not_picked":["conspire:SeveredTorchhead","aspiration:RunicSpoon"],"picked":"Replay:Wanted Poster"}],"items_purged_floors":[0,0,53],"is_endless":false,"potions_floor_spawned":[10,14,19,30,31,36,40,44,47,48],"ascension_level":3}}