{"host":"0fm1w3v00gid44jl","time":1611903191,"event":{"mods":["AchievementEnabler","BaseMod","Colored Map","Colored Powertips","Displayed Cursed Tome","Downfall","Googly Eyes","Highlight Path","Minty Spire (QoL Compilation)","Permanent Neow","Relic Stats","StSLib","SuperFastMode","slay the spire mod where everything is the same but ironclad has a cowboy hat"],"gold_per_floor":[99,116,128,128,143,6,6,6,6,6,40,40,25,42,60,60,60,60],"floor_reached":16,"language":"ENG","playtime":618,"items_purged":["downfall:Malfunctioning"],"score":100,"play_id":"7383f313-e979-4514-b112-73727cf19b18","local_time":"20210129005311","is_ascension_mode":false,"campfire_choices":[{"data":"sneckomod:SoulDraw","floor":1,"key":"SMITH"},{"data":"sneckomod:WideSting","floor":10,"key":"SMITH"},{"data":"sneckomod:Cheat","floor":12,"key":"SMITH"}],"circlet_count":0,"master_deck":["sneckomod:Strike","sneckomod:Strike","sneckomod:Defend+1","sneckomod:Defend+1","sneckomod:Defend","sneckomod:TailWhip","sneckomod:SnekBite","sneckomod:Unknown","sneckomod:Unknown+1","sneckomod:SoulDraw+1","sneckomod:UnknownDraw","sneckomod:WideSting+1","sneckomod:QuickBite","sneckomod:Cheat+1","sneckomod:RainOfDice","Exhume","sneckomod:SoulDraw","sneckomod:QuickMove","sneckomod:UnknownDraw","sneckomod:UnknownExhaust","sneckomod:SoulRoll"],"relics":["sneckomod:SneckoSoul","Incense Burner","Molten Egg 2"],"acts_visited":["Exordium"],"potions_floor_usage":[],"damage_taken":[{"damage":9,"enemies":"Jaw Worm","floor":2,"turns":4},{"damage":0,"enemies":"Small Slimes","floor":3,"turns":2},{"damage":1,"enemies":"Cultist","floor":5,"turns":4},{"damage":3,"enemies":"downfall:FleeingMerchant","floor":6,"turns":4},{"damage":46,"enemies":"Gremlin Nob","floor":11,"turns":5},{"damage":2,"enemies":"downfall:FleeingMerchant","floor":13,"turns":4},{"damage":0,"enemies":"2 Fungi Beasts","floor":14,"turns":2},{"damage":1,"enemies":"Large Slime","floor":15,"turns":7},{"damage":15,"enemies":"IC_STATUS_ARCHETYPE","floor":16,"turns":3}],"seed_played":"5514307644039049281","potions_obtained":[{"floor":3,"key":"SneckoOil"},{"floor":11,"key":"FearPotion"},{"floor":14,"key":"Explosive Potion"}],"is_trial":false,"path_per_floor":["R","M","M","?","M","$","T","?","?","R","E","R","$","M","M","B"],"character_chosen":"THE_SNECKO","items_purchased":["sneckomod:RainOfDice"],"campfire_rested":0,"item_purchase_floors":[6],"current_hp_per_floor":[90,81,81,81,80,77,77,77,77,77,31,31,29,29,28,13,13,13],"gold":60,"neow_bonus":"THREE_CARDS","is_daily":false,"chose_seed":false,"campfire_upgraded":3,"win_rate":0.0,"timestamp":1611903191,"path_taken":["R","M","M","?","M","$","T","?","?","R","E","R","$","?","M","BOSS"],"items_purchased_type":["Card"],"build_version":"2020-12-22","purchased_purges":1,"victory":false,"max_hp_per_floor":[90,90,90,90,90,90,90,90,90,90,90,90,90,90,90,90,90,90],"relic_stats":{"counters":[9,34],"obtain_stats":[{"Molten Egg 2":11,"Incense Burner":7,"sneckomod:SneckoSoul":0},{"Molten Egg 2":5,"Incense Burner":4,"sneckomod:SneckoSoul":0},{"Molten Egg 2":19,"Incense Burner":14,"sneckomod:SneckoSoul":0}]},"card_choices":[{"not_picked":["sneckomod:IronFang","sneckomod:TrashToTreasure"],"picked":"sneckomod:SoulDraw","floor":0},{"not_picked":["sneckomod:UnknownCommonAttack","sneckomod:Nope"],"picked":"sneckomod:UnknownDraw","floor":2},{"not_picked":["sneckomod:Nope","sneckomod:UnknownStrike"],"picked":"sneckomod:WideSting","floor":3},{"not_picked":["sneckomod:SlitherStrike","sneckomod:Unknown1Cost"],"picked":"sneckomod:QuickBite","floor":5},{"not_picked":["sneckomod:Nope","sneckomod:ImprovisedGuard"],"picked":"sneckomod:Cheat","floor":6},{"not_picked":["sneckomod:SlitherStrike+1","sneckomod:DiceBlock"],"picked":"sneckomod:QuickMove","floor":11},{"not_picked":["sneckomod:UnknownBlock","sneckomod:UnknownCommonSkill"],"picked":"sneckomod:UnknownDraw","floor":13},{"not_picked":["sneckomod:TrashToTreasure","sneckomod:SoulDraw"],"picked":"sneckomod:UnknownExhaust","floor":14},{"not_picked":["sneckomod:IronFang+1","sneckomod:SlitherStrike+1"],"picked":"sneckomod:SoulRoll","floor":15}],"player_experience":1504804,"relics_obtained":[{"floor":7,"key":"Incense Burner"},{"floor":11,"key":"Molten Egg 2"}],"event_choices":[],"is_beta":false,"boss_relics":[],"items_purged_floors":[6],"is_endless":false,"potions_floor_spawned":[3,11,14,15],"killed_by":"IC_STATUS_ARCHETYPE","ascension_level":0}}