{"host":"j9ki0s1dicmcfq9y","time":1611948209,"event":{"mods":["BaseMod","Minty Spire (QoL Compilation)","Shade Mod","StSLib"],"gold_per_floor":[118,118,131,206,226,261,261,286,364,364,364,383,402,429,429,530,530,545,545,545,644,656,656,206,223,223,240,260,294,219,235,235,331,381,400,411,686,296,296,296,324,336,429,456,479,510,472,488,488,488,488,488,38,65,65],"floor_reached":56,"language":"ENG","playtime":4063,"items_purged":["Regret","Pain","Injury"],"score":1234,"play_id":"05264187-15bd-4826-8716-df615055a821","local_time":"20210129142329","is_ascension_mode":false,"campfire_choices":[{"data":"Shade:OpenGraves","floor":7,"key":"SMITH"},{"data":"Shade:AnimateDead","floor":10,"key":"SMITH"},{"floor":15,"key":"REST"},{"data":"Shade:Bonestorm","floor":23,"key":"SMITH"},{"floor":32,"key":"REST"},{"floor":40,"key":"RECALL"},{"data":"Shade:RitualOffering","floor":42,"key":"SMITH"},{"floor":49,"key":"REST"},{"data":"Shade:FingerOfDeath","floor":52,"key":"SMITH"}],"circlet_count":0,"master_deck":["Shade:Strike_Shade","Shade:Strike_Shade","Shade:Strike_Shade","Shade:Strike_Shade","Shade:Defend_Shade","Shade:Defend_Shade+1","Shade:Defend_Shade","Shade:Defend_Shade","Shade:AnimateDead+1","Shade:CarefulCut","Shade:FreshBones+1","Shade:OpenGraves+1","Shade:Bonestorm+1","Shade:FleshToFlesh","Shade:Bite_Shade","Shade:RitualOffering+1","Shade:PotionOfRestlessness+1","Shade:FingerOfDeath+1","Shade:SanguineRitual","Shade:Premonition+1","Shade:SpectralStrikes+1","Shade:Coordination+1","Shade:Brains+1","Shade:LichForm+1","Shade:FreshBones+1","Clumsy","Shade:CommandSoldier+1","Shade:GraveStillness+1","Shade:CommandSoldier+1","Shade:Brains+1","Shade:Carnophage+1","Shade:PressTheAttack","Shade:CommandSoldier+1","Shade:GraveStillness+1"],"relics":["Shade:YorickSkull","NeowsBlessing","Bird Faced Urn","Oddly Smooth Stone","Frozen Egg 2","Bag of Marbles","Cursed Key","Dream Catcher","Darkstone Periapt","Nunchaku","Toxic Egg 2","Tiny House","Membership Card","Mummified Hand","WarpedTongs","MawBank","Letter Opener","Strange Spoon","CaptainsWheel","Strawberry","Boot"],"acts_visited":["Exordium","TheCity","TheBeyond","TheEnding"],"potions_floor_usage":[8,27,28,50,55,55],"damage_taken":[{"damage":0,"enemies":"Small Slimes","floor":1,"turns":1},{"damage":0,"enemies":"Jaw Worm","floor":3,"turns":1},{"damage":0,"enemies":"2 Louse","floor":5,"turns":1},{"damage":6,"enemies":"Lagavulin","floor":6,"turns":6},{"damage":22,"enemies":"3 Sentries","floor":8,"turns":6},{"damage":0,"enemies":"Exordium Thugs","floor":12,"turns":3},{"damage":0,"enemies":"Looter","floor":13,"turns":3},{"damage":12,"enemies":"Hexaghost","floor":16,"turns":9},{"damage":2,"enemies":"Shell Parasite","floor":18,"turns":6},{"damage":4,"enemies":"Spheric Guardian","floor":22,"turns":4},{"damage":14,"enemies":"Snake Plant","floor":25,"turns":4},{"damage":6,"enemies":"3 Cultists","floor":27,"turns":5},{"damage":27,"enemies":"Shelled Parasite and Fungi","floor":28,"turns":5},{"damage":12,"enemies":"Book of Stabbing","floor":29,"turns":5},{"damage":11,"enemies":"Snecko","floor":31,"turns":4},{"damage":15,"enemies":"Champ","floor":33,"turns":10},{"damage":0,"enemies":"3 Shapes","floor":35,"turns":5},{"damage":8,"enemies":"Orb Walker","floor":36,"turns":4},{"damage":24,"enemies":"Nemesis","floor":41,"turns":5},{"damage":20,"enemies":"Jaw Worm Horde","floor":44,"turns":3},{"damage":10,"enemies":"Sphere and 2 Shapes","floor":45,"turns":4},{"damage":4,"enemies":"3 Darklings","floor":46,"turns":4},{"damage":16,"enemies":"4 Shapes","floor":48,"turns":3},{"damage":37,"enemies":"Time Eater","floor":50,"turns":7},{"damage":26,"enemies":"Shield and Spear","floor":54,"turns":5},{"damage":134,"enemies":"The Heart","floor":55,"turns":9}],"seed_played":"5799822194695668860","potions_obtained":[{"floor":5,"key":"Swift Potion"},{"floor":6,"key":"Weak Potion"},{"floor":8,"key":"Energy Potion"},{"floor":11,"key":"FairyPotion"},{"floor":11,"key":"EntropicBrew"},{"floor":11,"key":"DuplicationPotion"},{"floor":27,"key":"Fruit Juice"},{"floor":33,"key":"SkillPotion"},{"floor":34,"key":"CultistPotion"}],"is_trial":false,"path_per_floor":["M","?","M","?","M","E","R","E","T","R","?","M","M","T","R","B",null,"M","?","?","?","M","R","$","M","T","M","M","E","?","M","R","B",null,"M","M","?","$","?","R","E","R","T","M","M","M","$","M","R","B",null,"R","$","E","B",null],"character_chosen":"SHADE","items_purchased":["Shade:FingerOfDeath","Darkstone Periapt","Nunchaku","Membership Card","Shade:LichForm+1","Mummified Hand","Strange Spoon","CaptainsWheel","Strawberry","Shade:PressTheAttack","Shade:CommandSoldier+1","Dexterity Potion"],"campfire_rested":3,"item_purchase_floors":[24,24,24,38,38,38,53,53,53,53,53,53],"current_hp_per_floor":[65,65,65,54,54,48,48,28,28,28,28,34,38,38,57,51,65,65,65,65,65,63,63,63,52,58,65,46,42,42,37,59,56,81,81,79,85,85,91,91,71,71,77,67,66,72,72,60,89,66,99,99,106,88,1],"gold":65,"neow_bonus":"THREE_ENEMY_KILL","is_daily":false,"chose_seed":false,"campfire_upgraded":5,"win_rate":0.0,"timestamp":1611948209,"path_taken":["M","?","M","?","M","E","R","E","T","R","?","?","M","?","R","BOSS","M","?","?","?","M","R","$","M","T","?","M","E","?","M","R","BOSS","M","M","?","?","?","R","E","R","T","M","?","M","?","?","R","BOSS","R","$","E","BOSS"],"items_purchased_type":["Card","Relic","Relic","Relic","Card","Relic","Relic","Relic","Relic","Card","Card","Potion"],"build_version":"2020-12-22","purchased_purges":3,"victory":true,"max_hp_per_floor":[65,65,65,65,65,65,65,65,65,65,65,65,65,65,65,65,65,65,65,65,65,65,65,65,65,71,76,76,76,76,76,76,76,81,81,81,87,87,93,93,93,93,99,99,99,99,99,99,99,99,99,99,106,106,106],"card_choices":[{"not_picked":["Shade:Asphyxiate","Shade:Premonition"],"picked":"Shade:FreshBones","floor":1},{"not_picked":["Shade:AncientSpear","Shade:SkeletonHug"],"picked":"Shade:OpenGraves","floor":3},{"not_picked":["Shade:GraveStillness","Shade:DangerousRitual"],"picked":"Shade:Bonestorm","floor":5},{"not_picked":["Shade:ExtraLimbs","Shade:Trample"],"picked":"Shade:FleshToFlesh","floor":6},{"not_picked":["Shade:CoffinDance","Shade:GreyBargain"],"picked":"Shade:Bite_Shade","floor":8},{"not_picked":["Shade:TouchOfTheGrave+1","Shade:SkeletonHug","Shade:ClawBack"],"picked":"SKIP","floor":12},{"not_picked":["Shade:Excise","Shade:GreyBargain"],"picked":"Shade:RitualOffering","floor":13},{"not_picked":["Shade:AncientSpear","Shade:Premonition+1"],"picked":"Shade:PotionOfRestlessness+1","floor":18},{"not_picked":["Shade:GreyBargain","Shade:CoffinDance","Shade:GoDigging"],"picked":"SKIP","floor":22},{"not_picked":["Shade:TouchOfTheGrave+1","Shade:FuneraryArmor"],"picked":"Shade:SanguineRitual","floor":25},{"not_picked":["Shade:WallOfFlesh","Shade:Frenzy+1","Shade:SoulToxin"],"picked":"SKIP","floor":27},{"not_picked":["Shade:RitualOffering","Shade:FleshOffering"],"picked":"Shade:Premonition+1","floor":28},{"not_picked":["Shade:GreyBargain+1","Shade:SoulToxin+1","Shade:OpenGraves+1"],"picked":"SKIP","floor":29},{"not_picked":["Shade:FeralStrike","Shade:FuneraryArmor+1"],"picked":"Shade:SpectralStrikes+1","floor":31},{"not_picked":["Shade:OneIsEnough","Shade:LoseControl+1"],"picked":"Shade:Coordination+1","floor":33},{"not_picked":["Shade:AncientSpear","Shade:FreshBones+1"],"picked":"Shade:Brains+1","floor":35},{"not_picked":["Shade:WallOfFlesh+1","Shade:Asphyxiate","Shade:CoffinDance"],"picked":"SKIP","floor":36},{"not_picked":["Shade:FeralStrike","Shade:AblativeArmor+1"],"picked":"Shade:FreshBones+1","floor":41},{"not_picked":["Shade:WallOfFlesh+1","Shade:BoneShards+1"],"picked":"Shade:CommandSoldier+1","floor":44},{"not_picked":["Shade:CallOfTheGrave+1","Shade:UnbarTheGrave+1"],"picked":"Shade:GraveStillness+1","floor":45},{"not_picked":["Shade:PoundOfFlesh+1","Shade:FleshToFlesh+1"],"picked":"Shade:CommandSoldier+1","floor":46},{"not_picked":["Shade:Asphyxiate+1","Shade:TouchOfTheGrave+1"],"picked":"Shade:Brains+1","floor":48},{"not_picked":["Shade:FuneraryArmor+1","Shade:CoffinDance+1"],"picked":"Shade:Carnophage+1","floor":49},{"not_picked":["Shade:PoundOfFlesh","Shade:SkeletonArmy+1"],"picked":"Shade:GraveStillness+1","floor":54}],"player_experience":634585,"relics_obtained":[{"floor":6,"key":"Bird Faced Urn"},{"floor":8,"key":"Oddly Smooth Stone"},{"floor":9,"key":"Frozen Egg 2"},{"floor":14,"key":"Bag of Marbles"},{"floor":29,"key":"Toxic Egg 2"},{"floor":41,"key":"MawBank"},{"floor":43,"key":"Letter Opener"},{"floor":54,"key":"Boot"}],"event_choices":[{"damage_healed":0,"gold_gain":0,"player_choice":"Grow","damage_taken":0,"max_hp_gain":0,"max_hp_loss":0,"event_name":"Living Wall","floor":2,"gold_loss":0,"cards_upgraded":["Shade:FreshBones"]},{"damage_healed":0,"gold_gain":75,"player_choice":"Gather Gold","damage_taken":11,"max_hp_gain":0,"max_hp_loss":0,"event_name":"World of Goop","floor":4,"gold_loss":0},{"damage_healed":0,"gold_gain":0,"player_choice":"Got Potions","damage_taken":0,"max_hp_gain":0,"max_hp_loss":0,"event_name":"Lab","floor":11,"gold_loss":0},{"damage_healed":0,"gold_gain":0,"player_choice":"Ignored","damage_taken":0,"max_hp_gain":0,"max_hp_loss":0,"event_name":"Ghosts","floor":19,"gold_loss":0},{"damage_healed":0,"gold_gain":0,"player_choice":"Opened","damage_taken":0,"relics_obtained":["Dream Catcher"],"max_hp_gain":0,"max_hp_loss":0,"event_name":"The Mausoleum","floor":20,"gold_loss":0,"cards_obtained":["Writhe"]},{"damage_healed":0,"gold_gain":99,"player_choice":"Stole From Cult","damage_taken":0,"max_hp_gain":0,"max_hp_loss":0,"event_name":"Nest","floor":21,"gold_loss":0},{"cards_removed":["Writhe"],"damage_healed":0,"gold_gain":0,"player_choice":"Gave Gold","damage_taken":0,"max_hp_gain":0,"max_hp_loss":0,"event_name":"Beggar","floor":30,"gold_loss":75},{"damage_healed":0,"gold_gain":275,"player_choice":"Desecrate","damage_taken":0,"max_hp_gain":0,"max_hp_loss":0,"event_name":"Golden Shrine","floor":37,"gold_loss":0,"cards_obtained":["Regret"]},{"damage_healed":0,"gold_gain":0,"player_choice":"Rummage","damage_taken":0,"relics_obtained":["WarpedTongs"],"max_hp_gain":0,"max_hp_loss":0,"event_name":"Accursed Blacksmith","floor":39,"gold_loss":0,"cards_obtained":["Pain"]}],"is_beta":false,"boss_relics":[{"not_picked":["Fusion Hammer","Runic Dome"],"picked":"Cursed Key"},{"not_picked":["Busted Crown","Snecko Eye"],"picked":"Tiny House"}],"items_purged_floors":[38,47,53],"is_endless":false,"potions_floor_spawned":[5,6,8,12,13,22,25,27,33,36,44,45,46,54],"ascension_level":0}}