{"host":"juoup3p5tvzzktl5","time":1611885785,"event":{"mods":["ATMod(∞¢Ë™Mod)","Aspiration","BaseMod","Better Vampires","BetterRewards","Colored Map","Colored Powertips","Friendly Minions","GifTheSpireLib","Hermit","Hubris","Infinite Spire","KinomotoSakuraMod(ƒæ÷Æ±æ”£)","Koishi","KomeijiMod","Marisa£®ÏF”Í°°ƒß¿Ì…≥£©","Minty Spire (QoL Compilation)","Quick Restart","Reimu£®≤©¿ˆ¡È√Œ£©","Relic Filter Mod","Reliquary","Replay The Spire","Shop Mod","StSLib","The Administrix","The Alterego","The Bug Knight","The Construct","The Cursed","The Jungle","The Mystic","The Runesmith","The Senshi","Youmu£®ªÍ∆«—˝√Œ£©","Yuyuko"],"gold_per_floor":[115,133,145,70,86,86,86,86],"floor_reached":7,"language":"ZHS","playtime":201,"items_purged":[],"score":86,"play_id":"3b919828-38c9-4f1c-9a81-105a46d1b30b","local_time":"20210129110305","is_ascension_mode":true,"campfire_choices":[{"data":"Sever Soul","floor":6.0,"key":"SMITH"}],"circlet_count":0,"master_deck":["AscendersBane","Strike_R","Strike_R","Strike_R","Strike_R","Strike_R","Defend_R","Defend_R","Defend_R","Defend_R","Bash","Body Slam","Sever Soul+1","Spot Weakness","Bloodletting"],"relics":["Burning Blood","AT_ATBox"],"acts_visited":["Exordium"],"potions_floor_usage":[],"damage_taken":[{"damage":12.0,"enemies":"Cultist","floor":1.0,"turns":4.0},{"damage":24.0,"enemies":"Jaw Worm","floor":2.0,"turns":4.0},{"damage":12.0,"enemies":"Small Slimes","floor":3.0,"turns":4.0},{"damage":19.0,"enemies":"3 Louse","floor":5.0,"turns":3.0},{"damage":28,"enemies":"3 Sentries","floor":7,"turns":5}],"seed_played":"-5274176393302127760","potions_obtained":[{"floor":1.0,"key":"GamblersBrew"},{"floor":5.0,"key":"FearPotion"}],"is_trial":false,"path_per_floor":["M","M","M","$","M","R","E"],"character_chosen":"IRONCLAD","items_purchased":["Bloodletting"],"campfire_rested":0,"item_purchase_floors":[4],"current_hp_per_floor":[69,51,45,45,32,32,4,4],"gold":86,"neow_bonus":"TEN_PERCENT_HP_BONUS","is_daily":false,"chose_seed":false,"campfire_upgraded":1,"win_rate":0.0,"timestamp":1611885785,"path_taken":["M","M","?","$","M","R","E"],"items_purchased_type":["Card"],"build_version":"2020-12-22","purchased_purges":0,"victory":false,"max_hp_per_floor":[82,82,82,82,82,82,82,82],"card_choices":[{"not_picked":["Havoc","Twin Strike"],"picked":"Body Slam","floor":1.0},{"not_picked":["AT_IchimonjiDouble","Flex"],"picked":"Sever Soul","floor":2.0},{"not_picked":["True Grit","Havoc"],"picked":"Spot Weakness","floor":3.0},{"not_picked":["Replay:Undeath\u0027s Touch","Battle Trance","Warcry"],"picked":"SKIP","floor":5.0}],"player_experience":1082635,"relics_obtained":[],"event_choices":[],"is_beta":false,"boss_relics":[],"items_purged_floors":[],"is_endless":false,"potions_floor_spawned":[1,5],"killed_by":"3 Sentries","ascension_level":20}}