{"host":"jx3f6ezc0g3s9edc","time":1611889826,"event":{"mods":["AchievementEnabler","BaseMod","Bestiary","Colored Map","Highlight Path","Minty Spire (QoL Compilation)","StSLib"],"gold_per_floor":[115,135,146,165,165,165,165,175,175,175,186,196,196,211,211,315,315,331,331,331,350,350,350,350,350],"floor_reached":24,"language":"ENG","playtime":1230,"items_purged":[],"score":215,"play_id":"16149a85-7483-4ace-bd67-4f7f99a5712f","local_time":"20210128221026","is_ascension_mode":false,"campfire_choices":[{"data":"Cleave","floor":6,"key":"SMITH"},{"data":"Intimidate","floor":10,"key":"SMITH"},{"data":"Spot Weakness","floor":13,"key":"SMITH"},{"data":"Battle Trance","floor":15,"key":"SMITH"},{"data":"Exhume","floor":23,"key":"SMITH"}],"circlet_count":0,"master_deck":["Defend_R","Defend_R","Defend_R","Defend_R","Bash+1","Double Tap","Cleave+1","Whirlwind+1","Intimidate+1","Battle Trance+1","Spot Weakness+1","Exhume+1","Bite","Bite","Bite","Bite","Bite","Decay"],"relics":["Burning Blood"],"acts_visited":["Exordium","TheCity"],"potions_floor_usage":[7,16,24],"damage_taken":[{"damage":5,"enemies":"Cultist","floor":1,"turns":4},{"damage":0,"enemies":"2 Louse","floor":2,"turns":2},{"damage":0,"enemies":"Small Slimes","floor":3,"turns":3},{"damage":11,"enemies":"Gremlin Gang","floor":4,"turns":2},{"damage":0,"enemies":"Large Slime","floor":8,"turns":3},{"damage":8,"enemies":"Exordium Wildlife","floor":11,"turns":2},{"damage":9,"enemies":"Red Slaver","floor":12,"turns":2},{"damage":0,"enemies":"3 Louse","floor":14,"turns":2},{"damage":12,"enemies":"Slime Boss","floor":16,"turns":6},{"damage":18,"enemies":"2 Thieves","floor":18,"turns":3},{"damage":12,"enemies":"Chosen","floor":21,"turns":5},{"damage":82,"enemies":"Book of Stabbing","floor":24,"turns":7}],"seed_played":"-1342638109730912356","potions_obtained":[{"floor":2,"key":"Strength Potion"},{"floor":3,"key":"Fruit Juice"},{"floor":7,"key":"DistilledChaos"},{"floor":7,"key":"GamblersBrew"},{"floor":8,"key":"Dexterity Potion"},{"floor":18,"key":"BloodPotion"}],"is_trial":false,"path_per_floor":["M","M","M","M","?","R","?","M","T","R","M","M","R","M","R","B",null,"M","?","?","M","?","R","E"],"character_chosen":"IRONCLAD","items_purchased":[],"campfire_rested":0,"item_purchase_floors":[],"current_hp_per_floor":[80,80,80,75,59,59,64,70,70,70,68,65,65,71,71,65,85,73,59,53,57,57,57,0,0],"gold":350,"neow_bonus":"ONE_RANDOM_RARE_CARD","is_daily":false,"chose_seed":false,"campfire_upgraded":5,"win_rate":0.0,"timestamp":1611889826,"path_taken":["M","?","M","M","?","R","?","M","T","R","?","M","R","M","R","BOSS","M","?","?","?","?","R","E"],"items_purchased_type":[],"build_version":"2020-12-22","purchased_purges":0,"victory":false,"max_hp_per_floor":[80,80,80,80,80,80,85,85,85,85,85,85,85,85,85,85,85,85,59,59,59,59,59,59,59],"card_choices":[{"not_picked":["Clash","Twin Strike"],"picked":"Cleave","floor":1},{"not_picked":["Cleave","Heavy Blade"],"picked":"Whirlwind","floor":2},{"not_picked":["Carnage","Uppercut"],"picked":"Intimidate","floor":3},{"not_picked":["Pommel Strike","Cleave","Warcry"],"picked":"SKIP","floor":4},{"not_picked":["Wild Strike","Anger","Pommel Strike"],"picked":"SKIP","floor":8},{"not_picked":["Body Slam","Wild Strike"],"picked":"Battle Trance","floor":11},{"not_picked":["Seeing Red","Impervious"],"picked":"Spot Weakness","floor":12},{"not_picked":["Iron Wave","Havoc","Cleave"],"picked":"SKIP","floor":14},{"not_picked":["Immolate","Bludgeon"],"picked":"Exhume","floor":16},{"not_picked":["Combust+1","Spot Weakness","Perfected Strike"],"picked":"SKIP","floor":18},{"not_picked":["Infernal Blade+1","Cleave","Rupture"],"picked":"SKIP","floor":21}],"player_experience":789953,"relics_obtained":[],"event_choices":[{"damage_healed":0,"gold_gain":0,"player_choice":"Entered Light","damage_taken":16,"max_hp_gain":0,"max_hp_loss":0,"event_name":"Shining Light","floor":5,"gold_loss":0,"cards_upgraded":["Whirlwind","Bash"]},{"damage_healed":0,"gold_gain":0,"player_choice":"Got Potions","damage_taken":0,"max_hp_gain":0,"max_hp_loss":0,"event_name":"Lab","floor":7,"gold_loss":0},{"damage_healed":0,"gold_gain":0,"player_choice":"Became a vampire","damage_taken":0,"max_hp_gain":0,"max_hp_loss":26,"event_name":"Vampires","floor":19,"gold_loss":0,"cards_obtained":["Bite","Bite","Bite","Bite","Bite"]},{"damage_healed":0,"gold_gain":0,"player_choice":"","damage_taken":6,"max_hp_gain":0,"max_hp_loss":0,"event_name":"Knowing Skull","floor":20,"potions_obtained":[],"gold_loss":0,"cards_obtained":[]},{"damage_healed":0,"gold_gain":0,"player_choice":"Smashed Altar","damage_taken":0,"max_hp_gain":0,"max_hp_loss":0,"event_name":"Forgotten Altar","floor":22,"gold_loss":0,"cards_obtained":["Decay"]}],"is_beta":false,"boss_relics":[{"not_picked":["Astrolabe","Velvet Choker","Calling Bell"]}],"items_purged_floors":[],"is_endless":false,"potions_floor_spawned":[2,3,8,12,18],"killed_by":"Book of Stabbing","ascension_level":0}}