{"host":"y1oqg7uy0jc6f5mb","time":1611954244,"event":{"mods":["BaseMod","Better Altar","Better Match","Better Note","Better Sensory Stone","Better Skull","Better Third Choice","Block Reminder","Colored Map","Colored Powertips","Custom Start","DeckTracker","Displayed Cursed Tome","Downfall","Highlight Path","Ironclad Rager","Minty Spire (QoL Compilation)","Permanent Neow","Quick Restart","Relic Sorter","Relic Stats","Replay The Spire","Shop Mod","StSLib"],"gold_per_floor":[110,123,25,38,58,77,77,77,77,88,88,122,140,209,209,310,310,329,344,9,9,9,9,42,42,42,76,96,96,115,128,128,128,128],"floor_reached":33,"language":"ENG","playtime":2254,"items_purged":["Strike_P","ReplayTheSpireMod:Splinters"],"score":345,"play_id":"ca68ec0e-c302-4466-bf4f-464c80b5490e","local_time":"20210130050404","is_ascension_mode":true,"campfire_choices":[{"data":"Study","floor":7.0,"key":"SMITH"},{"floor":15.0,"key":"REST"},{"data":"Eruption","floor":23.0,"key":"SMITH"},{"floor":29.0,"key":"REST"},{"data":"Voices","floor":32.0,"key":"PURGE"}],"circlet_count":0,"master_deck":["Strike_P","Strike_P","Strike_P","Defend_P","Defend_P","Defend_P","Eruption+1","Vigilance","Study+1","EmptyFist","Wallop","EmptyBody","Halt","ReachHeaven","Replay:Anticipation","FlurryOfBlows","Devotion","TalkToTheHand","MasterReality","ThirdEye","Replay:AtTheReady","FearNoEvil","ClearTheMind","Alpha","Prostrate+1","Collect+1","FlyingSleeves+1"],"relics":["PureWater","CloakClasp","Darkstone Periapt","ReplayFunnel","Ring of Chaos","Membership Card","Bag of Marbles","Ring of Fury","ReplayTheSpireMod:Lightbulb","Blood Vial","Chameleon Ring","Oddly Smooth Stone"],"acts_visited":["Exordium","TheCity"],"potions_floor_usage":[33,33],"damage_taken":[{"damage":7.0,"enemies":"Jaw Worm","floor":1.0,"turns":5.0},{"damage":0.0,"enemies":"Small Slimes","floor":2.0,"turns":2.0},{"damage":0.0,"enemies":"2 Louse","floor":4.0,"turns":2.0},{"damage":11.0,"enemies":"Exordium Wildlife","floor":5.0,"turns":6.0},{"damage":0.0,"enemies":"2 Fungi Beasts","floor":6.0,"turns":4.0},{"damage":1.0,"enemies":"Blue Slaver","floor":10.0,"turns":3.0},{"damage":16.0,"enemies":"Lagavulin","floor":12.0,"turns":4.0},{"damage":5.0,"enemies":"Exordium Wildlife","floor":13.0,"turns":3.0},{"damage":16.0,"enemies":"The Guardian","floor":16.0,"turns":9.0},{"damage":25.0,"enemies":"2 Thieves","floor":18.0,"turns":3.0},{"damage":5.0,"enemies":"Chosen","floor":19.0,"turns":3.0},{"damage":0.0,"enemies":"Book of Stabbing","floor":24.0,"turns":4.0},{"damage":21.0,"enemies":"Slavers","floor":27.0,"turns":5.0},{"damage":38.0,"enemies":"Sentry and Sphere","floor":28.0,"turns":6.0},{"damage":17.0,"enemies":"Centurion and Healer","floor":30.0,"turns":6.0},{"damage":8.0,"enemies":"Snake Plant","floor":31.0,"turns":4.0},{"damage":13,"enemies":"Collector","floor":33,"turns":2}],"seed_played":"5173041125216966117","potions_obtained":[{"floor":4.0,"key":"LiquidBronze"},{"floor":5.0,"key":"Death Potion"},{"floor":6.0,"key":"Energy Potion"},{"floor":13.0,"key":"Death Potion"},{"floor":18.0,"key":"BottledMiracle"},{"floor":19.0,"key":"Adrenaline Potion"},{"floor":24.0,"key":"champ:CounterPotion"},{"floor":27.0,"key":"LiquidBronze"},{"floor":31.0,"key":"StancePotion"}],"is_trial":false,"path_per_floor":["M","M","$","M","M","M","R","?","T","M","$","E","M","?","R","B",null,"M","M","$","?","?","R","E","?","T","E","M","R","M","M","R_BF","B"],"character_chosen":"WATCHER","items_purchased":["EmptyBody","Membership Card","FearNoEvil","Bag of Marbles","ClearTheMind"],"campfire_rested":2,"item_purchase_floors":[3,20,20,20,20],"current_hp_per_floor":[65,65,65,65,54,54,54,54,54,53,53,37,32,38,61,45,78,53,48,48,74,80,80,80,58,58,39,3,28,13,7,7,0,0],"gold":128,"neow_bonus":"THREE_CARDS","is_daily":false,"chose_seed":false,"campfire_upgraded":2,"win_rate":0.0,"timestamp":1611954244,"path_taken":["M","M","$","M","M","M","R","?","T","M","$","E","M","?","R","BOSS","M","M","$","?","?","R","E","?","T","E","?","R","M","M","R_BF","BOSS"],"items_purchased_type":["Card","Relic","Card","Relic","Card"],"build_version":"2020-12-22","purchased_purges":2,"victory":false,"max_hp_per_floor":[72,72,72,72,72,72,72,72,72,72,72,72,72,78,78,78,78,78,78,78,78,84,84,84,84,84,84,84,84,84,84,84,84,84],"relic_stats":{"Darkstone Periapt":12,"Blood Vial":10,"counters":[17,71],"CloakClasp":[98],"obtain_stats":[{"Darkstone Periapt":12,"ReplayFunnel":14,"Blood Vial":25,"Chameleon Ring":26,"Oddly Smooth Stone":27,"Ring of Fury":22,"Ring of Chaos":17,"CloakClasp":9,"Bag of Marbles":20,"Membership Card":20,"PureWater":0,"ReplayTheSpireMod:Lightbulb":24},{"Darkstone Periapt":7,"ReplayFunnel":8,"Blood Vial":12,"Chameleon Ring":12,"Oddly Smooth Stone":13,"Ring of Fury":11,"Ring of Chaos":9,"CloakClasp":5,"Bag of Marbles":11,"Membership Card":11,"PureWater":0,"ReplayTheSpireMod:Lightbulb":12},{"Darkstone Periapt":26,"ReplayFunnel":29,"Blood Vial":48,"Chameleon Ring":48,"Oddly Smooth Stone":53,"Ring of Fury":44,"Ring of Chaos":38,"CloakClasp":19,"Bag of Marbles":44,"Membership Card":44,"PureWater":0,"ReplayTheSpireMod:Lightbulb":48}]},"card_choices":[{"not_picked":["CrushJoints","Prostrate"],"picked":"Study","floor":0.0},{"not_picked":["Evaluate","Replay:AtTheReady"],"picked":"EmptyFist","floor":1.0},{"not_picked":["CrushJoints","EmptyBody"],"picked":"Wallop","floor":2.0},{"not_picked":["PathToVictory","EmptyFist"],"picked":"Halt","floor":4.0},{"not_picked":["DeceiveReality","Fasting2"],"picked":"ReachHeaven","floor":5.0},{"not_picked":["Collect","PathToVictory"],"picked":"Replay:Anticipation","floor":6.0},{"not_picked":["Replay:BluntJabs","WheelKick","PathToVictory"],"picked":"SKIP","floor":10.0},{"not_picked":["Collect","Replay:Hum"],"picked":"Devotion","floor":12.0},{"not_picked":["Protect","FlyingSleeves"],"picked":"TalkToTheHand","floor":13.0},{"not_picked":["Prostrate","Replay:ManipulateFuture"],"picked":"EmptyMind","floor":14.0},{"not_picked":["Omniscience","Blasphemy"],"picked":"MasterReality","floor":16.0},{"not_picked":["FlyingSleeves","EmptyBody"],"picked":"ThirdEye","floor":18.0},{"not_picked":["Evaluate","FlyingSleeves+1"],"picked":"Replay:AtTheReady","floor":19.0},{"not_picked":["WreathOfFlame","Wallop"],"picked":"Alpha","floor":24.0},{"not_picked":["BattleHymn","DeceiveReality+1"],"picked":"Prostrate+1","floor":27.0},{"not_picked":["Evaluate+1","PathToVictory"],"picked":"Collect+1","floor":28.0},{"not_picked":["EmptyFist","Replay:AtTheReady"],"picked":"FlyingSleeves+1","floor":30.0},{"not_picked":["CrushJoints","Study","JustLucky"],"picked":"SKIP","floor":31.0}],"player_experience":264041,"relics_obtained":[{"floor":9.0,"key":"CloakClasp"},{"floor":12.0,"key":"Darkstone Periapt"},{"floor":14.0,"key":"ReplayFunnel"},{"floor":22.0,"key":"Ring of Fury"},{"floor":24.0,"key":"ReplayTheSpireMod:Lightbulb"},{"floor":26.0,"key":"Chameleon Ring"},{"floor":27.0,"key":"Oddly Smooth Stone"}],"event_choices":[{"damage_healed":0.0,"max_hp_gain":0.0,"max_hp_loss":0.0,"gold_gain":0.0,"cards_transformed":["Defend_P"],"event_name":"Living Wall","player_choice":"Change","floor":8.0,"gold_loss":0.0,"damage_taken":0.0,"cards_obtained":["FlurryOfBlows"]},{"damage_healed":26.0,"max_hp_gain":0.0,"max_hp_loss":0.0,"gold_gain":0.0,"event_name":"The Library","player_choice":"Heal","floor":21.0,"gold_loss":0.0,"damage_taken":0.0},{"damage_healed":0.0,"max_hp_gain":80.0,"max_hp_loss":58.0,"gold_gain":0.0,"event_name":"betterAltar:BetterAltar","player_choice":" Vial ","floor":25.0,"potions_obtained":[],"relics_lost":[],"gold_loss":0.0,"damage_taken":22.0,"relics_obtained":["Blood Vial"]}],"is_beta":false,"boss_relics":[{"not_picked":["Kintsugi","SacredBark"],"picked":"Ring of Chaos"}],"items_purged_floors":[3,20],"is_endless":false,"potions_floor_spawned":[4,5,6,10,13,18,19,24,27,31],"killed_by":"Collector","ascension_level":2}}