{"host":"2wp95sdfrgw3k439","time":1611958095,"event":{"mods":["BaseMod","Better Altar","Better Skull","Better Third Choice","Curses Come First","Minty Spire (QoL Compilation)","Permanent Neow","StSLib"],"gold_per_floor":[111,129,129,143,163,194,194,226,226,226,240,240,60,60,60,155,155,155,155,95,95,56,56,56,56,56,56,56,56,56,56,56,56,56],"floor_reached":33,"language":"ENG","playtime":1317,"items_purged":[],"score":435,"play_id":"8ca55057-9e76-4369-a7bc-f22972b676c6","local_time":"20210129150815","is_ascension_mode":true,"campfire_choices":[{"data":"Scrape","floor":7,"key":"SMITH"},{"floor":10,"key":"REST"},{"floor":12,"key":"REST"},{"data":"Static Discharge","floor":15,"key":"SMITH"},{"floor":23,"key":"REST"},{"data":"Capacitor","floor":25,"key":"SMITH"},{"floor":29,"key":"REST"},{"floor":32,"key":"REST"}],"circlet_count":0,"master_deck":["Strike_B+1","Strike_B+1","Strike_B+1","Strike_B+1","Defend_B+1","Defend_B+1","Defend_B+1","Defend_B+1","Zap","Dualcast","Glacier","Rebound","Genetic Algorithm","Scrape+1","Beam Cell","Steam","Static Discharge+1","Rainbow+1","Seek","Rebound+1","Lockon+1","Capacitor+1","All For One","Storm+1"],"relics":["Sozu","Art of War","Toy Ornithopter","Oddly Smooth Stone","Ectoplasm","Letter Opener","Orichalcum","Meat on the Bone","Frozen Egg 2","Bag of Marbles"],"acts_visited":["Exordium","TheCity"],"potions_floor_usage":[],"damage_taken":[{"damage":0,"enemies":"Small Slimes","floor":1,"turns":3},{"damage":0,"enemies":"Cultist","floor":2,"turns":4},{"damage":2,"enemies":"Jaw Worm","floor":4,"turns":3},{"damage":9,"enemies":"Exordium Thugs","floor":5,"turns":8},{"damage":11,"enemies":"3 Sentries","floor":6,"turns":11},{"damage":11,"enemies":"Lagavulin","floor":8,"turns":6},{"damage":6,"enemies":"Large Slime","floor":11,"turns":5},{"damage":55,"enemies":"The Guardian","floor":16,"turns":11},{"damage":9,"enemies":"Spheric Guardian","floor":18,"turns":6},{"damage":13,"enemies":"2 Thieves","floor":20,"turns":3},{"damage":18,"enemies":"Slavers","floor":24,"turns":6},{"damage":37,"enemies":"Gremlin Leader","floor":27,"turns":6},{"damage":26,"enemies":"Book of Stabbing","floor":30,"turns":5},{"damage":8,"enemies":"Centurion and Healer","floor":31,"turns":4},{"damage":66,"enemies":"Collector","floor":33,"turns":7}],"seed_played":"-5955239687457361255","potions_obtained":[],"is_trial":false,"path_per_floor":["M","M","?","M","M","E","R","E","T","R","M","R","$","?","R","B",null,"M","?","M","?","$","R","E","R","T","E","$","R","E","M","R","B"],"character_chosen":"DEFECT","items_purchased":["Static Discharge","Rainbow","Capacitor"],"campfire_rested":5,"item_purchase_floors":[13,13,22],"current_hp_per_floor":[68,68,68,66,57,46,46,35,35,57,51,73,73,73,73,18,61,52,52,39,39,39,61,43,43,43,18,18,40,26,30,52,0,0],"gold":56,"neow_bonus":"BOSS_RELIC","is_daily":false,"chose_seed":false,"campfire_upgraded":3,"win_rate":0.0,"timestamp":1611958095,"path_taken":["M","M","?","M","M","E","R","E","T","R","?","R","$","?","R","BOSS","M","?","M","?","$","R","E","R","T","E","?","R","E","?","R","BOSS"],"items_purchased_type":["Card","Card","Card"],"build_version":"2020-12-22","purchased_purges":0,"victory":false,"max_hp_per_floor":[75,75,75,75,75,75,75,75,75,75,75,75,75,75,75,75,75,75,75,75,75,75,75,75,75,75,75,75,75,75,75,75,75,75],"card_choices":[{"not_picked":["Beam Cell","Coolheaded"],"picked":"Glacier","floor":1},{"not_picked":["Steam","Hologram"],"picked":"Rebound","floor":2},{"not_picked":["Skim","Gash"],"picked":"Genetic Algorithm","floor":4},{"not_picked":["Cold Snap","Conserve Battery"],"picked":"Scrape","floor":5},{"not_picked":["Streamline","Lockon"],"picked":"Beam Cell","floor":6},{"not_picked":["Thunder Strike","Compile Driver"],"picked":"Steam","floor":8},{"not_picked":["Fusion","Rebound","Coolheaded"],"picked":"SKIP","floor":11},{"not_picked":["Fission","Buffer"],"picked":"Seek","floor":16},{"not_picked":["Gash+1","Compile Driver"],"picked":"Rebound+1","floor":18},{"not_picked":["Doom and Gloom","Barrage+1"],"picked":"Lockon+1","floor":20},{"not_picked":["Reprogram+1","Go for the Eyes","Steam+1"],"picked":"SKIP","floor":24},{"not_picked":["Cold Snap","Force Field+1"],"picked":"All For One","floor":27},{"not_picked":["Coolheaded","Loop+1"],"picked":"Storm+1","floor":30},{"not_picked":["Streamline+1","Barrage","Stack"],"picked":"SKIP","floor":31}],"player_experience":501528,"relics_obtained":[{"floor":6,"key":"Art of War"},{"floor":8,"key":"Toy Ornithopter"},{"floor":9,"key":"Oddly Smooth Stone"},{"floor":24,"key":"Orichalcum"},{"floor":26,"key":"Meat on the Bone"},{"floor":27,"key":"Frozen Egg 2"},{"floor":30,"key":"Bag of Marbles"}],"event_choices":[{"damage_healed":0,"gold_gain":0,"player_choice":"Got Potions","damage_taken":0,"max_hp_gain":0,"max_hp_loss":0,"event_name":"Lab","floor":3,"gold_loss":0},{"damage_healed":0,"gold_gain":0,"player_choice":"Upgraded","damage_taken":0,"max_hp_gain":0,"max_hp_loss":0,"event_name":"Upgrade Shrine","floor":14,"gold_loss":0,"cards_upgraded":["Rainbow"]},{"damage_healed":0,"gold_gain":0,"player_choice":"Opened","damage_taken":0,"relics_obtained":["Letter Opener"],"max_hp_gain":0,"max_hp_loss":0,"event_name":"The Mausoleum","floor":19,"gold_loss":0},{"damage_healed":0,"gold_gain":0,"player_choice":"Simplicity","damage_taken":0,"max_hp_gain":0,"max_hp_loss":8,"event_name":"betterThird:BetterWriting","floor":21,"gold_loss":0}],"is_beta":false,"boss_relics":[{"not_picked":["Cursed Key","Black Star"],"picked":"Ectoplasm"}],"items_purged_floors":[],"is_endless":false,"potions_floor_spawned":[1,2,11,27,31],"killed_by":"Collector","ascension_level":8}}