{"host":"04hh9gplt9wkfmr1","time":1611949535,"event":{"mods":["AchievementEnabler","BaseMod","Colored Map","KOR Keyword Fix","Minty Spire (QoL Compilation)","Rare Cards Sparkle","SuperFastMode"],"gold_per_floor":[114,289,364,381,381,381,415,316,316,316,119,145,165,176,176,252,252,252,252,252,192,192,192,192,192,192,192,192,192,192,192,192,192,192,192,192,192,192,192,192,192,192,192],"floor_reached":42,"language":"KOR","playtime":1203,"items_purged":["Doubt"],"score":747,"play_id":"08515740-d217-4085-a1cc-29c15595152d","local_time":"20210130044535","is_ascension_mode":true,"campfire_choices":[{"data":"Catalyst","floor":6.0,"key":"SMITH"},{"floor":10.0,"key":"REST"},{"floor":15.0,"key":"REST"},{"data":"Apotheosis","floor":23.0,"key":"SMITH"},{"floor":27.0,"key":"REST"},{"floor":32.0,"key":"REST"},{"floor":40.0,"key":"REST"}],"circlet_count":0,"master_deck":["AscendersBane","Strike_G+1","Strike_G+1","Strike_G+1","Strike_G+1","Strike_G+1","Defend_G+1","Defend_G+1","Defend_G+1","Defend_G+1","Defend_G+1","Survivor","Neutralize","Deadly Poison","Catalyst+1","Deadly Poison","Apotheosis+1","Doppelganger","PiercingWail","Bullet Time","Catalyst","PiercingWail","Deadly Poison","Well Laid Plans+1","Blur+1","Escape Plan","Malaise","Backflip","Flechettes","Bullet Time","Escape Plan+1"],"relics":["Ring of the Snake","White Beast Statue","Art of War","Dream Catcher","Ectoplasm","Frozen Egg 2","HornCleat","Nloth\u0027s Gift","SlaversCollar"],"acts_visited":["Exordium","TheCity","TheBeyond"],"potions_floor_usage":[42],"damage_taken":[{"damage":2.0,"enemies":"Jaw Worm","floor":1.0,"turns":6.0},{"damage":0.0,"enemies":"Small Slimes","floor":4.0,"turns":4.0},{"damage":32.0,"enemies":"Lagavulin","floor":7.0,"turns":7.0},{"damage":25.0,"enemies":"Gremlin Nob","floor":12.0,"turns":5.0},{"damage":0.0,"enemies":"2 Louse","floor":13.0,"turns":3.0},{"damage":1.0,"enemies":"Blue Slaver","floor":14.0,"turns":3.0},{"damage":14.0,"enemies":"The Guardian","floor":16.0,"turns":9.0},{"damage":0.0,"enemies":"Chosen","floor":18.0,"turns":4.0},{"damage":8.0,"enemies":"2 Thieves","floor":21.0,"turns":4.0},{"damage":22.0,"enemies":"3 Cultists","floor":24.0,"turns":7.0},{"damage":0.0,"enemies":"Chosen and Byrds","floor":25.0,"turns":4.0},{"damage":24.0,"enemies":"Cultist and Chosen","floor":28.0,"turns":8.0},{"damage":8.0,"enemies":"Slavers","floor":29.0,"turns":6.0},{"damage":0.0,"enemies":"3 Cultists","floor":31.0,"turns":3.0},{"damage":30.0,"enemies":"Automaton","floor":33.0,"turns":10.0},{"damage":2.0,"enemies":"Orb Walker","floor":35.0,"turns":4.0},{"damage":1.0,"enemies":"3 Shapes","floor":36.0,"turns":8.0},{"damage":39.0,"enemies":"Spire Growth","floor":39.0,"turns":7.0},{"damage":52.0,"enemies":"Transient","floor":41.0,"turns":5.0},{"damage":13,"enemies":"Reptomancer","floor":42,"turns":4}],"seed_played":"-3994863173309435688","potions_obtained":[{"floor":12.0,"key":"LiquidBronze"},{"floor":13.0,"key":"GhostInAJar"},{"floor":14.0,"key":"Dexterity Potion"},{"floor":18.0,"key":"DuplicationPotion"},{"floor":21.0,"key":"Explosive Potion"},{"floor":24.0,"key":"AttackPotion"},{"floor":25.0,"key":"Weak Potion"},{"floor":28.0,"key":"Swift Potion"},{"floor":29.0,"key":"SmokeBomb"},{"floor":33.0,"key":"Energy Potion"},{"floor":35.0,"key":"LiquidBronze"},{"floor":39.0,"key":"Swift Potion"},{"floor":41.0,"key":"Regen Potion"}],"is_trial":false,"path_per_floor":["M","?","?","M","?","R","E","$","T","R","$","E","M","M","R","B",null,"M","?","?","M","T","R","M","M","T","R","M","E","?","M","R","B",null,"M","M","?","?","M","R","M","E"],"character_chosen":"THE_SILENT","items_purchased":["Deadly Poison","Apotheosis"],"campfire_rested":5,"item_purchase_floors":[8,11],"current_hp_per_floor":[68,68,57,57,42,42,10,10,10,33,33,8,8,7,30,16,62,62,48,48,40,40,40,18,18,18,42,18,10,10,10,34,4,63,61,60,81,81,42,66,14,10,10],"gold":192,"neow_bonus":"TEN_PERCENT_HP_BONUS","is_daily":false,"chose_seed":false,"campfire_upgraded":2,"win_rate":0.0,"timestamp":1611949535,"path_taken":["M","?","?","M","?","R","E","$","T","R","?","E","M","M","R","BOSS","M","?","?","M","?","R","?","M","T","R","M","E","?","?","R","BOSS","M","M","?","?","M","R","M","E"],"items_purchased_type":["Card","Card"],"build_version":"2020-12-22","purchased_purges":1,"victory":false,"max_hp_per_floor":[77,77,77,77,77,77,77,77,77,77,77,77,77,77,77,77,77,77,82,82,82,82,82,82,82,82,82,82,82,82,82,82,82,82,82,82,82,82,82,82,82,82,82],"card_choices":[{"not_picked":["Quick Slash","Underhanded Strike"],"picked":"Deadly Poison","floor":1.0},{"not_picked":["Choke","Cloak And Dagger"],"picked":"Catalyst","floor":4.0},{"not_picked":["Dash","Cloak And Dagger","Deflect"],"picked":"SKIP","floor":7.0},{"not_picked":["Escape Plan","PiercingWail"],"picked":"Doppelganger","floor":12.0},{"not_picked":["Heel Hook","Backflip"],"picked":"PiercingWail","floor":13.0},{"not_picked":["All Out Attack","Distraction","Choke"],"picked":"SKIP","floor":14.0},{"not_picked":["Malaise","Die Die Die"],"picked":"Bullet Time","floor":16.0},{"not_picked":["Flying Knee","Outmaneuver","Masterful Stab"],"picked":"SKIP","floor":18.0},{"not_picked":["Leg Sweep","PiercingWail"],"picked":"Catalyst","floor":21.0},{"not_picked":["Bane+1","Caltrops"],"picked":"PiercingWail","floor":24.0},{"not_picked":["Calculated Gamble","Slice","Outmaneuver"],"picked":"SKIP","floor":25.0},{"not_picked":["Bane","Riddle With Holes+1"],"picked":"Deadly Poison","floor":27.0},{"not_picked":["Deadly Poison","Dodge and Roll"],"picked":"Well Laid Plans+1","floor":28.0},{"not_picked":["Choke","Deflect"],"picked":"Blur+1","floor":29.0},{"not_picked":["Skewer","Prepared"],"picked":"Escape Plan","floor":32.0},{"not_picked":["After Image+1","Doppelganger"],"picked":"Malaise","floor":33.0},{"not_picked":["Acrobatics","Accuracy+1"],"picked":"Backflip","floor":35.0},{"not_picked":["Cloak And Dagger","Predator"],"picked":"Flechettes","floor":36.0},{"not_picked":["Deadly Poison+1","Concentrate+1"],"picked":"Bullet Time","floor":39.0},{"not_picked":["Grand Finale","Concentrate"],"picked":"Escape Plan+1","floor":41.0}],"player_experience":102367,"relics_obtained":[{"floor":7.0,"key":"White Beast Statue"},{"floor":9.0,"key":"Art of War"},{"floor":12.0,"key":"Dream Catcher"},{"floor":22.0,"key":"Ninja Scroll"},{"floor":26.0,"key":"Frozen Egg 2"},{"floor":29.0,"key":"HornCleat"}],"event_choices":[{"damage_healed":0.0,"max_hp_gain":0.0,"max_hp_loss":0.0,"gold_gain":175.0,"event_name":"Liars Game","player_choice":"AGREE","floor":2.0,"gold_loss":0.0,"damage_taken":0.0,"cards_obtained":["Doubt"]},{"damage_healed":0.0,"max_hp_gain":0.0,"max_hp_loss":0.0,"gold_gain":75.0,"event_name":"World of Goop","player_choice":"Gather Gold","floor":3.0,"gold_loss":0.0,"damage_taken":11.0},{"damage_healed":0.0,"max_hp_gain":0.0,"max_hp_loss":0.0,"gold_gain":0.0,"event_name":"Shining Light","player_choice":"Entered Light","floor":5.0,"gold_loss":0.0,"damage_taken":15.0,"cards_upgraded":["Defend_G","Strike_G"]},{"damage_healed":0.0,"max_hp_gain":5.0,"max_hp_loss":0.0,"gold_gain":0.0,"event_name":"Forgotten Altar","player_choice":"Shed Blood","floor":19.0,"gold_loss":0.0,"damage_taken":19.0},{"damage_healed":0.0,"max_hp_gain":0.0,"max_hp_loss":0.0,"gold_gain":0.0,"event_name":"Back to Basics","player_choice":"Simplicity","floor":20.0,"gold_loss":0.0,"damage_taken":0.0,"cards_upgraded":["Strike_G","Strike_G","Strike_G","Strike_G","Defend_G","Defend_G","Defend_G","Defend_G"]},{"damage_healed":0.0,"max_hp_gain":0.0,"max_hp_loss":0.0,"gold_gain":0.0,"event_name":"N\u0027loth","player_choice":"Traded Relic","floor":30.0,"relics_lost":["Ninja Scroll"],"gold_loss":0.0,"damage_taken":0.0,"relics_obtained":["Nloth\u0027s Gift"]},{"damage_healed":21.0,"max_hp_gain":0.0,"max_hp_loss":0.0,"gold_gain":0.0,"event_name":"Winding Halls","player_choice":"Writhe","floor":37.0,"gold_loss":0.0,"damage_taken":0.0,"cards_obtained":["Writhe"]},{"cards_removed":["Writhe"],"damage_healed":0.0,"max_hp_gain":0.0,"max_hp_loss":0.0,"gold_gain":0.0,"event_name":"Fountain of Cleansing","player_choice":"Removed Curses","floor":38.0,"gold_loss":0.0,"damage_taken":0.0}],"is_beta":false,"boss_relics":[{"not_picked":["Runic Dome","Velvet Choker"],"picked":"Ectoplasm"},{"not_picked":["Astrolabe","Empty Cage"],"picked":"SlaversCollar"}],"items_purged_floors":[8],"is_endless":false,"potions_floor_spawned":[12,13,14,16,18,21,24,25,28,29,31,33,35,36,39,41],"killed_by":"Reptomancer","ascension_level":13}}