{"host":"lblchrha3vh2nram","time":1611879975,"event":{"mods":["BaseMod","Bestiary","Better Altar","Better Skull","Better Third Choice","ChefMod","Downfall","Evolution","Hermit","Highlight Path","Minty Spire (QoL Compilation)","Potionbrewer","Shade Mod","Spicy Shops","StSLib","The Blue Laboratory","The Bug Knight","The Dragon Tamer","The Elementalist","The Hierophant","The Kombatant","The Marked","????"],"gold_per_floor":[113,113,7,7,20,20,40,40,40,68,79,79,104,169,169,270,270,270,12,12,12,12,12,12,12,12,12,12,12,12,12,12,12,12,12,12,12,12,12,12,12,12,12,12,12,12],"floor_reached":45,"language":"ENG","playtime":1821,"items_purged":["Bash"],"score":462,"play_id":"481ce42a-ca2d-44f5-88a2-427afefb7e80","local_time":"20210128192615","is_ascension_mode":false,"campfire_choices":[{"data":"Armaments","floor":6,"key":"SMITH"},{"data":"Immolate","floor":8,"key":"SMITH"},{"data":"Flex","floor":12,"key":"SMITH"},{"data":"Perfected Strike","floor":15,"key":"SMITH"},{"data":"Infernal Blade","floor":23,"key":"SMITH"},{"data":"Perfected Strike","floor":25,"key":"SMITH"},{"data":"Apotheosis","floor":30,"key":"SMITH"},{"data":"Wild Strike","floor":32,"key":"SMITH"},{"floor":41,"key":"REST"}],"circlet_count":0,"master_deck":["Strike_R","Strike_R","Strike_R","Strike_R","Strike_R","Defend_R","Defend_R","Defend_R","Pommel Strike","Wild Strike","Perfected Strike+1","Immolate+1","Flex+1","Armaments+1","Immolate+1","Wild Strike+1","Limit Break","Apotheosis+1","Infernal Blade+1","Perfected Strike+1","Wild Strike+1","Flex+1","Heavy Blade+1","Strike_R"],"relics":["Burning Blood","EVO:Axolotl","potionbrewer:WarMedal","potionbrewer:SlideRule","Anchor","Meat on the Bone","Ectoplasm","Blood Vial","Matryoshka","potionbrewer:Torch","Fusion Hammer","HollowMod:PaleOreRelic","Paper Frog"],"acts_visited":["Exordium","TheCity","TheBeyond"],"potions_floor_usage":[16,33,33,33],"damage_taken":[{"damage":9,"enemies":"2 Louse","floor":1,"turns":3},{"damage":0,"enemies":"Cultist","floor":5,"turns":2},{"damage":0,"enemies":"Small Slimes","floor":7,"turns":1},{"damage":0,"enemies":"Gremlin Nob","floor":10,"turns":2},{"damage":8,"enemies":"Exordium Thugs","floor":11,"turns":2},{"damage":0,"enemies":"Gremlin Nob","floor":14,"turns":2},{"damage":39,"enemies":"Slime Boss","floor":16,"turns":8},{"damage":0,"enemies":"Chosen","floor":18,"turns":2},{"damage":12,"enemies":"Shell Parasite","floor":20,"turns":4},{"damage":0,"enemies":"Snake Plant","floor":24,"turns":2},{"damage":18,"enemies":"Book of Stabbing","floor":27,"turns":3},{"damage":11,"enemies":"Shelled Parasite and Fungi","floor":28,"turns":3},{"damage":0,"enemies":"3 Cultists","floor":29,"turns":3},{"damage":0,"enemies":"Snake Plant","floor":31,"turns":2},{"damage":61,"enemies":"Champ","floor":33,"turns":7},{"damage":7,"enemies":"3 Shapes","floor":35,"turns":3},{"damage":0,"enemies":"Orb Walker","floor":36,"turns":2},{"damage":29,"enemies":"4 Shapes","floor":38,"turns":4},{"damage":0,"enemies":"Jaw Worm Horde","floor":39,"turns":2},{"damage":0,"enemies":"Transient","floor":42,"turns":5},{"damage":0,"enemies":"4 Shapes","floor":44,"turns":1},{"damage":89,"enemies":"Reptomancer","floor":45,"turns":2}],"seed_played":"1201619212546666773","potions_obtained":[{"floor":10,"key":"sneckomod:MuddlingPotion"},{"floor":14,"key":"blueLaboratory:HummingbirdPotion"},{"floor":27,"key":"EssenceOfSteel"},{"floor":28,"key":"blueLaboratory:HeartbeatPotion"},{"floor":29,"key":"Strength Potion"},{"floor":36,"key":"blueLaboratory:AbyssPotion"},{"floor":38,"key":"GamblersBrew"},{"floor":44,"key":"blueLaboratory:EmptyBottle"}],"is_trial":false,"path_per_floor":["M","?","$","?","M","R","M","R","T","E","M","R","T","?","R","B",null,"M","$","M","?","?","R","M","R","T","E","M","M","R","M","R","B",null,"M","M","?","M","M","?","R","M","T","M","E"],"character_chosen":"IRONCLAD","items_purchased":["Flex","Apotheosis"],"campfire_rested":1,"item_purchase_floors":[3,19],"current_hp_per_floor":[77,77,77,77,80,80,80,80,80,80,78,78,78,80,80,47,80,80,80,74,53,53,53,61,61,61,51,48,56,56,64,64,23,80,79,80,80,57,65,65,80,80,80,80,0,0],"gold":12,"neow_bonus":"THREE_CARDS","is_daily":false,"chose_seed":false,"campfire_upgraded":8,"win_rate":0.0,"timestamp":1611879975,"path_taken":["M","?","?","?","M","R","M","R","T","E","?","R","?","?","R","BOSS","M","$","M","?","?","R","M","R","T","E","M","M","R","M","R","BOSS","M","M","?","M","M","?","R","M","T","M","E"],"items_purchased_type":["Card","Card"],"build_version":"2020-12-22","purchased_purges":1,"victory":false,"max_hp_per_floor":[80,80,80,80,80,80,80,80,80,80,80,80,80,80,80,80,80,80,80,80,80,80,80,80,80,80,80,80,80,80,80,80,80,80,80,80,80,80,80,80,80,80,80,80,80,80],"card_choices":[{"not_picked":["Warcry","Clash"],"picked":"Pommel Strike","floor":0},{"not_picked":["True Grit","Clash"],"picked":"Wild Strike","floor":1},{"not_picked":["Pummel","Wild Strike"],"picked":"Armaments","floor":5},{"not_picked":["True Grit","Body Slam"],"picked":"Immolate","floor":7},{"not_picked":["Shockwave","Rage","Twin Strike"],"picked":"SKIP","floor":10},{"not_picked":["Seeing Red","Body Slam","Burning Pact"],"picked":"SKIP","floor":11},{"not_picked":["Sword Boomerang","Entrench"],"picked":"Wild Strike","floor":14},{"not_picked":["Fiend Fire","Bludgeon"],"picked":"Limit Break","floor":16},{"not_picked":["Clothesline","Sword Boomerang","Carnage+1"],"picked":"SKIP","floor":18},{"not_picked":["Feel No Pain","Pommel Strike"],"picked":"Infernal Blade","floor":20},{"not_picked":["Clash+1","Wild Strike+1"],"picked":"Perfected Strike","floor":24},{"not_picked":["Juggernaut","Clothesline+1","Cleave"],"picked":"SKIP","floor":27},{"not_picked":["Cleave","Seeing Red","Dark Embrace"],"picked":"SKIP","floor":28},{"not_picked":["Whirlwind","Battle Trance","Ghostly Armor+1"],"picked":"SKIP","floor":29},{"not_picked":["Cleave","Headbutt"],"picked":"Wild Strike+1","floor":31},{"not_picked":["Sword Boomerang+1","Iron Wave+1","Power Through"],"picked":"SKIP","floor":35},{"not_picked":["Shrug It Off+1","Headbutt"],"picked":"Flex+1","floor":36},{"not_picked":["True Grit","Wild Strike+1"],"picked":"Heavy Blade+1","floor":38},{"not_picked":["Cleave+1","Anger","Heavy Blade"],"picked":"SKIP","floor":39},{"not_picked":["Warcry+1","True Grit+1","Anger"],"picked":"SKIP","floor":42},{"not_picked":["Armaments","Shockwave+1","Brutality"],"picked":"SKIP","floor":44}],"player_experience":61555,"relics_obtained":[{"floor":9,"key":"potionbrewer:WarMedal"},{"floor":10,"key":"potionbrewer:SlideRule"},{"floor":13,"key":"Anchor"},{"floor":26,"key":"Matryoshka"},{"floor":27,"key":"potionbrewer:Torch"},{"floor":43,"key":"HollowMod:PaleOreRelic"},{"floor":43,"key":"Paper Frog"}],"event_choices":[{"damage_healed":0,"gold_gain":0,"player_choice":"2 cards matched","damage_taken":0,"max_hp_gain":0,"max_hp_loss":0,"event_name":"Match and Keep!","floor":2,"gold_loss":0,"cards_obtained":["Perfected Strike","Immolate"]},{"damage_healed":0,"gold_gain":0,"player_choice":"Upgraded","damage_taken":0,"max_hp_gain":0,"max_hp_loss":0,"event_name":"Upgrade Shrine","floor":4,"gold_loss":0,"cards_upgraded":["Immolate"]},{"damage_healed":0,"gold_gain":30,"player_choice":"Searched \u00273\u0027 times","damage_taken":0,"relics_obtained":["Meat on the Bone"],"max_hp_gain":0,"max_hp_loss":0,"event_name":"Dead Adventurer","floor":14,"gold_loss":0},{"damage_healed":0,"gold_gain":0,"player_choice":" Vial ","damage_taken":21,"relics_obtained":["Blood Vial"],"max_hp_gain":74,"max_hp_loss":53,"event_name":"betterAltar:BetterAltar","floor":21,"potions_obtained":[],"relics_lost":[],"gold_loss":0},{"damage_healed":0,"gold_gain":0,"player_choice":"Ignored","damage_taken":0,"max_hp_gain":0,"max_hp_loss":0,"event_name":"Vampires","floor":22,"gold_loss":0},{"cards_removed":["Defend_R"],"damage_healed":0,"gold_gain":0,"player_choice":"Took Card","damage_taken":0,"max_hp_gain":0,"max_hp_loss":0,"event_name":"NoteForYourself","floor":40,"gold_loss":0,"cards_obtained":["Strike_R"]}],"is_beta":false,"boss_relics":[{"not_picked":["SlaversCollar","Philosopher\u0027s Stone"],"picked":"Ectoplasm"},{"not_picked":["Coffee Dripper","Busted Crown"],"picked":"Fusion Hammer"}],"items_purged_floors":[19],"is_endless":false,"potions_floor_spawned":[10,14,27,28,29,31,36,38,44],"killed_by":"Reptomancer","ascension_level":0}}