{"host":"juoup3p5tvzzktl5","time":1611903269,"event":{"mods":["ATMod(∞¢Ë™Mod)","Aspiration","BaseMod","Better Vampires","BetterRewards","Colored Map","Colored Powertips","Friendly Minions","GifTheSpireLib","Hermit","Hubris","Infinite Spire","KinomotoSakuraMod(ƒæ÷Æ±æ”£)","Koishi","KomeijiMod","Marisa£®ÏF”Í°°ƒß¿Ì…≥£©","Minty Spire (QoL Compilation)","Quick Restart","Reimu£®≤©¿ˆ¡È√Œ£©","Relic Filter Mod","Reliquary","Replay The Spire","Shop Mod","StSLib","The Administrix","The Alterego","The Bug Knight","The Construct","The Cursed","The Jungle","The Mystic","The Runesmith","The Senshi","Youmu£®ªÍ∆«—˝√Œ£©","Yuyuko"],"gold_per_floor":[115,128,145,145,165,197,197,208,277,277,257,275,303,313,313,392,392,407,424,437,487,487,487,516,529,529,529,561,561,576,576,576,654,654,669,683,699,710,722,750,767,767,767,780,780,810,279,366,366,391,416],"floor_reached":52,"language":"ZHS","playtime":2127,"items_purged":["Massacre","hubris:Gluttony","infinitespire:FutureSight"],"score":2165,"play_id":"d3db1aa3-09c4-4870-b8fc-72ad08d4c004","local_time":"20210129155429","is_ascension_mode":true,"campfire_choices":[{"floor":7.0,"key":"REST"},{"floor":10.0,"key":"REST"},{"floor":23.0,"key":"REST"},{"floor":29.0,"key":"REST"},{"floor":32.0,"key":"REST"},{"floor":42.0,"key":"REST"},{"floor":49.0,"key":"REST"}],"circlet_count":0,"master_deck":["AscendersBane","Strike_R","Strike_R","Strike_R","Strike_R","Strike_R","Defend_R","Defend_R","Defend_R","Defend_R","Bash","AT_FamilyPortrait","Carnage","Shrug It Off","Limit Break","Cleave","Spot Weakness","Pommel Strike","Defy Death","True Grit","Feel No Pain","Armaments","Pommel Strike","Exhume","Clothesline","Sever Soul","AT_Dispersion","Sever Soul","AT_IchimonjiDouble+1","Warcry+1","Demon Form","Hallucinations","MasterSpark","Offering","ReplayTheSpireMod:Haul","GradualImprovement","Whirlwind","Warcry","Warcry","AT_BodySlamDance","Pommel Strike","Spot Weakness","infinitespire:Collect","AT_CelerityRune"],"relics":["Replay:M_SmolderingBlood","AT_ATBox","hubris:TinFlute","hubris:SphereOfDissonance","Orrery","AT_GuinsooRageblade","Lizard Tail","Self Forming Clay","Pen Nib","infinitespire:Cubic Diamond","hubris:BlackHole","Brimstone","AT_BladeRuinedKing","Replay:Bottled Flurry","hubris:Towel","aspiration:Stabinomicon","ReplayTheSpireMod:SealedPack","Iron Hammer","reliquary:Firecrackers","hubris:HollowSoul","reliquary:IridiumChain","AT_MibuBalloonWealth","Letter Opener","Medical Kit"],"acts_visited":["Exordium","TheCity","TheBeyond"],"potions_floor_usage":[],"damage_taken":[{"damage":0.0,"enemies":"Cultist","floor":1.0,"turns":2.0},{"damage":2.0,"enemies":"Jaw Worm","floor":2.0,"turns":3.0},{"damage":7.0,"enemies":"Small Slimes","floor":3.0,"turns":3.0},{"damage":13.0,"enemies":"Blue Slaver","floor":5.0,"turns":3.0},{"damage":20.0,"enemies":"Lagavulin","floor":6.0,"turns":5.0},{"damage":13.0,"enemies":"Exordium Thugs","floor":8.0,"turns":5.0},{"damage":6.0,"enemies":"Lots of Slimes","floor":12.0,"turns":2.0},{"damage":25.0,"enemies":"3 Sentries","floor":13.0,"turns":6.0},{"damage":0.0,"enemies":"Blue Slaver","floor":14.0,"turns":1.0},{"damage":46.0,"enemies":"Hexaghost","floor":16.0,"turns":10.0},{"damage":10.0,"enemies":"Spheric Guardian","floor":18.0,"turns":4.0},{"damage":1.0,"enemies":"3 Byrds","floor":19.0,"turns":4.0},{"damage":11.0,"enemies":"Shelled Parasite and Fungi","floor":20.0,"turns":3.0},{"damage":37.0,"enemies":"Slavers","floor":24.0,"turns":2.0},{"damage":0.0,"enemies":"3 Cultists","floor":25.0,"turns":3.0},{"damage":0.0,"enemies":"Book of Stabbing","floor":28.0,"turns":2.0},{"damage":0.0,"enemies":"Snake Plant","floor":30.0,"turns":1.0},{"damage":12.0,"enemies":"Collector","floor":33.0,"turns":3.0},{"damage":0.0,"enemies":"Orb Walker","floor":35.0,"turns":2.0},{"damage":10.0,"enemies":"3 Darklings","floor":36.0,"turns":2.0},{"damage":16.0,"enemies":"Transient","floor":37.0,"turns":5.0},{"damage":0.0,"enemies":"Maw","floor":38.0,"turns":2.0},{"damage":6.0,"enemies":"Writhing Mass","floor":39.0,"turns":2.0},{"damage":14.0,"enemies":"Giant Head","floor":40.0,"turns":4.0},{"damage":10.0,"enemies":"4 Shapes","floor":41.0,"turns":1.0},{"damage":0.0,"enemies":"Transient","floor":44.0,"turns":4.0},{"damage":0.0,"enemies":"Reptomancer","floor":46.0,"turns":1.0},{"damage":8.0,"enemies":"Sphere and 2 Shapes","floor":48.0,"turns":2.0},{"damage":0,"enemies":"hubris:GrandSnecko","floor":50,"turns":1},{"damage":26,"enemies":"Replay:Hell Engine","floor":51,"turns":2}],"seed_played":"-6000795554882180084","potions_obtained":[{"floor":2.0,"key":"SpeedPotion"},{"floor":6.0,"key":"CalmPotion"},{"floor":8.0,"key":"Weak Potion"},{"floor":11.0,"key":"Fruit Juice"},{"floor":13.0,"key":"SkillPotion"},{"floor":20.0,"key":"PowerPotion"},{"floor":24.0,"key":"BlessingOfTheForge"},{"floor":28.0,"key":"Swift Potion"},{"floor":35.0,"key":"ZuzhouPotion:ReiMu"},{"floor":37.0,"key":"ElixirPotion"},{"floor":40.0,"key":"ZuzhouPotion:ReiMu"}],"is_trial":false,"path_per_floor":["M","M","M","?","M","E","R","M","T","R","?","M","E","M","R_BF","B",null,"M","M","M","?","$","R","E","M","T","?","E","R","M","?","R","B",null,"M","M","M","M","M","E","M","R","T","M","AVR","E","$","M","R","B","B",null],"character_chosen":"IRONCLAD","items_purchased":["hubris:TinFlute","Carnage","hubris:SphereOfDissonance","Orrery","AT_GuinsooRageblade","Brimstone","Letter Opener","Medical Kit","AT_CelerityRune"],"campfire_rested":7,"item_purchase_floors":[0,0,0,0,0,22,47,47,47],"current_hp_per_floor":[27,31,30,30,23,9,31,24,24,46,51,51,44,50,50,4,61,51,50,39,39,24,48,11,11,11,11,11,35,35,35,59,47,72,72,62,46,46,40,26,16,40,40,40,40,40,40,32,56,56,30],"gold":416,"neow_bonus":"","is_daily":false,"chose_seed":false,"campfire_upgraded":0,"win_rate":0.0,"timestamp":1611903269,"path_taken":["M","M","?","?","M","E","R","M","T","R","?","?","E","M","R_BF","BOSS","M","M","M","?","?","R","E","M","T","?","E","R","M","?","R","BOSS","M","M","M","M","?","E","M","R","T","M","AVR","E","?","M","R","BOSS","BOSS"],"items_purchased_type":["Relic","Card","Relic","Relic","Relic","Relic","Relic","Relic","Card"],"build_version":"2020-12-22","purchased_purges":3,"victory":true,"max_hp_per_floor":[75,75,75,75,75,75,75,75,75,75,80,80,80,80,80,80,80,80,80,80,80,80,80,80,80,80,80,80,80,80,80,80,80,80,80,80,80,80,80,80,80,80,80,80,80,80,80,80,80,80,80],"card_choices":[{"not_picked":["Armaments","Cleave"],"picked":"Shrug It Off","floor":0.0},{"not_picked":["AT_GerminateFire","Intimidate"],"picked":"Limit Break","floor":0.0},{"not_picked":["Cleave","Feel No Pain"],"picked":"Massacre","floor":0.0},{"not_picked":["Combust","AT_BodySlamDance"],"picked":"Cleave","floor":0.0},{"not_picked":["Clothesline","Defy Death"],"picked":"Spot Weakness","floor":1.0},{"not_picked":["Cleave","Body Slam"],"picked":"Pommel Strike","floor":2.0},{"not_picked":["AT_GerminateFire","Sever Soul"],"picked":"Defy Death","floor":3.0},{"not_picked":["ReplayTheSpireMod:??????????????????????","infinitespire:Starlight"],"picked":"infinitespire:FutureSight","floor":4.0},{"not_picked":["Rupture","Headbutt"],"picked":"True Grit","floor":5.0},{"not_picked":["Whirlwind","Double Tap","Clothesline"],"picked":"SKIP","floor":6.0},{"not_picked":["Wild Strike","Thunderclap"],"picked":"Feel No Pain","floor":8.0},{"not_picked":["AT_IchimonjiDouble","hubris:CleavingFinish","Cleave"],"picked":"SKIP","floor":12.0},{"not_picked":["AT_DrawKnifeCut","Dropkick"],"picked":"Armaments","floor":13.0},{"not_picked":["Thunderclap","Clash"],"picked":"Pommel Strike","floor":14.0},{"not_picked":["Eclipse","Double Tap"],"picked":"Exhume","floor":16.0},{"not_picked":["Heavy Blade","Run Through"],"picked":"Clothesline","floor":18.0},{"not_picked":["ReplayTheSpireMod:Strike From Hell","Bloodletting"],"picked":"Sever Soul","floor":19.0},{"not_picked":["Twin Strike","Heavy Blade+1"],"picked":"AT_Dispersion","floor":20.0},{"not_picked":["Double Tap","Havoc"],"picked":"Sever Soul","floor":24.0},{"not_picked":["Cleave","Run Through","Armaments+1"],"picked":"SKIP","floor":25.0},{"not_picked":["Brutality","Clash"],"picked":"AT_IchimonjiDouble+1","floor":28.0},{"not_picked":["Anger","Twin Strike"],"picked":"Warcry+1","floor":30.0},{"not_picked":["Feed","AT_Dispersion"],"picked":"Demon Form","floor":33.0},{"not_picked":["Dualcast","Neutralize"],"picked":"MasterSpark","floor":34.0},{"not_picked":["Bludgeon","Limit Break"],"picked":"Offering","floor":34.0},{"not_picked":["infinitespire:Oblivion","ReplayTheSpireMod:Chaos Vortex"],"picked":"ReplayTheSpireMod:Haul","floor":34.0},{"not_picked":["Madness","Replay:Bootleg Shield Generator"],"picked":"GradualImprovement","floor":34.0},{"not_picked":["Iron Wave+1","Clash","Eclipse"],"picked":"SKIP","floor":35.0},{"not_picked":["Armaments+1","AT_BodySlamDance"],"picked":"Whirlwind","floor":36.0},{"not_picked":["AT_BodySlamDance","Thunderclap+1"],"picked":"Warcry","floor":37.0},{"not_picked":["Crescendo","Entrench"],"picked":"Warcry","floor":38.0},{"not_picked":["Flame Barrier","Offering"],"picked":"AT_BodySlamDance","floor":39.0},{"not_picked":["Intimidate","Wild Strike"],"picked":"Pommel Strike","floor":40.0},{"not_picked":["EmptyFist","ForeignInfluence"],"picked":"Spot Weakness","floor":41.0},{"not_picked":["Anger+1","Crescendo","FollowUp+1"],"picked":"SKIP","floor":44.0},{"not_picked":["Uppercut","Perfected Strike","Havoc"],"picked":"SKIP","floor":46.0},{"not_picked":["Dual Wield","Searing Blow","Halt+1"],"picked":"SKIP","floor":48.0}],"player_experience":1095195,"relics_obtained":[{"floor":6.0,"key":"Lizard Tail"},{"floor":9.0,"key":"Self Forming Clay"},{"floor":13.0,"key":"Pen Nib"},{"floor":24.0,"key":"AT_BladeRuinedKing"},{"floor":26.0,"key":"Replay:Bottled Flurry"},{"floor":28.0,"key":"aspiration:Stabinomicon"},{"floor":40.0,"key":"Iron Hammer"},{"floor":43.0,"key":"reliquary:Firecrackers"},{"floor":46.0,"key":"AT_MibuBalloonWealth"}],"event_choices":[{"damage_healed":0.0,"max_hp_gain":0.0,"max_hp_loss":0.0,"gold_gain":0.0,"event_name":"The Woman in Blue","player_choice":"Bought 1 Potion","floor":11.0,"gold_loss":0.0,"damage_taken":0.0},{"damage_healed":0.0,"max_hp_gain":0.0,"max_hp_loss":0.0,"gold_gain":50.0,"event_name":"Golden Shrine","player_choice":"Pray","floor":21.0,"gold_loss":0.0,"damage_taken":0.0},{"cards_removed":["Delirium"],"damage_healed":0.0,"max_hp_gain":0.0,"max_hp_loss":0.0,"gold_gain":0.0,"event_name":"Purifier","player_choice":"Purged","floor":31.0,"gold_loss":0.0,"damage_taken":0.0}],"is_beta":false,"boss_relics":[{"not_picked":["hubris:RunicObelisk","Electric Blood"],"picked":"hubris:BlackHole"},{"not_picked":["reliquary:RedPaperclip","Replay:Grab Bag"],"picked":"ReplayTheSpireMod:SealedPack"}],"items_purged_floors":[0,22,45],"is_endless":false,"potions_floor_spawned":[2,6,8,13,14,20,24,28,35,37,40,46],"ascension_level":20}}