{"host":"gobyjzz6xbwq9f9i","time":1611891507,"event":{"mods":["AchievementEnabler","BaseMod","Bestiary","Colored Map","Minty Spire (QoL Compilation)","Relic Stats"],"gold_per_floor":[123,152,180,199,43,43,43,66,66,101,101,191,191,191,191],"floor_reached":14,"language":"ENG","playtime":556,"items_purged":[],"score":135,"play_id":"30780e24-4e3d-44ac-84fa-c1dfa9026055","local_time":"20210128193827","is_ascension_mode":true,"campfire_choices":[{"data":"Clothesline","floor":6,"key":"SMITH"},{"floor":13,"key":"REST"}],"circlet_count":0,"master_deck":["AscendersBane","Strike_R","Strike_R","Strike_R","Strike_R","Strike_R","Defend_R","Defend_R","Defend_R","Defend_R","Bash","Flame Barrier","Wild Strike","Clothesline+1","Cleave","Iron Wave","Power Through","Shrug It Off"],"relics":["Burning Blood","CeramicFish","Oddly Smooth Stone","The Courier","Blue Candle","Eternal Feather","Golden Idol","InkBottle"],"acts_visited":["Exordium"],"potions_floor_usage":[4],"damage_taken":[{"damage":1,"enemies":"Cultist","floor":1,"turns":3},{"damage":0,"enemies":"Small Slimes","floor":2,"turns":4},{"damage":13,"enemies":"Jaw Worm","floor":3,"turns":5},{"damage":19,"enemies":"Gremlin Gang","floor":4,"turns":4},{"damage":0,"enemies":"Looter","floor":8,"turns":4},{"damage":27,"enemies":"3 Sentries","floor":10,"turns":10},{"damage":20,"enemies":"3 Sentries","floor":12,"turns":11},{"damage":47,"enemies":"Lagavulin","floor":14,"turns":9}],"seed_played":"2698922397402481700","potions_obtained":[{"floor":1,"key":"Ancient Potion"},{"floor":3,"key":"SkillPotion"}],"is_trial":false,"path_per_floor":["M","M","M","M","$","R","?","M","T","E","?","?","R","E"],"character_chosen":"IRONCLAD","items_purchased":["Oddly Smooth Stone"],"campfire_rested":1,"item_purchase_floors":[5],"current_hp_per_floor":[77,80,73,60,60,60,57,63,63,42,22,8,41,0,0],"gold":191,"neow_bonus":"RANDOM_COMMON_RELIC","is_daily":false,"chose_seed":false,"campfire_upgraded":1,"win_rate":0.0,"timestamp":1611891507,"path_taken":["M","M","M","M","$","R","?","M","T","E","?","?","R","E"],"items_purchased_type":["Relic"],"build_version":"2020-12-22","purchased_purges":0,"victory":false,"max_hp_per_floor":[80,80,80,80,80,80,80,80,80,80,80,80,80,80,80],"relic_stats":{"counters":[8,50],"Golden Idol":25,"CeramicFish":63,"Blue Candle":[0],"Eternal Feather":9,"obtain_stats":[{"Golden Idol":11,"CeramicFish":0,"Blue Candle":9,"Oddly Smooth Stone":5,"Eternal Feather":10,"The Courier":7,"Burning Blood":0,"InkBottle":12},{"Golden Idol":6,"CeramicFish":0,"Blue Candle":5,"Oddly Smooth Stone":4,"Eternal Feather":6,"The Courier":4,"Burning Blood":0,"InkBottle":7},{"Golden Idol":30,"CeramicFish":0,"Blue Candle":20,"Oddly Smooth Stone":16,"Eternal Feather":30,"The Courier":16,"Burning Blood":0,"InkBottle":41}],"Burning Blood":39,"InkBottle":[2]},"card_choices":[{"not_picked":["Combust","Power Through"],"picked":"Flame Barrier","floor":1},{"not_picked":["Clash","Havoc"],"picked":"Wild Strike","floor":2},{"not_picked":["True Grit","Wild Strike"],"picked":"Clothesline","floor":3},{"not_picked":["Thunderclap","Body Slam"],"picked":"Cleave","floor":4},{"not_picked":["Body Slam","Wild Strike"],"picked":"Iron Wave","floor":8},{"not_picked":["Limit Break","Warcry"],"picked":"Power Through","floor":10},{"not_picked":["Heavy Blade","Body Slam"],"picked":"Shrug It Off","floor":12}],"player_experience":1197584,"relics_obtained":[{"floor":9,"key":"Blue Candle"},{"floor":10,"key":"Eternal Feather"},{"floor":12,"key":"InkBottle"}],"event_choices":[{"damage_healed":0,"gold_gain":0,"player_choice":"Success","damage_taken":3,"relics_obtained":["The Courier"],"max_hp_gain":0,"max_hp_loss":0,"event_name":"Scrap Ooze","floor":7,"gold_loss":0},{"damage_healed":0,"gold_gain":0,"player_choice":"Take Damage","damage_taken":20,"relics_obtained":["Golden Idol"],"max_hp_gain":0,"max_hp_loss":0,"event_name":"Golden Idol","floor":11,"gold_loss":0},{"damage_healed":0,"gold_gain":0,"player_choice":"Searched \u00271\u0027 times","damage_taken":0,"max_hp_gain":0,"max_hp_loss":0,"event_name":"Dead Adventurer","floor":12,"gold_loss":0}],"is_beta":false,"boss_relics":[],"items_purged_floors":[],"is_endless":false,"potions_floor_spawned":[1,3],"killed_by":"Lagavulin","ascension_level":10}}