{"host":"jhy70w0yh8dayqay","time":1611928861,"event":{"mods":["AchievementEnabler","BaseMod","Colored Map","Colored Powertips","DeckTracker","Minty Spire (QoL Compilation)","Permanent Neow","SuperFastMode"],"gold_per_floor":[114,128,146,166,181,207,207,207,207,239,252,266,291,256,256,329,329,341,28,28,46,56,56,81,81,108,207,117,149,167,179,179,179,179],"floor_reached":33,"language":"KOR","playtime":1046,"items_purged":["Strike_R"],"score":568,"play_id":"e0e67607-6a20-405b-8d4c-585f1f7febe4","local_time":"20210129230101","is_ascension_mode":true,"campfire_choices":[{"data":"Wild Strike","floor":8.0,"key":"SMITH"},{"data":"Uppercut","floor":15,"key":"SMITH"},{"data":"Bludgeon","floor":23,"key":"SMITH"},{"data":"Pommel Strike","floor":32,"key":"SMITH"}],"circlet_count":0,"master_deck":["AscendersBane","Strike_R","Strike_R","Strike_R","Defend_R","Defend_R","Defend_R+1","Defend_R","Bash","Wild Strike+1","Power Through","Spot Weakness","Rampage+1","Headbutt","Impervious","Pommel Strike+1","Uppercut+1","Shrug It Off+1","Bludgeon+1","Shockwave+1","Pommel Strike+1","Havoc+1","Shrug It Off"],"relics":["Burning Blood","Bag of Marbles","Matryoshka","Nunchaku","Sundial","Happy Flower","Letter Opener","Coffee Dripper","Frozen Egg 2","Anchor","War Paint","InkBottle","Art of War","Smiling Mask"],"acts_visited":["Exordium","TheCity"],"potions_floor_usage":[16,24,33],"damage_taken":[{"damage":6.0,"enemies":"Cultist","floor":1.0,"turns":3.0},{"damage":0.0,"enemies":"Small Slimes","floor":2.0,"turns":2.0},{"damage":1.0,"enemies":"2 Louse","floor":3.0,"turns":2.0},{"damage":5.0,"enemies":"Gremlin Gang","floor":4.0,"turns":4.0},{"damage":13.0,"enemies":"Red Slaver","floor":5.0,"turns":3.0},{"damage":30.0,"enemies":"Lagavulin","floor":6.0,"turns":9.0},{"damage":20.0,"enemies":"Gremlin Nob","floor":10.0,"turns":3.0},{"damage":0.0,"enemies":"2 Fungi Beasts","floor":11.0,"turns":2.0},{"damage":7.0,"enemies":"3 Louse","floor":12.0,"turns":3.0},{"damage":20,"enemies":"Lagavulin","floor":13,"turns":5},{"damage":23,"enemies":"Hexaghost","floor":16,"turns":8},{"damage":6,"enemies":"Spheric Guardian","floor":18,"turns":4},{"damage":0,"enemies":"Chosen","floor":21,"turns":3},{"damage":9,"enemies":"Shelled Parasite and Fungi","floor":22,"turns":3},{"damage":0,"enemies":"Book of Stabbing","floor":24,"turns":3},{"damage":10,"enemies":"Slavers","floor":29,"turns":4},{"damage":4,"enemies":"3 Cultists","floor":30,"turns":4},{"damage":6,"enemies":"Snake Plant","floor":31,"turns":2},{"damage":83,"enemies":"Collector","floor":33,"turns":9}],"seed_played":"3336202115473775169","potions_obtained":[{"floor":4.0,"key":"Block Potion"},{"floor":6.0,"key":"SkillPotion"},{"floor":11.0,"key":"Fire Potion"},{"floor":12.0,"key":"LiquidBronze"},{"floor":16,"key":"FearPotion"},{"floor":21,"key":"LiquidMemories"},{"floor":22,"key":"Strength Potion"},{"floor":30,"key":"Weak Potion"}],"is_trial":false,"path_per_floor":["M","M","M","M","M","E","?","R","T","E","M","M","E","?","R","B",null,"M","$","?","M","M","R","E","$","T","?","?","E","M","M","R","B"],"character_chosen":"IRONCLAD","items_purchased":["Frozen Egg 2"],"campfire_rested":0,"item_purchase_floors":[19],"current_hp_per_floor":[68,74,75,75,68,44,44,44,44,30,36,35,21,39,39,22,62,62,62,62,68,65,65,71,71,71,71,71,67,69,69,69,0,0],"gold":179,"neow_bonus":"RANDOM_COMMON_RELIC","is_daily":false,"chose_seed":false,"campfire_upgraded":4,"win_rate":0.0,"timestamp":1611928861,"path_taken":["M","M","M","M","?","E","?","R","T","E","M","?","E","?","R","BOSS","M","$","?","?","M","R","E","?","T","?","?","E","M","M","R","BOSS"],"items_purchased_type":["Relic"],"build_version":"2020-12-22","purchased_purges":1,"victory":false,"max_hp_per_floor":[75,75,75,75,75,75,75,75,75,75,75,75,75,75,75,75,75,75,75,75,75,75,75,75,75,75,75,75,75,75,75,75,75,75],"card_choices":[{"not_picked":["Headbutt","Intimidate"],"picked":"Wild Strike","floor":1.0},{"not_picked":["Havoc","Warcry"],"picked":"Power Through","floor":2.0},{"not_picked":["Metallicize","Havoc"],"picked":"Spot Weakness","floor":3.0},{"not_picked":["Body Slam","Heavy Blade"],"picked":"Rampage","floor":4.0},{"not_picked":["Rampage","Clash"],"picked":"Headbutt","floor":5.0},{"not_picked":["Twin Strike","Havoc"],"picked":"Impervious","floor":6.0},{"not_picked":["Iron Wave","Flex"],"picked":"Pommel Strike","floor":10.0},{"not_picked":["Iron Wave","Heavy Blade","Reckless Charge"],"picked":"SKIP","floor":11.0},{"not_picked":["Iron Wave","Heavy Blade","Reckless Charge"],"picked":"SKIP","floor":11.0},{"not_picked":["Pommel Strike","Anger"],"picked":"Uppercut","floor":12.0},{"not_picked":["Carnage","True Grit"],"picked":"Shrug It Off","floor":13},{"not_picked":["Berserk","Feed"],"picked":"Bludgeon","floor":16},{"not_picked":["Sentinel","Clothesline"],"picked":"Shockwave+1","floor":18},{"not_picked":["Headbutt","Flex","Wild Strike"],"picked":"SKIP","floor":21},{"not_picked":["Sentinel","Twin Strike"],"picked":"Pommel Strike+1","floor":22},{"not_picked":["Clothesline","Shrug It Off"],"picked":"Havoc+1","floor":24},{"not_picked":["Cleave","Anger"],"picked":"Shrug It Off","floor":29},{"not_picked":["Warcry","Pommel Strike+1","Infernal Blade"],"picked":"SKIP","floor":30},{"not_picked":["Heavy Blade","Havoc","Armaments"],"picked":"SKIP","floor":31}],"player_experience":457876,"relics_obtained":[{"floor":6.0,"key":"Matryoshka"},{"floor":9.0,"key":"Nunchaku"},{"floor":9.0,"key":"Sundial"},{"floor":10.0,"key":"Happy Flower"},{"floor":13,"key":"Letter Opener"},{"floor":24,"key":"War Paint"},{"floor":26,"key":"InkBottle"},{"floor":26,"key":"Art of War"},{"floor":29,"key":"Smiling Mask"}],"event_choices":[{"damage_healed":0.0,"max_hp_gain":0.0,"max_hp_loss":0.0,"gold_gain":0.0,"event_name":"The Woman in Blue","player_choice":"Bought 0 Potions","floor":7.0,"gold_loss":0.0,"damage_taken":0.0},{"damage_healed":18,"gold_gain":0,"player_choice":"Healed","damage_taken":0,"max_hp_gain":0,"max_hp_loss":0,"event_name":"The Cleric","floor":14,"gold_loss":35},{"damage_healed":0,"gold_gain":0,"player_choice":"Gave Potion","damage_taken":0,"relics_obtained":["Anchor"],"max_hp_gain":0,"max_hp_loss":0,"event_name":"WeMeetAgain","floor":20,"gold_loss":0},{"damage_healed":0,"gold_gain":99,"player_choice":"Stole From Cult","damage_taken":0,"max_hp_gain":0,"max_hp_loss":0,"event_name":"Nest","floor":27,"gold_loss":0},{"cards_removed":["Strike_R"],"damage_healed":0,"gold_gain":0,"player_choice":"Upgrade and Remove","damage_taken":0,"max_hp_gain":0,"max_hp_loss":0,"event_name":"Designer","floor":28,"gold_loss":90,"cards_upgraded":["Rampage"]}],"is_beta":false,"boss_relics":[{"not_picked":["Empty Cage","Runic Pyramid"],"picked":"Coffee Dripper"}],"items_purged_floors":[19],"is_endless":false,"potions_floor_spawned":[4,6,11,12,13,16,21,22,30],"killed_by":"Collector","ascension_level":14}}