{"host":"1tl36azeqm6yhdgj","time":1611922596,"event":{"mods":["AchievementEnabler","BaseMod","Minty Spire (QoL Compilation)","StSLib","The IronCluck","everything is the same but u backflip on backflip"],"gold_per_floor":[113,38,38,38,53,53,85,85,85,85,85,105,117,142,142,221,221,241,241,254,269,16,16,42,60,60,460,460,489,503,10,10,84,84,94,107,160,140,157,157,157],"floor_reached":40,"language":"ENG","playtime":1637,"items_purged":[],"score":918,"play_id":"ca3653b5-5e00-4f35-817b-b3abc251baeb","local_time":"20210129071636","is_ascension_mode":true,"campfire_choices":[{"data":"Flex","floor":6.0,"key":"SMITH"},{"data":"Disarm","floor":8.0,"key":"SMITH"},{"data":"Bash","floor":10.0,"key":"SMITH"},{"data":"Demon Form","floor":15.0,"key":"SMITH"},{"floor":23.0,"key":"REST"},{"floor":28.0,"key":"REST"},{"floor":32.0,"key":"REST"}],"circlet_count":0,"master_deck":["AscendersBane","Strike_R","Strike_R","Strike_R","Defend_R","Defend_R","Defend_R","Defend_R","Bash+1","Flex+1","Feel No Pain","Disarm+1","Shockwave","Pommel Strike","Demon Form+1","Bludgeon","Inflame","Necronomicurse","Carnage","Anger","Apotheosis","Thunderclap","Headbutt","Rage","Flame Barrier+1","Immolate","Intimidate","Clash","Double Tap","Dark Embrace+1","Iron Wave+1","Clash+1","Spot Weakness"],"relics":["Burning Blood","NeowsBlessing","Incense Burner","Paper Frog","White Beast Statue","Black Star","Necronomicon","TungstenRod","Regal Pillow","PreservedInsect","Old Coin","Bottled Flame","Bronze Scales","Unceasing Top","Vajra","Mercury Hourglass","Prayer Wheel"],"acts_visited":["Exordium","TheCity","TheBeyond"],"potions_floor_usage":[40],"damage_taken":[{"damage":0.0,"enemies":"Small Slimes","floor":1.0,"turns":1.0},{"damage":0.0,"enemies":"Cultist","floor":5.0,"turns":1.0},{"damage":0.0,"enemies":"3 Sentries","floor":7.0,"turns":2.0},{"damage":8.0,"enemies":"Jaw Worm","floor":12.0,"turns":4.0},{"damage":9.0,"enemies":"Large Slime","floor":13.0,"turns":5.0},{"damage":21.0,"enemies":"Lagavulin","floor":14.0,"turns":6.0},{"damage":1.0,"enemies":"Slime Boss","floor":16.0,"turns":12.0},{"damage":12.0,"enemies":"Chosen","floor":18.0,"turns":3.0},{"damage":22.0,"enemies":"3 Byrds","floor":20.0,"turns":10.0},{"damage":0.0,"enemies":"Snecko","floor":21.0,"turns":3.0},{"damage":48.0,"enemies":"Gremlin Leader","floor":24.0,"turns":4.0},{"damage":12.0,"enemies":"Snake Plant","floor":25.0,"turns":3.0},{"damage":32.0,"enemies":"Colosseum Slavers","floor":27.0,"turns":4.0},{"damage":4.0,"enemies":"Colosseum Nobs","floor":27.0,"turns":3.0},{"damage":19.0,"enemies":"Slavers","floor":29.0,"turns":5.0},{"damage":23.0,"enemies":"Shelled Parasite and Fungi","floor":30.0,"turns":5.0},{"damage":56.0,"enemies":"Collector","floor":33.0,"turns":4.0},{"damage":0.0,"enemies":"3 Shapes","floor":35.0,"turns":1.0},{"damage":18.0,"enemies":"Orb Walker","floor":36.0,"turns":4.0},{"damage":21.0,"enemies":"2 Orb Walkers","floor":37.0,"turns":2.0},{"damage":25.0,"enemies":"Writhing Mass","floor":39.0,"turns":3.0},{"damage":36,"enemies":"Giant Head","floor":40,"turns":4}],"seed_played":"-2463154542283549494","potions_obtained":[{"floor":1.0,"key":"Fire Potion"},{"floor":7.0,"key":"GamblersBrew"},{"floor":14.0,"key":"FairyPotion"},{"floor":16.0,"key":"SkillPotion"},{"floor":18.0,"key":"AttackPotion"},{"floor":20.0,"key":"Strength Potion"},{"floor":21.0,"key":"Dexterity Potion"},{"floor":24.0,"key":"SmokeBomb"},{"floor":25.0,"key":"BloodPotion"},{"floor":27.0,"key":"Ancient Potion"},{"floor":29.0,"key":"SneckoOil"},{"floor":30.0,"key":"LiquidBronze"},{"floor":33.0,"key":"SmokeBomb"},{"floor":35.0,"key":"ColorlessPotion"},{"floor":36.0,"key":"Weak Potion"},{"floor":37.0,"key":"ColorlessPotion"},{"floor":38.0,"key":"Explosive Potion"},{"floor":39.0,"key":"FearPotion"}],"is_trial":false,"path_per_floor":["M","?","?","$","M","R","E","R","T","R","$","M","M","E","R","B",null,"M","?","M","M","$","R","E","M","T","?","R","E","M","$","R","B",null,"M","M","?","?","M","E"],"character_chosen":"IRONCLAD","items_purchased":["Apotheosis","Thunderclap","Vajra","Mercury Hourglass","Clash"],"campfire_rested":3,"item_purchase_floors":[22,22,31,31,31],"current_hp_per_floor":[74,74,74,74,75,75,75,75,75,75,75,73,70,55,55,60,71,65,44,28,34,34,56,14,8,8,27,64,51,34,34,71,21,62,68,56,41,41,22,0,0],"gold":157,"neow_bonus":"THREE_ENEMY_KILL","is_daily":false,"chose_seed":false,"campfire_upgraded":4,"win_rate":0.0,"timestamp":1611922596,"path_taken":["M","?","?","$","?","R","E","R","T","R","$","M","M","E","R","BOSS","M","?","M","M","$","R","E","M","T","?","R","E","M","?","R","BOSS","M","M","?","?","?","E"],"items_purchased_type":["Card","Card","Relic","Relic","Card"],"build_version":"2020-12-22","purchased_purges":0,"victory":false,"max_hp_per_floor":[75,75,75,75,75,75,75,75,75,75,75,75,75,75,75,75,75,75,75,75,75,75,75,75,75,75,75,75,75,75,75,75,75,75,75,75,75,75,75,75,75],"card_choices":[{"not_picked":["Burning Pact","Shrug It Off"],"picked":"Flex","floor":1.0},{"not_picked":["Perfected Strike","Infernal Blade"],"picked":"Feel No Pain","floor":5.0},{"not_picked":["Perfected Strike","Iron Wave"],"picked":"Disarm","floor":7.0},{"not_picked":["Uppercut","Pommel Strike"],"picked":"Shockwave","floor":12.0},{"not_picked":["Perfected Strike","Headbutt"],"picked":"Pommel Strike","floor":13.0},{"not_picked":["Clash","Flame Barrier"],"picked":"Demon Form","floor":14.0},{"not_picked":["Fiend Fire","Demon Form"],"picked":"Bludgeon","floor":16.0},{"not_picked":["Iron Wave","Perfected Strike"],"picked":"Inflame","floor":18.0},{"not_picked":["Sword Boomerang","Wild Strike"],"picked":"Carnage","floor":20.0},{"not_picked":["Havoc","Metallicize+1"],"picked":"Anger","floor":21.0},{"not_picked":["Clothesline+1","Hemokinesis"],"picked":"Headbutt","floor":24.0},{"not_picked":["Entrench+1","Body Slam"],"picked":"Rage","floor":25.0},{"not_picked":["Shrug It Off","Offering"],"picked":"Flame Barrier+1","floor":27.0},{"not_picked":["Twin Strike","Armaments"],"picked":"Immolate","floor":29.0},{"not_picked":["Havoc","Flex"],"picked":"Intimidate","floor":30.0},{"not_picked":["Feed","Corruption"],"picked":"Double Tap","floor":33.0},{"not_picked":["Pommel Strike","Clothesline+1","Combust"],"picked":"SKIP","floor":35.0},{"not_picked":["Power Through","Body Slam"],"picked":"Dark Embrace+1","floor":36.0},{"not_picked":["Wild Strike","Feel No Pain"],"picked":"Iron Wave+1","floor":37.0},{"not_picked":["Sword Boomerang+1","Body Slam"],"picked":"Clash+1","floor":39.0},{"not_picked":["Wild Strike","Anger"],"picked":"Spot Weakness","floor":39.0}],"player_experience":2090600,"relics_obtained":[{"floor":7.0,"key":"Incense Burner"},{"floor":9.0,"key":"Paper Frog"},{"floor":14.0,"key":"White Beast Statue"},{"floor":19.0,"key":"Necronomicon"},{"floor":24.0,"key":"TungstenRod"},{"floor":24.0,"key":"Regal Pillow"},{"floor":26.0,"key":"PreservedInsect"},{"floor":27.0,"key":"Old Coin"},{"floor":27.0,"key":"Bottled Flame"},{"floor":29.0,"key":"Bronze Scales"},{"floor":29.0,"key":"Unceasing Top"},{"floor":37.0,"key":"Prayer Wheel"}],"event_choices":[{"cards_removed":["Strike_R"],"damage_healed":0.0,"max_hp_gain":0.0,"max_hp_loss":0.0,"gold_gain":0.0,"event_name":"The Cleric","player_choice":"Card Removal","floor":2.0,"gold_loss":75.0,"damage_taken":0.0},{"cards_removed":["Strike_R"],"damage_healed":0.0,"max_hp_gain":0.0,"max_hp_loss":0.0,"gold_gain":0.0,"event_name":"Bonfire Elementals","player_choice":"Offered Basic","floor":3.0,"gold_loss":0.0,"damage_taken":0.0},{"damage_healed":0.0,"max_hp_gain":0.0,"max_hp_loss":0.0,"gold_gain":0.0,"event_name":"Cursed Tome","player_choice":"Obtained Book","floor":19.0,"gold_loss":0.0,"damage_taken":21.0},{"damage_healed":0.0,"max_hp_gain":0.0,"max_hp_loss":0.0,"gold_gain":0.0,"event_name":"Colosseum","player_choice":"Fight","floor":27.0,"gold_loss":0.0,"damage_taken":0.0},{"damage_healed":0.0,"max_hp_gain":0.0,"max_hp_loss":0.0,"gold_gain":0.0,"event_name":"Colosseum","player_choice":"Fought Nobs","floor":27.0,"gold_loss":0.0,"damage_taken":0.0},{"damage_healed":0.0,"max_hp_gain":0.0,"max_hp_loss":0.0,"gold_gain":0.0,"event_name":"Mysterious Sphere","player_choice":"Fight","floor":37.0,"gold_loss":0.0,"damage_taken":0.0},{"damage_healed":0.0,"max_hp_gain":0.0,"max_hp_loss":0.0,"gold_gain":0.0,"event_name":"The Woman in Blue","player_choice":"Bought 1 Potion","floor":38.0,"gold_loss":0.0,"damage_taken":0.0}],"is_beta":false,"boss_relics":[{"not_picked":["SacredBark","Snecko Eye"],"picked":"Black Star"},{"not_picked":["Calling Bell","Fusion Hammer","Runic Pyramid"]}],"items_purged_floors":[],"is_endless":false,"potions_floor_spawned":[1,7,14,16,18,20,21,24,25,27,27,29,30,33,35,36,37,39],"killed_by":"Giant Head","ascension_level":20}}