{"host":"sy26bfguqtls01um","time":1611935188,"event":{"mods":["BaseMod","DeckTracker","Hermit","Minty Spire (QoL Compilation)","Random Character Button","StSLib","SuperFastMode","The Hierophant","The Necromancer","The Servant 0.9.4","The Wild Card"],"gold_per_floor":[115,115,190,190,200,218,218,218,264,275,290,304,53,53,53,128,128,146,146,160,160,170,202,202,232,232,232,232,232],"floor_reached":28,"language":"KOR","playtime":1505,"items_purged":["Defend_W"],"score":496,"play_id":"0755ab52-52d7-4ef0-b3e7-603183c458f8","local_time":"20210130004628","is_ascension_mode":true,"campfire_choices":[{"data":"Summon_Lich","floor":8.0,"key":"SMITH"},{"data":"Corrupt","floor":15.0,"key":"SMITH"},{"floor":24.0,"key":"REST"},{"data":"RitualDagger","floor":27.0,"key":"SMITH"}],"circlet_count":0,"master_deck":["AscendersBane","Strike_W","Strike_W","Strike_W","Defend_W+1","Defend_W","Defend_W","Negative_Energy_Arrows+1","Bone_Wall","Summon_Lich+1","Bone_Armor","Death_Knell","Corrupt+1","Finger_Of_Death","Grasp_Heart","Hellfire","RitualDagger+1","Scare+1","Consume_Illness"],"relics":["Vampire_Amulet","Akabeko","Philosopher\u0027s Stone","Darkstone Periapt","Omamori","Bottled Lightning"],"acts_visited":["Exordium","TheCity"],"potions_floor_usage":[],"damage_taken":[{"damage":3.0,"enemies":"Small Slimes","floor":1.0,"turns":4.0},{"damage":0.0,"enemies":"Jaw Worm","floor":5.0,"turns":4.0},{"damage":5.0,"enemies":"Cultist","floor":6.0,"turns":3.0},{"damage":0.0,"enemies":"Lots of Slimes","floor":10.0,"turns":3.0},{"damage":0.0,"enemies":"2 Fungi Beasts","floor":11.0,"turns":4.0},{"damage":0.0,"enemies":"Looter","floor":12.0,"turns":2.0},{"damage":58.0,"enemies":"Slime Boss","floor":16.0,"turns":10.0},{"damage":13.0,"enemies":"Shell Parasite","floor":18.0,"turns":3.0},{"damage":2.0,"enemies":"Spheric Guardian","floor":20.0,"turns":3.0},{"damage":15.0,"enemies":"3 Cultists","floor":22.0,"turns":4.0},{"damage":27.0,"enemies":"Book of Stabbing","floor":23.0,"turns":5.0},{"damage":44.0,"enemies":"Gremlin Leader","floor":25.0,"turns":7.0},{"damage":37,"enemies":"Slavers","floor":28,"turns":2}],"seed_played":"-2408205540315747158","potions_obtained":[{"floor":1.0,"key":"Swift Potion"},{"floor":5.0,"key":"Explosive Potion"},{"floor":18.0,"key":"Regen Potion"}],"is_trial":false,"path_per_floor":["M","?","?","?","M","M","?","R","T","M","M","M","$","$","R","B",null,"M","?","M","?","M","E","R","E","T","R","E"],"character_chosen":"NECROMANCER","items_purchased":["Grasp_Heart"],"campfire_rested":1,"item_purchase_floors":[13],"current_hp_per_floor":[72,77,66,41,43,40,40,40,40,50,54,56,56,56,56,6,64,53,47,47,64,55,44,68,34,34,34,0,0],"gold":232,"neow_bonus":"TEN_PERCENT_HP_BONUS","is_daily":false,"chose_seed":false,"campfire_upgraded":3,"win_rate":0.0,"timestamp":1611935188,"path_taken":["M","?","?","?","M","M","?","R","T","M","?","M","?","$","R","BOSS","M","?","M","?","M","E","R","E","T","R","E"],"items_purchased_type":["Card"],"build_version":"2020-12-22","purchased_purges":1,"victory":false,"max_hp_per_floor":[78,83,83,83,83,83,83,83,83,83,83,83,83,83,83,83,83,83,83,83,83,83,83,83,83,83,83,83,83],"card_choices":[{"not_picked":["Acid_Javelin","Bones_to_Steel"],"picked":"Summon_Lich","floor":1.0},{"not_picked":["Consume_Illness","Blood_Curse","Finger_Of_Death"],"picked":"SKIP","floor":5.0},{"not_picked":["Death_Coil","Acid_Javelin"],"picked":"Bone_Armor","floor":6.0},{"not_picked":["Negative_Energy_Sphere","Bone_Spikes"],"picked":"Corrupt","floor":10.0},{"not_picked":["Death_Coil","Consume_Illness","Bone_Bullets"],"picked":"SKIP","floor":11.0},{"not_picked":["Negative_Energy_Bomb","Death_Knell"],"picked":"Finger_Of_Death","floor":12.0},{"not_picked":["Blood_Magic","Negative_Energy_Bomb"],"picked":"Hellfire","floor":16.0},{"not_picked":["Toxic_Smoke_Screen","Bone_Armory+1","Life_Tap"],"picked":"SKIP","floor":18.0},{"not_picked":["Necrotic_Claws","Blood_Whip","Bone_Armor"],"picked":"SKIP","floor":20.0},{"not_picked":["Chill_Blood","Shackles_Of_Pain+1"],"picked":"Scare+1","floor":22.0},{"not_picked":["Death_Coil+1","Uncharnel+1","Bone_Shift"],"picked":"SKIP","floor":23.0},{"not_picked":["Toxic_Smoke_Screen","Blood_Wake"],"picked":"Consume_Illness","floor":25.0}],"player_experience":1902027,"relics_obtained":[{"floor":9.0,"key":"Akabeko"},{"floor":23.0,"key":"Darkstone Periapt"},{"floor":25.0,"key":"Omamori"},{"floor":26.0,"key":"Bottled Lightning"}],"event_choices":[{"damage_healed":0.0,"max_hp_gain":5.0,"max_hp_loss":0.0,"gold_gain":0.0,"event_name":"Big Fish","player_choice":"Donut","floor":2.0,"gold_loss":0.0,"damage_taken":0.0},{"damage_healed":0.0,"max_hp_gain":0.0,"max_hp_loss":0.0,"gold_gain":75.0,"event_name":"World of Goop","player_choice":"Gather Gold","floor":3.0,"gold_loss":0.0,"damage_taken":11.0},{"damage_healed":0.0,"max_hp_gain":0.0,"max_hp_loss":0.0,"gold_gain":0.0,"event_name":"Shining Light","player_choice":"Entered Light","floor":4.0,"gold_loss":0.0,"damage_taken":25.0,"cards_upgraded":["Negative_Energy_Arrows","Defend_W"]},{"damage_healed":0.0,"max_hp_gain":0.0,"max_hp_loss":0.0,"gold_gain":0.0,"cards_transformed":["Strike_W"],"event_name":"Transmorgrifier","player_choice":"Transformed","floor":7.0,"gold_loss":0.0,"damage_taken":0.0,"cards_obtained":["Death_Knell"]},{"damage_healed":0.0,"max_hp_gain":0.0,"max_hp_loss":0.0,"gold_gain":0.0,"event_name":"Nest","player_choice":"Joined the Cult","floor":19.0,"gold_loss":0.0,"damage_taken":6.0,"cards_obtained":["RitualDagger"]},{"damage_healed":17.0,"max_hp_gain":0.0,"max_hp_loss":0.0,"gold_gain":0.0,"event_name":"The Library","player_choice":"Heal","floor":21.0,"gold_loss":0.0,"damage_taken":0.0}],"is_beta":false,"boss_relics":[{"not_picked":["Black Star","SlaversCollar"],"picked":"Philosopher\u0027s Stone"}],"items_purged_floors":[13],"is_endless":false,"potions_floor_spawned":[1,5,18,22],"killed_by":"Slavers","ascension_level":20}}