{"host":"nozk9xg7ssf2drdi","time":1611889608,"event":{"mods":["BaseMod","Colored Map","Minty Spire (QoL Compilation)","Relic Stats","Slay the Relics Exporter","StSLib","everything is the same but u backflip on backflip"],"gold_per_floor":[219,219,229,1,1,1,45,75,75,88,88,88],"floor_reached":11,"language":"ENG","playtime":1961,"items_purged":[],"score":146,"play_id":"377cb397-909d-491b-a591-19b8ce1280e6","local_time":"20210128210648","is_ascension_mode":true,"campfire_choices":[{"data":"Wish","floor":6,"key":"SMITH"}],"circlet_count":0,"master_deck":["AscendersBane","Strike_P","Strike_P","Strike_P","Strike_P","Defend_P","Defend_P","Defend_P","Defend_P","Eruption","Vigilance","Halt","Wish+1","Metamorphosis","Protect","CutThroughFate"],"relics":["PureWater","Bottled Lightning","Potion Belt"],"acts_visited":["Exordium"],"potions_floor_usage":[8],"damage_taken":[{"damage":14,"enemies":"2 Louse","floor":1,"turns":3},{"damage":0,"enemies":"Cultist","floor":3,"turns":4},{"damage":4,"enemies":"Jaw Worm","floor":7,"turns":6},{"damage":22,"enemies":"Gremlin Nob","floor":8,"turns":3},{"damage":15,"enemies":"Lots of Slimes","floor":10,"turns":4},{"damage":27,"enemies":"3 Sentries","floor":11,"turns":15}],"seed_played":"3802557972743232680","potions_obtained":[{"floor":3,"key":"DistilledChaos"}],"is_trial":false,"path_per_floor":["M","?","M","$","?","R","M","E","T","M","E"],"character_chosen":"WATCHER","items_purchased":["Metamorphosis","Protect"],"campfire_rested":0,"item_purchase_floors":[4,4],"current_hp_per_floor":[47,68,68,68,68,68,64,42,42,27,0,0],"gold":88,"neow_bonus":"HUNDRED_GOLD","is_daily":false,"chose_seed":false,"campfire_upgraded":1,"win_rate":0.0,"timestamp":1611889608,"path_taken":["M","?","M","$","?","R","M","E","T","M","E"],"items_purchased_type":["Card","Card"],"build_version":"2020-12-22","purchased_purges":0,"victory":false,"max_hp_per_floor":[68,68,68,68,68,68,68,68,68,68,68,68],"relic_stats":{"counters":[6,35],"obtain_stats":[{"Potion Belt":9,"Bottled Lightning":8,"PureWater":0},{"Potion Belt":4,"Bottled Lightning":4,"PureWater":0},{"Potion Belt":16,"Bottled Lightning":16,"PureWater":0}]},"card_choices":[{"not_picked":["Prostrate","PathToVictory"],"picked":"Halt","floor":1},{"not_picked":["Evaluate","EmptyFist"],"picked":"Wish","floor":3},{"not_picked":["FlyingSleeves","SignatureMove","JustLucky"],"picked":"SKIP","floor":7},{"not_picked":["Sanctity","Evaluate"],"picked":"CutThroughFate","floor":8},{"not_picked":["MentalFortress","BattleHymn","Nirvana"],"picked":"SKIP","floor":10}],"player_experience":6006326,"relics_obtained":[{"floor":8,"key":"Bottled Lightning"},{"floor":9,"key":"Potion Belt"}],"event_choices":[{"damage_healed":22,"gold_gain":0,"player_choice":"Banana","damage_taken":0,"max_hp_gain":0,"max_hp_loss":0,"event_name":"Big Fish","floor":2,"gold_loss":0},{"damage_healed":0,"gold_gain":0,"player_choice":"Ignored","damage_taken":0,"max_hp_gain":0,"max_hp_loss":0,"event_name":"Liars Game","floor":5,"gold_loss":0}],"is_beta":false,"boss_relics":[],"items_purged_floors":[],"is_endless":false,"potions_floor_spawned":[3],"killed_by":"3 Sentries","ascension_level":20}}