{"host":"z9a4j4a70g1iinja","time":1611963869,"event":{"mods":["BaseMod","Better Note","Colored Map","Colored Powertips","Downfall","Minty Spire (QoL Compilation)","Quick Restart","Rare Cards Sparkle","StSLib"],"gold_per_floor":[111,131,62,27,42,70,70,70,119,119,130,130,142,69,69,167,167,182,29,29,28,43,68,68,68,120,133,18,51,63,63,63,63,63],"floor_reached":33,"language":"ENG","playtime":1413,"items_purged":["Defend_B"],"score":285,"play_id":"8cdec411-2426-4ff1-a7d8-0289263cfaf8","local_time":"20210129184429","is_ascension_mode":false,"campfire_choices":[{"data":"Zap","floor":7,"key":"SMITH"},{"data":"Dualcast","floor":10,"key":"SMITH"},{"data":"Glacier","floor":12,"key":"SMITH"},{"data":"Leap","floor":15,"key":"SMITH"},{"floor":25,"key":"REST"},{"floor":32,"key":"REST"}],"circlet_count":0,"master_deck":["Strike_B","Strike_B","Strike_B+1","Defend_B","Defend_B","Zap+1","Dualcast+1","Creative AI","Glacier+1","Self Repair","FTL","Leap+1","Streamline+1","Doom and Gloom","Multi-Cast+1","White Noise+1","Chaos+1","Electrodynamics","Force Field+1","Chill","Scrape","BootSequence","All For One"],"relics":["Cracked Core","Unceasing Top","Pear","Whetstone","Empty Cage","Membership Card","Bottled Tornado","GremlinMask","Toy Ornithopter","Pen Nib"],"acts_visited":["Exordium","TheCity"],"potions_floor_usage":[6,23,23,27,33],"damage_taken":[{"damage":0,"enemies":"Cultist","floor":1,"turns":3},{"damage":0,"enemies":"Small Slimes","floor":2,"turns":3},{"damage":0,"enemies":"Jaw Worm","floor":5,"turns":3},{"damage":25,"enemies":"3 Sentries","floor":6,"turns":11},{"damage":5,"enemies":"Exordium Thugs","floor":11,"turns":6},{"damage":5,"enemies":"Lots of Slimes","floor":13,"turns":3},{"damage":12,"enemies":"The Guardian","floor":16,"turns":11},{"damage":19,"enemies":"3 Byrds","floor":18,"turns":5},{"damage":11,"enemies":"2 Thieves","floor":21,"turns":4},{"damage":26,"enemies":"Chosen and Byrds","floor":22,"turns":7},{"damage":23,"enemies":"Gremlin Leader","floor":23,"turns":6},{"damage":7,"enemies":"Snake Plant","floor":27,"turns":4},{"damage":42,"enemies":"Book of Stabbing","floor":29,"turns":7},{"damage":20,"enemies":"Shelled Parasite and Fungi","floor":30,"turns":7},{"damage":55,"enemies":"Automaton","floor":33,"turns":6}],"seed_played":"-2671268498517541292","potions_obtained":[{"floor":1,"key":"GamblersBrew"},{"floor":2,"key":"Ancient Potion"},{"floor":16,"key":"FocusPotion"},{"floor":18,"key":"LiquidBronze"},{"floor":21,"key":"Guardian:BlockOnCardUsePotion"},{"floor":30,"key":"champ:CounterPotion"}],"is_trial":false,"path_per_floor":["M","M","$","?","M","E","R","T","T","R","M","R","M","$","R","B",null,"M","$","?","M","M","E","?","R","T","M","$","E","M","?","R","B"],"character_chosen":"DEFECT","items_purchased":["FTL","Doom and Gloom","Membership Card","Chill","Scrape"],"campfire_rested":2,"item_purchase_floors":[3,14,19,28,28],"current_hp_per_floor":[75,75,75,75,75,57,57,67,67,67,69,69,71,71,71,66,85,73,73,73,69,50,34,34,59,59,64,64,29,16,16,41,0,0],"gold":63,"neow_bonus":"ONE_RANDOM_RARE_CARD","is_daily":false,"chose_seed":false,"campfire_upgraded":4,"win_rate":0.0,"timestamp":1611963869,"path_taken":["M","M","?","?","M","E","R","?","T","R","M","R","?","$","R","BOSS","M","?","?","M","M","E","?","R","T","M","$","E","M","?","R","BOSS"],"items_purchased_type":["Card","Card","Relic","Card","Card"],"build_version":"2020-12-22","purchased_purges":1,"victory":false,"max_hp_per_floor":[75,75,75,75,75,75,75,85,85,85,85,85,85,85,85,85,85,85,85,85,85,85,85,85,85,85,85,85,85,85,85,85,85,85],"card_choices":[{"not_picked":["Capacitor","Hello World"],"picked":"Glacier","floor":1},{"not_picked":["Gash","Redo"],"picked":"Self Repair","floor":2},{"not_picked":["Consume","Redo"],"picked":"Leap","floor":5},{"not_picked":["Go for the Eyes","Gash"],"picked":"Streamline","floor":6},{"not_picked":["Go for the Eyes","Rebound","Genetic Algorithm"],"picked":"SKIP","floor":11},{"not_picked":["Compile Driver","Coolheaded","Steam"],"picked":"SKIP","floor":13},{"not_picked":["Machine Learning","Amplify"],"picked":"Multi-Cast","floor":16},{"not_picked":["Gash","Sweeping Beam"],"picked":"White Noise+1","floor":18},{"not_picked":["Rebound","Coolheaded"],"picked":"Chaos+1","floor":21},{"not_picked":["Redo","Tempest"],"picked":"Electrodynamics","floor":22},{"not_picked":["Gash","FTL","Machine Learning"],"picked":"SKIP","floor":23},{"not_picked":["Consume","Auto Shields"],"picked":"Force Field+1","floor":27},{"not_picked":["Conserve Battery","Blizzard"],"picked":"BootSequence","floor":29},{"not_picked":["Redo","Rip and Tear","Go for the Eyes+1"],"picked":"SKIP","floor":30}],"player_experience":6888,"relics_obtained":[{"floor":6,"key":"Unceasing Top"},{"floor":8,"key":"Pear"},{"floor":9,"key":"Whetstone"},{"floor":23,"key":"Bottled Tornado"},{"floor":26,"key":"Toy Ornithopter"},{"floor":29,"key":"Pen Nib"}],"event_choices":[{"damage_healed":0,"gold_gain":0,"player_choice":"Left Gold","damage_taken":0,"max_hp_gain":0,"max_hp_loss":0,"event_name":"World of Goop","floor":4,"gold_loss":35},{"damage_healed":0,"gold_gain":0,"player_choice":"Forge","damage_taken":0,"max_hp_gain":0,"max_hp_loss":0,"event_name":"Accursed Blacksmith","floor":20,"gold_loss":0,"cards_upgraded":["Multi-Cast"]},{"damage_healed":0,"gold_gain":0,"player_choice":"Trade","damage_taken":0,"relics_obtained":["GremlinMask"],"max_hp_gain":0,"max_hp_loss":0,"event_name":"FaceTrader","floor":24,"gold_loss":0},{"cards_removed":["Electrodynamics"],"damage_healed":0,"gold_gain":0,"player_choice":"Take \u0026 Give","damage_taken":0,"max_hp_gain":0,"max_hp_loss":0,"event_name":"betterNote:BetterNote","floor":31,"gold_loss":0,"cards_obtained":["All For One"]}],"is_beta":false,"boss_relics":[{"not_picked":["Astrolabe","Black Star"],"picked":"Empty Cage"}],"items_purged_floors":[28],"is_endless":false,"potions_floor_spawned":[1,2,16,18,21,30],"killed_by":"Automaton","ascension_level":0}}