{"host":"l2xo1ry2dtjh5eh4","time":1611948198,"event":{"mods":["BaseMod","Colored Powertips","GifTheSpireLib","Minty Spire (QoL Compilation)","StSLib","The Animator","slay the spire mod where everything is the same but ironclad has a cowboy hat"],"gold_per_floor":[127,92,92,107,117,117,142,142,196,196,225,240,260,48,48,146,171,184,184,209,220,230,230,247,303,328,360,360,376,396,419,419,515,540,557,73,73,144,25,79,95,110,161,180,230,230,230,25,25,25],"floor_reached":51,"language":"ENG","playtime":3444,"items_purged":["animator:Strike"],"score":756,"play_id":"8d8bf2b2-d35e-49a2-8dca-162d5739a978","local_time":"20210129202318","is_ascension_mode":false,"campfire_choices":[{"data":"animator:ElricEdward","floor":6,"key":"SMITH"},{"data":"animator:Kazuma","floor":8,"key":"SMITH"},{"data":"animator:Megumin","floor":10,"key":"SMITH"},{"data":"animator:Darkness","floor":15,"key":"SMITH"},{"data":"animator:Biyorigo","floor":23,"key":"SMITH"},{"floor":28,"key":"REST"},{"data":"animator:YunYun","floor":32,"key":"SMITH"},{"data":"animator:Darkness","floor":46,"key":"SMITH"},{"data":"animator:Togame","floor":49,"key":"SMITH"}],"circlet_count":0,"master_deck":["animator:Strike_Konosuba","animator:Defend_Konosuba","animator:Strike","animator:Strike","animator:Defend","animator:Defend","animator:Defend","animator:Kazuma+1","animator:Aqua","animator:Biyorigo+1","animator:Vanir","animator:ElricEdward+1","animator:Vanir","animator:Megumin+20","animator:Raven","animator:Darkness+1","animator:Gilgamesh+10","animator:ElricAlphonse","animator:Kazuma","animator:UneriGinkaku+1","animator:Aqua","animator:YunYun+1","animator:Patchouli","animator:Togame+1","animator:IchigoKurosaki","animator:MaesHughes","animator:Verdia","animator:Curse_Greed","animator:Darkness+1","animator:HigakiRinne"],"relics":["animator:LivingPicture","animator:TheMissingPiece","CloakClasp","Lizard Tail","Art of War","Strawberry","Busted Crown","GremlinMask","CaptainsWheel","Blue Candle","Cursed Key","Anchor","Ice Cream","Vajra","Bag of Marbles","Orichalcum","Red Mask"],"acts_visited":["Exordium","TheCity","TheBeyond"],"potions_floor_usage":[13,13,22,25,29,31,35,40,40,45,50,50],"damage_taken":[{"damage":10,"enemies":"Jaw Worm","floor":1,"turns":7},{"damage":0,"enemies":"2 Louse","floor":4,"turns":3},{"damage":0,"enemies":"Cultist","floor":5,"turns":4},{"damage":15,"enemies":"Lagavulin","floor":7,"turns":8},{"damage":3,"enemies":"3 Louse","floor":11,"turns":2},{"damage":0,"enemies":"2 Fungi Beasts","floor":12,"turns":3},{"damage":0,"enemies":"Exordium Wildlife","floor":13,"turns":2},{"damage":26,"enemies":"Slime Boss","floor":16,"turns":12},{"damage":4,"enemies":"2 Thieves","floor":18,"turns":4},{"damage":0,"enemies":"Spheric Guardian","floor":21,"turns":3},{"damage":2,"enemies":"3 Cultists","floor":22,"turns":3},{"damage":19,"enemies":"Sentry and Sphere","floor":24,"turns":6},{"damage":17,"enemies":"Book of Stabbing","floor":25,"turns":5},{"damage":0,"enemies":"Centurion and Healer","floor":27,"turns":5},{"damage":3,"enemies":"Snake Plant","floor":29,"turns":3},{"damage":5,"enemies":"3 Cultists","floor":30,"turns":4},{"damage":0,"enemies":"Shelled Parasite and Fungi","floor":31,"turns":4},{"damage":89,"enemies":"Automaton","floor":33,"turns":11},{"damage":6,"enemies":"3 Shapes","floor":35,"turns":3},{"damage":15,"enemies":"2 Orb Walkers","floor":38,"turns":4},{"damage":1,"enemies":"Reptomancer","floor":40,"turns":6},{"damage":8,"enemies":"Orb Walker","floor":41,"turns":3},{"damage":6,"enemies":"Writhing Mass","floor":42,"turns":6},{"damage":0,"enemies":"Sphere and 2 Shapes","floor":44,"turns":2},{"damage":0,"enemies":"Nemesis","floor":45,"turns":5},{"damage":44,"enemies":"Donu and Deca","floor":50,"turns":9}],"seed_played":"-7820046884324090612","potions_obtained":[{"floor":4,"key":"Explosive Potion"},{"floor":5,"key":"LiquidBronze"},{"floor":7,"key":"PowerPotion"},{"floor":12,"key":"animator:FalseLifePotion"},{"floor":16,"key":"SpeedPotion"},{"floor":21,"key":"Explosive Potion"},{"floor":22,"key":"LiquidMemories"},{"floor":25,"key":"Weak Potion"},{"floor":33,"key":"LiquidMemories"},{"floor":38,"key":"DuplicationPotion"},{"floor":41,"key":"Swift Potion"},{"floor":44,"key":"SteroidPotion"},{"floor":45,"key":"animator:FalseLifePotion"}],"is_trial":false,"path_per_floor":["M","?","?","M","M","R","E","R","T","R","M","M","M","$","R","B",null,"M","?","?","M","M","R","M","E","T","M","R","M","M","M","R","B",null,"M","$","?","?","$","E","M","M","T","M","E","R","?","?","R","B",null],"character_chosen":"THE_ANIMATOR","items_purchased":["animator:Darkness","Strawberry","animator:Patchouli","Anchor","animator:Togame","Regen Potion","animator:Verdia"],"campfire_rested":1,"item_purchase_floors":[14,14,36,36,36,39,39],"current_hp_per_floor":[56,66,63,65,65,65,52,52,52,52,51,53,55,62,62,38,74,70,70,70,72,72,72,55,40,40,42,64,63,60,64,64,21,74,70,70,70,59,59,74,66,62,62,64,68,68,59,59,59,19],"gold":25,"neow_bonus":"ONE_RANDOM_RARE_CARD","is_daily":false,"chose_seed":false,"campfire_upgraded":8,"win_rate":0.0,"timestamp":1611948198,"path_taken":["M","?","?","M","M","R","E","R","T","R","M","M","M","$","R","BOSS","M","?","?","M","M","R","M","E","T","M","R","?","M","M","R","BOSS","M","$","?","?","$","E","M","M","T","?","E","R","?","?","R","BOSS"],"items_purchased_type":["Card","Relic","Card","Relic","Card","Potion","Card"],"build_version":"2020-12-22","purchased_purges":1,"victory":true,"max_hp_per_floor":[66,66,66,66,66,66,67,67,67,67,67,67,67,74,74,74,74,74,74,74,74,74,74,74,74,74,74,74,74,74,74,74,74,74,74,74,74,74,74,74,74,74,74,74,74,74,74,74,74,74],"card_choices":[{"not_picked":["animator:OrikoMikuni","animator:Verdia"],"picked":"animator:Vanir","floor":1},{"not_picked":["animator:Verdia","animator:SakuraMatou"],"picked":"animator:ElricEdward","floor":4},{"not_picked":["animator:Raven","animator:Berserker"],"picked":"animator:Vanir","floor":5},{"not_picked":["animator:YunYun","animator:Chris"],"picked":"animator:Megumin","floor":7},{"not_picked":["animator:Illya","animator:Verdia"],"picked":"animator:Raven","floor":11},{"not_picked":["animator:Assassin","animator:Hitei","animator:ZankiKiguchi"],"picked":"SKIP","floor":12},{"not_picked":["animator:ElricEdward","animator:SuzuneAmano","animator:Berserker"],"picked":"SKIP","floor":13},{"not_picked":["animator:Envy","animator:Biyorigo"],"picked":"animator:Gilgamesh","floor":16},{"not_picked":[],"picked":"animator:Megumin","floor":18},{"not_picked":[],"picked":"animator:ElricAlphonse","floor":21},{"not_picked":["animator:Ciel"],"picked":"SKIP","floor":22},{"not_picked":["animator:Ciel"],"picked":"SKIP","floor":22},{"not_picked":["animator:Azekura+1"],"picked":"SKIP","floor":24},{"not_picked":[],"picked":"animator:Kazuma","floor":25},{"not_picked":[],"picked":"animator:UneriGinkaku+1","floor":27},{"not_picked":["animator:MamiTomoe"],"picked":"SKIP","floor":29},{"not_picked":[],"picked":"animator:Aqua","floor":30},{"not_picked":[],"picked":"animator:YunYun","floor":31},{"not_picked":["animator:Konayuki+1"],"picked":"SKIP","floor":35},{"not_picked":[],"picked":"animator:IchigoKurosaki","floor":37},{"not_picked":[],"picked":"animator:MaesHughes","floor":38},{"not_picked":["animator:MaesHughes"],"picked":"SKIP","floor":40},{"not_picked":["animator:YunYun"],"picked":"SKIP","floor":41},{"not_picked":["animator:MaesHughes"],"picked":"SKIP","floor":44},{"not_picked":[],"picked":"animator:Darkness","floor":45}],"player_experience":145816,"relics_obtained":[{"floor":7,"key":"Lizard Tail"},{"floor":9,"key":"Art of War"},{"floor":25,"key":"CaptainsWheel"},{"floor":26,"key":"Blue Candle"},{"floor":38,"key":"Ice Cream"},{"floor":40,"key":"Vajra"},{"floor":43,"key":"Bag of Marbles"},{"floor":45,"key":"Orichalcum"}],"event_choices":[{"damage_healed":16,"gold_gain":0,"player_choice":"Healed","damage_taken":0,"max_hp_gain":0,"max_hp_loss":0,"event_name":"The Cleric","floor":2,"gold_loss":35},{"damage_healed":0,"gold_gain":0,"player_choice":"Success","damage_taken":3,"relics_obtained":["CloakClasp"],"max_hp_gain":0,"max_hp_loss":0,"event_name":"Scrap Ooze","floor":3,"gold_loss":0},{"damage_healed":0,"gold_gain":0,"player_choice":"Ignored","damage_taken":0,"max_hp_gain":0,"max_hp_loss":0,"event_name":"Vampires","floor":19,"gold_loss":0},{"damage_healed":0,"gold_gain":0,"player_choice":"Trade","damage_taken":0,"relics_obtained":["GremlinMask"],"max_hp_gain":0,"max_hp_loss":0,"event_name":"FaceTrader","floor":20,"gold_loss":0},{"damage_healed":0,"gold_gain":0,"player_choice":"Memory 1","damage_taken":0,"max_hp_gain":0,"max_hp_loss":0,"event_name":"SensoryStone","floor":37,"gold_loss":0},{"damage_healed":0,"gold_gain":0,"player_choice":"Fight","damage_taken":0,"max_hp_gain":0,"max_hp_loss":0,"event_name":"Mysterious Sphere","floor":38,"gold_loss":0},{"damage_healed":0,"gold_gain":0,"player_choice":"Embrace Madness","damage_taken":9,"max_hp_gain":0,"max_hp_loss":0,"event_name":"Winding Halls","floor":47,"gold_loss":0,"cards_obtained":["animator:HigakiRinne"]},{"damage_healed":0,"gold_gain":0,"player_choice":"Paid","damage_taken":0,"relics_obtained":["Red Mask"],"max_hp_gain":0,"max_hp_loss":0,"event_name":"Tomb of Lord Red Mask","floor":48,"gold_loss":230}],"is_beta":false,"boss_relics":[{"not_picked":["Tiny House","SlaversCollar"],"picked":"Busted Crown"},{"not_picked":["Runic Dome","Empty Cage"],"picked":"Cursed Key"}],"items_purged_floors":[36],"is_endless":false,"potions_floor_spawned":[4,5,7,12,16,21,22,25,33,38,41,44,45],"ascension_level":0}}