{"host":"bx8ylsmj2ob6hd5u","time":1611937462,"event":{"mods":["AchievementEnabler","Act Like it!","Aspiration","BaseMod","Colored Map","Downfall","Duelist Mod","Friendly Minions","Gensokyo","GifTheSpireLib","Hallownest","Hermit","HololiveMod","Hubris","Infinite Spire","Jorbs\u0027s Wanderer Trilogy","KinomotoSakuraMod(????)","Kiyohime????","Koishi","KomeijiMod","Lobotomy","LobotomyExtend","Marisa????????","Minty Spire (QoL Compilation)","Prisma Mod","Rare Cards Sparkle","Reimu??????","Remilia??????","Replay The Spire","StSLib","Td1madao Mod","The Administrix","The Animator","The Bug Knight","The Construct","The Cursed","The Disciple","The Hierophant","The Necromancer","The Poker Player","The Runesmith","The Senshi","The Servant 0.9.4","WarShipGirlsR/????R mod"],"gold_per_floor":[215,315,315,327,344,344,362,362,362,195,195,195,195,213,213,312,312,332,332,350,350,260,260,270,281,327,327,77,77,77,91,91,91,91],"floor_reached":33,"language":"ENG","playtime":2583,"items_purged":["hubris:Greed","animator:Curse_Greed","Amnesia"],"score":237,"play_id":"522f29fa-eca4-441f-9973-0d2a4531b5d2","local_time":"20210129182422","is_ascension_mode":false,"campfire_choices":[{"data":"AdministrixMod:BattleforgedBonds","floor":6.0,"key":"SMITH"},{"data":"AdministrixMod:FaithfulFlames","floor":8.0,"key":"SMITH"},{"data":"AdministrixMod:ArmillarySphere","floor":11.0,"key":"SMITH"},{"data":"AdministrixMod:BloodBargain","floor":15.0,"key":"SMITH"},{"data":"AdministrixMod:BishamonBlessing","floor":23.0,"key":"SMITH"},{"floor":27.0,"key":"REST"},{"floor":30,"key":"REST"},{"data":"AdministrixMod:JustRewards","floor":32,"key":"SMITH"}],"circlet_count":0,"master_deck":["AdministrixMod:Strike_Administrix","AdministrixMod:Strike_Administrix","AdministrixMod:Strike_Administrix","AdministrixMod:Strike_Administrix","AdministrixMod:RedCloak","AdministrixMod:Defend_Administrix","AdministrixMod:Defend_Administrix","AdministrixMod:Defend_Administrix","AdministrixMod:Defend_Administrix","AdministrixMod:BlueCloak","AdministrixMod:BishamonBlessing+1","Clumsy","AdministrixMod:BattleforgedBonds+1","AdministrixMod:ArmillarySphere+1","AdministrixMod:BloodBargain+1","AdministrixMod:FaithfulFlames+1","Bandage Up","AdministrixMod:PlateOfAntiquity","AdministrixMod:GirlsDoItBetter+1","AdministrixMod:JustRewards+1","AdministrixMod:DreamsMausoleum","Pride","AdministrixMod:ExtolVirtue","AdministrixMod:Metempsychosis+1","Languid","AdministrixMod:SealAway+1"],"relics":["AdministrixMod:ConductorRitualBaton","LetterFromLob","downfall:ExtraCursedKey","AdministrixMod:AbandonedRose","AdministrixMod:PrescriptionBottle","infinitespire:Cupcake","ChewingGum","MealTicket","GreatHeart","Happy Flower","ClockworkSouvenir"],"acts_visited":["Exordium","TheCity"],"potions_floor_usage":[29,29,31,33],"damage_taken":[{"damage":1.0,"enemies":"2 Louse","floor":1.0,"turns":2.0},{"damage":0.0,"enemies":"Cultist","floor":4.0,"turns":3.0},{"damage":4.0,"enemies":"Jaw Worm","floor":5.0,"turns":4.0},{"damage":4.0,"enemies":"Blue Slaver","floor":7.0,"turns":3.0},{"damage":7.0,"enemies":"Looter","floor":14.0,"turns":3.0},{"damage":23.0,"enemies":"Fading Forest","floor":16.0,"turns":11.0},{"damage":10.0,"enemies":"Shell Parasite","floor":18.0,"turns":4.0},{"damage":8.0,"enemies":"2 Thieves","floor":20.0,"turns":4.0},{"damage":39.0,"enemies":"Snake Plant","floor":24.0,"turns":5.0},{"damage":24.0,"enemies":"3 Cultists","floor":25.0,"turns":6.0},{"damage":0,"enemies":"Shelled Parasite and Fungi","floor":29,"turns":1},{"damage":2,"enemies":"Snecko","floor":31,"turns":6},{"damage":91,"enemies":"hubris:MusketHawk","floor":33,"turns":11}],"seed_played":"-6302241656126587481","potions_obtained":[{"floor":4.0,"key":"hexamod:SoulburnPotion"},{"floor":7.0,"key":"SpeedPotion"},{"floor":20.0,"key":"sneckomod:MuddlingPotion"},{"floor":24.0,"key":"SkillPotion"},{"floor":25.0,"key":"EntropicBrew"}],"is_trial":false,"path_per_floor":["M","?","?","M","M","R","M","R","T","$","R","M","?","M","R","B",null,"M","AVR","M","?","?","R","M","M","T","R","$","M","R","M","R","B"],"character_chosen":"TheAdministrix","items_purchased":["Bandage Up","ClockworkSouvenir"],"campfire_rested":2,"item_purchase_floors":[10,28],"current_hp_per_floor":[64,69,69,69,65,65,61,61,61,61,61,61,61,58,58,47,70,64,64,60,60,60,60,25,5,5,26,41,41,62,60,60,0,0],"gold":91,"neow_bonus":"HUNDRED_GOLD","is_daily":false,"chose_seed":false,"campfire_upgraded":6,"win_rate":0.0,"timestamp":1611937462,"path_taken":["M","?","?","M","M","R","?","R","T","$","R","M","?","M","R","BOSS","M","AVR","M","?","?","R","M","?","T","R","?","M","R","M","R","BOSS"],"items_purchased_type":["Card","Relic"],"build_version":"2020-12-22","purchased_purges":3,"victory":false,"max_hp_per_floor":[65,70,70,70,70,70,70,70,70,70,70,70,70,70,70,70,70,70,70,70,70,70,70,70,70,70,70,70,70,70,70,70,70,70],"card_choices":[{"not_picked":["AdministrixMod:CrackingPangu","AdministrixMod:PlateOfAntiquity"],"picked":"AdministrixMod:BishamonBlessing","floor":1.0},{"not_picked":["AdministrixMod:LightOfYourLife","AdministrixMod:ShadowPlay"],"picked":"AdministrixMod:ArmillarySphere","floor":4.0},{"not_picked":["AdministrixMod:ImmortalGrace","AdministrixMod:Overdrive"],"picked":"AdministrixMod:BloodBargain","floor":5.0},{"not_picked":["AdministrixMod:XianArts","AdministrixMod:NoblePath"],"picked":"AdministrixMod:FaithfulFlames","floor":7.0},{"not_picked":["AdministrixMod:SyncreticSurge","AdministrixMod:DiversionaryTactic"],"picked":"AdministrixMod:PlateOfAntiquity","floor":14.0},{"not_picked":["AdministrixMod:ImmortalClarity","AdministrixMod:NewbornDivinity"],"picked":"AdministrixMod:GirlsDoItBetter","floor":16.0},{"not_picked":["AdministrixMod:PlateOfAntiquity","AdministrixMod:DiversionaryTactic"],"picked":"AdministrixMod:JustRewards","floor":18.0},{"not_picked":["AdministrixMod:FiendishCrimson","AdministrixMod:TouchOfCinnabar"],"picked":"AdministrixMod:DreamsMausoleum","floor":20.0},{"not_picked":["AdministrixMod:ImmortalGrace","AdministrixMod:ShadowPlay"],"picked":"AdministrixMod:ExtolVirtue","floor":24.0},{"not_picked":["AdministrixMod:FuneraryRites","AdministrixMod:PassageOfAges"],"picked":"AdministrixMod:Metempsychosis+1","floor":25.0},{"not_picked":["AdministrixMod:ShadowPlay","AdministrixMod:Transition"],"picked":"AdministrixMod:SealAway+1","floor":31}],"player_experience":1500689,"relics_obtained":[{"floor":1.0,"key":"LetterFromLob"},{"floor":3.0,"key":"AdministrixMod:AbandonedRose"},{"floor":9.0,"key":"AdministrixMod:PrescriptionBottle"},{"floor":26.0,"key":"Happy Flower"}],"event_choices":[{"damage_healed":0.0,"max_hp_gain":0.0,"max_hp_loss":0.0,"gold_gain":0.0,"event_name":"Wheel of Change","player_choice":"Relic","floor":3.0,"gold_loss":0.0,"damage_taken":0.0},{"cards_removed":["Lonely"],"damage_healed":0.0,"max_hp_gain":0.0,"max_hp_loss":0.0,"gold_gain":0.0,"event_name":"Designer","player_choice":"Upgrade and Remove","floor":22.0,"gold_loss":90.0,"damage_taken":0.0,"cards_upgraded":["AdministrixMod:GirlsDoItBetter"]}],"is_beta":false,"boss_relics":[{"not_picked":["Replay:Bronze Core","Abe\u0027s Treasure"],"picked":"infinitespire:Cupcake"}],"items_purged_floors":[10,19,28],"is_endless":false,"potions_floor_spawned":[4,7,20,24,25],"killed_by":"hubris:MusketHawk","ascension_level":0}}