{"host":"cijhj3091wf4aho3","time":1611895028,"event":{"mods":["BaseMod","Colored Map","Colored Powertips","Downfall","Friendly Minions","GifTheSpireLib","Highlight Path","Minty Spire (QoL Compilation)","Permanent Neow","Random Character Button","Relic Sorter","Relic Stats","StSLib","everything is the same but u backflip on backflip","slay the spire mod where everything is the same but ironclad has a cowboy hat"],"gold_per_floor":[99,111,18,18,37,47,47,47,60,60,45,55,85,99,117,117,117,117],"floor_reached":16,"language":"ENG","playtime":928,"items_purged":[],"score":120,"play_id":"8d50ecc5-5238-46d4-bc80-94baf381c074","local_time":"20210128203708","is_ascension_mode":true,"campfire_choices":[{"data":"bronze:Goto","floor":1,"key":"SMITH"},{"data":"bronze:Boost","floor":8,"key":"SMITH"},{"floor":10,"key":"RECALL"}],"circlet_count":0,"master_deck":["bronze:Strike","bronze:Strike","bronze:Strike","bronze:Strike","bronze:Defend","bronze:Defend","bronze:Defend","bronze:Defend+1","bronze:Replicate","bronze:Goto+1","bronze:Assembly","bronze:CutThrough","bronze:Boost+1","bronze:Boost","bronze:TinkerersToolbox+1","bronze:Philosophize","bronze:Iterate"],"relics":["bronze:BronzeCore","War Paint"],"acts_visited":["Exordium"],"potions_floor_usage":[13,16,16],"damage_taken":[{"damage":3,"enemies":"Jaw Worm","floor":2,"turns":4},{"damage":5,"enemies":"downfall:FleeingMerchant","floor":3,"turns":4},{"damage":0,"enemies":"Cultist","floor":5,"turns":4},{"damage":0,"enemies":"Small Slimes","floor":6,"turns":3},{"damage":7,"enemies":"2 Fungi Beasts","floor":9,"turns":4},{"damage":0,"enemies":"downfall:FleeingMerchant","floor":11,"turns":4},{"damage":0,"enemies":"3 Louse","floor":12,"turns":5},{"damage":25,"enemies":"3 Sentries","floor":13,"turns":9},{"damage":0,"enemies":"Large Slime","floor":14,"turns":7},{"damage":0,"enemies":"2 Fungi Beasts","floor":15,"turns":4},{"damage":63,"enemies":"SI_SHIV_ARCHETYPE","floor":16,"turns":8}],"seed_played":"-4276244285351056253","potions_obtained":[{"floor":4,"key":"bronze:CleanCodePotion"},{"floor":4,"key":"GamblersBrew"},{"floor":4,"key":"DuplicationPotion"},{"floor":12,"key":"DuplicationPotion"},{"floor":13,"key":"FairyPotion"}],"is_trial":false,"path_per_floor":["R","M","$","?","M","M","T","R","M","R","$","M","E","M","M","B"],"character_chosen":"THE_AUTOMATON","items_purchased":["bronze:Boost"],"campfire_rested":0,"item_purchase_floors":[3],"current_hp_per_floor":[70,67,62,62,62,62,62,62,55,55,55,55,30,30,30,0,0,0],"gold":117,"neow_bonus":"ONE_RANDOM_RARE_CARD","is_daily":false,"chose_seed":false,"campfire_upgraded":2,"win_rate":0.0,"timestamp":1611895028,"path_taken":["R","M","$","?","?","M","T","R","M","R","$","M","E","M","M","BOSS"],"items_purchased_type":["Card"],"build_version":"2020-12-22","purchased_purges":0,"victory":false,"max_hp_per_floor":[70,70,70,70,70,70,70,70,70,70,70,70,70,70,70,70,70,70],"relic_stats":{"counters":[11,56],"War Paint":["bronze:TinkerersToolbox","bronze:Defend"],"obtain_stats":[{"bronze:BronzeCore":0,"War Paint":13},{"bronze:BronzeCore":0,"War Paint":8},{"bronze:BronzeCore":0,"War Paint":37}]},"card_choices":[{"not_picked":["bronze:Constructor","bronze:DelayedSlice"],"picked":"bronze:CutThrough","floor":2},{"not_picked":["bronze:Frontload","bronze:BugBarrage","bronze:Branch"],"picked":"SKIP","floor":3},{"not_picked":["bronze:WhirlingStrike","bronze:ForceShield"],"picked":"bronze:Boost","floor":5},{"not_picked":["bronze:DelayedSlice","bronze:Shield","bronze:WildBeam"],"picked":"SKIP","floor":6},{"not_picked":["bronze:FollowUp","bronze:Separator"],"picked":"bronze:TinkerersToolbox","floor":9},{"not_picked":["bronze:Shield","bronze:Turbo","bronze:FindAndReplace"],"picked":"SKIP","floor":11},{"not_picked":["bronze:Repair","bronze:DarkDash","bronze:BronzeOrb"],"picked":"SKIP","floor":12},{"not_picked":["bronze:WhirlingStrike","bronze:Invalidate","bronze:FineTuning"],"picked":"SKIP","floor":13},{"not_picked":["bronze:DelayedGuard","bronze:Shield"],"picked":"bronze:Philosophize","floor":14},{"not_picked":["bronze:BuggyMess","bronze:Separator"],"picked":"bronze:Iterate","floor":15}],"player_experience":529647,"relics_obtained":[{"floor":13,"key":"War Paint"}],"event_choices":[{"damage_healed":0,"gold_gain":0,"player_choice":"Got Potions","damage_taken":0,"max_hp_gain":0,"max_hp_loss":0,"event_name":"Lab","floor":4,"gold_loss":0}],"is_beta":false,"boss_relics":[],"items_purged_floors":[],"is_endless":false,"potions_floor_spawned":[6,12,13,14],"killed_by":"SI_SHIV_ARCHETYPE","ascension_level":3}}