{"host":"l84l8xigz5v5foa2","time":1611938296,"event":{"mods":["2.2 Compatiblity","AchievementEnabler","BaseMod","Better Note","Better Vampires","Card Filter","Colored Map","DeckTracker","Downfall","Gremlin Skip","Highlight Path","Keyboard Shortcuts","Minty Spire (QoL Compilation)","Permanent Neow","Quick Restart","Relic Filter","Relic Stats","StSLib","SuperFastMode","Transform Curses","Unknown Chances"],"gold_per_floor":[119,134,154,254,254,254,81,81,81,81,110,110,140,199,199,277,277,296,310,326,326,216,216,43,43,89,124,138,157,157,190,190,261,261,275,275,285,296,296,329,169,169,169,194,229,229,242,256,256,256,256,256,256],"floor_reached":51,"language":"ENG","playtime":3126,"items_purged":["champ:Defend"],"score":1452,"play_id":"78091ab3-8ed0-4e2a-b150-5e87b0adb3b7","local_time":"20210130013816","is_ascension_mode":true,"campfire_choices":[{"data":"champ:DefensiveShout","floor":6.0,"key":"SMITH"},{"data":"champ:RageSigil","floor":8.0,"key":"SMITH"},{"data":"champ:Taunt","floor":10.0,"key":"SMITH"},{"floor":12.0,"key":"REST"},{"data":"champ:Lariat","floor":15.0,"key":"SMITH"},{"data":"champ:MurderStrike","floor":23.0,"key":"SMITH"},{"data":"champ:HoldFirm","floor":25.0,"key":"SMITH"},{"data":"champ:Duel","floor":30.0,"key":"SMITH"},{"floor":32.0,"key":"REST"},{"floor":42.0,"key":"RECALL"},{"data":"Madness","floor":49,"key":"SMITH"}],"circlet_count":0,"master_deck":["AscendersBane","champ:Strike","champ:Strike","champ:Strike","champ:Defend","champ:Execute","champ:Taunt+1","champ:PerfectedStrike","champ:DefensiveShout+1","champ:GladiatorStyle+1","champ:HoldFirm+1","champ:PerfectedStrike","champ:RageSigil+1","champ:Duel+1","champ:ShieldWall","champ:Lariat+1","champ:MurderStrike+1","champ:FlashCut+1","champ:DefensiveStyle+1","champ:SwordThrow","champ:RisingSlash","champ:PerfectedStrike","champ:Lariat+1","champ:StrikeOfGenius+1","champ:CalledShot+1","champ:StanceDance+1","Madness+1","champ:EnGarde+1","champ:GladiatorStyle+1","champ:RisingSlash","champ:GladiatorStyle+1"],"relics":["Philosopher\u0027s Stone","Champion Belt","Question Card","Sundial","Nunchaku","Frozen Egg 2","expansioncontent:StudyCardRelic","Membership Card","Potion Belt","Omamori","Bottled Tornado","SlaversCollar","Toxic Egg 2","Lee\u0027s Waffle","Thread and Needle","Bottled Flame"],"acts_visited":["Exordium","TheCity","TheBeyond"],"potions_floor_usage":[45,50],"damage_taken":[{"damage":27.0,"enemies":"Jaw Worm","floor":1.0,"turns":4.0},{"damage":10.0,"enemies":"Small Slimes","floor":2.0,"turns":2.0},{"damage":10.0,"enemies":"Cultist","floor":3.0,"turns":3.0},{"damage":44.0,"enemies":"Cultist","floor":4.0,"turns":4.0},{"damage":21.0,"enemies":"Lagavulin","floor":11.0,"turns":6.0},{"damage":10.0,"enemies":"3 Sentries","floor":13.0,"turns":6.0},{"damage":0.0,"enemies":"Gremlin Nob","floor":14.0,"turns":3.0},{"damage":19.0,"enemies":"Slime Boss","floor":16.0,"turns":6.0},{"damage":0.0,"enemies":"Chosen","floor":18.0,"turns":3.0},{"damage":16.0,"enemies":"3 Byrds","floor":19.0,"turns":4.0},{"damage":23.0,"enemies":"Snake Plant","floor":20.0,"turns":3.0},{"damage":10.0,"enemies":"Book of Stabbing","floor":27.0,"turns":4.0},{"damage":0.0,"enemies":"Sentry and Sphere","floor":28.0,"turns":4.0},{"damage":5.0,"enemies":"3 Cultists","floor":29.0,"turns":3.0},{"damage":37.0,"enemies":"Gremlin Leader","floor":31.0,"turns":8.0},{"damage":50.0,"enemies":"Collector","floor":33.0,"turns":10.0},{"damage":0.0,"enemies":"3 Shapes","floor":35.0,"turns":6.0},{"damage":0.0,"enemies":"Orb Walker","floor":37.0,"turns":3.0},{"damage":26.0,"enemies":"Spire Growth","floor":38.0,"turns":5.0},{"damage":37.0,"enemies":"Reptomancer","floor":40.0,"turns":7.0},{"damage":10.0,"enemies":"Mind Bloom Boss Battle","floor":44.0,"turns":4.0},{"damage":30,"enemies":"Nemesis","floor":45,"turns":7},{"damage":15,"enemies":"Writhing Mass","floor":47,"turns":4},{"damage":0,"enemies":"Sphere and 2 Shapes","floor":48,"turns":4},{"damage":15,"enemies":"Time Eater","floor":50,"turns":9},{"damage":56,"enemies":"Donu and Deca","floor":51,"turns":5}],"seed_played":"-8903574232917445343","potions_obtained":[{"floor":1.0,"key":"SkillPotion"},{"floor":11.0,"key":"SkillPotion"},{"floor":13.0,"key":"ColorlessPotion"},{"floor":14.0,"key":"CultistPotion"},{"floor":18.0,"key":"Energy Potion"},{"floor":19.0,"key":"champ:OpenerPotion"},{"floor":31.0,"key":"Strength Potion"},{"floor":33.0,"key":"Weak Potion"},{"floor":38.0,"key":"Energy Potion"},{"floor":40.0,"key":"SpeedPotion"},{"floor":44.0,"key":"Regen Potion"}],"is_trial":false,"path_per_floor":["M","M","M","?","?","R","$","R","T","R","E","R","E","?","R","B",null,"M","M","M","?","?","R","$","R","T","E","M","M","R","E","R","B",null,"M","?","M","M","?","E","$","R","T","?","E","?","M","M","R","B","B"],"character_chosen":"THE_CHAMP","items_purchased":["champ:PerfectedStrike","champ:RageSigil","champ:Duel","Membership Card","Lee\u0027s Waffle","champ:GladiatorStyle+1"],"campfire_rested":2,"item_purchase_floors":[7,7,7,24,41,41],"current_hp_per_floor":[66,66,66,32,32,32,32,32,32,32,31,55,55,55,55,46,72,72,66,43,43,43,43,43,43,43,43,43,38,38,36,60,25,67,67,67,67,41,41,19,88,88,88,88,68,68,53,53,53,53,0,0,0],"gold":256,"neow_bonus":"BOSS_RELIC","is_daily":false,"chose_seed":false,"campfire_upgraded":8,"win_rate":0.0,"timestamp":1611938296,"path_taken":["M","M","M","?","?","R","$","R","T","R","E","R","E","?","R","BOSS","M","M","M","?","?","R","$","R","T","E","M","M","R","E","R","BOSS","M","?","M","M","?","E","$","R","T","?","E","?","M","M","R","BOSS","BOSS"],"items_purchased_type":["Card","Card","Card","Relic","Relic","Card"],"build_version":"2020-12-22","purchased_purges":1,"victory":false,"max_hp_per_floor":[81,81,81,81,81,81,81,81,81,81,81,81,81,81,81,81,81,81,81,81,81,81,81,81,81,81,81,81,81,81,81,81,81,81,81,81,81,81,81,81,88,88,88,88,88,84,84,84,84,84,84,84,84],"relic_stats":{"Nunchaku":[21],"Lee\u0027s Waffle":69,"counters":[26,127],"Sundial":[6],"Champion Belt":[8],"Question Card":21,"obtain_stats":[{"Potion Belt":26,"Lee\u0027s Waffle":41,"champ:ChampionCrown":0,"Thread and Needle":44,"expansioncontent:StudyCardRelic":17,"Omamori":27,"Frozen Egg 2":14,"Bottled Tornado":31,"Question Card":9,"SlaversCollar":34,"Nunchaku":13,"Bottled Flame":45,"Sundial":11,"Philosopher\u0027s Stone":0,"Champion Belt":4,"Membership Card":24,"Toxic Egg 2":40},{"Potion Belt":11,"Lee\u0027s Waffle":20,"champ:ChampionCrown":0,"Thread and Needle":21,"expansioncontent:StudyCardRelic":8,"Omamori":12,"Frozen Egg 2":7,"Bottled Tornado":15,"Question Card":4,"SlaversCollar":16,"Nunchaku":6,"Bottled Flame":22,"Sundial":5,"Philosopher\u0027s Stone":0,"Champion Belt":4,"Membership Card":11,"Toxic Egg 2":20},{"Potion Belt":44,"Lee\u0027s Waffle":94,"champ:ChampionCrown":0,"Thread and Needle":98,"expansioncontent:StudyCardRelic":34,"Omamori":48,"Frozen Egg 2":28,"Bottled Tornado":63,"Question Card":13,"SlaversCollar":73,"Nunchaku":25,"Bottled Flame":105,"Sundial":19,"Philosopher\u0027s Stone":0,"Champion Belt":13,"Membership Card":44,"Toxic Egg 2":94}]},"card_choices":[{"not_picked":["champ:DefensiveShout","champ:Circumvent"],"picked":"champ:PerfectedStrike","floor":1.0},{"not_picked":["champ:CrownThrow","champ:Haymaker"],"picked":"champ:DefensiveShout","floor":2.0},{"not_picked":["champ:CrownThrow","champ:FanOfKnives"],"picked":"champ:GladiatorStyle","floor":3.0},{"not_picked":["champ:SetATrap","champ:StanceDance"],"picked":"champ:HoldFirm","floor":4.0},{"not_picked":["champ:FaceSlap","champ:FalseCounter","champ:TornadoPunch"],"picked":"champ:ShieldWall","floor":11.0},{"not_picked":["champ:BladeFlurry","champ:ShieldSigil","champ:BringItOn","champ:DefensiveShout"],"picked":"SKIP","floor":13.0},{"not_picked":["champ:FocusedBerserking","champ:Circumvent","champ:Duel"],"picked":"champ:Lariat","floor":14.0},{"not_picked":["champ:SteelEdge","champ:DancingMaster+1","champ:CheapShot"],"picked":"champ:MurderStrike","floor":16.0},{"not_picked":["champ:EnGarde","champ:Backstep","champ:RisingSlash"],"picked":"champ:FlashCut+1","floor":18.0},{"not_picked":["champ:Haymaker","champ:CrownThrow","champ:BringItOn","champ:EnragedBash+1"],"picked":"SKIP","floor":19.0},{"not_picked":["champ:BerserkersShout","champ:BringItOn","champ:DefensiveShout","champ:PreemptiveStrike"],"picked":"SKIP","floor":20.0},{"not_picked":["champ:Endure","champ:TornadoPunch","champ:CrownThrow"],"picked":"champ:RisingSlash","floor":27.0},{"not_picked":["champ:GladiatorStyle+1","champ:HeavySlash","champ:CalledShot","champ:Shatter"],"picked":"SKIP","floor":28.0},{"not_picked":["champ:EnGarde","champ:CalledShot+1","champ:Backstep"],"picked":"champ:PerfectedStrike","floor":29.0},{"not_picked":["champ:Endure","champ:LastStand+1","champ:ShieldWall+1"],"picked":"champ:Lariat+1","floor":31.0},{"not_picked":["champ:EnchantShield","champ:HoldFirm","champ:SwordThrow"],"picked":"champ:StrikeOfGenius+1","floor":33.0},{"not_picked":["champ:FlashCut+1","champ:Endure","champ:DefensiveShout+1"],"picked":"champ:CalledShot+1","floor":35.0},{"not_picked":["champ:TornadoPunch","champ:ShieldSigil","champ:BladeFlurry","champ:FaceSlap+1"],"picked":"SKIP","floor":37.0},{"not_picked":["champ:Shatter","champ:SkillfulDodge","champ:ShieldSigil+1"],"picked":"champ:StanceDance+1","floor":38.0},{"not_picked":["Panacea","Forethought","Mind Blast"],"picked":"Madness","floor":39.0},{"not_picked":["champ:FancyFootwork+1","champ:SkillfulDodge+1","champ:DefensiveShout+1"],"picked":"champ:EnGarde+1","floor":40.0},{"not_picked":["champ:DefensiveShout+1","champ:Shatter","champ:ShieldSlam+1"],"picked":"champ:RisingSlash","floor":44.0},{"not_picked":["champ:GutPunch","champ:Duel","champ:BladeFlurry"],"picked":"champ:GladiatorStyle+1","floor":45},{"not_picked":["champ:Backstep+1","champ:EnchantSword+1","champ:PreemptiveStrike","champ:FaceSlap"],"picked":"SKIP","floor":47},{"not_picked":["champ:IronFortress+1","champ:EndlessRage+1","champ:FalseCounter+1","champ:StanceDance+1"],"picked":"SKIP","floor":48}],"player_experience":3500407,"relics_obtained":[{"floor":4.0,"key":"Champion Belt"},{"floor":9.0,"key":"Question Card"},{"floor":11.0,"key":"Sundial"},{"floor":13.0,"key":"Nunchaku"},{"floor":14.0,"key":"Frozen Egg 2"},{"floor":26.0,"key":"Potion Belt"},{"floor":27.0,"key":"Omamori"},{"floor":31.0,"key":"Bottled Tornado"},{"floor":40.0,"key":"Toxic Egg 2"},{"floor":44.0,"key":"Thread and Needle"},{"floor":45,"key":"Bottled Flame"}],"event_choices":[{"damage_healed":0.0,"max_hp_gain":0.0,"max_hp_loss":0.0,"gold_gain":0.0,"event_name":"Golden Idol","player_choice":"Ignored","floor":5.0,"gold_loss":0.0,"damage_taken":0.0},{"damage_healed":0.0,"max_hp_gain":0.0,"max_hp_loss":0.0,"gold_gain":0.0,"event_name":"Dead Adventurer","player_choice":"Searched \u00271\u0027 times","floor":14.0,"gold_loss":0.0,"damage_taken":0.0},{"damage_healed":0.0,"max_hp_gain":0.0,"max_hp_loss":0.0,"gold_gain":0.0,"cards_transformed":["champ:Defend","champ:Defend"],"event_name":"Drug Dealer","player_choice":"Became Test Subject","floor":21.0,"gold_loss":0.0,"damage_taken":0.0,"cards_obtained":["champ:DefensiveStyle","champ:SwordThrow"]},{"cards_removed":["champ:Strike"],"damage_healed":0.0,"max_hp_gain":0.0,"max_hp_loss":0.0,"gold_gain":0.0,"event_name":"Designer","player_choice":"Upgrade and Remove","floor":22.0,"gold_loss":110.0,"damage_taken":0.0,"cards_upgraded":["champ:GladiatorStyle"]},{"damage_healed":0.0,"max_hp_gain":0.0,"max_hp_loss":0.0,"gold_gain":0.0,"event_name":"Mysterious Sphere","player_choice":"Ignored","floor":36.0,"gold_loss":0.0,"damage_taken":0.0},{"damage_healed":0.0,"max_hp_gain":0.0,"max_hp_loss":0.0,"gold_gain":0.0,"event_name":"SensoryStone","player_choice":"Memory 1","floor":39.0,"gold_loss":0.0,"damage_taken":0.0},{"damage_healed":0.0,"max_hp_gain":0.0,"max_hp_loss":0.0,"gold_gain":0.0,"event_name":"MindBloom","player_choice":"Fight","floor":44.0,"gold_loss":0.0,"damage_taken":0.0},{"damage_healed":0,"gold_gain":0,"player_choice":"Max HP","damage_taken":0,"max_hp_gain":0,"max_hp_loss":4,"event_name":"Winding Halls","floor":46,"gold_loss":0}],"is_beta":false,"boss_relics":[{"not_picked":["Sozu","Calling Bell"],"picked":"expansioncontent:StudyCardRelic"},{"not_picked":["Busted Crown","Coffee Dripper"],"picked":"SlaversCollar"}],"items_purged_floors":[41],"is_endless":false,"potions_floor_spawned":[1,11,13,14,18,19,31,33,38,40,44],"killed_by":"Donu and Deca","ascension_level":20}}