{"host":"27tk4xseidcli2mr","time":1611931474,"event":{"mods":["2.2 Compatiblity","AchievementEnabler","Aspiration","BaseMod","Better Third Choice","Conspire","Custom Start","Downfall","Hubris","Infinite Spire","Jorbs\u0027s Wanderer Trilogy","Minty Spire (QoL Compilation)","Replay The Spire","StSLib","SuperFastMode","[IsaacMod]????"],"gold_per_floor":[117,28,28,46,65,92,92,126,151,168,168,168,64,71,71,56,56],"floor_reached":16,"language":"ENG","playtime":691,"items_purged":["Strike_B"],"score":236,"play_id":"672a23f0-3a63-4834-8f2c-f82e4ed975c6","local_time":"20210129154434","is_ascension_mode":true,"campfire_choices":[{"data":"Tempest","floor":7.0,"key":"SMITH"},{"floor":15.0,"key":"REST"}],"circlet_count":0,"master_deck":["AscendersBane","Strike_B","Strike_B","Strike_B","Defend_B","Defend_B","Defend_B","Zap","Dualcast","Conserve Battery","Self Repair","ReplayTheSpireMod:Dual Polarity","Cold Snap","Tempest+1","Hologram","Consume","Leap","White Noise"],"relics":["Cracked Core","HushsDoor","TuHaoJin","Replay:Mystery Machine","hubris:Potato","Lantern","Tiny Chest"],"acts_visited":["Exordium"],"potions_floor_usage":[],"damage_taken":[{"damage":7.0,"enemies":"Small Slimes","floor":1.0,"turns":3.0},{"damage":2.0,"enemies":"2 Louse","floor":4.0,"turns":2.0},{"damage":2.0,"enemies":"Jaw Worm","floor":5.0,"turns":5.0},{"damage":27.0,"enemies":"Lagavulin","floor":6.0,"turns":10.0},{"damage":38.0,"enemies":"3 Sentries","floor":8.0,"turns":11.0},{"damage":5.0,"enemies":"Looter","floor":10.0,"turns":4.0},{"damage":17.0,"enemies":"Gremlin Nob","floor":14.0,"turns":4.0},{"damage":65,"enemies":"Fading Forest","floor":16,"turns":9}],"seed_played":"-6162710152572479870","potions_obtained":[{"floor":4.0,"key":"FearPotion"},{"floor":6.0,"key":"EssenceOfDarkness"}],"is_trial":false,"path_per_floor":["M","$","?","M","M","E","R","E","T","M","?","?","$","E","R","B"],"character_chosen":"DEFECT","items_purchased":["Self Repair","Leap"],"campfire_rested":1,"item_purchase_floors":[2,13],"current_hp_per_floor":[64,64,64,69,74,54,54,23,23,25,25,25,25,15,38,0,0],"gold":56,"neow_bonus":"TEN_PERCENT_HP_BONUS","is_daily":false,"chose_seed":false,"campfire_upgraded":1,"win_rate":0.0,"timestamp":1611931474,"path_taken":["M","$","?","M","M","E","R","E","T","M","?","?","?","E","R","BOSS"],"items_purchased_type":["Card","Card"],"build_version":"2020-12-22","purchased_purges":1,"victory":false,"max_hp_per_floor":[78,78,78,78,78,78,78,78,78,78,78,78,78,78,78,78,78],"card_choices":[{"not_picked":["Hologram","Steam"],"picked":"Conserve Battery","floor":1.0},{"not_picked":["Go for the Eyes","Beam Cell"],"picked":"ReplayTheSpireMod:Dual Polarity","floor":4.0},{"not_picked":["Panic Button","Compile Driver"],"picked":"Cold Snap","floor":5.0},{"not_picked":["Reboot","conspire:SharedLibrary"],"picked":"Tempest","floor":6.0},{"not_picked":["Gash","Beam Cell"],"picked":"Hologram","floor":8.0},{"not_picked":["Leap","Streamline"],"picked":"Consume","floor":10.0},{"not_picked":["Panic Button","Rip and Tear"],"picked":"White Noise","floor":14.0}],"player_experience":1300182,"relics_obtained":[{"floor":6.0,"key":"Replay:Mystery Machine"},{"floor":8.0,"key":"hubris:Potato"},{"floor":9.0,"key":"Lantern"},{"floor":14.0,"key":"Tiny Chest"}],"event_choices":[{"damage_healed":0.0,"max_hp_gain":0.0,"max_hp_loss":0.0,"gold_gain":0.0,"event_name":"betterThird:BetterSerpent","player_choice":"Ignored","floor":11.0,"gold_loss":0.0,"damage_taken":168.0}],"is_beta":false,"boss_relics":[],"items_purged_floors":[13],"is_endless":false,"potions_floor_spawned":[4,6,10],"killed_by":"Fading Forest","ascension_level":20}}