{"host":"mku5fdaoqz3qihec","time":1611943847,"event":{"mods":["100% Spire Juice","2.2 Compatiblity","AchievementEnabler","Arknights The Spire","BaseMod","CapriCore","Colored Map","Colored Powertips","Hermit","Koishi","Minty Spire (QoL Compilation)","Rare Cards Sparkle","StSLib","SuperFastMode","The Cursed","The Dragon Tamer","The Gatherer","The Immortal","The Servant 0.9.3"],"gold_per_floor":[112,112,131,146,71,71,99,99,122,122,122,136,177,127,127,237,237,260,260,40,62,71,99,123,152,200,238,252,275,318,339,348,456,456,470,494,515,246,273,315,326,335,358,65,84,101,101,136,136,136],"floor_reached":51,"language":"KOR","playtime":1585,"items_purged":["Strike_S","Strike_S","Defend_S","Defend_S"],"score":1061,"play_id":"6acb851d-8155-4f0c-9092-da69f31449b9","local_time":"20210130031047","is_ascension_mode":true,"campfire_choices":[{"data":"Sunlight","floor":6,"key":"SMITH"},{"data":"Read","floor":10,"key":"SMITH"},{"data":"Moonlight","floor":15,"key":"SMITH"},{"floor":32,"key":"REST"},{"data":"TheWorld","floor":47,"key":"SMITH"},{"data":"SilverBlades","floor":49,"key":"SMITH"}],"circlet_count":0,"master_deck":["Defend_S+1","Defend_S","KidneyShot+1","Exchange","Sunlight+1","Moonlight+1","Read+1","BottledTime","Comet+1","Rearm+1","LightFlow+1","BottledTime+1","MoonPhase","BottledTime","Revamp","SilverBlades+1","SpecialFormula+1","BottledTime","FlawlessForm","SurpressingFire","SilverBlades+1","TheWorld+1","GearUp+1","Luminosity+1","Unruled","Contraction+1","Purity","TimeTheft"],"relics":["Uniform","Omamori","Strawberry","Anchor","Blood Vial","CeramicFish","Runic Pyramid","Mummified Hand","Bottled Tornado","Centennial Puzzle","Whetstone","Regal Pillow","Dream Catcher","MysterySword","War Paint","Bag of Preparation","Lantern","Lee\u0027s Waffle","Blue Candle"],"acts_visited":["Exordium","TheCity","TheBeyond"],"potions_floor_usage":[16,23,24,27,30,33,50],"damage_taken":[{"damage":0,"enemies":"Small Slimes","floor":1,"turns":3},{"damage":4,"enemies":"Jaw Worm","floor":3,"turns":2},{"damage":0,"enemies":"2 Louse","floor":4,"turns":1},{"damage":1,"enemies":"Gremlin Nob","floor":7,"turns":4},{"damage":0,"enemies":"Looter","floor":12,"turns":2},{"damage":18,"enemies":"Lagavulin","floor":13,"turns":4},{"damage":0,"enemies":"Slime Boss","floor":16,"turns":7},{"damage":0,"enemies":"3 Byrds","floor":18,"turns":3},{"damage":0,"enemies":"Chosen","floor":21,"turns":3},{"damage":5,"enemies":"Slavers","floor":23,"turns":3},{"damage":14,"enemies":"Snake Plant","floor":24,"turns":2},{"damage":20,"enemies":"Book of Stabbing","floor":25,"turns":5},{"damage":0,"enemies":"Slavers","floor":27,"turns":3},{"damage":0,"enemies":"Cultist and Chosen","floor":28,"turns":4},{"damage":0,"enemies":"Snecko","floor":29,"turns":3},{"damage":17,"enemies":"Book of Stabbing","floor":30,"turns":3},{"damage":0,"enemies":"Shelled Parasite and Fungi","floor":31,"turns":2},{"damage":2,"enemies":"Collector","floor":33,"turns":6},{"damage":3,"enemies":"3 Shapes","floor":35,"turns":4},{"damage":0,"enemies":"Orb Walker","floor":36,"turns":2},{"damage":21,"enemies":"Writhing Mass","floor":37,"turns":4},{"damage":0,"enemies":"Transient","floor":39,"turns":5},{"damage":0,"enemies":"Giant Head","floor":40,"turns":4},{"damage":2,"enemies":"4 Shapes","floor":41,"turns":3},{"damage":9,"enemies":"3 Darklings","floor":45,"turns":3},{"damage":17,"enemies":"Jaw Worm Horde","floor":46,"turns":3},{"damage":0,"enemies":"Nemesis","floor":48,"turns":3},{"damage":18,"enemies":"Time Eater","floor":50,"turns":6}],"seed_played":"7085035858138754564","potions_obtained":[{"floor":4,"key":"Weak Potion"},{"floor":13,"key":"Regen Potion"},{"floor":16,"key":"AttackPotion"},{"floor":18,"key":"ColorlessPotion"},{"floor":23,"key":"FairyPotion"},{"floor":25,"key":"Fire Potion"},{"floor":29,"key":"FearPotion"},{"floor":31,"key":"PowerPotion"},{"floor":39,"key":"BlessingOfTheForge"},{"floor":40,"key":"Energy Potion"},{"floor":45,"key":"Strength Potion"}],"is_trial":false,"path_per_floor":["M","?","M","M","$","R","E","?","T","R","T","M","E","?","R","B",null,"M","?","$","M","?","E","M","E","T","E","M","M","E","M","R","B",null,"M","M","M","$","M","E","M","?","T","$","M","M","R","E","R","B",null],"character_chosen":"THE_SERVANT","items_purchased":["Mummified Hand","MoonPhase","War Paint","Lee\u0027s Waffle"],"campfire_rested":1,"item_purchase_floors":[20,20,38,44],"current_hp_per_floor":[59,52,48,48,48,48,54,41,41,41,41,43,27,27,27,44,66,66,54,54,56,56,53,41,23,23,25,32,39,29,36,71,71,71,71,71,55,55,65,71,71,61,61,78,77,69,69,71,71,63],"gold":136,"neow_bonus":"THREE_RARE_CARDS","is_daily":false,"chose_seed":false,"campfire_upgraded":5,"win_rate":0.0,"timestamp":1611943847,"path_taken":["M","?","M","M","$","R","E","?","T","R","?","M","E","?","R","BOSS","M","?","$","M","?","E","M","E","T","E","?","M","E","M","R","BOSS","M","M","M","$","M","E","M","?","T","$","M","M","R","E","R","BOSS"],"items_purchased_type":["Relic","Card","Relic","Relic"],"build_version":"2020-12-22","purchased_purges":4,"victory":true,"max_hp_per_floor":[59,59,59,59,59,59,66,66,66,66,66,66,66,66,66,66,66,66,71,71,71,71,71,71,71,71,71,71,71,71,71,71,71,71,71,71,71,71,71,71,71,71,71,78,78,78,78,78,78,78],"card_choices":[{"not_picked":["Deny","KillingDoll"],"picked":"Sunlight","floor":0},{"not_picked":["ShatteredReality","BestPractice"],"picked":"Moonlight","floor":1},{"not_picked":["ReturningBlade","BestPractice","Starlight"],"picked":"SKIP","floor":3},{"not_picked":["Revamp","Replace"],"picked":"Read","floor":4},{"not_picked":["ShatteredReality","Dilation"],"picked":"BottledTime","floor":7},{"not_picked":["Alleviate","DoubleEdge"],"picked":"Comet","floor":12},{"not_picked":["ReturningBlade","Replace"],"picked":"Rearm","floor":13},{"not_picked":["SoulSculpture","Sunlight"],"picked":"LightFlow","floor":16},{"not_picked":["WasteNot","Revamp"],"picked":"BottledTime+1","floor":18},{"not_picked":["Desolation","Read"],"picked":"BottledTime","floor":21},{"not_picked":["FastForward+1","Spin+1","Replace"],"picked":"SKIP","floor":23},{"not_picked":["Replace+1","Alleviate+1"],"picked":"SilverBlades+1","floor":24},{"not_picked":["Moondial+1","BestPractice","Foresight+1"],"picked":"SKIP","floor":25},{"not_picked":["SurpressingFire","TimeWarp"],"picked":"SpecialFormula","floor":27},{"not_picked":["Revamp","Starlight","ShatteredReality"],"picked":"SKIP","floor":28},{"not_picked":["Rearm","Gouge"],"picked":"BottledTime","floor":29},{"not_picked":["Alleviate","FastForward+1"],"picked":"FlawlessForm","floor":30},{"not_picked":["TimeWarp+1","Defy"],"picked":"SurpressingFire","floor":31},{"not_picked":["Moonlight","Rearm"],"picked":"SilverBlades","floor":32},{"not_picked":["Enbodiment","FlawlessForm"],"picked":"TheWorld","floor":33},{"not_picked":["Potential","ShatteredReality+1","Starlight+1"],"picked":"SKIP","floor":35},{"not_picked":["Alleviate+1","Potential"],"picked":"GearUp+1","floor":36},{"not_picked":["Starlight+1","Defy"],"picked":"Luminosity+1","floor":37},{"not_picked":["Replace","Rewind"],"picked":"Unruled","floor":39},{"not_picked":["Collapse","Defy+1"],"picked":"Contraction+1","floor":40},{"not_picked":["RealityMarble","Alleviate","FastForward"],"picked":"SKIP","floor":41},{"not_picked":["Impatience","Mind Blast"],"picked":"Purity","floor":42},{"not_picked":["Potential","InstantArmor"],"picked":"TimeTheft","floor":45},{"not_picked":["Unruled","Revamp","Ricochet+1"],"picked":"SKIP","floor":46},{"not_picked":["Manipulate","Rewind","Unruled"],"picked":"SKIP","floor":48}],"player_experience":300284,"relics_obtained":[{"floor":7,"key":"Strawberry"},{"floor":9,"key":"Anchor"},{"floor":11,"key":"Blood Vial"},{"floor":13,"key":"CeramicFish"},{"floor":23,"key":"Bottled Tornado"},{"floor":25,"key":"Centennial Puzzle"},{"floor":26,"key":"Whetstone"},{"floor":27,"key":"Regal Pillow"},{"floor":30,"key":"Dream Catcher"},{"floor":40,"key":"Bag of Preparation"},{"floor":43,"key":"Lantern"},{"floor":48,"key":"Blue Candle"}],"event_choices":[{"damage_healed":0,"gold_gain":0,"player_choice":"Success","damage_taken":7,"relics_obtained":["Omamori"],"max_hp_gain":0,"max_hp_loss":0,"event_name":"Scrap Ooze","floor":2,"gold_loss":0},{"damage_healed":0,"gold_gain":0,"player_choice":"Entered Light","damage_taken":13,"max_hp_gain":0,"max_hp_loss":0,"event_name":"Shining Light","floor":8,"gold_loss":0,"cards_upgraded":["Defend_S","KidneyShot"]},{"cards_removed":["Strike_S"],"damage_healed":0,"gold_gain":0,"player_choice":"Card Removal","damage_taken":0,"max_hp_gain":0,"max_hp_loss":0,"event_name":"The Cleric","floor":14,"gold_loss":50},{"damage_healed":0,"gold_gain":0,"player_choice":"Shed Blood","damage_taken":17,"max_hp_gain":5,"max_hp_loss":0,"event_name":"Forgotten Altar","floor":19,"gold_loss":0},{"damage_healed":0,"gold_gain":0,"cards_transformed":["Strike_S"],"player_choice":"Transformed","damage_taken":0,"max_hp_gain":0,"max_hp_loss":0,"event_name":"Transmorgrifier","floor":22,"gold_loss":0,"cards_obtained":["Revamp"]},{"damage_healed":0,"gold_gain":0,"player_choice":"Memory 3","damage_taken":10,"max_hp_gain":0,"max_hp_loss":0,"event_name":"SensoryStone","floor":42,"gold_loss":0}],"is_beta":false,"boss_relics":[{"not_picked":["Black Star","Ectoplasm"],"picked":"Runic Pyramid"},{"not_picked":["Pandora\u0027s Box","Astrolabe"],"picked":"MysterySword"}],"items_purged_floors":[5,20,38,44],"is_endless":false,"potions_floor_spawned":[4,13,16,18,23,25,29,31,39,40,41,45,46],"ascension_level":2}}