{"host":"bw00wb7p5bw58om7","time":1611952385,"event":{"mods":["100% Spire Juice","Act Like it!","BaseMod","Better Third Choice","CapriCore","Chen","Downfall","Gensokyo","KinomotoSakuraMod(????)","Koishi","KomeijiMod","Mari Mod (Legacy)","Mari\u0027s V1 Patch","Marisa????????","Minty Spire (QoL Compilation)","Onozuka Komachi Mod","Permanent Neow","Prisma Mod","Reimu??????","Remilia_Scarlet Moed?????·?????3.3.5","Remilia??????","Replay The Spire","StSLib","The Administrix","The Immortal","The Senshi","The Servant 0.9.4","TheVelvet","WarShipGirlsR/????R mod","Yakumo Yukari mod","Youmu??????","Yuyuko"],"gold_per_floor":[11,23,36,49,49,49,78,97,97,97,131,131,131,131,131,231,231,250,269,284,244,244,244,273,273,273,273,283,283,283],"floor_reached":29,"language":"ENG","playtime":1681,"items_purged":[],"score":253,"play_id":"f7cacf43-1060-4439-98d8-83abefd98632","local_time":"20210129203305","is_ascension_mode":false,"campfire_choices":[{"data":"InherentArray:ReiMu","floor":6,"key":"SMITH"},{"data":"YinYangSange:ReiMu","floor":10,"key":"SMITH"},{"floor":13,"key":"REST"},{"data":"RainPray2:ReiMu","floor":15,"key":"SMITH"},{"floor":23,"key":"REST"},{"floor":25,"key":"REST"}],"circlet_count":0,"master_deck":["Strike_Lin:ReiMu","Strike_Lin:ReiMu","Strike_Lin:ReiMu","Strike_Lin:ReiMu","Defend_Lin:ReiMu","Defend_Lin:ReiMu","Defend_Lin:ReiMu","Defend_Lin:ReiMu","NB:ReiMu+1","InherentArray:ReiMu+1","AlertArray:ReiMu","RainPray2:ReiMu+1","YinYangSange:ReiMu+1","SubAcupoint:ReiMu","SubAcupoint:ReiMu","DependentForm:ReiMu","MikOfLucky:ReiMu+1","CareerPray:ReiMu+1","Dreaming:ReiMu","NineCharacters:ReiMu","Gensokyo:TurboGranny","WonderfulDomain:ReiMu","Writhe","SpreadBorder2:ReiMu"],"relics":["FlyPower:ReiMu","Peace Pipe","Gensokyo:NagashiBinaDoll","War Paint","Simple Rune","Bronze Scales","Ring of Hypnosis","Fusion Hammer","Gremlin Horn","ReplayTheSpireMod:Lightbulb"],"acts_visited":["Gensokyo:Gensokyo","Gensokyo:Gensokyoer"],"potions_floor_usage":[],"damage_taken":[{"damage":5,"enemies":"Gensokyo:Python","floor":1,"turns":6},{"damage":6,"enemies":"Gensokyo:2_Kodama","floor":2,"turns":8},{"damage":4,"enemies":"Gensokyo:3_Fairies","floor":3,"turns":6},{"damage":6,"enemies":"Gensokyo:LivingMonolith","floor":4,"turns":4},{"damage":11,"enemies":"Gensokyo:Mamizou","floor":7,"turns":9},{"damage":5,"enemies":"Gensokyo:2_Rabbits","floor":8,"turns":6},{"damage":23,"enemies":"Gensokyo:Aya","floor":11,"turns":9},{"damage":15,"enemies":"Gensokyo:Yukari","floor":16,"turns":12},{"damage":24,"enemies":"Gensokyo:3_Dogs","floor":18,"turns":6},{"damage":4,"enemies":"Gensokyo:CosmicMonolith","floor":19,"turns":6},{"damage":16,"enemies":"Gensokyo:Slime_Group","floor":20,"turns":6},{"damage":11,"enemies":"Gensokyo:Reisen","floor":24,"turns":10},{"damage":0,"enemies":"Gensokyo:Wraith","floor":28,"turns":6},{"damage":45,"enemies":"Gensokyo:3_Gloops","floor":29,"turns":4}],"seed_played":"2579086372937789681","potions_obtained":[{"floor":2,"key":"Elixir"},{"floor":7,"key":"Block Potion"},{"floor":8,"key":"Venom Potion"},{"floor":19,"key":"bronze:BurnAndBuffPotion"}],"is_trial":false,"path_per_floor":["M","M","M","M","?","R","E","M","T","R","E","?","R","?","R","B",null,"M","M","M","$","?","R","E","R","T","?","M","M"],"character_chosen":"REIMU","items_purchased":["NineCharacters:ReiMu"],"campfire_rested":3,"item_purchase_floors":[21],"current_hp_per_floor":[60,54,50,44,44,44,33,28,28,28,5,5,24,24,24,9,65,41,37,21,21,21,38,27,44,44,44,44,0,0],"gold":283,"neow_bonus":"ONE_RARE_RELIC","is_daily":false,"chose_seed":false,"campfire_upgraded":3,"win_rate":0.0,"timestamp":1611952385,"path_taken":["M","M","M","M","?","R","E","M","T","R","E","?","R","?","R","BOSS","M","M","M","$","?","R","E","R","T","?","M","M"],"items_purchased_type":["Card"],"build_version":"2020-12-22","purchased_purges":0,"victory":false,"max_hp_per_floor":[65,65,65,65,65,65,65,65,65,65,65,65,65,65,65,65,65,65,65,65,65,59,59,59,59,59,59,59,59,59],"card_choices":[{"not_picked":["SafetyPray:ReiMu","YinYangSign:ReiMu"],"picked":"InherentArray:ReiMu","floor":1},{"not_picked":["SubAcupoint:ReiMu","OrbThrow:ReiMu"],"picked":"Crusade:ReiMu","floor":2},{"not_picked":["WonderfulDomain:ReiMu","SubAcupoint:ReiMu"],"picked":"AlertArray:ReiMu","floor":3},{"not_picked":["SafetyPray:ReiMu","Enchanting:ReiMu"],"picked":"RainPray2:ReiMu","floor":4},{"not_picked":["FineLineFantasy:ReiMu","RunawayExorcism:ReiMu"],"picked":"YinYangSange:ReiMu","floor":7},{"not_picked":["SpringWay:ReiMu","AlertArray:ReiMu"],"picked":"SubAcupoint:ReiMu","floor":8},{"not_picked":["TightArray:ReiMu","Meditation:ReiMu"],"picked":"SubAcupoint:ReiMu","floor":11},{"not_picked":["CeremonyResonance:ReiMu","CleanRite:ReiMu"],"picked":"DependentForm:ReiMu","floor":16},{"not_picked":["WonderfulDomain:ReiMu+1","Conquer:ReiMu+1"],"picked":"MikOfLucky:ReiMu+1","floor":18},{"not_picked":["WonderfulDomain:ReiMu","TightArray:ReiMu"],"picked":"CareerPray:ReiMu+1","floor":19},{"not_picked":["SealNeedle:ReiMu","SpreadBorder2:ReiMu"],"picked":"Dreaming:ReiMu","floor":20},{"not_picked":["Gensokyo:MissMary","Gensokyo:ManorOfTheDishes"],"picked":"Gensokyo:TurboGranny","floor":22},{"not_picked":["ManaGlint:ReiMu","Gathering:ReiMu"],"picked":"WonderfulDomain:ReiMu","floor":24},{"not_picked":["TakeOff:ReiMu","OrbThrow:ReiMu+1"],"picked":"SpreadBorder2:ReiMu","floor":28}],"player_experience":313140,"relics_obtained":[{"floor":7,"key":"War Paint"},{"floor":9,"key":"Simple Rune"},{"floor":11,"key":"Bronze Scales"},{"floor":12,"key":"Ring of Hypnosis"},{"floor":24,"key":"Gremlin Horn"},{"floor":26,"key":"ReplayTheSpireMod:Lightbulb"}],"event_choices":[],"is_beta":false,"boss_relics":[{"not_picked":["SacredBark","Calling Bell"],"picked":"Fusion Hammer"}],"items_purged_floors":[],"is_endless":false,"potions_floor_spawned":[2,7,8,19,24,28],"killed_by":"Gensokyo:3_Gloops","ascension_level":0}}