{"host":"x3q4ieql2tr7v8o6","time":1611908229,"event":{"mods":["BaseMod","Bestiary","Better Altar","Better Match","Better Note","Better Sensory Stone","Better Skull","Better Third Choice","Colored Map","Colored Powertips","Curses Come First","Minty Spire (QoL Compilation)","StSLib"],"gold_per_floor":[117,117,135,60,16,48,23,57,57,89,89,10,10,10,10,84,84,100,25,25,38,49,49,49,74,99,17,17,17,17,28,28,106,106,119,119,135,135,135,169,50,62,141,175,204,235,11,30,30,30,30],"floor_reached":50,"language":"ENG","playtime":2091,"items_purged":[],"score":1011,"play_id":"383e64fb-7647-4ae1-b631-d5a35dce70f4","local_time":"20210129081709","is_ascension_mode":true,"campfire_choices":[{"data":"Apotheosis","floor":11.0,"key":"SMITH"},{"data":"Fire Breathing","floor":15.0,"key":"SMITH"},{"floor":23.0,"key":"REST"},{"data":"Impervious","floor":30.0,"key":"SMITH"},{"data":"Shrug It Off","floor":32.0,"key":"SMITH"},{"data":"Demon Form","floor":49.0,"key":"SMITH"}],"circlet_count":0,"master_deck":["AscendersBane","Defend_R","Defend_R","Defend_R","Bash","Clothesline","Apotheosis+1","Immolate+1","Dropkick","Thunderclap","Iron Wave","Feed","Cleave","Fire Breathing+1","Thunderclap+1","Bite","Bite","Bite","Bite","Bite","Pommel Strike","Impervious+1","Shrug It Off","Shrug It Off+1","Demon Form+1","Disarm","Pommel Strike","Mayhem","Finesse","Madness","Madness","Shockwave+1","Feel No Pain","Second Wind","Second Wind","Anger","Fiend Fire","Havoc","Juggernaut","Havoc+1"],"relics":["Burning Blood","Omamori","Mercury Hourglass","Bottled Flame","Juzu Bracelet","SlaversCollar","Toy Ornithopter","Art of War","MutagenicStrength","Calling Bell","Lantern","Meat on the Bone","Dead Branch","PreservedInsect","Pantograph","MawBank"],"acts_visited":["Exordium","TheCity","TheBeyond"],"potions_floor_usage":[50],"damage_taken":[{"damage":0.0,"enemies":"Small Slimes","floor":1.0,"turns":4.0},{"damage":4.0,"enemies":"2 Louse","floor":3.0,"turns":3.0},{"damage":27.0,"enemies":"Gremlin Nob","floor":6.0,"turns":4.0},{"damage":7.0,"enemies":"3 Sentries","floor":8.0,"turns":4.0},{"damage":6.0,"enemies":"Gremlin Nob","floor":10.0,"turns":3.0},{"damage":37.0,"enemies":"The Guardian","floor":16.0,"turns":10.0},{"damage":37.0,"enemies":"2 Thieves","floor":18.0,"turns":3.0},{"damage":16.0,"enemies":"Chosen","floor":21.0,"turns":5.0},{"damage":28.0,"enemies":"3 Cultists","floor":22.0,"turns":5.0},{"damage":21.0,"enemies":"Gremlin Leader","floor":25.0,"turns":6.0},{"damage":25.0,"enemies":"Centurion and Healer","floor":31.0,"turns":8.0},{"damage":84.0,"enemies":"Automaton","floor":33.0,"turns":12.0},{"damage":4.0,"enemies":"3 Shapes","floor":35.0,"turns":10.0},{"damage":11.0,"enemies":"Orb Walker","floor":37.0,"turns":3.0},{"damage":26.0,"enemies":"Giant Head","floor":40.0,"turns":6.0},{"damage":63.0,"enemies":"Spire Growth","floor":42.0,"turns":7.0},{"damage":8.0,"enemies":"Reptomancer","floor":44.0,"turns":5.0},{"damage":0.0,"enemies":"Maw","floor":45.0,"turns":6.0},{"damage":0.0,"enemies":"3 Darklings","floor":46.0,"turns":1.0},{"damage":45.0,"enemies":"4 Shapes","floor":48.0,"turns":6.0},{"damage":111,"enemies":"Time Eater","floor":50,"turns":12}],"seed_played":"-7203865544828624511","potions_obtained":[{"floor":1.0,"key":"Dexterity Potion"},{"floor":8.0,"key":"EssenceOfSteel"},{"floor":10.0,"key":"BloodPotion"},{"floor":16.0,"key":"SpeedPotion"},{"floor":21.0,"key":"Strength Potion"},{"floor":33.0,"key":"Fire Potion"},{"floor":35.0,"key":"AttackPotion"},{"floor":40.0,"key":"SpeedPotion"},{"floor":44.0,"key":"SkillPotion"}],"is_trial":false,"path_per_floor":["M","?","M","?","$","E","$","E","T","E","R","$","?","?","R","B",null,"M","?","?","M","M","R","?","E","T","$","?","?","R","M","R","B",null,"M","?","M","?","?","E","$","M","T","E","M","M","$","M","R","B"],"character_chosen":"IRONCLAD","items_purchased":["Dropkick","Iron Wave","Fire Breathing","Shrug It Off","Block Potion","Feel No Pain","Second Wind","Juggernaut","Weak Potion"],"campfire_rested":1,"item_purchase_floors":[5,7,12,27,27,41,41,47,47],"current_hp_per_floor":[74,74,75,75,75,54,54,53,53,68,68,68,68,68,68,39,66,47,47,47,48,60,79,79,77,77,77,77,77,77,83,83,52,75,87,87,87,87,71,78,78,43,43,58,84,90,90,60,60,0,0],"gold":30,"neow_bonus":"RANDOM_COMMON_RELIC","is_daily":false,"chose_seed":false,"campfire_upgraded":5,"win_rate":0.0,"timestamp":1611908229,"path_taken":["M","?","M","?","$","E","?","E","T","E","R","$","?","?","R","BOSS","M","?","?","M","M","R","?","E","T","$","?","?","R","M","R","BOSS","M","?","M","?","?","E","?","M","T","E","M","M","$","M","R","BOSS"],"items_purchased_type":["Card","Card","Card","Card","Potion","Card","Card","Card","Potion"],"build_version":"2020-12-22","purchased_purges":0,"victory":false,"max_hp_per_floor":[75,75,75,75,75,75,75,75,75,75,75,75,75,75,75,75,75,75,75,75,75,79,79,79,79,79,79,79,79,79,83,83,83,83,87,87,87,87,87,91,91,91,91,91,91,91,91,91,91,91,91],"card_choices":[{"not_picked":["Twin Strike","Perfected Strike"],"picked":"Clothesline","floor":1.0},{"not_picked":["Combust","Shrug It Off"],"picked":"Immolate","floor":3.0},{"not_picked":["Flex","Burning Pact"],"picked":"Thunderclap","floor":6.0},{"not_picked":["Dual Wield","Immolate"],"picked":"Feed","floor":8.0},{"not_picked":["Warcry","Sword Boomerang"],"picked":"Cleave","floor":10.0},{"not_picked":["Berserk","Bludgeon"],"picked":"Reaper","floor":16.0},{"not_picked":["Armaments","Bloodletting"],"picked":"Thunderclap+1","floor":18.0},{"not_picked":["Dropkick","Twin Strike","Clash"],"picked":"SKIP","floor":21.0},{"not_picked":["Sentinel","Armaments"],"picked":"Pommel Strike","floor":22.0},{"not_picked":["Cleave","Clothesline+1"],"picked":"Impervious","floor":25.0},{"not_picked":["Clothesline","Sword Boomerang"],"picked":"Shrug It Off","floor":31.0},{"not_picked":["Berserk","Juggernaut"],"picked":"Demon Form","floor":33.0},{"not_picked":["Combust","Spot Weakness+1"],"picked":"Disarm","floor":35.0},{"not_picked":["Wild Strike","Perfected Strike"],"picked":"Pommel Strike","floor":37.0},{"not_picked":["Thinking Ahead","Bandage Up"],"picked":"Mayhem","floor":38.0},{"not_picked":["Deep Breath","Mind Blast"],"picked":"Finesse","floor":38.0},{"not_picked":["Warcry+1","Thunderclap"],"picked":"Shockwave+1","floor":40.0},{"not_picked":["Bloodletting","Iron Wave"],"picked":"Second Wind","floor":42.0},{"not_picked":["True Grit","Thunderclap"],"picked":"Anger","floor":44.0},{"not_picked":["Evolve","True Grit"],"picked":"Fiend Fire","floor":45.0},{"not_picked":["Thunderclap","Armaments"],"picked":"Havoc","floor":46.0},{"not_picked":["Wild Strike","Thunderclap"],"picked":"Havoc+1","floor":48.0}],"player_experience":744806,"relics_obtained":[{"floor":6.0,"key":"Mercury Hourglass"},{"floor":8.0,"key":"Bottled Flame"},{"floor":9.0,"key":"Juzu Bracelet"},{"floor":10.0,"key":"Blood Vial"},{"floor":25.0,"key":"Toy Ornithopter"},{"floor":26.0,"key":"Art of War"},{"floor":34.0,"key":"Lantern"},{"floor":34.0,"key":"Meat on the Bone"},{"floor":34.0,"key":"Dead Branch"},{"floor":40.0,"key":"PreservedInsect"},{"floor":43.0,"key":"Pantograph"},{"floor":44.0,"key":"MawBank"}],"event_choices":[{"damage_healed":74.0,"max_hp_gain":0.0,"max_hp_loss":75.0,"gold_gain":0.0,"event_name":"betterThird:BetterShining","player_choice":"Embrace","floor":2.0,"gold_loss":0.0,"damage_taken":0.0},{"cards_removed":["Strike_R"],"damage_healed":0.0,"max_hp_gain":0.0,"max_hp_loss":0.0,"gold_gain":0.0,"event_name":"The Cleric","player_choice":"Card Removal","floor":4.0,"gold_loss":75.0,"damage_taken":0.0},{"damage_healed":0.0,"max_hp_gain":0.0,"max_hp_loss":0.0,"gold_gain":0.0,"event_name":"Accursed Blacksmith","player_choice":"Forge","floor":13.0,"gold_loss":0.0,"damage_taken":0.0,"cards_upgraded":["Immolate"]},{"cards_removed":["Strike_R"],"damage_healed":0.0,"max_hp_gain":0.0,"max_hp_loss":0.0,"gold_gain":0.0,"event_name":"Purifier","player_choice":"Purged","floor":14.0,"gold_loss":0.0,"damage_taken":0.0},{"cards_removed":["Strike_R"],"damage_healed":0.0,"max_hp_gain":0.0,"max_hp_loss":0.0,"gold_gain":0.0,"event_name":"Beggar","player_choice":"Gave Gold","floor":19.0,"gold_loss":75.0,"damage_taken":0.0},{"damage_healed":0.0,"max_hp_gain":0.0,"max_hp_loss":0.0,"gold_gain":0.0,"event_name":"Vampires","player_choice":"Became a vampire (Vial)","floor":20.0,"relics_lost":["Blood Vial"],"gold_loss":0.0,"damage_taken":0.0,"cards_obtained":["Bite","Bite","Bite","Bite","Bite"]},{"cards_removed":["Defend_R"],"damage_healed":0.0,"max_hp_gain":0.0,"max_hp_loss":0.0,"gold_gain":0.0,"event_name":"Purifier","player_choice":"Purged","floor":24.0,"gold_loss":0.0,"damage_taken":0.0},{"damage_healed":0.0,"max_hp_gain":0.0,"max_hp_loss":0.0,"gold_gain":0.0,"event_name":"Ghosts","player_choice":"Ignored","floor":28.0,"gold_loss":0.0,"damage_taken":0.0},{"damage_healed":0.0,"max_hp_gain":0.0,"max_hp_loss":0.0,"gold_gain":0.0,"event_name":"Drug Dealer","player_choice":"Inject Mutagens","floor":29.0,"gold_loss":0.0,"damage_taken":0.0,"relics_obtained":["MutagenicStrength"]},{"cards_removed":["Reaper"],"damage_healed":0.0,"max_hp_gain":0.0,"max_hp_loss":0.0,"gold_gain":0.0,"event_name":"Falling","player_choice":"Removed Attack","floor":36.0,"gold_loss":0.0,"damage_taken":0.0},{"damage_healed":0.0,"max_hp_gain":0.0,"max_hp_loss":0.0,"gold_gain":3.0,"event_name":"betterStone:BetterStone","player_choice":"1","floor":38.0,"gold_loss":0.0,"damage_taken":0.0},{"damage_healed":0.0,"max_hp_gain":0.0,"max_hp_loss":0.0,"gold_gain":0.0,"event_name":"Winding Halls","player_choice":"Embrace Madness","floor":39.0,"gold_loss":0.0,"damage_taken":16.0,"cards_obtained":["Madness","Madness"]}],"is_beta":false,"boss_relics":[{"not_picked":["Ectoplasm","Runic Pyramid"],"picked":"SlaversCollar"},{"not_picked":["Tiny House","Empty Cage"],"picked":"Calling Bell"}],"items_purged_floors":[],"is_endless":false,"potions_floor_spawned":[1,8,10,16,21,33,35,37,40,44],"killed_by":"Time Eater","ascension_level":16}}