{"host":"kydqlojjt9mno5rv","time":1611946257,"event":{"mods":["AchievementEnabler","BaseMod","Colored Powertips","Curses Come First","DeckTracker","Minty Spire (QoL Compilation)","Quick Restart","Replay The Spire","Shop Mod","Spicy Shops","StSLib","SuperFastMode","Synergy Search","Weighted Paths"],"gold_per_floor":[116,174,189,264,178,203,203,203,203,238,254,254,265,285,285,389,389,400,419,9,29,29,29,45,45,45,45,63,93,104,123,123,219,219,234,254,36,51,69,69,102,102,128,178,178,191,191,219,219,219,219,219,13,40,40,40],"floor_reached":55,"language":"ENG","playtime":2750,"items_purged":["Amnesia","Strike_P"],"score":834,"play_id":"da6dd8d2-250d-4a31-b83d-33a4d074a899","local_time":"20210129135057","is_ascension_mode":false,"campfire_choices":[{"data":"Eruption","floor":7,"key":"SMITH"},{"floor":12,"key":"REST"},{"floor":15,"key":"REST"},{"floor":23,"key":"REST"},{"floor":25,"key":"RECALL"},{"floor":32,"key":"REST"},{"floor":40,"key":"REST"},{"floor":42,"key":"REST"},{"floor":45,"key":"REST"},{"floor":49,"key":"REST"}],"circlet_count":0,"master_deck":["Defend_P+1","Defend_P+1","Eruption+1","Vigilance+1","EmptyFist","Halt","CarveReality+1","EmptyBody","CarveReality+1","WheelKick+1","Perseverance+1","FollowUp+1","ReachHeaven+1","Omniscience+1","WindmillStrike+1","Consecrate+1","Wallop+1","Vault+1","CurseOfTheBell","Establishment+1","Judgement+1","Conclude+1","Judgement+1","Ragnarok+1","DeusExMachina+1","Adaptation","FearNoEvil+1"],"relics":["PureWater","NeowsBlessing","Molten Egg 2","Ancient Tea Set","Golden Egg","Pantograph","Replay:Grab Bag","Cursed Key","Fusion Hammer","Runic Pyramid","PreservedInsect","Singing Bowl","Enchiridion","Turnip","Mango","Replay:Ancient Bell","Gremlin Food","Meat on the Bone","Replay:PocketPolymizer","Lee\u0027s Waffle","Smiling Mask","Bronze Scales","Ginger","Chameleon Ring","Lantern","Bird Faced Urn"],"acts_visited":["Exordium","TheCity","TheBeyond","TheEnding"],"potions_floor_usage":[14,16,21,21,33,33,50,55,55],"damage_taken":[{"damage":0,"enemies":"Jaw Worm","floor":1,"turns":1},{"damage":0,"enemies":"Small Slimes","floor":3,"turns":1},{"damage":0,"enemies":"Lagavulin","floor":6,"turns":1},{"damage":13,"enemies":"Gremlin Nob","floor":10,"turns":3},{"damage":2,"enemies":"Cultist","floor":11,"turns":2},{"damage":14,"enemies":"Large Slime","floor":13,"turns":5},{"damage":6,"enemies":"3 Louse","floor":14,"turns":3},{"damage":52,"enemies":"Hexaghost","floor":16,"turns":7},{"damage":5,"enemies":"Chosen","floor":18,"turns":2},{"damage":4,"enemies":"Spheric Guardian","floor":19,"turns":3},{"damage":4,"enemies":"Centurion and Healer","floor":21,"turns":3},{"damage":6,"enemies":"Snecko","floor":24,"turns":3},{"damage":22,"enemies":"Shelled Parasite and Fungi","floor":28,"turns":4},{"damage":11,"enemies":"Book of Stabbing","floor":29,"turns":3},{"damage":0,"enemies":"Cultist and Chosen","floor":30,"turns":4},{"damage":13,"enemies":"Snecko","floor":31,"turns":5},{"damage":85,"enemies":"Pondfish","floor":33,"turns":6},{"damage":18,"enemies":"Orb Walker","floor":35,"turns":3},{"damage":64,"enemies":"3 Darklings","floor":36,"turns":6},{"damage":31,"enemies":"Spire Growth","floor":38,"turns":5},{"damage":28,"enemies":"Sphere and 2 Shapes","floor":39,"turns":5},{"damage":15,"enemies":"Giant Head","floor":41,"turns":7},{"damage":0,"enemies":"Mind Bloom Boss Battle","floor":44,"turns":4},{"damage":16,"enemies":"Jaw Worm Horde","floor":46,"turns":3},{"damage":33,"enemies":"Reptomancer","floor":48,"turns":4},{"damage":57,"enemies":"Replay:Hell Engine","floor":50,"turns":9},{"damage":60,"enemies":"Shield and Spear","floor":54,"turns":4},{"damage":117,"enemies":"The Heart","floor":55,"turns":6}],"seed_played":"-7064013406689060349","potions_obtained":[{"floor":3,"key":"Ambrosia"},{"floor":10,"key":"Weak Potion"},{"floor":14,"key":"Energy Potion"},{"floor":19,"key":"Venom Potion"},{"floor":21,"key":"Adrenaline Potion"},{"floor":30,"key":"Adrenaline Potion"},{"floor":33,"key":"Milkshake"},{"floor":38,"key":"LiquidBronze"},{"floor":39,"key":"Energy Potion"},{"floor":46,"key":"Adrenaline Potion"},{"floor":52,"key":"LifebloodPotion"},{"floor":54,"key":"Regen Potion"}],"is_trial":false,"path_per_floor":["M","?","M","?","?","E","R","$","T","E","M","R","M","M","R","B",null,"M","M","$","M","?","R","M","R","T","?","M","E","M","M","R","B",null,"M","M","$","M","M","R","E","R","T","?","R","M","?","E","R","B",null,"R","$","E","B"],"character_chosen":"WATCHER","items_purchased":["PreservedInsect","Singing Bowl","Lee\u0027s Waffle","Lantern"],"campfire_rested":8,"item_purchase_floors":[20,20,37,53],"current_hp_per_floor":[72,72,72,61,61,61,61,61,61,48,46,67,53,47,68,20,72,67,63,63,61,45,67,63,63,63,63,41,46,48,37,65,5,96,78,28,105,76,60,92,79,109,109,111,111,97,97,64,97,68,113,113,113,67,0,0],"gold":40,"neow_bonus":"THREE_ENEMY_KILL","is_daily":false,"chose_seed":false,"campfire_upgraded":1,"win_rate":0.0,"timestamp":1611946257,"path_taken":["M","?","?","?","?","E","R","$","T","E","M","R","M","?","R","BOSS","M","M","$","M","?","R","M","R","T","?","M","E","M","M","R","BOSS","M","M","$","M","M","R","E","R","T","?","R","M","?","E","R","BOSS","R","$","E","BOSS"],"items_purchased_type":["Relic","Relic","Relic","Relic"],"build_version":"2020-12-22","purchased_purges":2,"victory":false,"max_hp_per_floor":[72,72,72,72,72,72,72,72,72,72,72,72,72,72,72,72,72,72,72,72,74,74,74,76,76,76,76,76,92,94,96,96,96,96,96,98,105,107,107,107,109,109,109,111,111,113,113,113,113,113,113,113,113,115,115,115],"card_choices":[{"not_picked":["Replay:ManipulateFuture","CrushJoints"],"picked":"EmptyFist","floor":1},{"not_picked":["Replay:ManipulateFuture","Evaluate"],"picked":"Halt","floor":2},{"not_picked":["BowlingBash+1","WindmillStrike+1"],"picked":"CarveReality+1","floor":2},{"not_picked":["Fasting2","Nirvana"],"picked":"EmptyBody","floor":3},{"not_picked":["Replay:AtTheReady","Adaptation"],"picked":"CarveReality+1","floor":6},{"not_picked":["Halt","Establishment"],"picked":"WheelKick+1","floor":10},{"not_picked":["BowlingBash+1","Replay:DivineShield"],"picked":"Perseverance","floor":11},{"not_picked":["ClearTheMind","SignatureMove+1"],"picked":"FollowUp+1","floor":13},{"not_picked":["TalkToTheHand+1","ThirdEye"],"picked":"ReachHeaven+1","floor":14},{"not_picked":["Brilliance+1","MasterReality"],"picked":"Omniscience","floor":16},{"not_picked":["FearNoEvil+1","SashWhip+1"],"picked":"WindmillStrike+1","floor":18},{"not_picked":["CrushJoints+1","Nirvana"],"picked":"Consecrate+1","floor":19},{"not_picked":["Worship","ThirdEye","Evaluate"],"picked":"Singing Bowl","floor":21},{"not_picked":["Adaptation+1","Consecrate+1","Swivel"],"picked":"Singing Bowl","floor":24},{"not_picked":["Collect","Halt+1"],"picked":"Wallop+1","floor":28},{"not_picked":["CrushJoints+1","FearNoEvil+1","Collect"],"picked":"Singing Bowl","floor":29},{"not_picked":["Fasting2+1","Halt","Replay:AtTheReady+1"],"picked":"Singing Bowl","floor":30},{"not_picked":["Conclude+1","BowlingBash+1","Replay:ManipulateFuture"],"picked":"Singing Bowl","floor":31},{"not_picked":["Ragnarok+1","Omniscience"],"picked":"Vault","floor":33},{"not_picked":["CommonCold","ReplayTheSpireMod:Doomed"],"picked":"CurseOfTheBell","floor":34},{"not_picked":["Amnesia","Overencumbered"],"picked":"Hallucinations","floor":34},{"not_picked":["Parasite","Replay:Hysterical Blindness"],"picked":"Decay","floor":34},{"not_picked":["FlurryOfBlows+1","ClearTheMind"],"picked":"Establishment","floor":35},{"not_picked":["Replay:BluntJabs+1","BowlingBash+1","Weave+1"],"picked":"Singing Bowl","floor":36},{"not_picked":["Replay:BluntJabs+1","Halt+1","SashWhip+1"],"picked":"Singing Bowl","floor":38},{"not_picked":["ClearTheMind+1","Replay:ManipulateFuture+1"],"picked":"Judgement","floor":39},{"not_picked":["TalkToTheHand+1","SignatureMove+1","Wallop+1"],"picked":"Singing Bowl","floor":41},{"not_picked":["CutThroughFate+1","ClearTheMind+1","Crescendo+1"],"picked":"Singing Bowl","floor":44},{"not_picked":["SandsOfTime+1","Replay:ManipulateFuture","Evaluate"],"picked":"Singing Bowl","floor":46},{"not_picked":["Replay:BluntJabs+1","CrushJoints+1"],"picked":"DeusExMachina","floor":48},{"not_picked":["LessonLearned+1","Adaptation","SandsOfTime+1"],"picked":"Singing Bowl","floor":54}],"player_experience":169633,"relics_obtained":[{"floor":2,"key":"Molten Egg 2"},{"floor":6,"key":"Golden Egg"},{"floor":10,"key":"Pantograph"},{"floor":22,"key":"Enchiridion"},{"floor":26,"key":"Turnip"},{"floor":29,"key":"Mango"},{"floor":41,"key":"Smiling Mask"},{"floor":43,"key":"Bronze Scales"},{"floor":44,"key":"Ginger"},{"floor":48,"key":"Chameleon Ring"},{"floor":54,"key":"Bird Faced Urn"}],"event_choices":[{"damage_healed":0,"gold_gain":75,"player_choice":"Gather Gold","damage_taken":11,"max_hp_gain":0,"max_hp_loss":0,"event_name":"World of Goop","floor":4,"gold_loss":0},{"damage_healed":0,"gold_gain":0,"player_choice":"Paid Gold","damage_taken":0,"relics_obtained":["Ancient Tea Set"],"max_hp_gain":0,"max_hp_loss":0,"event_name":"WeMeetAgain","floor":5,"gold_loss":86},{"damage_healed":0,"gold_gain":0,"player_choice":"Obtained Book","damage_taken":16,"max_hp_gain":0,"max_hp_loss":0,"event_name":"Cursed Tome","floor":22,"gold_loss":0},{"damage_healed":0,"gold_gain":0,"player_choice":"Ignored","damage_taken":0,"max_hp_gain":0,"max_hp_loss":0,"event_name":"NoteForYourself","floor":27,"gold_loss":0},{"damage_healed":0,"gold_gain":0,"player_choice":"Fight","damage_taken":0,"max_hp_gain":0,"max_hp_loss":0,"event_name":"MindBloom","floor":44,"gold_loss":0},{"cards_removed":["Replay:Hysterical Blindness","Decay","Hallucinations","ReplayTheSpireMod:Splinters"],"damage_healed":0,"gold_gain":0,"player_choice":"Removed Curses","damage_taken":0,"max_hp_gain":0,"max_hp_loss":0,"event_name":"Fountain of Cleansing","floor":47,"gold_loss":0}],"is_beta":false,"boss_relics":[{"not_picked":["ReplayTheSpireMod:DimensionalGlitch","Pandora\u0027s Box"],"picked":"Replay:Grab Bag"},{"not_picked":["Ectoplasm","Sozu"],"picked":"Cursed Key"},{"not_picked":["Busted Crown","ChewingGum"],"picked":"Fusion Hammer"},{"not_picked":["Replay:Drink Me","Empty Cage"],"picked":"Runic Pyramid"},{"not_picked":["Honey Jar","Snecko Eye"],"picked":"Replay:Ancient Bell"},{"not_picked":["Happy Flower","MealTicket"],"picked":"Gremlin Food"},{"not_picked":["Quantum Egg","Garlic"],"picked":"Meat on the Bone"},{"not_picked":["Girya","StoneCalendar"],"picked":"Replay:PocketPolymizer"}],"items_purged_floors":[37,53],"is_endless":false,"potions_floor_spawned":[3,10,14,19,21,30,33,38,39,46,48,54],"killed_by":"The Heart","ascension_level":0}}