{"host":"6xsbn6ynqlzwllfm","time":1611939886,"event":{"mods":["2.2 Compatiblity","BaseMod","Bestiary","Colored Map","Colored Powertips","Curses Come First","Downfall","Highlight Path","Keyboard Shortcuts","Minty Spire (QoL Compilation)","Relic Stats","Slay the Relics Exporter","StSLib","SuperFastMode"],"gold_per_floor":[110,121,121,131,144,144,197,197,217,317,317,317,317],"floor_reached":11,"language":"ENG","playtime":920,"items_purged":[],"score":117,"play_id":"fe3c6afa-4209-4242-9689-c18a9f746eda","local_time":"20210129120446","is_ascension_mode":true,"campfire_choices":[{"data":"Guardian:CompilePackage","floor":6,"key":"SMITH"},{"data":"Guardian:TwinSlam","floor":8,"key":"SMITH"}],"circlet_count":0,"master_deck":["AscendersBane","Guardian:Strike_Guardian","Guardian:Strike_Guardian","Guardian:Strike_Guardian","Guardian:Defend_Guardian","Guardian:Defend_Guardian","Guardian:Defend_Guardian","Guardian:Defend_Guardian","Guardian:CurlUp","Guardian:TwinSlam+1","Guardian:PrimingBeam","Guardian:VentSteam","Guardian:ShieldSpikes","Guardian:CompilePackage+1","Guardian:Gem_Purple","Guardian:Gem_Red","Guardian:Gem_Green","Guardian:TimeBomb","Guardian:BaubleBeam","Jack Of All Trades","Writhe","Guardian:MultiBeam"],"relics":["Guardian:ModeShifter","Ancient Tea Set","downfall:GremlinSack"],"acts_visited":["Exordium"],"potions_floor_usage":[2,10],"damage_taken":[{"damage":5,"enemies":"Cultist","floor":1,"turns":6},{"damage":1,"enemies":"2 Louse","floor":2,"turns":3},{"damage":0,"enemies":"Small Slimes","floor":4,"turns":3},{"damage":10,"enemies":"3 Louse","floor":5,"turns":5},{"damage":0,"enemies":"Exordium Wildlife","floor":9,"turns":3},{"damage":38,"enemies":"Exordium Wildlife","floor":10,"turns":7},{"damage":29,"enemies":"Gremlin Nob","floor":11,"turns":4}],"seed_played":"4538710982899148336","potions_obtained":[{"floor":1,"key":"Fire Potion"},{"floor":4,"key":"DuplicationPotion"}],"is_trial":false,"path_per_floor":["M","M","?","M","M","R","T","R","M","?","E"],"character_chosen":"GUARDIAN","items_purchased":[],"campfire_rested":0,"item_purchase_floors":[],"current_hp_per_floor":[67,66,66,66,56,56,56,56,56,18,0,0,0],"gold":317,"neow_bonus":"TEN_PERCENT_HP_BONUS","is_daily":false,"chose_seed":false,"campfire_upgraded":2,"win_rate":0.0,"timestamp":1611939886,"path_taken":["M","M","?","?","M","R","T","R","M","?","E"],"items_purchased_type":[],"build_version":"2020-12-22","purchased_purges":0,"victory":false,"max_hp_per_floor":[79,79,79,79,79,79,79,79,79,79,79,79,79],"relic_stats":{"counters":[7,31],"obtain_stats":[{"downfall:GremlinSack":10,"Guardian:ModeShifter":0,"Ancient Tea Set":7},{"downfall:GremlinSack":6,"Guardian:ModeShifter":0,"Ancient Tea Set":4},{"downfall:GremlinSack":27,"Guardian:ModeShifter":0,"Ancient Tea Set":17}]},"card_choices":[{"not_picked":["Guardian:Gem_White","Guardian:ShieldCharger"],"picked":"Guardian:PrimingBeam","floor":1},{"not_picked":["Guardian:Gem_Green","Guardian:PiercingHide"],"picked":"Guardian:VentSteam","floor":2},{"not_picked":["Guardian:ShieldCharger","Guardian:Emergency"],"picked":"Guardian:ShieldSpikes","floor":4},{"not_picked":["Guardian:Incinerate","Guardian:Gem_White"],"picked":"Guardian:CompilePackage","floor":5},{"not_picked":["Guardian:Gem_White","Guardian:Recover"],"picked":"Guardian:Gem_Purple","floor":9},{"not_picked":["Guardian:Suspension","Guardian:VentSteam"],"picked":"Guardian:MultiBeam","floor":10}],"player_experience":1435265,"relics_obtained":[{"floor":7,"key":"Ancient Tea Set"},{"floor":10,"key":"downfall:GremlinSack"}],"event_choices":[{"cards_removed":["Guardian:Strike_Guardian"],"damage_healed":0,"gold_gain":0,"player_choice":"Offered Basic","damage_taken":0,"max_hp_gain":0,"max_hp_loss":0,"event_name":"Bonfire Elementals","floor":3,"gold_loss":0}],"is_beta":false,"boss_relics":[],"items_purged_floors":[],"is_endless":false,"potions_floor_spawned":[1,4],"killed_by":"Gremlin Nob","ascension_level":16}}