{"host":"1xo5g347e5o4auts","time":1611954597,"event":{"mods":["BaseMod","Minty Spire (QoL Compilation)","Permanent Neow","StSLib"],"gold_per_floor":[118,130,55,66,116,142,152,152,152],"floor_reached":8,"language":"ENG","playtime":184,"items_purged":["Strike_R"],"score":116,"play_id":"85a70e38-055b-4ad4-878f-cc063c92c87a","local_time":"20210129230957","is_ascension_mode":true,"campfire_choices":[],"circlet_count":0,"master_deck":["AscendersBane","Strike_R","Strike_R","Strike_R","Strike_R","Defend_R","Defend_R","Defend_R","Defend_R","Bash","Bludgeon","Disarm","Clothesline","Feed"],"relics":["Burning Blood","Smiling Mask"],"acts_visited":["Exordium"],"potions_floor_usage":[8],"damage_taken":[{"damage":0,"enemies":"Cultist","floor":1,"turns":3},{"damage":0,"enemies":"Small Slimes","floor":2,"turns":2},{"damage":3,"enemies":"2 Louse","floor":4,"turns":3},{"damage":30,"enemies":"Lagavulin","floor":6,"turns":6},{"damage":21,"enemies":"Large Slime","floor":7,"turns":4},{"damage":31,"enemies":"Gremlin Nob","floor":8,"turns":3}],"seed_played":"3445403817831329921","potions_obtained":[{"floor":2,"key":"ElixirPotion"},{"floor":6,"key":"ElixirPotion"},{"floor":7,"key":"BlessingOfTheForge"}],"is_trial":false,"path_per_floor":["M","M","$","M","?","E","M","E"],"character_chosen":"IRONCLAD","items_purchased":[],"campfire_rested":0,"item_purchase_floors":[],"current_hp_per_floor":[56,62,62,65,65,41,26,0,0],"gold":152,"neow_bonus":"THREE_RARE_CARDS","is_daily":false,"chose_seed":false,"campfire_upgraded":0,"win_rate":0.0,"timestamp":1611954597,"path_taken":["M","M","?","M","?","E","M","E"],"items_purchased_type":[],"build_version":"2020-12-22","purchased_purges":1,"victory":false,"max_hp_per_floor":[75,75,75,75,75,75,75,75,75],"card_choices":[{"not_picked":["Barricade","Exhume"],"picked":"Bludgeon","floor":0},{"not_picked":["Headbutt","Cleave","Perfected Strike"],"picked":"SKIP","floor":1},{"not_picked":["Pummel","Armaments"],"picked":"Disarm","floor":2},{"not_picked":["Heavy Blade","Iron Wave"],"picked":"Clothesline","floor":4},{"not_picked":["Reckless Charge","Clothesline","Armaments"],"picked":"SKIP","floor":6},{"not_picked":["Shockwave","Flame Barrier"],"picked":"Feed","floor":7}],"player_experience":1382737,"relics_obtained":[{"floor":6,"key":"Smiling Mask"}],"event_choices":[{"damage_healed":0,"gold_gain":50,"player_choice":"Pray","damage_taken":0,"max_hp_gain":0,"max_hp_loss":0,"event_name":"Golden Shrine","floor":5,"gold_loss":0}],"is_beta":false,"boss_relics":[],"items_purged_floors":[3],"is_endless":false,"potions_floor_spawned":[2,6,7],"killed_by":"Gremlin Nob","ascension_level":20}}