{"host":"8kweeulvvasqx820","time":1611894914,"event":{"mods":["Aspiration","BaseMod","Better Altar","Better Match","Better Note","Better Sensory Stone","Better Skull","Better Third Choice","BetterRewards","Colored Map","Conspire","Displayed Cursed Tome","Downfall","Hubris","Infinite Spire","Jorbs\u0027s Wanderer Trilogy","Minty Spire (QoL Compilation)","Relic Stats","Replay The Spire","Spicy Shops","StSLib","SuperFastMode","Swap Starting Deck Mod","The Construct","The Marked","The Servant 0.9.4","everything is the same but u backflip on backflip","slay the spire mod where everything is the same but ironclad has a cowboy hat"],"gold_per_floor":[99,111,121,136,136,136,136,166,177,77,111,111,7,27,44,144,144,144,162,182,182,182,182,197,297,297,297,197,238,256,256,273,10,22,127,127,127,137,237,237,255,267,267,267,267,281,281,281,281,312,212,243,256,256,256,285,28,28,28,28],"floor_reached":61,"language":"ENG","playtime":6052,"items_purged":["champ:Strike","champ:Strike","champ:Strike"],"score":1244,"play_id":"f1bdd6e1-e3a1-4149-8a34-eed1039fda15","local_time":"20210128233514","is_ascension_mode":false,"campfire_choices":[{"data":"champ:Taunt","floor":1,"key":"SMITH"},{"floor":10,"key":"REST"},{"floor":18,"key":"RECALL"},{"floor":28,"key":"REST"},{"data":"champ:TripleStrike","floor":28,"key":"SMITH"},{"data":"champ:Lariat","floor":37,"key":"SMITH"},{"floor":49,"key":"REST"},{"data":"champ:ShieldSlam","floor":49,"key":"SMITH"},{"floor":51,"key":"REST"},{"data":"champ:StanceDance","floor":51,"key":"SMITH"},{"floor":58,"key":"REST"},{"data":"champ:Duel","floor":58,"key":"SMITH"}],"circlet_count":0,"master_deck":["champ:Strike","champ:Defend","champ:Defend","champ:Defend+1","champ:Defend","champ:Execute","champ:Taunt+1","champ:Backstep+1","champ:TornadoPunch","champ:StanceDance+1","champ:Duel+1","expansioncontent:InvincibleStrength","champ:VampiricStrike+1","champ:Improvising+1","champ:IronFortress+1","champ:TripleStrike+1","infinitespire:Collect+1","champ:BringItOn+1","LessonLearned+1","champ:StanceDance+1","champ:Lariat+1","champ:DeathBlow","champ:ShieldSlam+1","champ:GladiatorForm","champ:AdrenalArmor+1","infinitespire:SevenWalls+1","champ:Lariat+1","champ:EnGarde+1","Hallucinations","champ:FalseCounter+1","champ:RecklessLeap+1","champ:EnragedBash"],"relics":["champ:ChampionCrown","Lizard Tail","InkBottle","downfall:HeartBlessingBlue","infinitespire:Magic Flask","Cursed Key","aspiration:TomeofQuesting","conspire:SlowCooker","downfall:GremlinWheel","downfall:HeartBlessingRed","Tiny Chest","hubris:ScarierMask","Pocketwatch","aspiration:Lifesprig","Quantum Egg","downfall:HeartBlessingGreen","Replay:Towering Pillar of Hats","Blood Vial","Toy Ornithopter","hubris:Reverence"],"acts_visited":["Exordium","TheCity","TheBeyond","TheEnding"],"potions_floor_usage":[11,16,32,35,35,39,50,54,59,59,59,59],"damage_taken":[{"damage":10,"enemies":"Small Slimes","floor":2,"turns":3},{"damage":20,"enemies":"Jaw Worm","floor":3,"turns":4},{"damage":0,"enemies":"2 Louse","floor":4,"turns":2},{"damage":38,"enemies":"Gremlin Nob","floor":8,"turns":5},{"damage":10,"enemies":"Blue Slaver","floor":9,"turns":3},{"damage":46,"enemies":"Lagavulin","floor":11,"turns":7},{"damage":30,"enemies":"downfall:FleeingMerchant","floor":13,"turns":4},{"damage":26,"enemies":"3 Louse","floor":14,"turns":5},{"damage":10,"enemies":"Red Slaver","floor":15,"turns":2},{"damage":70,"enemies":"WA_ARCHETYPE_RETAIN","floor":16,"turns":14},{"damage":14,"enemies":"3 Byrds","floor":19,"turns":5},{"damage":20,"enemies":"Spheric Guardian","floor":20,"turns":4},{"damage":66,"enemies":"Cultist and Chosen","floor":24,"turns":7},{"damage":10,"enemies":"Cultist and Chosen","floor":25,"turns":4},{"damage":10,"enemies":"conspire:MimicChest","floor":29,"turns":7},{"damage":19,"enemies":"conspire:HollyBat","floor":30,"turns":7},{"damage":25,"enemies":"Sentry and Sphere","floor":32,"turns":6},{"damage":20,"enemies":"downfall:FleeingMerchant","floor":33,"turns":4},{"damage":10,"enemies":"3 Cultists","floor":34,"turns":3},{"damage":79,"enemies":"SI_MIRROR_ARCHETYPE","floor":35,"turns":7},{"damage":10,"enemies":"Orb Walker","floor":38,"turns":4},{"damage":65,"enemies":"infinitespire:Three Voidlings","floor":39,"turns":2},{"damage":249,"enemies":"Nightmare_Alpha","floor":39,"turns":13},{"damage":2,"enemies":"3 Shapes","floor":41,"turns":3},{"damage":17,"enemies":"Sphere and 2 Shapes","floor":42,"turns":3},{"damage":55,"enemies":"Maw","floor":46,"turns":7},{"damage":12,"enemies":"Nightmare","floor":50,"turns":11},{"damage":20,"enemies":"R_Hoarder","floor":52,"turns":8},{"damage":11,"enemies":"Spire Growth","floor":53,"turns":4},{"damage":67,"enemies":"DF_ARCHETYPE_ORBS","floor":54,"turns":9},{"damage":67,"enemies":"downfall:CharBossMerchant","floor":56,"turns":8},{"damage":221,"enemies":"downfall:NeowBoss","floor":59,"turns":11},{"damage":179,"enemies":"downfall:NeowBossFinal","floor":60,"turns":11}],"seed_played":"-3973151848315244763","potions_obtained":[{"floor":3,"key":"FairyPotion"},{"floor":4,"key":"SkillPotion"},{"floor":14,"key":"Ancient Potion"},{"floor":15,"key":"DistilledChaos"},{"floor":16,"key":"PowerPotion"},{"floor":25,"key":"ColorlessPotion"},{"floor":29,"key":"Regen Potion"},{"floor":32,"key":"LifebloodPotion"},{"floor":34,"key":"Regen Potion"},{"floor":35,"key":"Energy Potion"},{"floor":38,"key":"Ancient Potion"},{"floor":41,"key":"SteroidPotion"},{"floor":46,"key":"Block Potion"},{"floor":53,"key":"Venom Potion"},{"floor":56,"key":"Languid Potion"}],"is_trial":false,"path_per_floor":["R","M","M","M","?","?","T","E","M","R","E","?","$","M","M","B",null,"R_BF","M","M","PTL","PTL","AVR","M","?","T","?","R","?","M","?","M","$","M","B",null,"R","M","?","T","M","M","PTL","PTL","T","M","?","?","R","NM","R","E","M","B",null,"E","$","R","B","B",null],"character_chosen":"THE_CHAMP","items_purchased":["expansioncontent:InvincibleStrength","champ:DeathBlow","hubris:Reverence"],"campfire_rested":5,"item_purchase_floors":[13,33,57],"current_hp_per_floor":[63,63,53,53,53,63,63,35,35,78,57,57,47,41,41,51,110,110,106,96,96,96,96,70,60,60,60,93,93,74,51,56,61,61,57,115,115,115,25,25,23,21,21,21,21,36,36,36,70,103,115,115,115,115,115,115,115,115,115,70],"gold":28,"neow_bonus":"ONE_RARE_RELIC","is_daily":false,"chose_seed":false,"campfire_upgraded":6,"win_rate":0.0,"timestamp":1611894914,"path_taken":["R","M","M","M","?","?","T","E","M","R","E","?","?","M","M","BOSS","R_BF","M","M","PTL","PTL","AVR","M","?","T","?","R","?","M","?","M","?","M","BOSS","R","M","?","?","?","M","PTL","PTL","T","M","?","?","R","NM","R","E","M","BOSS","E","$","R","BOSS","BOSS"],"items_purchased_type":["Card","Card","Relic"],"build_version":"2020-12-22","purchased_purges":3,"victory":true,"max_hp_per_floor":[90,90,90,90,90,100,100,100,100,110,110,110,110,110,110,110,110,110,110,110,110,110,110,110,110,110,110,110,110,110,115,115,115,115,115,115,115,115,115,115,115,115,115,115,115,115,115,115,115,115,115,115,115,115,115,115,115,115,115,115],"relic_stats":{"Blood Vial":0,"Lizard Tail":0,"counters":[33,197],"Tiny Chest":1,"Cursed Key":1,"obtain_stats":[{"aspiration:Lifesprig":45,"downfall:HeartBlessingRed":28,"Replay:Towering Pillar of Hats":51,"Quantum Egg":50,"champ:ChampionCrown":0,"aspiration:TomeofQuesting":23,"downfall:HeartBlessingGreen":51,"conspire:SlowCooker":23,"infinitespire:Magic Flask":11,"Cursed Key":17,"Blood Vial":52,"Lizard Tail":0,"downfall:GremlinWheel":25,"downfall:HeartBlessingBlue":10,"hubris:ScarierMask":36,"Tiny Chest":29,"InkBottle":8,"Toy Ornithopter":56,"Pocketwatch":39,"hubris:Reverence":57},{"aspiration:Lifesprig":25,"downfall:HeartBlessingRed":14,"Replay:Towering Pillar of Hats":27,"Quantum Egg":27,"champ:ChampionCrown":0,"aspiration:TomeofQuesting":12,"downfall:HeartBlessingGreen":27,"conspire:SlowCooker":12,"infinitespire:Magic Flask":6,"Cursed Key":10,"Blood Vial":28,"Lizard Tail":0,"downfall:GremlinWheel":14,"downfall:HeartBlessingBlue":5,"hubris:ScarierMask":20,"Tiny Chest":15,"InkBottle":4,"Toy Ornithopter":31,"Pocketwatch":23,"hubris:Reverence":31},{"aspiration:Lifesprig":128,"downfall:HeartBlessingRed":69,"Replay:Towering Pillar of Hats":146,"Quantum Egg":146,"champ:ChampionCrown":0,"aspiration:TomeofQuesting":58,"downfall:HeartBlessingGreen":146,"conspire:SlowCooker":58,"infinitespire:Magic Flask":24,"Cursed Key":49,"Blood Vial":154,"Lizard Tail":0,"downfall:GremlinWheel":69,"downfall:HeartBlessingBlue":17,"hubris:ScarierMask":103,"Tiny Chest":76,"InkBottle":14,"Toy Ornithopter":175,"Pocketwatch":122,"hubris:Reverence":175}],"InkBottle":[103],"Toy Ornithopter":20,"Pocketwatch":[30]},"card_choices":[{"not_picked":["champ:RapidStrikes","champ:HeartStrike"],"picked":"champ:Backstep","floor":2},{"not_picked":["champ:BladeFlurry","champ:Shatter"],"picked":"champ:TornadoPunch","floor":3},{"not_picked":["champ:HeartStrike","champ:TornadoPunch"],"picked":"champ:StanceDance","floor":4},{"not_picked":["champ:Haymaker","champ:FlashCut","champ:RapidStrikes"],"picked":"SKIP","floor":8},{"not_picked":["champ:PreciseThrust","champ:BladeFlurry","champ:Circumvent"],"picked":"SKIP","floor":9},{"not_picked":["champ:FlashCut","champ:BerserkersShout","champ:HeartStrike"],"picked":"SKIP","floor":11},{"not_picked":["champ:FancyFootwork","champ:DeathBlow"],"picked":"champ:Duel","floor":13},{"not_picked":["champ:Haymaker","champ:Shatter"],"picked":"champ:VampiricStrike","floor":14},{"not_picked":["champ:SkillfulDodge","champ:DeathBlow","champ:PerfectedStrike"],"picked":"SKIP","floor":15},{"not_picked":["champ:HeavySlash","champ:Devastate"],"picked":"champ:Improvising","floor":16},{"not_picked":["champ:CrownThrow","champ:BerserkersShout"],"picked":"champ:IronFortress","floor":19},{"not_picked":["champ:FlashCut","champ:Haymaker"],"picked":"champ:TripleStrike","floor":20},{"not_picked":["champ:FalseCounter","champ:FlashCut+1"],"picked":"champ:BringItOn","floor":24},{"not_picked":["champ:Backstep+1","champ:RapidStrikes"],"picked":"champ:StanceDance+1","floor":29},{"not_picked":["champ:Shatter","champ:DefensiveShout+1","champ:TornadoPunch"],"picked":"SKIP","floor":30},{"not_picked":["champ:Shatter","champ:CrownThrow+1","champ:FanOfKnives"],"picked":"SKIP","floor":32},{"not_picked":["champ:AdrenalArmor","champ:Haymaker"],"picked":"champ:Lariat","floor":33},{"not_picked":["champ:Shatter","champ:BerserkersShout"],"picked":"champ:ShieldSlam","floor":34},{"not_picked":["champ:CheapShot","champ:SwordThrow"],"picked":"champ:GladiatorForm","floor":35},{"not_picked":["champ:TornadoPunch","champ:RapidStrikes+1"],"picked":"champ:AdrenalArmor+1","floor":38},{"not_picked":["ReplayTheSpireMod:??????????????????????","ReplayTheSpireMod:Black Plague"],"picked":"infinitespire:SevenWalls","floor":39},{"not_picked":["champ:FlashCut","champ:PerfectedStrike"],"picked":"champ:Lariat+1","floor":41},{"not_picked":["champ:SetATrap+1","champ:FanOfKnives+1"],"picked":"champ:EnGarde","floor":42},{"not_picked":["champ:RapidStrikes","champ:AdrenalArmor+1"],"picked":"champ:FalseCounter+1","floor":46},{"not_picked":["champ:PreemptiveStrike","champ:HeavySlash"],"picked":"champ:RecklessLeap+1","floor":50},{"not_picked":["champ:RecklessLeap","champ:Shatter+1","champ:TornadoPunch+1"],"picked":"SKIP","floor":52},{"not_picked":["champ:BladeFlurry+1","champ:AdrenalArmor","champ:Circumvent"],"picked":"SKIP","floor":53},{"not_picked":["champ:GutPunch","champ:RisingSlash"],"picked":"champ:EnragedBash","floor":56}],"player_experience":105935,"relics_obtained":[{"floor":8,"key":"InkBottle"},{"floor":11,"key":"infinitespire:Magic Flask"},{"floor":25,"key":"downfall:GremlinWheel"},{"floor":29,"key":"Tiny Chest"},{"floor":39,"key":"Pocketwatch"},{"floor":45,"key":"aspiration:Lifesprig"},{"floor":50,"key":"Quantum Egg"},{"floor":51,"key":"Replay:Towering Pillar of Hats"},{"floor":52,"key":"Blood Vial"},{"floor":56,"key":"Toy Ornithopter"}],"event_choices":[{"cards_removed":["infinitespire:Collect"],"damage_healed":0,"gold_gain":0,"player_choice":"Take \u0026 Give","damage_taken":0,"max_hp_gain":0,"max_hp_loss":0,"event_name":"betterNote:BetterNote","floor":27,"gold_loss":0,"cards_obtained":["LessonLearned"]},{"damage_healed":0,"gold_gain":0,"player_choice":"Relic","damage_taken":0,"max_hp_gain":0,"max_hp_loss":0,"event_name":"Wheel of Change","floor":51,"gold_loss":0}],"is_beta":false,"boss_relics":[{"not_picked":["Abe\u0027s Treasure","hubris:Backtick"],"picked":"Cursed Key"},{"not_picked":["hubris:VirtuousBlindfold","Honey Jar"],"picked":"hubris:ScarierMask"}],"items_purged_floors":[23,33,33],"is_endless":false,"potions_floor_spawned":[3,4,14,15,16,25,29,32,34,35,38,41,46,53,56],"ascension_level":0}}