{"host":"osk2oboccoevp2u5","time":1611892850,"event":{"mods":["AchievementEnabler","Alarm Clock","BaseMod","Colored Powertips","Disable Question Mark Monsters","Displayed Cursed Tome","Hermit","Key Reminder","Minty Spire (QoL Compilation)","Potion Indicator Mod","Quick Restart","Rare Cards Sparkle","Reorder Act Four","StSLib","Useless Jewels Mod"],"gold_per_floor":[113,125,144,160,37,37,57,57,110,110,136,136,136,136,136,240,240,255,255,275,294,344,344,358,393,419,419,49,72,72,84,84,189,189,203,68,100,118,134,134,134,134,134],"floor_reached":42,"language":"ENG","playtime":3552,"items_purged":["hermit:Strike_Hermit","hermit:Strike_Hermit"],"score":531,"play_id":"15dedc0e-dc8c-41af-b124-95e37a3ddb7b","local_time":"20210129000050","is_ascension_mode":true,"campfire_choices":[{"floor":6,"key":"REST"},{"data":"hermit:TrackingShot","floor":8,"key":"SMITH"},{"data":"hermit:Misfire","floor":13,"key":"SMITH"},{"data":"hermit:Manifest","floor":15,"key":"SMITH"},{"floor":23,"key":"REST"},{"floor":27,"key":"REST"},{"floor":32,"key":"REST"},{"floor":40,"key":"REST"}],"circlet_count":0,"master_deck":["hermit:Defend_Hermit","hermit:Defend_Hermit","hermit:Defend_Hermit","hermit:Defend_Hermit","hermit:Snapshot","hermit:Covet","hermit:SprayPray","hermit:Grudge","hermit:Manifest+1","hermit:TrackingShot+1","hermit:Misfire+1","Parasite","hermit:Malice+1","hermit:Snipe","hermit:Vantage","Panacea","Shame","hermit:DeadOrAlive","hermit:TrackingShot+1"],"relics":["hermit:Momento","Anchor","StrikeDummy","Lantern","Busted Crown","Darkstone Periapt","Ancient Tea Set","Strawberry","Regal Pillow","Boot","SacredBark","Bag of Marbles"],"acts_visited":["Exordium","TheCity","TheBeyond"],"potions_floor_usage":[11,11,16,24,25,25,33,38],"damage_taken":[{"damage":13,"enemies":"Jaw Worm","floor":1,"turns":4},{"damage":7,"enemies":"Small Slimes","floor":2,"turns":4},{"damage":1,"enemies":"Cultist","floor":3,"turns":3},{"damage":7,"enemies":"Looter","floor":4,"turns":3},{"damage":12,"enemies":"Exordium Thugs","floor":7,"turns":4},{"damage":1,"enemies":"3 Sentries","floor":11,"turns":5},{"damage":55,"enemies":"Slime Boss","floor":16,"turns":12},{"damage":17,"enemies":"3 Byrds","floor":18,"turns":4},{"damage":13,"enemies":"Spheric Guardian","floor":20,"turns":4},{"damage":25,"enemies":"Snecko","floor":21,"turns":9},{"damage":30,"enemies":"Snake Plant","floor":24,"turns":5},{"damage":144,"enemies":"Book of Stabbing","floor":25,"turns":9},{"damage":36,"enemies":"Cultist and Chosen","floor":31,"turns":6},{"damage":104,"enemies":"Champ","floor":33,"turns":18},{"damage":42,"enemies":"3 Darklings","floor":35,"turns":11},{"damage":2,"enemies":"Orb Walker","floor":37,"turns":3},{"damage":162,"enemies":"Maw","floor":38,"turns":12},{"damage":86,"enemies":"Transient","floor":39,"turns":5},{"damage":439,"enemies":"Giant Head","floor":42,"turns":14}],"seed_played":"3993989469535137268","potions_obtained":[{"floor":2,"key":"SkillPotion"},{"floor":4,"key":"EssenceOfSteel"},{"floor":16,"key":"PowerPotion"},{"floor":20,"key":"BlessingOfTheForge"},{"floor":21,"key":"SpeedPotion"},{"floor":31,"key":"Ancient Potion"},{"floor":37,"key":"hermit:Eclipse"},{"floor":39,"key":"FairyPotion"}],"is_trial":false,"path_per_floor":["M","M","M","M","$","R","M","R","T","?","E","?","R","?","R","B",null,"M","?","M","M","?","R","M","E","T","R","$","T","?","M","R","B",null,"M","?","M","M","M","R","?","E"],"character_chosen":"HERMIT","items_purchased":["hermit:Tonic","Strawberry","hermit:Vantage","Panacea"],"campfire_rested":5,"item_purchase_floors":[5,28,28,28],"current_hp_per_floor":[69,62,61,54,54,78,66,66,66,48,47,67,67,67,67,12,82,65,65,52,27,27,51,21,19,19,43,50,50,56,20,63,42,95,53,53,51,45,32,75,105,45,45],"gold":134,"neow_bonus":"TEN_PERCENT_HP_BONUS","is_daily":false,"chose_seed":false,"campfire_upgraded":3,"win_rate":0.0,"timestamp":1611892850,"path_taken":["M","M","M","M","$","R","M","R","T","?","E","?","R","?","R","BOSS","M","?","?","M","?","R","M","E","T","R","$","?","?","M","R","BOSS","M","?","?","M","M","R","?","E"],"items_purchased_type":["Potion","Relic","Card","Card"],"build_version":"2020-12-22","purchased_purges":2,"victory":false,"max_hp_per_floor":[82,82,82,82,82,82,82,82,82,82,82,82,82,82,82,82,82,82,82,82,82,82,82,82,82,82,82,89,89,95,95,95,95,95,95,95,95,95,95,95,105,105,105],"card_choices":[{"not_picked":["hermit:HighCaliber","hermit:HoleUp"],"picked":"hermit:SprayPray","floor":1},{"not_picked":["hermit:HeroicBravado","hermit:CalledShot"],"picked":"hermit:Grudge","floor":2},{"not_picked":["hermit:CursedWeapon","hermit:Vantage","hermit:CalledShot"],"picked":"SKIP","floor":3},{"not_picked":["hermit:BigShot","hermit:Quickdraw"],"picked":"hermit:Manifest","floor":4},{"not_picked":["hermit:HoleUp","hermit:LowProfile"],"picked":"hermit:TrackingShot","floor":7},{"not_picked":["hermit:Roulette","hermit:Desperado"],"picked":"hermit:Misfire","floor":11},{"not_picked":["hermit:Reprieve","hermit:FinalCanter"],"picked":"hermit:Adapt","floor":16},{"not_picked":[],"picked":"hermit:Malice+1","floor":18},{"not_picked":["hermit:DeadMansHand"],"picked":"SKIP","floor":20},{"not_picked":["hermit:Manifest"],"picked":"SKIP","floor":21},{"not_picked":["hermit:Feint"],"picked":"SKIP","floor":24},{"not_picked":[],"picked":"hermit:Snipe","floor":25},{"not_picked":["hermit:Combo"],"picked":"SKIP","floor":31},{"not_picked":[],"picked":"hermit:DeadOrAlive","floor":33},{"not_picked":["hermit:Cheat+1"],"picked":"SKIP","floor":35},{"not_picked":["hermit:CursedWeapon+1"],"picked":"SKIP","floor":37},{"not_picked":[],"picked":"hermit:TrackingShot+1","floor":38},{"not_picked":["hermit:SprayPray+1"],"picked":"SKIP","floor":39}],"player_experience":961547,"relics_obtained":[{"floor":9,"key":"Anchor"},{"floor":11,"key":"Lantern"},{"floor":25,"key":"Darkstone Periapt"},{"floor":26,"key":"Ancient Tea Set"},{"floor":29,"key":"Regal Pillow"}],"event_choices":[{"damage_healed":0,"gold_gain":0,"player_choice":"Success","damage_taken":18,"relics_obtained":["StrikeDummy"],"max_hp_gain":0,"max_hp_loss":0,"event_name":"Scrap Ooze","floor":10,"gold_loss":0},{"damage_healed":20,"gold_gain":0,"player_choice":"Healed and dodged fight","damage_taken":0,"max_hp_gain":0,"max_hp_loss":0,"event_name":"Mushrooms","floor":12,"gold_loss":0,"cards_obtained":["Parasite"]},{"cards_removed":["hermit:Strike_Hermit"],"damage_healed":0,"gold_gain":0,"player_choice":"Forget","damage_taken":0,"max_hp_gain":0,"max_hp_loss":0,"event_name":"Living Wall","floor":14,"gold_loss":0},{"cards_removed":["hermit:Strike_Hermit"],"damage_healed":0,"gold_gain":0,"player_choice":"Purged","damage_taken":0,"max_hp_gain":0,"max_hp_loss":0,"event_name":"Purifier","floor":19,"gold_loss":0},{"damage_healed":0,"gold_gain":100,"player_choice":"Bet on Murderer","damage_taken":0,"max_hp_gain":0,"max_hp_loss":0,"event_name":"The Joust","floor":22,"gold_loss":50},{"damage_healed":0,"gold_gain":0,"player_choice":"Stole Relic","damage_taken":0,"relics_obtained":["Boot"],"max_hp_gain":0,"max_hp_loss":0,"event_name":"Addict","floor":30,"gold_loss":0,"cards_obtained":["Shame"]},{"damage_healed":0,"gold_gain":0,"player_choice":"Paid Gold","damage_taken":0,"relics_obtained":["Bag of Marbles"],"max_hp_gain":0,"max_hp_loss":0,"event_name":"WeMeetAgain","floor":36,"gold_loss":135},{"cards_removed":["hermit:Adapt"],"damage_healed":20,"gold_gain":0,"player_choice":"Offered Rare","damage_taken":0,"max_hp_gain":10,"max_hp_loss":0,"event_name":"Bonfire Elementals","floor":41,"gold_loss":0}],"is_beta":false,"boss_relics":[{"not_picked":["Velvet Choker","hermit:DentedPlate"],"picked":"Busted Crown"},{"not_picked":["Pandora\u0027s Box","Fusion Hammer"],"picked":"SacredBark"}],"items_purged_floors":[5,28],"is_endless":false,"potions_floor_spawned":[2,4,16,20,21,31,37,39],"killed_by":"Giant Head","ascension_level":3}}