{"host":"0xtpc43j5kblke7u","time":1611896164,"event":{"mods":["AchievementEnabler","BaseMod","Colored Map","Highlight Path","Minty Spire (QoL Compilation)"],"gold_per_floor":[117,117,97,52,70,97,113,142,189,189,5,17,31,43,43,146,146,160,160,85,104,120,145,162,22,22,22,55,55,55,65,65,160,160,170,170,180,180,191,191,210,230,230,248,248,248,263,278,278,278,278],"floor_reached":50,"language":"ENG","playtime":3012,"items_purged":["Strike_P","Strike_P"],"score":658,"play_id":"87586e7b-e22a-4545-bdc6-eeb65248e65c","local_time":"20210128235604","is_ascension_mode":true,"campfire_choices":[{"data":"Eruption","floor":10.0,"key":"SMITH"},{"floor":15.0,"key":"REST"},{"data":"Judgement","floor":27.0,"key":"SMITH"},{"data":"Panacea","floor":29.0,"key":"SMITH"},{"data":"EmptyFist","floor":32.0,"key":"SMITH"},{"floor":40.0,"key":"REST"},{"floor":46.0,"key":"REST"},{"floor":49.0,"key":"REST"}],"circlet_count":0,"master_deck":["Defend_P","Defend_P","Defend_P+1","Eruption+1","Vigilance","EmptyFist+1","Protect+1","FollowUp+1","ClearTheMind","ReachHeaven+1","Tantrum+1","ThirdEye","Evaluate","Judgement+1","BowlingBash+1","WheelKick+1","CarveReality+1","Evaluate","Panacea+1","DeusExMachina","Madness","Parasite","FearNoEvil+1","Consecrate+1"],"relics":["PureWater","NeowsBlessing","Molten Egg 2","Dream Catcher","Regal Pillow","Sozu","Smiling Mask","War Paint","Art of War","Cursed Key"],"acts_visited":["Exordium","TheCity","TheBeyond"],"potions_floor_usage":[],"damage_taken":[{"damage":0.0,"enemies":"Small Slimes","floor":1.0,"turns":1.0},{"damage":0.0,"enemies":"2 Louse","floor":5.0,"turns":1.0},{"damage":0.0,"enemies":"Gremlin Nob","floor":6.0,"turns":1.0},{"damage":0.0,"enemies":"Cultist","floor":7.0,"turns":2.0},{"damage":41.0,"enemies":"Lagavulin","floor":8.0,"turns":7.0},{"damage":6.0,"enemies":"Lots of Slimes","floor":12.0,"turns":4.0},{"damage":0.0,"enemies":"Large Slime","floor":13.0,"turns":2.0},{"damage":3.0,"enemies":"Looter","floor":14.0,"turns":2.0},{"damage":46.0,"enemies":"Hexaghost","floor":16.0,"turns":9.0},{"damage":0.0,"enemies":"3 Byrds","floor":18.0,"turns":3.0},{"damage":7.0,"enemies":"Shell Parasite","floor":21.0,"turns":2.0},{"damage":0.0,"enemies":"Cultist and Chosen","floor":22.0,"turns":3.0},{"damage":6.0,"enemies":"Book of Stabbing","floor":23.0,"turns":3.0},{"damage":12.0,"enemies":"Centurion and Healer","floor":24.0,"turns":4.0},{"damage":0.0,"enemies":"Gremlin Leader","floor":28.0,"turns":3.0},{"damage":0.0,"enemies":"Snake Plant","floor":31.0,"turns":1.0},{"damage":44.0,"enemies":"Automaton","floor":33.0,"turns":7.0},{"damage":0.0,"enemies":"3 Shapes","floor":35.0,"turns":3.0},{"damage":11.0,"enemies":"3 Darklings","floor":37.0,"turns":4.0},{"damage":34.0,"enemies":"Transient","floor":39.0,"turns":5.0},{"damage":0.0,"enemies":"4 Shapes","floor":41.0,"turns":5.0},{"damage":0.0,"enemies":"Sphere and 2 Shapes","floor":42.0,"turns":2.0},{"damage":33.0,"enemies":"Jaw Worm Horde","floor":44.0,"turns":3.0},{"damage":65.0,"enemies":"Writhing Mass","floor":47.0,"turns":5.0},{"damage":25.0,"enemies":"Maw","floor":48.0,"turns":6.0},{"damage":59,"enemies":"Donu and Deca","floor":50,"turns":4}],"seed_played":"-8542974541544589144","potions_obtained":[{"floor":3.0,"key":"FairyPotion"},{"floor":6.0,"key":"Swift Potion"},{"floor":8.0,"key":"PowerPotion"},{"floor":12.0,"key":"Regen Potion"},{"floor":14.0,"key":"EntropicBrew"}],"is_trial":false,"path_per_floor":["M","?","?","$","M","E","M","E","T","R","$","M","M","M","R","B",null,"M","?","?","M","M","E","M","$","T","R","E","R","$","M","R","B",null,"M","?","M","?","M","R","M","M","T","M","?","R","M","M","R","B"],"character_chosen":"WATCHER","items_purchased":["Protect","ReachHeaven+1","Tantrum+1","Panacea"],"campfire_rested":4,"item_purchase_floors":[4,11,11,25],"current_hp_per_floor":[72,65,65,65,65,65,65,24,24,24,24,18,23,20,56,10,72,72,72,72,65,65,59,47,47,47,47,47,47,47,47,47,3,72,72,72,61,61,27,63,63,63,63,30,30,66,1,21,57,0,0],"gold":278,"neow_bonus":"THREE_ENEMY_KILL","is_daily":false,"chose_seed":false,"campfire_upgraded":4,"win_rate":0.0,"timestamp":1611896164,"path_taken":["M","?","?","$","M","E","?","E","T","R","?","M","M","M","R","BOSS","M","?","?","M","M","E","?","$","T","R","E","R","?","M","R","BOSS","M","?","?","?","M","R","?","M","T","M","?","R","M","M","R","BOSS"],"items_purchased_type":["Card","Card","Card","Card"],"build_version":"2020-12-22","purchased_purges":2,"victory":false,"max_hp_per_floor":[72,72,72,72,72,72,72,72,72,72,72,72,72,72,72,72,72,72,72,72,72,72,72,72,72,72,72,72,72,72,72,72,72,72,72,72,72,72,72,72,72,72,72,72,72,72,72,72,72,72,72],"card_choices":[{"not_picked":["Conclude","EmptyBody"],"picked":"EmptyFist","floor":1.0},{"not_picked":["Crescendo","Sanctity","PathToVictory"],"picked":"SKIP","floor":5.0},{"not_picked":["Evaluate","PathToVictory"],"picked":"FollowUp+1","floor":6.0},{"not_picked":["Consecrate+1","SandsOfTime+1"],"picked":"ClearTheMind","floor":7.0},{"not_picked":["Fasting2","FollowUp+1","Meditate"],"picked":"SKIP","floor":8.0},{"not_picked":["Tantrum+1","CrushJoints+1","Halt"],"picked":"SKIP","floor":12.0},{"not_picked":["Prostrate","Perseverance","Scrawl"],"picked":"SKIP","floor":13.0},{"not_picked":["PathToVictory","TalkToTheHand+1"],"picked":"ThirdEye","floor":14.0},{"not_picked":["Vengeance","ThirdEye"],"picked":"Evaluate","floor":15.0},{"not_picked":["Devotion","Establishment"],"picked":"Judgement","floor":16.0},{"not_picked":["CutThroughFate+1","Halt"],"picked":"BowlingBash+1","floor":18.0},{"not_picked":["Collect+1","WindmillStrike+1"],"picked":"WheelKick+1","floor":21.0},{"not_picked":["PathToVictory","Perseverance","Collect"],"picked":"SKIP","floor":22.0},{"not_picked":["FlurryOfBlows+1","EmptyBody+1"],"picked":"CarveReality+1","floor":23.0},{"not_picked":["Fasting2","Wish"],"picked":"Evaluate","floor":24.0},{"not_picked":["Meditate","ConjureBlade","JustLucky+1"],"picked":"SKIP","floor":28.0},{"not_picked":["EmptyMind+1","Evaluate","FlurryOfBlows+1"],"picked":"SKIP","floor":31.0},{"not_picked":["Wish","DevaForm"],"picked":"DeusExMachina","floor":33.0},{"not_picked":["Vengeance","FlurryOfBlows+1","JustLucky+1"],"picked":"SKIP","floor":35.0},{"not_picked":["Evaluate+1","CutThroughFate+1","SashWhip+1"],"picked":"SKIP","floor":37.0},{"not_picked":["InnerPeace","EmptyBody+1","TalkToTheHand+1"],"picked":"SKIP","floor":39.0},{"not_picked":["SignatureMove+1","Crescendo","Nirvana+1"],"picked":"SKIP","floor":41.0},{"not_picked":["CrushJoints+1","Collect+1","Evaluate"],"picked":"SKIP","floor":42.0},{"not_picked":["SashWhip+1","CrushJoints+1","ThirdEye"],"picked":"SKIP","floor":44.0},{"not_picked":["Good Instincts","Forethought"],"picked":"Madness","floor":45.0},{"not_picked":["Study+1","FlyingSleeves+1","PathToVictory+1"],"picked":"SKIP","floor":47.0},{"not_picked":["Fasting2","SashWhip+1"],"picked":"FearNoEvil+1","floor":48.0},{"not_picked":["FlurryOfBlows+1","Crescendo"],"picked":"Consecrate+1","floor":49.0}],"player_experience":649922,"relics_obtained":[{"floor":6.0,"key":"Molten Egg 2"},{"floor":8.0,"key":"Dream Catcher"},{"floor":9.0,"key":"Regal Pillow"},{"floor":23.0,"key":"Smiling Mask"},{"floor":26.0,"key":"War Paint"},{"floor":28.0,"key":"Art of War"}],"event_choices":[{"cards_removed":["Strike_P"],"damage_healed":0.0,"max_hp_gain":0.0,"max_hp_loss":0.0,"gold_gain":0.0,"event_name":"Golden Wing","player_choice":"Card Removal","floor":2.0,"gold_loss":0.0,"damage_taken":7.0},{"damage_healed":0.0,"max_hp_gain":0.0,"max_hp_loss":0.0,"gold_gain":0.0,"event_name":"The Woman in Blue","player_choice":"Bought 1 Potion","floor":3.0,"gold_loss":0.0,"damage_taken":0.0},{"damage_healed":0.0,"max_hp_gain":0.0,"max_hp_loss":0.0,"gold_gain":0.0,"event_name":"Ghosts","player_choice":"Ignored","floor":19.0,"gold_loss":0.0,"damage_taken":0.0},{"cards_removed":["Strike_P"],"damage_healed":0.0,"max_hp_gain":0.0,"max_hp_loss":0.0,"gold_gain":0.0,"event_name":"Beggar","player_choice":"Gave Gold","floor":20.0,"gold_loss":75.0,"damage_taken":0.0},{"damage_healed":0.0,"max_hp_gain":0.0,"max_hp_loss":0.0,"gold_gain":0.0,"event_name":"Purifier","player_choice":"Ignored","floor":36.0,"gold_loss":0.0,"damage_taken":0.0},{"cards_removed":["Defend_P"],"damage_healed":0.0,"max_hp_gain":0.0,"max_hp_loss":0.0,"gold_gain":0.0,"event_name":"Bonfire Elementals","player_choice":"Offered Basic","floor":38.0,"gold_loss":0.0,"damage_taken":0.0},{"damage_healed":0.0,"max_hp_gain":0.0,"max_hp_loss":0.0,"gold_gain":0.0,"event_name":"SensoryStone","player_choice":"Memory 1","floor":45.0,"gold_loss":0.0,"damage_taken":0.0}],"is_beta":false,"boss_relics":[{"not_picked":["Calling Bell","Velvet Choker"],"picked":"Sozu"},{"not_picked":["Pandora\u0027s Box","SlaversCollar"],"picked":"Cursed Key"}],"items_purged_floors":[11,25],"is_endless":false,"potions_floor_spawned":[6,8,12,14,16,21,22,28,31,33,35,39,47],"killed_by":"Donu and Deca","ascension_level":4}}