{"host":"hixkpep13ay54y5b","time":1611932823,"event":{"mods":["AchievementEnabler","BaseMod","BetterRewards","Colored Map","Hubris","Infinite Spire","Minty Spire (QoL Compilation)","Quick Restart","Replay The Spire","Shop Mod","StSLib","SuperFastMode"],"gold_per_floor":[111,137,137,155,155,155,182,182,182,262,278,295,314,91,91,91,91],"floor_reached":16,"language":"ENG","playtime":277,"items_purged":["Strike_R"],"score":125,"play_id":"9a690015-776f-4384-a851-c26e7b3bdf4f","local_time":"20210129100703","is_ascension_mode":false,"campfire_choices":[{"data":"Armaments","floor":6,"key":"SMITH"},{"data":"Defend_R","floor":8,"key":"SMITH"},{"data":"Bash","floor":15,"key":"SMITH"}],"circlet_count":0,"master_deck":["Strike_R","Strike_R","Strike_R","Strike_R","Defend_R+1","Defend_R+1","Defend_R","Defend_R","Bash+1","Armaments+1","ReplayTheSpireMod:Stacked","Twin Strike","Heavy Blade"],"relics":["Burning Blood","NeowsBlessing","Replay:Rubber Ducky","ReplayTheSpireMod:TigerMarble","Bronze Scales","Potion Belt","MerchantsRug"],"acts_visited":["Exordium"],"potions_floor_usage":[12],"damage_taken":[{"damage":0,"enemies":"Cultist","floor":1,"turns":1},{"damage":0,"enemies":"Small Slimes","floor":4,"turns":1},{"damage":0,"enemies":"Lagavulin","floor":7,"turns":1},{"damage":6,"enemies":"2 Louse","floor":11,"turns":2},{"damage":0,"enemies":"Large Slime","floor":12,"turns":6},{"damage":1,"enemies":"2 Fungi Beasts","floor":13,"turns":3},{"damage":68,"enemies":"Slime Boss","floor":16,"turns":13}],"seed_played":"939117951402726780","potions_obtained":[{"floor":1,"key":"Swift Potion"},{"floor":4,"key":"EssenceOfSteel"},{"floor":13,"key":"EssenceOfSteel"}],"is_trial":false,"path_per_floor":["M","T","?","M","?","R","E","R","T","?","M","M","M","$","R","B"],"character_chosen":"IRONCLAD","items_purchased":["MerchantsRug"],"campfire_rested":0,"item_purchase_floors":[14],"current_hp_per_floor":[80,80,80,80,80,80,80,80,80,48,48,54,59,59,59,0,0],"gold":91,"neow_bonus":"THREE_ENEMY_KILL","is_daily":false,"chose_seed":false,"campfire_upgraded":3,"win_rate":0.0,"timestamp":1611932823,"path_taken":["M","?","?","M","?","R","E","R","T","?","M","M","M","$","R","BOSS"],"items_purchased_type":["Relic"],"build_version":"2020-12-22","purchased_purges":1,"victory":false,"max_hp_per_floor":[80,80,80,80,80,80,80,80,80,80,80,80,80,80,80,80,80],"card_choices":[{"not_picked":["Pommel Strike","Clothesline","Iron Wave"],"picked":"SKIP","floor":1},{"not_picked":["Seeing Red","Perfected Strike"],"picked":"Armaments","floor":4},{"not_picked":["Perfected Strike","ReplayReversal","ReplayTheSpireMod:Corrosion Curse"],"picked":"SKIP","floor":7},{"not_picked":["Second Wind","Rage","ReplayTheSpireMod:Stacked"],"picked":"SKIP","floor":11},{"not_picked":["Second Wind","Rage"],"picked":"ReplayTheSpireMod:Stacked","floor":11},{"not_picked":["Sword Boomerang","Fire Breathing"],"picked":"Twin Strike","floor":12},{"not_picked":["ReplayReversal","Twin Strike"],"picked":"Heavy Blade","floor":13}],"player_experience":156652,"relics_obtained":[{"floor":2,"key":"Replay:Rubber Ducky"},{"floor":7,"key":"ReplayTheSpireMod:TigerMarble"},{"floor":9,"key":"Bronze Scales"},{"floor":10,"key":"Potion Belt"}],"event_choices":[{"damage_healed":0,"gold_gain":0,"player_choice":"Ignored","damage_taken":0,"max_hp_gain":0,"max_hp_loss":0,"event_name":"Liars Game","floor":5,"gold_loss":0}],"is_beta":false,"boss_relics":[],"items_purged_floors":[14],"is_endless":false,"potions_floor_spawned":[1,4,13],"killed_by":"Slime Boss","ascension_level":0}}