{"host":"vumwfieg2b2mnrfl","time":1611888800,"event":{"mods":["AchievementEnabler","BaseMod","Minty Spire (QoL Compilation)","Rare Cards Sparkle","Relic Stats"],"gold_per_floor":[115,139,149,224,224,255,255,255,255,273,289,309,342,361,361,437,437,447,372,372,372],"floor_reached":20,"language":"ENG","playtime":518,"items_purged":[],"score":264,"play_id":"78396775-fd9e-4af4-bcf1-c61ae6823fd0","local_time":"20210128205320","is_ascension_mode":true,"campfire_choices":[{"data":"Armaments","floor":7,"key":"SMITH"},{"data":"Flame Barrier","floor":15,"key":"SMITH"}],"circlet_count":0,"master_deck":["AscendersBane","Strike_R","Strike_R","Strike_R","Strike_R","Defend_R","Defend_R","Defend_R","Defend_R","Bash","Armaments+1","Clash","Evolve","Anger","Sever Soul","Entrench","Flame Barrier+1","Feed"],"relics":["Burning Blood","NeowsBlessing","Art of War","PreservedInsect","Meat on the Bone","Shovel","SlaversCollar"],"acts_visited":["Exordium","TheCity"],"potions_floor_usage":[13],"damage_taken":[{"damage":0,"enemies":"Cultist","floor":1,"turns":1},{"damage":0,"enemies":"2 Louse","floor":3,"turns":1},{"damage":0,"enemies":"Lagavulin","floor":6,"turns":1},{"damage":7,"enemies":"Jaw Worm","floor":10,"turns":2},{"damage":7,"enemies":"3 Louse","floor":11,"turns":4},{"damage":20,"enemies":"Exordium Thugs","floor":12,"turns":4},{"damage":7,"enemies":"3 Sentries","floor":13,"turns":6},{"damage":6,"enemies":"Looter","floor":14,"turns":3},{"damage":37,"enemies":"Slime Boss","floor":16,"turns":10},{"damage":31,"enemies":"Chosen","floor":18,"turns":6},{"damage":59,"enemies":"Masked Bandits","floor":20,"turns":3}],"seed_played":"-7416183972439026279","potions_obtained":[{"floor":3,"key":"FearPotion"},{"floor":6,"key":"PowerPotion"},{"floor":12,"key":"DuplicationPotion"},{"floor":16,"key":"DuplicationPotion"}],"is_trial":false,"path_per_floor":["M","T","M","?","$","E","R","$","T","M","M","M","E","M","R","B",null,"M","?","?"],"character_chosen":"IRONCLAD","items_purchased":[],"campfire_rested":0,"item_purchase_floors":[],"current_hp_per_floor":[74,74,75,64,64,70,70,70,70,69,68,54,53,53,53,34,65,55,55,0,0],"gold":372,"neow_bonus":"THREE_ENEMY_KILL","is_daily":false,"chose_seed":false,"campfire_upgraded":2,"win_rate":0.0,"timestamp":1611888800,"path_taken":["M","?","M","?","$","E","R","$","T","M","M","M","E","M","R","BOSS","M","?","?"],"items_purchased_type":[],"build_version":"2020-12-22","purchased_purges":0,"victory":false,"max_hp_per_floor":[75,75,75,75,75,75,75,75,75,75,75,75,75,75,75,75,75,78,78,78,78],"relic_stats":{"Shovel":0,"counters":[11,41],"PreservedInsect":33,"Art of War":[5],"obtain_stats":[{"SlaversCollar":17,"Shovel":13,"NeowsBlessing":0,"PreservedInsect":6,"Art of War":2,"Burning Blood":0,"Meat on the Bone":9},{"SlaversCollar":9,"Shovel":7,"NeowsBlessing":0,"PreservedInsect":3,"Art of War":1,"Burning Blood":0,"Meat on the Bone":3},{"SlaversCollar":32,"Shovel":19,"NeowsBlessing":0,"PreservedInsect":3,"Art of War":1,"Burning Blood":0,"Meat on the Bone":3}],"Burning Blood":55,"Meat on the Bone":24},"card_choices":[{"not_picked":["Body Slam","Infernal Blade"],"picked":"Armaments","floor":1},{"not_picked":["Warcry","Perfected Strike"],"picked":"Clash","floor":3},{"not_picked":["Reckless Charge","Feel No Pain"],"picked":"Evolve","floor":6},{"not_picked":["Heavy Blade","Bloodletting"],"picked":"Anger","floor":10},{"not_picked":["Iron Wave","Heavy Blade"],"picked":"Sever Soul","floor":11},{"not_picked":["Sword Boomerang","Havoc","Twin Strike"],"picked":"SKIP","floor":12},{"not_picked":["Infernal Blade","Sentinel"],"picked":"Entrench","floor":13},{"not_picked":["Warcry","Thunderclap"],"picked":"Flame Barrier","floor":14},{"not_picked":["Immolate","Corruption"],"picked":"Feed","floor":16},{"not_picked":["Clash","Pommel Strike+1","Wild Strike"],"picked":"SKIP","floor":18}],"player_experience":489454,"relics_obtained":[{"floor":2,"key":"Art of War"},{"floor":6,"key":"PreservedInsect"},{"floor":9,"key":"Meat on the Bone"},{"floor":13,"key":"Shovel"}],"event_choices":[{"damage_healed":0,"gold_gain":75,"player_choice":"Gather Gold","damage_taken":11,"max_hp_gain":0,"max_hp_loss":0,"event_name":"World of Goop","floor":4,"gold_loss":0},{"cards_removed":["Strike_R"],"damage_healed":0,"gold_gain":0,"player_choice":"Gave Gold","damage_taken":0,"max_hp_gain":0,"max_hp_loss":0,"event_name":"Beggar","floor":19,"gold_loss":75},{"damage_healed":0,"gold_gain":0,"player_choice":"Fought Bandits","damage_taken":0,"max_hp_gain":0,"max_hp_loss":0,"event_name":"Masked Bandits","floor":20,"gold_loss":0}],"is_beta":false,"boss_relics":[{"not_picked":["Busted Crown","Empty Cage"],"picked":"SlaversCollar"}],"items_purged_floors":[],"is_endless":false,"potions_floor_spawned":[3,6,10,12,16],"killed_by":"Masked Bandits","ascension_level":18}}