{"host":"u25um2at8ivhxl8o","time":1611910629,"event":{"mods":["BaseMod","Colored Map","Downfall","Minty Spire (QoL Compilation)","StSLib"],"gold_per_floor":[209,219,294,304,321,350,360,360,360],"floor_reached":8,"language":"ENG","playtime":582,"items_purged":[],"score":81,"play_id":"bb92e9eb-8642-482c-ab30-3e6e24a7d0a8","local_time":"20210129005709","is_ascension_mode":true,"campfire_choices":[],"circlet_count":0,"master_deck":["Strike_G","Strike_G","Strike_G","Strike_G","Strike_G","Defend_G","Defend_G","Defend_G","Defend_G+1","Defend_G+1","Survivor","Neutralize","Finisher","Caltrops"],"relics":["Ring of the Snake","War Paint"],"acts_visited":["Exordium"],"potions_floor_usage":[6,6],"damage_taken":[{"damage":0,"enemies":"Small Slimes","floor":1,"turns":4},{"damage":0,"enemies":"2 Louse","floor":2,"turns":3},{"damage":1,"enemies":"Cultist","floor":4,"turns":3},{"damage":1,"enemies":"Blue Slaver","floor":5,"turns":7},{"damage":22,"enemies":"Gremlin Nob","floor":6,"turns":5},{"damage":0,"enemies":"Red Slaver","floor":7,"turns":5},{"damage":28,"enemies":"3 Sentries","floor":8,"turns":6}],"seed_played":"-6494800424746334287","potions_obtained":[{"floor":4,"key":"Swift Potion"},{"floor":5,"key":"Energy Potion"}],"is_trial":false,"path_per_floor":["M","M","?","M","M","E","M","E"],"character_chosen":"THE_SILENT","items_purchased":[],"campfire_rested":0,"item_purchase_floors":[],"current_hp_per_floor":[63,63,52,51,50,28,28,0,0],"gold":360,"neow_bonus":"HUNDRED_GOLD","is_daily":false,"chose_seed":false,"campfire_upgraded":0,"win_rate":0.0,"timestamp":1611910629,"path_taken":["M","M","?","M","M","E","M","E"],"items_purchased_type":[],"build_version":"2020-12-22","purchased_purges":0,"victory":false,"max_hp_per_floor":[70,70,70,70,70,70,70,70,70],"card_choices":[{"not_picked":["Dagger Throw","Bane","Endless Agony"],"picked":"SKIP","floor":1},{"not_picked":["Sucker Punch","Underhanded Strike","Distraction"],"picked":"SKIP","floor":2},{"not_picked":["Blade Dance","Bane"],"picked":"Finisher","floor":4},{"not_picked":["Escape Plan","Outmaneuver","Acrobatics"],"picked":"SKIP","floor":5},{"not_picked":["Poisoned Stab","Choke","Sucker Punch"],"picked":"SKIP","floor":6},{"not_picked":["Well Laid Plans","Acrobatics"],"picked":"Caltrops","floor":7}],"player_experience":351698,"relics_obtained":[{"floor":6,"key":"War Paint"}],"event_choices":[{"damage_healed":0,"gold_gain":75,"player_choice":"Gather Gold","damage_taken":11,"max_hp_gain":0,"max_hp_loss":0,"event_name":"World of Goop","floor":3,"gold_loss":0}],"is_beta":false,"boss_relics":[],"items_purged_floors":[],"is_endless":false,"potions_floor_spawned":[4,5],"killed_by":"3 Sentries","ascension_level":7}}