{"host":"13o02hya6v6rzuva","time":1611913207,"event":{"mods":["BaseMod","Minty Spire (QoL Compilation)","Relic Stats"],"gold_per_floor":[117,129,129,141,160,194,194,219,219,219,219],"floor_reached":10,"language":"ENG","playtime":378,"items_purged":[],"score":94,"play_id":"7fcf5557-a945-486d-ada7-beded8c24dad","local_time":"20210129104007","is_ascension_mode":true,"campfire_choices":[{"data":"Evaluate","floor":7,"key":"SMITH"}],"circlet_count":0,"master_deck":["Strike_P+1","Strike_P","Strike_P","Strike_P","Defend_P","Defend_P","Defend_P","Defend_P","Eruption","Vigilance+1","BowlingBash","PathToVictory","PathToVictory","Evaluate+1","LessonLearned"],"relics":["PureWater","Dream Catcher","Lantern"],"acts_visited":["Exordium"],"potions_floor_usage":[8,10],"damage_taken":[{"damage":9.0,"enemies":"2 Louse","floor":1.0,"turns":3.0},{"damage":0.0,"enemies":"Cultist","floor":2.0,"turns":3.0},{"damage":1.0,"enemies":"Small Slimes","floor":4.0,"turns":3.0},{"damage":2.0,"enemies":"Looter","floor":5.0,"turns":3.0},{"damage":28,"enemies":"3 Sentries","floor":6,"turns":10},{"damage":8,"enemies":"Lagavulin","floor":8,"turns":6},{"damage":26,"enemies":"Gremlin Nob","floor":10,"turns":3}],"seed_played":"4009420486258547050","potions_obtained":[{"floor":2.0,"key":"GamblersBrew"},{"floor":5.0,"key":"LiquidBronze"},{"floor":6,"key":"Fire Potion"}],"is_trial":false,"path_per_floor":["M","M","?","M","M","E","R","E","T","E"],"character_chosen":"WATCHER","items_purchased":[],"campfire_rested":0,"item_purchase_floors":[],"current_hp_per_floor":[63,63,63,62,60,32,32,24,24,0,0],"gold":219,"neow_bonus":"THREE_CARDS","is_daily":false,"chose_seed":false,"campfire_upgraded":1,"win_rate":0.0,"timestamp":1611913207,"path_taken":["M","M","?","M","?","E","R","E","T","E"],"items_purchased_type":[],"build_version":"2020-12-22","purchased_purges":0,"victory":false,"max_hp_per_floor":[72,72,72,72,72,72,72,72,72,72,72],"relic_stats":{"Dream Catcher":0,"counters":[7,31],"obtain_stats":[{"Dream Catcher":6,"Lantern":8,"PureWater":0},{"Dream Catcher":5,"Lantern":6,"PureWater":0},{"Dream Catcher":22,"Lantern":28,"PureWater":0}]},"card_choices":[{"not_picked":["FlyingSleeves","FollowUp"],"picked":"BowlingBash","floor":0.0},{"not_picked":["ThirdEye","Prostrate"],"picked":"PathToVictory","floor":1.0},{"not_picked":["BowlingBash","EmptyBody","Conclude"],"picked":"SKIP","floor":2.0},{"not_picked":["Halt","Wallop"],"picked":"PathToVictory","floor":4.0},{"not_picked":["Tantrum","Consecrate"],"picked":"Evaluate","floor":5.0},{"not_picked":["EmptyFist","Protect"],"picked":"LessonLearned","floor":6},{"not_picked":["MasterReality","Ragnarok","JustLucky"],"picked":"SKIP","floor":8}],"player_experience":1167273,"relics_obtained":[{"floor":6,"key":"Dream Catcher"},{"floor":8,"key":"Lantern"}],"event_choices":[{"damage_healed":0.0,"max_hp_gain":0.0,"max_hp_loss":0.0,"gold_gain":0.0,"event_name":"Accursed Blacksmith","player_choice":"Forge","floor":3.0,"gold_loss":0.0,"damage_taken":0.0,"cards_upgraded":["Vigilance"]}],"is_beta":false,"boss_relics":[],"items_purged_floors":[],"is_endless":false,"potions_floor_spawned":[2,5,6],"killed_by":"Gremlin Nob","ascension_level":4}}