{"host":"6hzrz31j95f2y1pa","time":1611902440,"event":{"mods":["BaseMod","Colored Map","Downfall","Minty Spire (QoL Compilation)","StSLib"],"gold_per_floor":[99,114,133,146,163,163,163,163,163,37,71,521,532,71,89,189,189,189,202,215,232,232,182,182,82,107,207,207,42,54,39,58,58,58,58],"floor_reached":33,"language":"ENG","playtime":1795,"items_purged":["bronze:Strike","downfall:Icky"],"score":387,"play_id":"4691ea1c-9f23-4e36-952e-705b9f061237","local_time":"20210129014040","is_ascension_mode":true,"campfire_choices":[{"data":"bronze:Break","floor":1.0,"key":"SMITH"},{"data":"bronze:Philosophize","floor":8.0,"key":"SMITH"},{"data":"bronze:DelayedGuard","floor":18.0,"key":"SMITH"},{"floor":25.0,"key":"RECALL"}],"circlet_count":0,"master_deck":["bronze:Replicate","bronze:Goto","bronze:Break+1","bronze:BuggyMess","bronze:WhirlingStrike","bronze:Shield","bronze:Optimize","bronze:Philosophize+1","bronze:BugBarrage","bronze:MaxOutput+1","bronze:DelayedGuard+1","downfall:Icky","downfall:Icky","bronze:CleanCode+1","bronze:Turbo","bronze:Frontload","bronze:TinkerersToolbox","bronze:Shield","bronze:ShipIt","bronze:OilSpill","bronze:Safeguard","bronze:HyperBeam","bronze:NullPointer","bronze:CleanCode+1","bronze:Return+1","bronze:Repair","downfall:Bewildered","bronze:Constructor+1","bronze:BronzeArmor+1","bronze:ItsAFeature+1"],"relics":["bronze:BronzeCore","Frozen Egg 2","hexamod:CandleOfCauterizing","Vajra","Pandora\u0027s Box","sneckomod:BabySnecko","downfall:HeartBlessingBlue","Toxic Egg 2","champ:DuelingGlove","Bottled Lightning","MutagenicStrength","Guardian:BottledAnomaly"],"acts_visited":["Exordium","TheCity"],"potions_floor_usage":[31],"damage_taken":[{"damage":7.0,"enemies":"Jaw Worm","floor":2.0,"turns":2.0},{"damage":0.0,"enemies":"2 Louse","floor":3.0,"turns":2.0},{"damage":0.0,"enemies":"Small Slimes","floor":4.0,"turns":3.0},{"damage":5.0,"enemies":"3 Louse","floor":5.0,"turns":3.0},{"damage":15.0,"enemies":"downfall:FleeingMerchant","floor":10.0,"turns":4.0},{"damage":9.0,"enemies":"3 Sentries","floor":11.0,"turns":4.0},{"damage":4.0,"enemies":"Blue Slaver","floor":13.0,"turns":5.0},{"damage":3.0,"enemies":"downfall:FleeingMerchant","floor":14.0,"turns":4.0},{"damage":2.0,"enemies":"Red Slaver","floor":15.0,"turns":5.0},{"damage":32.0,"enemies":"WA_ARCHETYPE_RETAIN","floor":16.0,"turns":10.0},{"damage":8.0,"enemies":"Chosen","floor":19.0,"turns":5.0},{"damage":0.0,"enemies":"Spheric Guardian","floor":20.0,"turns":3.0},{"damage":8.0,"enemies":"Snake Plant","floor":21.0,"turns":5.0},{"damage":64.0,"enemies":"Book of Stabbing","floor":26.0,"turns":7.0},{"damage":4.0,"enemies":"Colosseum Nobs","floor":27.0,"turns":5.0},{"damage":0.0,"enemies":"downfall:FleeingMerchant","floor":29.0,"turns":4.0},{"damage":0,"enemies":"3 Cultists","floor":30,"turns":4},{"damage":0,"enemies":"downfall:FleeingMerchant","floor":31,"turns":4},{"damage":20,"enemies":"Snecko","floor":32,"turns":5},{"damage":20,"enemies":"DF_ARCHETYPE_CLAW","floor":33,"turns":7}],"seed_played":"4304728998007561528","potions_obtained":[{"floor":4.0,"key":"AttackPotion"},{"floor":11.0,"key":"bronze:CleanCodePotion"},{"floor":13.0,"key":"SkillPotion"},{"floor":15.0,"key":"Regen Potion"},{"floor":19.0,"key":"DuplicationPotion"},{"floor":26.0,"key":"SmokeBomb"},{"floor":30,"key":"Block Potion"},{"floor":32,"key":"Ancient Potion"}],"is_trial":false,"path_per_floor":["R","M","M","M","M","?","T","R","?","$","E","?","M","$","M","B",null,"R","M","M","M","?","?","T","R","E","?","?","$","M","$","M","B"],"character_chosen":"THE_AUTOMATON","items_purchased":["bronze:MaxOutput+1","bronze:Frontload","bronze:TinkerersToolbox","Vajra","Guardian:BottledAnomaly"],"campfire_rested":0,"item_purchase_floors":[10,14,14,14,29],"current_hp_per_floor":[63,56,56,56,51,51,51,51,51,36,27,27,23,20,18,1,53,53,45,45,47,47,70,70,80,19,15,15,25,25,25,12,0,0,0],"gold":58,"neow_bonus":"ONE_RANDOM_RARE_CARD","is_daily":false,"chose_seed":false,"campfire_upgraded":3,"win_rate":0.0,"timestamp":1611902440,"path_taken":["R","M","M","M","M","?","T","R","?","$","E","?","M","$","M","BOSS","R","M","M","M","?","?","T","R","E","?","?","?","M","$","M","BOSS"],"items_purchased_type":["Card","Card","Card","Relic","Relic"],"build_version":"2020-12-22","purchased_purges":2,"victory":false,"max_hp_per_floor":[70,70,70,70,70,70,70,70,70,70,70,70,70,70,70,70,70,70,70,70,70,70,70,70,80,80,80,80,80,80,80,80,80,80,80],"card_choices":[{"not_picked":["bronze:BitShift","bronze:DelayedGuard"],"picked":"bronze:BuggyMess","floor":2.0},{"not_picked":["bronze:CutThrough","bronze:ForceShield"],"picked":"bronze:WhirlingStrike","floor":3.0},{"not_picked":["bronze:BugBarrage","bronze:Frontload"],"picked":"bronze:Shield","floor":4.0},{"not_picked":["bronze:NullPointer","bronze:Fortify"],"picked":"bronze:Optimize","floor":5.0},{"not_picked":["bronze:Optimize+1","bronze:CutThrough"],"picked":"bronze:BugBarrage","floor":10.0},{"not_picked":["bronze:Separator","bronze:Turbo"],"picked":"bronze:DelayedGuard","floor":11.0},{"not_picked":["bronze:Invalidate","bronze:NullPointer"],"picked":"bronze:CleanCode+1","floor":13.0},{"not_picked":["bronze:Assembly","bronze:WildBeam"],"picked":"bronze:Turbo","floor":14.0},{"not_picked":["bronze:BuggyMess","bronze:Invalidate"],"picked":"bronze:Shield","floor":15.0},{"not_picked":["bronze:Virus","bronze:Verify+1"],"picked":"bronze:ShipIt","floor":16.0},{"not_picked":["bronze:WhirlingStrike","bronze:Invalidate"],"picked":"bronze:Return+1","floor":19.0},{"not_picked":["bronze:Branch","bronze:Fortify"],"picked":"bronze:Repair","floor":20.0},{"not_picked":["bronze:Terminator","bronze:CutThrough","bronze:CloningBeam"],"picked":"SKIP","floor":21.0},{"not_picked":["bronze:ForLoop+1","bronze:DelayedGuard+1"],"picked":"bronze:Constructor+1","floor":26.0},{"not_picked":["bronze:CutThrough+1","bronze:Separator+1"],"picked":"bronze:BronzeArmor+1","floor":27.0},{"not_picked":["bronze:DigitalCarnage","bronze:Philosophize+1","bronze:Shield+1"],"picked":"SKIP","floor":29.0},{"not_picked":["bronze:Optimize+1","bronze:Refactor+1","bronze:Iterate"],"picked":"SKIP","floor":30},{"not_picked":["bronze:Separator","bronze:MaxOutput+1","bronze:WhirlingStrike+1"],"picked":"SKIP","floor":31},{"not_picked":["bronze:Branch","bronze:DarkDash"],"picked":"bronze:ItsAFeature+1","floor":32}],"player_experience":1403849,"relics_obtained":[{"floor":7.0,"key":"Frozen Egg 2"},{"floor":11.0,"key":"hexamod:CandleOfCauterizing"},{"floor":26.0,"key":"Toxic Egg 2"},{"floor":27.0,"key":"champ:DuelingGlove"},{"floor":27.0,"key":"Bottled Lightning"}],"event_choices":[{"cards_removed":["bronze:Defend"],"damage_healed":0.0,"max_hp_gain":0.0,"max_hp_loss":0.0,"gold_gain":0.0,"event_name":"The Cleric","player_choice":"Card Removal","floor":9.0,"gold_loss":0.0,"damage_taken":0.0},{"damage_healed":0.0,"max_hp_gain":0.0,"max_hp_loss":0.0,"gold_gain":0.0,"event_name":"Drug Dealer","player_choice":"Inject Mutagens","floor":28.0,"gold_loss":0.0,"damage_taken":0.0,"relics_obtained":["MutagenicStrength"]}],"is_beta":false,"boss_relics":[{"not_picked":["Velvet Choker","bronze:PlatinumCore"],"picked":"Pandora\u0027s Box"}],"items_purged_floors":[10,14],"is_endless":false,"potions_floor_spawned":[4,11,13,15,19,26,30,32],"killed_by":"DF_ARCHETYPE_CLAW","ascension_level":9}}