{"host":"xkmvu47k9fdstweo","time":1611917784,"event":{"mods":["BaseMod","Colored Map","Conspire","HololiveMod","Hubris","Minty Spire (QoL Compilation)","Quick Restart","Shop Mod","StSLib"],"gold_per_floor":[14,14,14,14,33,66,91,126,150,150,168,187,187,212,212,342,342,357,376,376,6,31,31,62,62,89,122,135,174,198,217,217,345,345,359,359,359,373,373,413,436,470,495,513,513,527,527,566,566,566,566,566,41,75,75],"floor_reached":56,"language":"ENG","playtime":1963,"items_purged":[],"score":1970,"play_id":"b53a8074-908d-4c8d-b701-2de830e89e9e","local_time":"20210129055624","is_ascension_mode":true,"campfire_choices":[{"data":"Hololive_Rebirth","floor":10,"key":"SMITH"},{"data":"Hololive_CallTsunomakiWatame","floor":13,"key":"SMITH"},{"floor":15,"key":"REST"},{"data":"Hololive_Thief","floor":23,"key":"SMITH"},{"data":"Hololive_CallYukihanaLamy","floor":25,"key":"SMITH"},{"data":"Hololive_CallShirakamiFubuki","floor":32,"key":"SMITH"},{"data":"Hololive_DDD","floor":45,"key":"SMITH"},{"floor":47,"key":"RECALL"},{"data":"Hololive_CallYukihanaLamy","floor":49,"key":"SMITH"},{"data":"Hololive_CallNekomataOkayu","floor":52,"key":"SMITH"}],"circlet_count":0,"master_deck":["Hololive_Strike","Hololive_Defend+1","Hololive_Defend+1","Hololive_Psychosis","Hololive_CallShiroganeNoel","Hololive_CallAkaiHaato+1","Hololive_CallOkamiMio","Hololive_CallKiryuuCoco","Hololive_CallShiranuiFlare","Hololive_CallHoshimachiSuisei+1","Hololive_CallShirakamiFubuki+1","Hololive_Rebirth+1","Hololive_CallKiryuuCoco","Hololive_Sequa+1","Hololive_CallTsunomakiWatame+1","Hololive_CallNekomataOkayu+1","Hololive_CallAkaiHaato+1","Hololive_CallNatsuiroMatsuri+1","Hololive_CallFriendA","Hololive_CallShiroganeNoel","Hololive_FlyingPonyTail","Hololive_CallYogiri+1","Hololive_CallYukihanaLamy+1","hubris:DuctTapeCard","Hololive_BringToTrial+1","Hololive_CallAmaneKanata+1","Hololive_HuntDinosaur+1","Hololive_CallShiroganeNoel+1","Hololive_DDD+1","Hololive_StrengthChampion+2","Hololive_DDD+1","Hololive_StrengthChampion+1","Hololive_CallAkiRosenthal+1","Hololive_CallYukihanaLamy+1","Hololive_DurableLive","Hololive_CocoNews","Hololive_CallAyundaRisu"],"relics":["Hololive_TheStar","Golden Idol","hubris:Towel","hubris:SlimyHat","Hololive_LightStick","War Paint","hubris:BlackHole","Question Card","Pantograph","Vajra","hubris:DuctTape","Pear","SlaversCollar","WingedGreaves","Bronze Scales","hubris:CrystalStatue","Bag of Preparation","Whetstone"],"acts_visited":["Exordium","TheCity","TheBeyond","TheEnding"],"potions_floor_usage":[8,14,55,55,55],"damage_taken":[{"damage":0,"enemies":"2 Louse","floor":1,"turns":2},{"damage":0,"enemies":"Small Slimes","floor":5,"turns":4},{"damage":0,"enemies":"Gremlin Nob","floor":6,"turns":3},{"damage":0,"enemies":"conspire:RoseBush","floor":7,"turns":2},{"damage":0,"enemies":"Lagavulin","floor":8,"turns":4},{"damage":0,"enemies":"Blue Slaver","floor":11,"turns":3},{"damage":0,"enemies":"Exordium Thugs","floor":12,"turns":3},{"damage":0,"enemies":"Gremlin Gang","floor":14,"turns":4},{"damage":0,"enemies":"Slime Boss","floor":16,"turns":4},{"damage":0,"enemies":"Shell Parasite","floor":18,"turns":2},{"damage":0,"enemies":"3 Byrds","floor":19,"turns":3},{"damage":0,"enemies":"Snecko","floor":22,"turns":2},{"damage":0,"enemies":"Gremlin Leader","floor":24,"turns":7},{"damage":0,"enemies":"conspire:Head Lice","floor":27,"turns":3},{"damage":0,"enemies":"Cultist and Chosen","floor":28,"turns":2},{"damage":0,"enemies":"Slavers","floor":29,"turns":3},{"damage":0,"enemies":"conspire:HollyBat","floor":30,"turns":4},{"damage":0,"enemies":"Snecko","floor":31,"turns":1},{"damage":0,"enemies":"conspire:MysteriousRune","floor":33,"turns":4},{"damage":0,"enemies":"3 Darklings","floor":35,"turns":2},{"damage":0,"enemies":"3 Shapes","floor":38,"turns":1},{"damage":0,"enemies":"Nemesis","floor":40,"turns":3},{"damage":0,"enemies":"3 Darklings","floor":41,"turns":2},{"damage":0,"enemies":"Giant Head","floor":42,"turns":3},{"damage":0,"enemies":"Transient","floor":44,"turns":5},{"damage":0,"enemies":"Spire Growth","floor":46,"turns":1},{"damage":0,"enemies":"Nemesis","floor":48,"turns":1},{"damage":0,"enemies":"Awakened One","floor":50,"turns":6},{"damage":0,"enemies":"Shield and Spear","floor":54,"turns":1},{"damage":0,"enemies":"The Heart","floor":55,"turns":4}],"seed_played":"4029478359532377460","potions_obtained":[{"floor":1,"key":"SkillPotion"},{"floor":6,"key":"ColorlessPotion"},{"floor":7,"key":"Weak Potion"},{"floor":11,"key":"Block Potion"},{"floor":14,"key":"EssenceOfSteel"},{"floor":41,"key":"Strength Potion"},{"floor":42,"key":"PowerPotion"}],"is_trial":false,"path_per_floor":["M","?","?","?","M","E","M","E","T","R","M","M","R","M","R","B",null,"M","M","?","$","M","R","E","R","T","E","M","E","M","M","R","B",null,"M","?","?","M","?","E","M","E","T","M","R","M","R","E","R","B",null,"R","$","E","B",null],"character_chosen":"Hololive_HololiveCharacter","items_purchased":["Hololive_CallShiroganeNoel","Hololive_FlyingPonyTail","Question Card","Bag of Preparation","Hololive_DurableLive","Hololive_CocoNews","CultistPotion","Hololive_CallAyundaRisu"],"campfire_rested":1,"item_purchase_floors":[21,21,21,53,53,53,53,53],"current_hp_per_floor":[41,33,23,23,23,23,23,23,23,23,23,23,23,23,35,35,41,41,41,41,41,41,41,41,41,41,41,41,51,51,51,51,51,51,51,51,51,51,51,51,51,51,51,51,51,51,51,51,51,51,51,51,51,51,51],"gold":75,"neow_bonus":"TWENTY_PERCENT_HP_BONUS","is_daily":false,"chose_seed":false,"campfire_upgraded":8,"win_rate":0.0,"timestamp":1611917784,"path_taken":["M","?","?","?","M","E","M","E","T","R","M","M","R","M","R","BOSS","M","M","?","$","?","R","E","R","T","E","M","E","?","M","R","BOSS","M","?","?","M","?","E","M","E","T","M","R","M","R","E","R","BOSS","R","$","E","BOSS"],"items_purchased_type":["Card","Card","Relic","Relic","Card","Card","Potion","Card"],"build_version":"2020-12-22","purchased_purges":0,"victory":true,"max_hp_per_floor":[41,41,41,41,41,41,41,41,41,41,41,41,41,41,41,41,41,41,41,41,41,41,41,41,41,41,41,41,51,51,51,51,51,51,51,51,51,51,51,51,51,51,51,51,51,51,51,51,51,51,51,51,51,51,51],"card_choices":[{"not_picked":["Hololive_Breathe","Hololive_CallAyundaRisu","Hololive_CallArtia"],"picked":"Hololive_CallHoshimachiSuisei","floor":1},{"not_picked":["Hololive_FlyingPonyTail","Hololive_Breathe","Hololive_StrengthChampion"],"picked":"Hololive_CallShirakamiFubuki","floor":5},{"not_picked":["Hololive_OvertimeWork","Hololive_HuntDinosaur","Hololive_CallTokinoSora"],"picked":"Hololive_FlyingPonyTail","floor":6},{"not_picked":["Hololive_LuckPotion","Hololive_ILoveYou","Hololive_CocoNews"],"picked":"Hololive_Rebirth","floor":7},{"not_picked":["Hololive_Sequa","Hololive_Psychosis","Hololive_ILoveYou"],"picked":"Hololive_CallKiryuuCoco","floor":8},{"not_picked":["Hololive_CallAiraniIofifteen","Hololive_DiamondStrike","Hololive_OvertimeWork"],"picked":"Hololive_Sequa","floor":11},{"not_picked":["Hololive_LuckPotion","Hololive_CallHoshimachiSuisei","Hololive_CallManoAloe"],"picked":"Hololive_CallTsunomakiWatame","floor":12},{"not_picked":["Hololive_Psychosis","Hololive_HuntDinosaur","Hololive_Trident"],"picked":"Hololive_CallNekomataOkayu","floor":14},{"not_picked":["Hololive_StarCraft","Hololive_ASMR","Hololive_HighAtkLowDef"],"picked":"Hololive_Thief","floor":16},{"not_picked":["Hololive_Trident","Hololive_DurableLive","Hololive_Rebound"],"picked":"Hololive_CallAkaiHaato+1","floor":18},{"not_picked":["Hololive_ILoveYou","Hololive_Rebound","Hololive_Sequa"],"picked":"Hololive_CallNatsuiroMatsuri+1","floor":19},{"not_picked":["Hololive_Psychosis","Hololive_CallOkamiMio","Hololive_RevenueBasedLive","Hololive_CallAkaiHaato"],"picked":"Hololive_CallYogiri+1","floor":22},{"not_picked":["Hololive_Drill+1","Hololive_CallAZKi","Hololive_CallMomosuzuNene","Hololive_CallTokinoSora"],"picked":"Hololive_CallYukihanaLamy","floor":24},{"not_picked":["Hololive_Breathe","Hololive_FlyingPonyTail+1","Hololive_CallArtia","Hololive_CallRosalyn+1","Hololive_RevenueBasedLive"],"picked":"SKIP","floor":27},{"not_picked":["Hololive_CallMurasakiShion+1","Hololive_CallCivia","Hololive_OvertimeWork","Hololive_FlyingPonyTail"],"picked":"Hololive_BringToTrial+1","floor":28},{"not_picked":["Hololive_Trident","Hololive_RevenueBasedLive+1","Hololive_Psychosis","Hololive_FlareMind"],"picked":"Hololive_CallAmaneKanata+1","floor":29},{"not_picked":["Hololive_Teleport","Hololive_Rebound","Hololive_Sequa","Hololive_Trident"],"picked":"Hololive_HuntDinosaur+1","floor":30},{"not_picked":["Hololive_Rebound","Hololive_LuckPotion","Hololive_OvertimeWork","Hololive_Trident"],"picked":"Hololive_CallShiroganeNoel+1","floor":31},{"not_picked":["Hololive_DurableLive","Hololive_Rebirth","Hololive_MaximGun","Hololive_StarCraft"],"picked":"Hololive_DDD","floor":33},{"not_picked":["Hololive_RevenueBasedLive+1","Hololive_Sequa","Hololive_FlyingPonyTail","Hololive_Trident"],"picked":"Hololive_StrengthChampion+1","floor":35},{"not_picked":["Hololive_CallCivia+1","Hololive_Trident+1","Hololive_DevilCharm","Hololive_Rebound+1"],"picked":"Hololive_Sequa+1","floor":38},{"not_picked":["Hololive_RevenueBasedLive+1","Hololive_OvertimeWork+1","Hololive_LuckPotion","Hololive_FlyingPonyTail"],"picked":"Hololive_DDD","floor":40},{"not_picked":["Hololive_Breathe","Hololive_LuckPotion+1","Hololive_OvertimeWork","Hololive_Drill"],"picked":"Hololive_StrengthChampion+1","floor":41},{"not_picked":["Hololive_HuntDinosaur","Hololive_Recruit","Hololive_Trident+1","Hololive_CallMomosuzuNene"],"picked":"Hololive_CallAkiRosenthal+1","floor":42},{"not_picked":["Hololive_ILoveYou+1","Hololive_RevenueBasedLive","Hololive_Drill","Hololive_FlyingPonyTail","Hololive_Sequa+1"],"picked":"SKIP","floor":44},{"not_picked":["Hololive_Breathe","Hololive_DiamondStrike","Hololive_LuckPotion+1","Hololive_HuntDinosaur+1"],"picked":"Hololive_CallYukihanaLamy","floor":46},{"not_picked":["Hololive_Trident+1","Hololive_LuckPotion+1","Hololive_CallTokoyamiTowa","Hololive_CallMurasakiShion","Hololive_FlyingPonyTail+1"],"picked":"SKIP","floor":48},{"not_picked":["Hololive_FlyingPonyTail","Hololive_Rebound","Hololive_RevenueBasedLive+1","Hololive_Psychosis+1","Hololive_Yoholoon+1"],"picked":"SKIP","floor":54}],"player_experience":318309,"relics_obtained":[{"floor":6,"key":"hubris:SlimyHat"},{"floor":8,"key":"Hololive_LightStick"},{"floor":9,"key":"War Paint"},{"floor":24,"key":"Pantograph"},{"floor":26,"key":"Vajra"},{"floor":27,"key":"hubris:DuctTape"},{"floor":29,"key":"Pear"},{"floor":40,"key":"WingedGreaves"},{"floor":42,"key":"Bronze Scales"},{"floor":48,"key":"hubris:CrystalStatue"},{"floor":54,"key":"Whetstone"}],"event_choices":[{"damage_healed":0,"gold_gain":0,"player_choice":"Entered Light","damage_taken":8,"max_hp_gain":0,"max_hp_loss":0,"event_name":"Shining Light","floor":2,"gold_loss":0,"cards_upgraded":["Hololive_CallHoshimachiSuisei","Hololive_CallAkaiHaato"]},{"damage_healed":0,"gold_gain":0,"player_choice":"Take Damage","damage_taken":10,"relics_obtained":["Golden Idol"],"max_hp_gain":0,"max_hp_loss":0,"event_name":"Golden Idol","floor":3,"gold_loss":0},{"damage_healed":0,"gold_gain":0,"cards_transformed":["Hololive_Strike"],"player_choice":"Transformed","damage_taken":0,"max_hp_gain":0,"max_hp_loss":0,"event_name":"Transmorgrifier","floor":20,"gold_loss":0,"cards_obtained":["Hololive_CallFriendA"]},{"damage_healed":0,"gold_gain":0,"player_choice":"Memory 1","damage_taken":0,"max_hp_gain":0,"max_hp_loss":0,"event_name":"SensoryStone","floor":36,"gold_loss":0},{"cards_removed":["Hololive_Sequa"],"damage_healed":0,"gold_gain":0,"player_choice":"Removed Attack","damage_taken":0,"max_hp_gain":0,"max_hp_loss":0,"event_name":"Falling","floor":39,"gold_loss":0}],"is_beta":false,"boss_relics":[{"not_picked":["Hololive_Finger","conspire:SlowCooker"],"picked":"hubris:BlackHole"},{"not_picked":["hubris:ScarierMask","Velvet Choker"],"picked":"SlaversCollar"}],"items_purged_floors":[],"is_endless":false,"potions_floor_spawned":[1,6,7,11,14,16,22,24,27,31,40,41,42,48],"ascension_level":3}}