{"host":"lehz9p79pih88cc3","time":1611886173,"event":{"mods":["AchievementEnabler","Act Like it!","BaseMod","Downfall","Lobotomy","LobotomyExtend","Minty Spire (QoL Compilation)","Permanent Neow","Quick Restart","Relic Stats","Replay The Spire","SacredBarkPlus","StSLib","The Construct","The Mystic","The Runesmith","Transform Curses","Yakumo Yukari mod"],"gold_per_floor":[110,110,85,85,98,124,154,186,186,186,186,186,213,242,242,341,341,351,136,136,136,136,164,195,227,252,278,305,334,259,284,284,389,389,401,401,401,414,425,450,475,505,505,536,436,466,493,522,522,522],"floor_reached":51,"language":"ENG","playtime":2189,"items_purged":["Strike_R","Strike_R"],"score":1242,"play_id":"4baf5e0c-9241-4dbc-bd16-ff092a1441e6","local_time":"20210128210933","daily_mods":["Heirloom","Time Dilation","Flight","downfall:ChampStances","Elite Swarm"],"is_ascension_mode":false,"campfire_choices":[{"data":"Fiend Fire","floor":10,"key":"SMITH"},{"floor":15,"key":"DIG"},{"floor":32,"key":"DIG"},{"data":"Strike_R","floor":49,"key":"PURGE"}],"circlet_count":0,"master_deck":["Strike_R+1","Defend_R","Defend_R+1","Defend_R","Defend_R","Bash+1","Disarm","Shrug It Off+1","Dazed","Feed+1","Fiend Fire+1","Juggernaut","Reaper","Battle Trance","Rupture","Slimebound:CheckThePlaybook","Offering","Demon Form","Demon Form","Impervious","Reaper","Pummel+1","Pummel","Clothesline+1","Offering","Offering","Reaper","Reaper","Pot Of Greed","Pot Of Greed","Pot Of Greed","Brutality","Exhume","Double Tap+1"],"relics":["Burning Blood","champ:ChampStancesModRelic","Peace Pipe","LetterFromLob","Charon\u0027s Ashes","Divine Protection","Another Sword","Replay:Bottled Flurry","LaetitiaHeart","Ornamental Fan","Lantern","Runesmith:Locket","Coffee Dripper","Medical Kit","Calipers","RedMistMask","Blue Doll","Snack Pack","Pen Nib","Vajra","Bottled Flame","Singing Bowl","Replay:PocketPolymizer","Shuriken","Honey Jar","Turnip","Darkstone Periapt","hexamod:BolsterEngine","Replay:Kaleidoscope","Blue Candle","Grinning Jar","Gremlin Horn","Golden Egg"],"acts_visited":["Exordium","TheCity","TheBeyond"],"potions_floor_usage":[40,50,50],"damage_taken":[{"damage":26,"enemies":"Jaw Worm","floor":1,"turns":3},{"damage":15,"enemies":"Cultist","floor":5,"turns":3},{"damage":10,"enemies":"Lagavulin","floor":6,"turns":7},{"damage":15,"enemies":"Gremlin Nob","floor":7,"turns":4},{"damage":11,"enemies":"Lagavulin","floor":8,"turns":5},{"damage":2,"enemies":"Gremlin Nob","floor":11,"turns":2},{"damage":0,"enemies":"Gremlin Nob","floor":11,"turns":1},{"damage":7,"enemies":"Gremlin Nob","floor":11,"turns":5},{"damage":0,"enemies":"Gremlin Nob","floor":13,"turns":3},{"damage":10,"enemies":"3 Sentries","floor":14,"turns":4},{"damage":14,"enemies":"The Guardian","floor":16,"turns":6},{"damage":0,"enemies":"Shell Parasite","floor":18,"turns":1},{"damage":14,"enemies":"Slavers","floor":23,"turns":2},{"damage":0,"enemies":"Book of Stabbing","floor":24,"turns":1},{"damage":20,"enemies":"Slavers","floor":25,"turns":3},{"damage":23,"enemies":"Gremlin Leader","floor":27,"turns":2},{"damage":13,"enemies":"Slavers","floor":28,"turns":3},{"damage":4,"enemies":"Book of Stabbing","floor":29,"turns":3},{"damage":0,"enemies":"Gremlin Leader","floor":31,"turns":2},{"damage":64,"enemies":"Automaton","floor":33,"turns":7},{"damage":23,"enemies":"3 Darklings","floor":35,"turns":4},{"damage":0,"enemies":"3 Shapes","floor":38,"turns":1},{"damage":15,"enemies":"3 Darklings","floor":39,"turns":2},{"damage":16,"enemies":"Reptomancer","floor":40,"turns":3},{"damage":22,"enemies":"Nemesis","floor":41,"turns":3},{"damage":24,"enemies":"Reptomancer","floor":42,"turns":1},{"damage":10,"enemies":"Nemesis","floor":44,"turns":1},{"damage":10,"enemies":"R_Hoarder","floor":46,"turns":3},{"damage":0,"enemies":"Reptomancer","floor":47,"turns":1},{"damage":11,"enemies":"Giant Head","floor":48,"turns":3},{"damage":130,"enemies":"Awakened One","floor":50,"turns":9},{"damage":39,"enemies":"Malkuth","floor":51,"turns":3},{"damage":115,"enemies":"Netzach","floor":51,"turns":7}],"seed_played":"5880295464299836569","potions_obtained":[{"floor":13,"key":"Toxic Potion"},{"floor":14,"key":"champ:CounterPotion"},{"floor":27,"key":"SteroidPotion"},{"floor":33,"key":"PowerPotion"},{"floor":39,"key":"DistilledChaos"},{"floor":41,"key":"FearPotion"},{"floor":44,"key":"HeartOfIron"},{"floor":47,"key":"DuplicationPotion"}],"is_trial":true,"path_per_floor":["M","?","$","?","M","E","E","E","T","R","E","?","E","E","R","B",null,"M","$","?","$","?","E","E","E","T","E","E","E","$","E","R","B",null,"M","?","?","M","M","E","E","E","T","E","$","E","E","E","R","B",null],"character_chosen":"IRONCLAD","items_purchased":["Shrug It Off","Medical Kit","Rupture"],"campfire_rested":0,"item_purchase_floors":[3,19,19],"current_hp_per_floor":[80,80,80,64,70,66,57,55,55,55,77,77,87,83,83,79,97,97,97,88,88,88,80,86,88,88,83,78,82,82,90,90,34,92,96,91,91,91,91,91,77,76,76,79,79,91,91,91,91,79],"gold":522,"neow_bonus":"","is_daily":false,"chose_seed":false,"campfire_upgraded":1,"win_rate":0.0,"timestamp":1611886173,"path_taken":["M","?","?","?","?","E","E","E","T","R","E","?","E","E","R","BOSS","M","$","?","$","?","E","E","E","T","E","E","E","$","E","R","BOSS","M","?","?","?","M","E","E","E","T","E","$","E","E","E","R","BOSS"],"items_purchased_type":["Card","Relic","Card"],"build_version":"2020-12-22","purchased_purges":2,"victory":true,"max_hp_per_floor":[80,80,80,80,80,80,80,83,83,83,89,89,93,93,93,97,97,97,97,88,88,88,88,88,88,88,88,88,90,90,92,92,92,92,96,91,91,91,91,91,91,91,91,91,91,91,91,91,91,91],"relic_stats":{"Darkstone Periapt":0,"Singing Bowl":4,"Gremlin Horn":[4,4],"counters":[34,114],"Blue Candle":[0],"Charon\u0027s Ashes":[1227],"Pen Nib":[13],"Medical Kit":[5],"Burning Blood":149,"Peace Pipe":1,"Ornamental Fan":[124],"Shuriken":[24],"Turnip":[0],"obtain_stats":[{"Darkstone Periapt":41,"Divine Protection":7,"Golden Egg":48,"Lantern":14,"champ:ChampStancesModRelic":0,"Calipers":23,"Replay:PocketPolymizer":31,"Singing Bowl":29,"Gremlin Horn":47,"Runesmith:Locket":15,"Vajra":27,"Blue Doll":24,"Burning Blood":0,"LaetitiaHeart":11,"Honey Jar":34,"Replay:Bottled Flurry":9,"Blue Candle":44,"Charon\u0027s Ashes":6,"Pen Nib":26,"Replay:Kaleidoscope":43,"Medical Kit":19,"Peace Pipe":0,"Bottled Flame":28,"Ornamental Fan":13,"Shuriken":32,"Another Sword":8,"RedMistMask":23,"Turnip":40,"LetterFromLob":1,"Coffee Dripper":17,"Snack Pack":25,"hexamod:BolsterEngine":42,"Grinning Jar":46},{"Darkstone Periapt":25,"Divine Protection":4,"Golden Egg":30,"Lantern":10,"champ:ChampStancesModRelic":0,"Calipers":13,"Replay:PocketPolymizer":19,"Singing Bowl":18,"Gremlin Horn":29,"Runesmith:Locket":10,"Vajra":16,"Blue Doll":14,"Burning Blood":0,"LaetitiaHeart":5,"Honey Jar":20,"Replay:Bottled Flurry":5,"Blue Candle":27,"Charon\u0027s Ashes":3,"Pen Nib":15,"Replay:Kaleidoscope":26,"Medical Kit":12,"Peace Pipe":0,"Bottled Flame":17,"Ornamental Fan":9,"Shuriken":19,"Another Sword":5,"RedMistMask":13,"Turnip":24,"LetterFromLob":1,"Coffee Dripper":11,"Snack Pack":15,"hexamod:BolsterEngine":26,"Grinning Jar":28},{"Darkstone Periapt":80,"Divine Protection":17,"Golden Egg":89,"Lantern":37,"champ:ChampStancesModRelic":0,"Calipers":46,"Replay:PocketPolymizer":60,"Singing Bowl":58,"Gremlin Horn":86,"Runesmith:Locket":37,"Vajra":52,"Blue Doll":47,"Burning Blood":0,"LaetitiaHeart":22,"Honey Jar":67,"Replay:Bottled Flurry":22,"Blue Candle":82,"Charon\u0027s Ashes":13,"Pen Nib":50,"Replay:Kaleidoscope":81,"Medical Kit":44,"Peace Pipe":0,"Bottled Flame":55,"Ornamental Fan":33,"Shuriken":60,"Another Sword":22,"RedMistMask":46,"Turnip":77,"LetterFromLob":3,"Coffee Dripper":43,"Snack Pack":50,"hexamod:BolsterEngine":81,"Grinning Jar":85}]},"card_choices":[{"not_picked":["Body Slam","Shrug It Off"],"picked":"Disarm","floor":1},{"not_picked":["Wild Strike","Armaments"],"picked":"Burning Pact","floor":5},{"not_picked":["Eclipse","Corruption"],"picked":"Feed","floor":6},{"not_picked":["Feed","Berserk"],"picked":"Fiend Fire","floor":7},{"not_picked":["Bludgeon","Immolate"],"picked":"Juggernaut","floor":8},{"not_picked":["Eclipse","Immolate","Replay:Many Hands"],"picked":"SKIP","floor":13},{"not_picked":["Demonic Infusion","Bludgeon","Limit Break"],"picked":"SKIP","floor":14},{"not_picked":["Eclipse","Barricade"],"picked":"Reaper","floor":16},{"not_picked":["Clash","Defy Death"],"picked":"Battle Trance","floor":18},{"not_picked":["Exhume","Reaper"],"picked":"Offering","floor":23},{"not_picked":["Berserk","Demonic Infusion","Immolate"],"picked":"SKIP","floor":24},{"not_picked":["Immolate","Corruption"],"picked":"Demon Form","floor":25},{"not_picked":["Limit Break","Replay:Many Hands"],"picked":"Demon Form","floor":27},{"not_picked":["Feed","Limit Break"],"picked":"Impervious","floor":28},{"not_picked":["Eclipse","Replay:Many Hands","Barricade"],"picked":"Singing Bowl","floor":29},{"not_picked":["Eclipse","Corruption","Hemogenesis"],"picked":"Singing Bowl","floor":31},{"not_picked":["Fiend Fire","Double Tap"],"picked":"Reaper","floor":33},{"not_picked":["Iron Wave","Headbutt","Body Slam"],"picked":"Pummel","floor":35},{"not_picked":["Iron Wave","Clothesline+1","Cleave+1"],"picked":"Pummel","floor":38},{"not_picked":["Twin Strike","Pommel Strike","Flex+1"],"picked":"Clothesline+1","floor":39},{"not_picked":["Juggernaut","Eclipse","Demonic Infusion"],"picked":"Offering","floor":40},{"not_picked":["Reaper","Brutality","Juggernaut"],"picked":"Offering","floor":41},{"not_picked":["Limit Break","Berserk","Demon Form"],"picked":"Reaper","floor":42},{"not_picked":["Demonic Infusion","Hemogenesis","Berserk"],"picked":"Reaper","floor":44},{"not_picked":["Juggernaut","Hemogenesis","Demon Form"],"picked":"Brutality","floor":46},{"not_picked":["Demon Form","Demonic Infusion","Feed"],"picked":"Exhume","floor":47},{"not_picked":["Demonic Infusion","Immolate","Barricade"],"picked":"Double Tap","floor":48}],"player_experience":177166,"relics_obtained":[{"floor":1,"key":"LetterFromLob"},{"floor":6,"key":"Charon\u0027s Ashes"},{"floor":7,"key":"Divine Protection"},{"floor":8,"key":"Another Sword"},{"floor":9,"key":"Replay:Bottled Flurry"},{"floor":13,"key":"Ornamental Fan"},{"floor":14,"key":"Lantern"},{"floor":15,"key":"Runesmith:Locket"},{"floor":23,"key":"Calipers"},{"floor":23,"key":"RedMistMask"},{"floor":24,"key":"Blue Doll"},{"floor":25,"key":"Snack Pack"},{"floor":26,"key":"Pen Nib"},{"floor":27,"key":"Vajra"},{"floor":28,"key":"Bottled Flame"},{"floor":29,"key":"Singing Bowl"},{"floor":31,"key":"Replay:PocketPolymizer"},{"floor":32,"key":"Shuriken"},{"floor":40,"key":"Turnip"},{"floor":41,"key":"Darkstone Periapt"},{"floor":42,"key":"hexamod:BolsterEngine"},{"floor":43,"key":"Replay:Kaleidoscope"},{"floor":44,"key":"Blue Candle"},{"floor":46,"key":"Grinning Jar"},{"floor":47,"key":"Gremlin Horn"},{"floor":48,"key":"Golden Egg"}],"event_choices":[{"cards_removed":["Strike_R"],"damage_healed":0,"gold_gain":0,"player_choice":"Offered Basic","damage_taken":0,"max_hp_gain":0,"max_hp_loss":0,"event_name":"Bonfire Elementals","floor":2,"gold_loss":0},{"damage_healed":0,"gold_gain":0,"player_choice":"Entered Light","damage_taken":16,"max_hp_gain":0,"max_hp_loss":0,"event_name":"Shining Light","floor":4,"gold_loss":0,"cards_upgraded":["Defend_R","Strike_R"]},{"damage_healed":0,"gold_gain":0,"player_choice":"Max HP","damage_taken":0,"max_hp_gain":0,"max_hp_loss":5,"event_name":"Winding Halls","floor":36,"gold_loss":0},{"damage_healed":0,"gold_gain":0,"player_choice":"Upgraded","damage_taken":0,"max_hp_gain":0,"max_hp_loss":0,"event_name":"Upgrade Shrine","floor":37,"gold_loss":0,"cards_upgraded":["Pummel"]}],"is_beta":false,"boss_relics":[{"not_picked":["Replay:Bronze Core","Sozu"],"picked":"Coffee Dripper"},{"not_picked":["Runic Dome","Mark of Pain"],"picked":"Honey Jar"}],"items_purged_floors":[30,45],"is_endless":false,"potions_floor_spawned":[11,11,13,14,27,29,31,33,39,41,44,47],"ascension_level":0}}