{"host":"1sqx9dmsrxu9kvq7","time":1611949652,"event":{"mods":["2.2 Compatiblity","Act Like it!","BaseMod","CapriCore","Colored Powertips","Custom Start","Friendly Minions","Gensokyo","Highlight Path","Koishi","KomeijiMod","Marisa（霧雨　魔理沙）","Minty Spire (QoL Compilation)","Quick Restart","Rare Cards Sparkle","Reimu（博??梦）","Relic Stats","Remilia（蕾米莉?）","Shop Mod","Spicy Shops","StSLib","The Administrix","The Blue Laboratory","The Immortal","The Servant 0.9.4","Waifu the Spire","Yakumo Yukari mod","Yuyuko"],"gold_per_floor":[115,45,8,8,25,25,53,53,53,53,100,100,100,118,118,223,223,243,263,283,298,298,298],"floor_reached":22,"language":"ENG","playtime":1142,"items_purged":[],"score":184,"play_id":"c4f5679d-581e-4189-8d05-ce5a28243b60","local_time":"20210129134732","is_ascension_mode":false,"campfire_choices":[{"floor":6,"key":"RECALL"},{"data":"Koishi:Provoke","floor":10,"key":"SMITH"},{"data":"Koishi:SprinkleStarAndHeart","floor":12,"key":"SMITH"},{"floor":15,"key":"REST"}],"circlet_count":0,"master_deck":["Koishi:BasicStrike","Koishi:BasicStrike","Koishi:BasicStrike","Koishi:BasicStrike","Koishi:BasicDefend","Koishi:BasicDefend","Koishi:BasicDefend","Koishi:BasicDefend+1","Koishi:Provoke+1","Koishi:HauntingSlash","Koishi:Catatonia+1","Koishi:YoukaiPolygraph","Koishi:SprinkleStarAndHeart+1","Koishi:DreadfulBlow","Koishi:TerrifyingSpectre","Koishi:UnconsciousUprising","Koishi:UnconsciousUrges","Koishi:StingingMind+1","Koishi:SubterraneanRose+1"],"relics":["Koishi:ImaginaryFriend","MealTicket","PreservedInsect","Pear","Potion Belt","Boot","RedLine:ReiMu"],"acts_visited":["Gensokyo:Gensokyo","Gensokyo:Gensokyoer"],"potions_floor_usage":[],"damage_taken":[{"damage":3,"enemies":"Gensokyo:3_Fairies","floor":1,"turns":4},{"damage":3,"enemies":"Gensokyo:2_Kodama","floor":5,"turns":3},{"damage":34,"enemies":"Gensokyo:Mamizou","floor":7,"turns":13},{"damage":0,"enemies":"Gensokyo:Gryphon","floor":14,"turns":3},{"damage":23,"enemies":"Gensokyo:Kokoro","floor":16,"turns":12},{"damage":30,"enemies":"Gensokyo:3_Dogs","floor":18,"turns":10},{"damage":8,"enemies":"Gensokyo:CosmicMonolith","floor":19,"turns":8},{"damage":7,"enemies":"Gensokyo:Wraith","floor":20,"turns":5},{"damage":33,"enemies":"Gensokyo:Slime_Group","floor":21,"turns":8},{"damage":0,"enemies":"Gensokyo:3_Gloops","floor":22,"turns":1}],"seed_played":"60141908527718977","potions_obtained":[{"floor":1,"key":"PowerPotion"},{"floor":16,"key":"blueLaboratory:StoneskinPotion"},{"floor":19,"key":"SkillPotion"},{"floor":20,"key":"DuplicationPotion"}],"is_trial":false,"path_per_floor":["M","?","COS","$","M","R","E","?","T","R","T","R","?","M","R","B",null,"M","M","M","M","M"],"character_chosen":"KOISHI","items_purchased":[],"campfire_rested":1,"item_purchase_floors":[],"current_hp_per_floor":[57,57,57,60,57,57,38,59,59,59,59,59,45,46,67,50,70,44,40,35,8,8,8],"gold":298,"neow_bonus":"RANDOM_COMMON_RELIC","is_daily":false,"chose_seed":false,"campfire_upgraded":2,"win_rate":0.0,"timestamp":1611949652,"path_taken":["M","?","COS","?","M","R","E","?","T","R","?","R","?","?","R","BOSS","M","M","M","M","M"],"items_purchased_type":[],"build_version":"2020-12-22","purchased_purges":0,"victory":false,"max_hp_per_floor":[60,60,60,60,60,60,70,70,70,70,70,70,70,70,70,70,70,70,70,70,70,70,70],"relic_stats":{"counters":[10,66],"MealTicket":3,"PreservedInsect":0,"Boot":[11],"obtain_stats":[{"Potion Belt":11,"Pear":7,"MealTicket":0,"PreservedInsect":7,"Boot":13,"Koishi:ImaginaryFriend":0,"RedLine:ReiMu":17},{"Potion Belt":3,"Pear":3,"MealTicket":0,"PreservedInsect":3,"Boot":3,"Koishi:ImaginaryFriend":0,"RedLine:ReiMu":5},{"Potion Belt":20,"Pear":20,"MealTicket":0,"PreservedInsect":9,"Boot":20,"Koishi:ImaginaryFriend":0,"RedLine:ReiMu":35}]},"card_choices":[{"not_picked":["Koishi:UnansweredLove","Koishi:EmbryosDream"],"picked":"Koishi:Catatonia","floor":1},{"not_picked":["Koishi:Jaunt","Koishi:ReflexRadar"],"picked":"Koishi:YoukaiPolygraph","floor":5},{"not_picked":["Koishi:PhantomStrike","Koishi:IdleWhim"],"picked":"Koishi:SprinkleStarAndHeart","floor":7},{"not_picked":["Koishi:Prune","Koishi:PhantomStrike"],"picked":"Koishi:DreadfulBlow","floor":14},{"not_picked":["Koishi:RollingInRichesHeart","Koishi:MindStellarRelief"],"picked":"Koishi:TerrifyingSpectre","floor":16},{"not_picked":["Koishi:BloodcurdlingScream","Koishi:HeartfeltFancy"],"picked":"Koishi:UnconsciousUprising","floor":18},{"not_picked":["Koishi:UnansweredLove","Koishi:SubterraneanRose"],"picked":"Koishi:UnconsciousUrges","floor":19},{"not_picked":["Koishi:UnconsciousUprising","Koishi:HeartfeltFancy"],"picked":"Koishi:StingingMind+1","floor":20},{"not_picked":["Koishi:Possession","Koishi:UnansweredLove+1"],"picked":"Koishi:SubterraneanRose+1","floor":21}],"player_experience":202831,"relics_obtained":[{"floor":7,"key":"Pear"},{"floor":11,"key":"Potion Belt"}],"event_choices":[],"is_beta":false,"boss_relics":[{"not_picked":["Calling Bell","Snecko Eye"],"picked":"RedLine:ReiMu"}],"items_purged_floors":[],"is_endless":false,"potions_floor_spawned":[1,16,19,20],"killed_by":"Gensokyo:3_Gloops","ascension_level":0}}