{"host":"dq9lwkr0jwog4b8f","time":1611949168,"event":{"mods":["AchievementEnabler","BaseMod","Colored Map","Colored Powertips","DeckTracker","Minty Spire (QoL Compilation)","SuperFastMode"],"gold_per_floor":[115,115,115,127,141,161,161,111,111,111,135,155,155,226,226,355,355,355,310,235,235,235,235,235],"floor_reached":23,"language":"ENG","playtime":3420,"items_purged":[],"score":233,"play_id":"302ccf6b-d432-428c-ad37-42d282ddf771","local_time":"20210129203928","is_ascension_mode":false,"campfire_choices":[{"data":"Hello World","floor":13,"key":"SMITH"},{"floor":15,"key":"REST"}],"circlet_count":0,"master_deck":["Strike_B","Defend_B","Defend_B","Defend_B","Zap","Dualcast","Sweeping Beam","Trip","Amplify","Rebound","Self Repair","Conserve Battery","Hello World+1","Ball Lightning","Multi-Cast","Gash","Lockon+1","Self Repair"],"relics":["Cracked Core","Golden Idol","Regal Pillow","Gremlin Horn","Ectoplasm","White Beast Statue"],"acts_visited":["Exordium","TheCity"],"potions_floor_usage":[19,21],"damage_taken":[{"damage":1,"enemies":"Jaw Worm","floor":1,"turns":3},{"damage":1,"enemies":"2 Louse","floor":4,"turns":4},{"damage":1,"enemies":"Cultist","floor":5,"turns":3},{"damage":8,"enemies":"3 Louse","floor":6,"turns":3},{"damage":10,"enemies":"Looter","floor":11,"turns":2},{"damage":13,"enemies":"Lots of Slimes","floor":12,"turns":3},{"damage":21,"enemies":"3 Sentries","floor":14,"turns":6},{"damage":0,"enemies":"Slime Boss","floor":16,"turns":4},{"damage":12,"enemies":"Chosen","floor":18,"turns":5},{"damage":20,"enemies":"2 Thieves","floor":19,"turns":4},{"damage":19,"enemies":"Centurion and Healer","floor":21,"turns":5},{"damage":54,"enemies":"Slavers","floor":23,"turns":3}],"seed_played":"-301466053424141022","potions_obtained":[{"floor":4,"key":"Strength Potion"},{"floor":6,"key":"SpeedPotion"},{"floor":11,"key":"BlessingOfTheForge"},{"floor":19,"key":"PowerPotion"}],"is_trial":false,"path_per_floor":["M","?","?","M","M","M","?","?","T","?","M","M","R","?","R","B",null,"M","M","?","M","?","E"],"character_chosen":"DEFECT","items_purchased":[],"campfire_rested":1,"item_purchase_floors":[],"current_hp_per_floor":[74,74,74,73,72,64,64,64,64,64,54,48,48,34,69,69,69,64,58,58,46,46,0,0],"gold":235,"neow_bonus":"REMOVE_CARD","is_daily":false,"chose_seed":false,"campfire_upgraded":1,"win_rate":0.0,"timestamp":1611949168,"path_taken":["M","?","?","M","?","M","?","?","T","?","M","?","R","?","R","BOSS","M","M","?","M","?","E"],"items_purchased_type":[],"build_version":"2020-12-22","purchased_purges":0,"victory":false,"max_hp_per_floor":[75,75,75,75,75,75,69,69,69,69,69,69,69,69,69,69,69,69,69,69,69,69,69,69],"card_choices":[{"not_picked":["Aggregate","Barrage"],"picked":"Sweeping Beam","floor":1},{"not_picked":["Reprogram","Hologram"],"picked":"Rebound","floor":4},{"not_picked":["Beam Cell","Reinforced Body"],"picked":"Self Repair","floor":5},{"not_picked":["Rip and Tear","Coolheaded"],"picked":"Conserve Battery","floor":6},{"not_picked":["Go for the Eyes","Streamline"],"picked":"Hello World","floor":11},{"not_picked":["Go for the Eyes","Lockon","Stack"],"picked":"SKIP","floor":12},{"not_picked":["Go for the Eyes","Lockon","Stack"],"picked":"SKIP","floor":12},{"not_picked":["Rip and Tear","Coolheaded"],"picked":"Ball Lightning","floor":14},{"not_picked":["Core Surge","Rainbow"],"picked":"Multi-Cast","floor":16},{"not_picked":["Undo+1","Force Field"],"picked":"Gash","floor":18},{"not_picked":["Cold Snap+1","Stack+1"],"picked":"Lockon+1","floor":19},{"not_picked":["Rip and Tear","Recycle"],"picked":"Self Repair","floor":21}],"player_experience":184012,"relics_obtained":[{"floor":9,"key":"Regal Pillow"},{"floor":14,"key":"Gremlin Horn"}],"event_choices":[{"damage_healed":0,"gold_gain":0,"player_choice":"Ignored","damage_taken":0,"max_hp_gain":0,"max_hp_loss":0,"event_name":"Shining Light","floor":2,"gold_loss":0},{"damage_healed":0,"gold_gain":0,"player_choice":"2 cards matched","damage_taken":0,"max_hp_gain":0,"max_hp_loss":0,"event_name":"Match and Keep!","floor":3,"gold_loss":0,"cards_obtained":["Trip","Amplify"]},{"damage_healed":0,"gold_gain":0,"player_choice":"Lose Max HP","damage_taken":0,"relics_obtained":["Golden Idol"],"max_hp_gain":0,"max_hp_loss":6,"event_name":"Golden Idol","floor":7,"gold_loss":0},{"cards_removed":["Strike_B"],"damage_healed":0,"gold_gain":0,"player_choice":"Card Removal","damage_taken":0,"max_hp_gain":0,"max_hp_loss":0,"event_name":"The Cleric","floor":8,"gold_loss":50},{"cards_removed":["Defend_B"],"damage_healed":0,"gold_gain":0,"player_choice":"Offered Basic","damage_taken":0,"max_hp_gain":0,"max_hp_loss":0,"event_name":"Bonfire Elementals","floor":10,"gold_loss":0},{"damage_healed":0,"gold_gain":30,"player_choice":"Searched \u00273\u0027 times","damage_taken":0,"max_hp_gain":0,"max_hp_loss":0,"event_name":"Dead Adventurer","floor":14,"gold_loss":0},{"cards_removed":["Strike_B"],"damage_healed":0,"gold_gain":0,"player_choice":"Gave Gold","damage_taken":0,"max_hp_gain":0,"max_hp_loss":0,"event_name":"Beggar","floor":20,"gold_loss":75},{"damage_healed":0,"gold_gain":0,"player_choice":"Gave Potion","damage_taken":0,"relics_obtained":["White Beast Statue"],"max_hp_gain":0,"max_hp_loss":0,"event_name":"WeMeetAgain","floor":22,"gold_loss":0}],"is_beta":false,"boss_relics":[{"not_picked":["Tiny House","Fusion Hammer"],"picked":"Ectoplasm"}],"items_purged_floors":[],"is_endless":false,"potions_floor_spawned":[4,6,11,19],"killed_by":"Slavers","ascension_level":0}}