{"host":"msfr2axb1w9025n0","time":1611926858,"event":{"mods":["BaseMod","Colored Map","DeckTracker","Minty Spire (QoL Compilation)"],"gold_per_floor":[115,128,147,97,372,372,400,400,400,400,80,92,111,129,129,231,231,248,248,248,57,71,71,71,71],"floor_reached":24,"language":"ENG","playtime":893,"items_purged":[],"score":304,"play_id":"cb6ced8b-a3c6-4970-83d4-f63b5f551932","local_time":"20210129202738","is_ascension_mode":true,"campfire_choices":[{"data":"Hello World","floor":6.0,"key":"SMITH"},{"data":"Zap","floor":8,"key":"SMITH"},{"data":"Static Discharge","floor":10,"key":"SMITH"},{"data":"Capacitor","floor":15,"key":"SMITH"}],"circlet_count":0,"master_deck":["AscendersBane","Strike_B","Strike_B","Strike_B","Strike_B","Defend_B","Defend_B","Defend_B","Defend_B","Zap+1","Dualcast","Sweeping Beam","Static Discharge+1","Hello World+1","Conserve Battery","Regret","Reinforced Body","Self Repair","Rebound","Loop","Capacitor+1","Necronomicurse","Sunder","Capacitor","Rainbow","Zap","Rip and Tear"],"relics":["Cracked Core","MealTicket","Pear","Gremlin Horn","Blue Candle","Black Star","Necronomicon","Potion Belt"],"acts_visited":["Exordium","TheCity"],"potions_floor_usage":[7,16],"damage_taken":[{"damage":1.0,"enemies":"Cultist","floor":1.0,"turns":3.0},{"damage":3.0,"enemies":"2 Louse","floor":2.0,"turns":3.0},{"damage":2.0,"enemies":"Small Slimes","floor":3.0,"turns":4.0},{"damage":20,"enemies":"Gremlin Nob","floor":7,"turns":4},{"damage":17,"enemies":"Exordium Thugs","floor":12,"turns":4},{"damage":0,"enemies":"Lots of Slimes","floor":13,"turns":1},{"damage":11,"enemies":"2 Fungi Beasts","floor":14,"turns":5},{"damage":34,"enemies":"Hexaghost","floor":16,"turns":9},{"damage":44,"enemies":"2 Thieves","floor":18,"turns":5},{"damage":26,"enemies":"Spheric Guardian","floor":22,"turns":4},{"damage":17,"enemies":"3 Cultists","floor":24,"turns":3}],"seed_played":"-6951037887774119757","potions_obtained":[{"floor":1.0,"key":"Block Potion"},{"floor":7,"key":"BlessingOfTheForge"},{"floor":16,"key":"LiquidBronze"},{"floor":18,"key":"PotionOfCapacity"}],"is_trial":false,"path_per_floor":["M","M","M","$","?","R","E","R","T","R","$","M","M","M","R","B",null,"M","?","?","$","M","?","M"],"character_chosen":"DEFECT","items_purchased":["Conserve Battery","Blue Candle","Self Repair","Sunder","FocusPotion","Capacitor"],"campfire_rested":0,"item_purchase_floors":[4,11,11,21,21,21],"current_hp_per_floor":[67,64,62,75,75,75,65,65,65,65,80,70,70,66,66,39,74,37,21,21,36,10,10,0,0],"gold":71,"neow_bonus":"RANDOM_COMMON_RELIC","is_daily":false,"chose_seed":false,"campfire_upgraded":4,"win_rate":0.0,"timestamp":1611926858,"path_taken":["M","M","?","?","?","R","E","R","T","R","$","M","?","M","R","BOSS","M","?","?","$","M","?","?"],"items_purchased_type":["Card","Relic","Card","Card","Potion","Card"],"build_version":"2020-12-22","purchased_purges":0,"victory":false,"max_hp_per_floor":[75,75,75,75,75,75,85,85,85,85,85,85,85,85,85,85,85,85,85,85,85,85,85,85,85],"card_choices":[{"not_picked":["FTL","Redo"],"picked":"Sweeping Beam","floor":1.0},{"not_picked":["Redo","Compile Driver"],"picked":"Static Discharge","floor":2.0},{"not_picked":["Fusion","Ball Lightning"],"picked":"Hello World","floor":3.0},{"not_picked":["Doom and Gloom","Steam"],"picked":"Reinforced Body","floor":7},{"not_picked":["Ball Lightning","Recycle"],"picked":"Rebound","floor":12},{"not_picked":["Glacier","Doom and Gloom"],"picked":"Loop","floor":13},{"not_picked":["Fusion","Streamline"],"picked":"Capacitor","floor":14},{"not_picked":["Streamline","Gash+1","Sweeping Beam+1"],"picked":"SKIP","floor":18},{"not_picked":["Gash+1","Cold Snap+1"],"picked":"Rainbow","floor":22}],"player_experience":272770,"relics_obtained":[{"floor":7,"key":"Pear"},{"floor":9,"key":"Gremlin Horn"},{"floor":19,"key":"Necronomicon"}],"event_choices":[{"damage_healed":0.0,"max_hp_gain":0.0,"max_hp_loss":0.0,"gold_gain":275.0,"event_name":"Golden Shrine","player_choice":"Desecrate","floor":5.0,"gold_loss":0.0,"damage_taken":0.0,"cards_obtained":["Regret"]},{"damage_healed":0,"gold_gain":0,"player_choice":"Obtained Book","damage_taken":16,"max_hp_gain":0,"max_hp_loss":0,"event_name":"Cursed Tome","floor":19,"gold_loss":0},{"damage_healed":0,"gold_gain":0,"player_choice":"Opened","damage_taken":0,"relics_obtained":["Potion Belt"],"max_hp_gain":0,"max_hp_loss":0,"event_name":"The Mausoleum","floor":20,"gold_loss":0},{"damage_healed":0,"gold_gain":0,"player_choice":"2 cards matched","damage_taken":0,"max_hp_gain":0,"max_hp_loss":0,"event_name":"Match and Keep!","floor":23,"gold_loss":0,"cards_obtained":["Zap","Rip and Tear"]}],"is_beta":false,"boss_relics":[{"not_picked":["Fusion Hammer","Sozu"],"picked":"Black Star"}],"items_purged_floors":[],"is_endless":false,"potions_floor_spawned":[1,7,16,18],"killed_by":"3 Cultists","ascension_level":11}}