{"host":"hca6liskeo7s99fa","time":1611948190,"event":{"mods":["BaseMod","Downfall","Hermit","Minty Spire (QoL Compilation)","Replay The Spire","StSLib"],"gold_per_floor":[118,45,19,38,38,65,80,99,124,124,124,199,43,53,53,148,148,161,161,172,26,26,26,38,38,62,62,77,77,111,111,111,111,111],"floor_reached":33,"language":"ENG","playtime":2162,"items_purged":[],"score":263,"play_id":"6ba26865-3164-4d7a-ba7e-77e1a2f5a648","local_time":"20210129142310","is_ascension_mode":false,"campfire_choices":[{"data":"hermit:Showdown","floor":11.0,"key":"SMITH"},{"data":"hermit:Ricochet","floor":15.0,"key":"SMITH"},{"data":"Corruption","floor":23,"key":"SMITH"},{"data":"hermit:ShadowCloak","floor":25,"key":"SMITH"},{"data":"hermit:HighCaliber","floor":27,"key":"SMITH"},{"floor":29,"key":"REST"},{"floor":32,"key":"REST"}],"circlet_count":0,"master_deck":["hermit:Strike_Hermit","hermit:Strike_Hermit","hermit:Strike_Hermit","hermit:Strike_Hermit","hermit:Defend_Hermit","hermit:Defend_Hermit","hermit:Defend_Hermit","hermit:Defend_Hermit","hermit:Snapshot","hermit:Covet+1","downfall:Icky","hermit:Showdown+1","hermit:Deadeye","hermit:Quickdraw+1","hermit:HighCaliber+1","Dagger Spray","Mind Blast","hermit:Ricochet+1","Corruption+1","sneckomod:UnknownClassBLUE+1","Slimebound:CheckThePlaybook","downfall:Icky","hermit:ShadowCloak+1","Decay","hermit:Magnum","hermit:CalledShot","hermit:Deadeye"],"relics":["hermit:Momento","hermit:RedScarf","PrismaticShard","Blood Vial","Centennial Puzzle","Strawberry","Sozu","Replay:Baseball","Toy Ornithopter","Boot"],"acts_visited":["Exordium","TheCity"],"potions_floor_usage":[20],"damage_taken":[{"damage":1.0,"enemies":"Cultist","floor":1.0,"turns":4.0},{"damage":3.0,"enemies":"Jaw Worm","floor":4.0,"turns":2.0},{"damage":22.0,"enemies":"Lagavulin","floor":6.0,"turns":5.0},{"damage":0.0,"enemies":"2 Louse","floor":7.0,"turns":2.0},{"damage":0.0,"enemies":"2 Fungi Beasts","floor":8.0,"turns":2.0},{"damage":2.0,"enemies":"Looter","floor":14.0,"turns":2.0},{"damage":34.0,"enemies":"Fading Forest","floor":16.0,"turns":11.0},{"damage":7,"enemies":"Shell Parasite","floor":18,"turns":3},{"damage":13,"enemies":"2 Thieves","floor":20,"turns":2},{"damage":8,"enemies":"Sentry and Sphere","floor":24,"turns":3},{"damage":39,"enemies":"Centurion and Healer","floor":28,"turns":4},{"damage":39,"enemies":"Book of Stabbing","floor":30,"turns":4},{"damage":49,"enemies":"Champ","floor":33,"turns":6}],"seed_played":"7580925598434234736","potions_obtained":[{"floor":4.0,"key":"ColorlessPotion"},{"floor":7.0,"key":"Milkshake"},{"floor":16.0,"key":"Energy Potion"}],"is_trial":false,"path_per_floor":["M","$","$","M","?","E","M","M","T","?","R","?","$","M","R","B",null,"M","?","M","$","?","R","M","R","T","R","M","R","E","?","R","B"],"character_chosen":"HERMIT","items_purchased":["hermit:Deadeye","hermit:Quickdraw","Strawberry","Replay:Baseball"],"campfire_rested":2,"item_purchase_floors":[2,3,13,21],"current_hp_per_floor":[74,74,74,71,71,49,51,53,53,38,38,27,34,34,34,12,82,75,75,64,64,64,64,58,58,58,58,21,45,8,8,32,0,0],"gold":111,"neow_bonus":"ONE_RARE_RELIC","is_daily":false,"chose_seed":false,"campfire_upgraded":5,"win_rate":0.0,"timestamp":1611948190,"path_taken":["M","?","$","M","?","E","M","M","T","?","R","?","$","M","R","BOSS","M","?","M","$","?","R","M","R","T","R","M","R","E","?","R","BOSS"],"items_purchased_type":["Card","Card","Relic","Relic"],"build_version":"2020-12-22","purchased_purges":0,"victory":false,"max_hp_per_floor":[75,75,75,75,75,75,75,75,75,75,75,75,82,82,82,82,82,82,82,82,82,82,82,82,82,82,82,82,82,82,82,82,82,82],"card_choices":[{"not_picked":["hermit:BodyArmor","hermit:Horror"],"picked":"hermit:Showdown","floor":1.0},{"not_picked":["hermit:Glare","hermit:TrackingShot"],"picked":"hermit:HighCaliber","floor":4.0},{"not_picked":["Guardian:Gem_Cyan","Magnetism"],"picked":"Dagger Spray","floor":6.0},{"not_picked":["BowlingBash","Anger"],"picked":"Mind Blast","floor":7.0},{"not_picked":["hexamod:SwordOfDarkness","Undo","Slimebound:LeechEnergy"],"picked":"SKIP","floor":8.0},{"not_picked":["bronze:Invalidate","Predator"],"picked":"hermit:Ricochet","floor":14.0},{"not_picked":["bronze:FindAndReplace","Magnetism"],"picked":"Corruption","floor":16.0},{"not_picked":["Slimebound:SlimeSpikes","hexamod:NecessarySacrifice"],"picked":"sneckomod:UnknownClassBLUE+1","floor":18},{"not_picked":["Cold Snap","bronze:WhirlingStrike"],"picked":"hermit:ShadowCloak","floor":20},{"not_picked":["hexamod:HeatShield","Compile Driver"],"picked":"hermit:Magnum","floor":24},{"not_picked":["Slimebound:SamplingLick","Prepared"],"picked":"hermit:CalledShot","floor":28},{"not_picked":["Headbutt+1","FIFO Queue"],"picked":"hermit:Deadeye","floor":30}],"player_experience":289861,"relics_obtained":[{"floor":6.0,"key":"Blood Vial"},{"floor":9.0,"key":"Centennial Puzzle"},{"floor":26,"key":"Toy Ornithopter"},{"floor":30,"key":"Boot"}],"event_choices":[{"damage_healed":0.0,"max_hp_gain":0.0,"max_hp_loss":0.0,"gold_gain":0.0,"event_name":"Shining Light","player_choice":"Entered Light","floor":10.0,"gold_loss":0.0,"damage_taken":15.0,"cards_upgraded":["hermit:Quickdraw","hermit:Covet"]},{"damage_healed":0.0,"max_hp_gain":0.0,"max_hp_loss":0.0,"gold_gain":75.0,"event_name":"World of Goop","player_choice":"Gather Gold","floor":12.0,"gold_loss":0.0,"damage_taken":11.0},{"damage_healed":0,"gold_gain":0,"player_choice":"Smashed Altar","damage_taken":0,"max_hp_gain":0,"max_hp_loss":0,"event_name":"Forgotten Altar","floor":22,"gold_loss":0,"cards_obtained":["Decay"]}],"is_beta":false,"boss_relics":[{"not_picked":["Painkiller Herb","Replay:Wanted Poster"],"picked":"Sozu"}],"items_purged_floors":[],"is_endless":false,"potions_floor_spawned":[4,7,16,18,30],"killed_by":"Champ","ascension_level":0}}