{"host":"y3h3n3f7seyagppx","time":1611955267,"event":{"mods":["AlwaysNeverKeys","BaseMod","Better Vampires","Colored Powertips","DeckTracker","Emptier Cage","Minty Spire (QoL Compilation)","Permanent Neow","Quick Restart","Rare Cards Sparkle","Relic Sorter","Relic Stats","StSLib","Transform Curses"],"gold_per_floor":[114,114,39,52,52,82,97,126,175,188,205,236,236,246,246,323,323,342,267,277,288,288,288,320,320,320,339,339,359,392,48,48,119,119,139,190,190,207,82,109,109,151,222,254,254,283,283,305,305,305,305,305,305,104,140,140],"floor_reached":57,"language":"ENG","playtime":8789,"items_purged":["Strike_G","Strike_G","Strike_G"],"score":2800,"play_id":"d38c8cdb-8c44-4470-86e7-c1a7302d2245","local_time":"20210129162107","is_ascension_mode":true,"campfire_choices":[{"data":"Skewer","floor":13.0,"key":"SMITH"},{"data":"Leg Sweep","floor":15.0,"key":"SMITH"},{"data":"Neutralize","floor":23.0,"key":"SMITH"},{"data":"Tools of the Trade","floor":25.0,"key":"SMITH"},{"data":"Survivor","floor":28.0,"key":"SMITH"},{"data":"Accuracy","floor":32.0,"key":"SMITH"},{"data":"1","floor":45.0,"key":"LIFT"},{"data":"A Thousand Cuts","floor":49.0,"key":"SMITH"},{"data":"Burst","floor":53,"key":"SMITH"}],"circlet_count":0,"master_deck":["AscendersBane","Defend_G","Defend_G","Defend_G","Defend_G","Defend_G","Survivor+1","Neutralize+1","Thinking Ahead","Blade Dance+1","Slice","Leg Sweep+1","Quick Slash","Skewer+1","Bullet Time","Burst+1","Dodge and Roll+1","Tools of the Trade+1","Calculated Gamble+1","Accuracy+1","A Thousand Cuts+1","Underhanded Strike+1","Terror","Cloak And Dagger","Flechettes+1","Malaise","Dodge and Roll+1","PiercingWail","Infinite Blades","Venomology"],"relics":["Ring of the Snake","Mummified Hand","Anchor","Eternal Feather","Nunchaku","Letter Opener","Coffee Dripper","Nilry\u0027s Codex","Ninja Scroll","Bag of Marbles","Darkstone Periapt","Centennial Puzzle","Runic Pyramid","Girya","Molten Egg 2","CeramicFish","Bottled Tornado","Shuriken","Strange Spoon","Mercury Hourglass"],"acts_visited":["Exordium","TheCity","TheBeyond","TheEnding"],"potions_floor_usage":[56,56,56],"damage_taken":[{"damage":0.0,"enemies":"2 Louse","floor":1.0,"turns":3.0},{"damage":0.0,"enemies":"Cultist","floor":4.0,"turns":3.0},{"damage":12.0,"enemies":"Lagavulin","floor":6.0,"turns":5.0},{"damage":0.0,"enemies":"Small Slimes","floor":7.0,"turns":2.0},{"damage":2.0,"enemies":"3 Sentries","floor":8.0,"turns":7.0},{"damage":1.0,"enemies":"Looter","floor":10.0,"turns":3.0},{"damage":0.0,"enemies":"Blue Slaver","floor":11.0,"turns":2.0},{"damage":31.0,"enemies":"Gremlin Nob","floor":12.0,"turns":4.0},{"damage":0.0,"enemies":"3 Louse","floor":14.0,"turns":3.0},{"damage":25.0,"enemies":"The Guardian","floor":16.0,"turns":18.0},{"damage":0.0,"enemies":"3 Byrds","floor":18.0,"turns":6.0},{"damage":0.0,"enemies":"Chosen","floor":20.0,"turns":5.0},{"damage":8.0,"enemies":"Shelled Parasite and Fungi","floor":21.0,"turns":9.0},{"damage":13.0,"enemies":"Gremlin Leader","floor":24.0,"turns":6.0},{"damage":0.0,"enemies":"3 Cultists","floor":27.0,"turns":5.0},{"damage":2.0,"enemies":"Snecko","floor":29.0,"turns":3.0},{"damage":6.0,"enemies":"Slavers","floor":30.0,"turns":3.0},{"damage":41.0,"enemies":"Automaton","floor":33.0,"turns":8.0},{"damage":0.0,"enemies":"3 Shapes","floor":35.0,"turns":2.0},{"damage":27.0,"enemies":"2 Orb Walkers","floor":36.0,"turns":5.0},{"damage":1.0,"enemies":"Orb Walker","floor":38.0,"turns":2.0},{"damage":9.0,"enemies":"Reptomancer","floor":40.0,"turns":4.0},{"damage":1.0,"enemies":"Nemesis","floor":42.0,"turns":3.0},{"damage":0.0,"enemies":"Giant Head","floor":44.0,"turns":6.0},{"damage":0.0,"enemies":"3 Darklings","floor":46.0,"turns":4.0},{"damage":0.0,"enemies":"Transient","floor":48.0,"turns":6.0},{"damage":17.0,"enemies":"Awakened One","floor":50.0,"turns":9.0},{"damage":16,"enemies":"Donu and Deca","floor":51,"turns":10},{"damage":10,"enemies":"Shield and Spear","floor":55,"turns":6},{"damage":44,"enemies":"The Heart","floor":56,"turns":10}],"seed_played":"8758745118955117300","potions_obtained":[{"floor":1.0,"key":"SteroidPotion"},{"floor":7.0,"key":"BlessingOfTheForge"},{"floor":12.0,"key":"EntropicBrew"},{"floor":14.0,"key":"Regen Potion"},{"floor":16.0,"key":"BlessingOfTheForge"},{"floor":20.0,"key":"EntropicBrew"},{"floor":29.0,"key":"Regen Potion"},{"floor":30.0,"key":"SpeedPotion"},{"floor":35.0,"key":"CunningPotion"},{"floor":38.0,"key":"Dexterity Potion"},{"floor":48.0,"key":"GhostInAJar"}],"is_trial":false,"path_per_floor":["M","?","$","M","?","E","M","E","T","M","M","E","R","M","R","B",null,"M","?","M","M","?","R","E","R","T","M","R","M","E","$","R","B",null,"M","?","?","M","$","E","?","E","T","E","R","M","?","M","R","B","B",null,"R","$","E","B",null],"character_chosen":"THE_SILENT","items_purchased":["Accuracy","Centennial Puzzle","Strange Spoon","Infinite Blades"],"campfire_rested":0,"item_purchase_floors":[31,31,54,54],"current_hp_per_floor":[59,59,59,59,54,42,42,40,40,39,39,8,17,17,26,16,49,49,49,49,41,20,32,19,31,31,31,43,41,35,35,47,6,47,47,34,34,33,33,24,24,23,23,23,38,38,38,38,53,36,20,48,57,57,47,3],"gold":140,"neow_bonus":"RANDOM_COLORLESS_2","is_daily":false,"chose_seed":false,"campfire_upgraded":8,"win_rate":0.0,"timestamp":1611955267,"path_taken":["M","?","?","M","?","E","M","E","T","M","M","E","R","M","R","BOSS","M","?","M","M","?","R","E","R","T","M","R","M","E","$","R","BOSS","M","?","?","M","?","E","?","E","T","E","R","M","?","M","R","BOSS","BOSS","R","$","E","BOSS"],"items_purchased_type":["Card","Relic","Relic","Card"],"build_version":"2020-12-22","purchased_purges":3,"victory":true,"max_hp_per_floor":[60,60,60,60,60,60,60,60,60,60,60,60,60,60,60,60,60,60,60,60,60,60,60,60,60,60,60,60,60,60,60,60,60,60,60,60,60,60,60,60,57,57,57,57,57,57,57,57,57,57,57,57,57,57,57,57],"relic_stats":{"Darkstone Periapt":0,"counters":[30,162],"CeramicFish":45,"Eternal Feather":105,"Letter Opener":[481],"Mercury Hourglass":[30],"Strange Spoon":[20],"Nunchaku":[46],"Centennial Puzzle":[27],"Mummified Hand":[43],"Shuriken":[33],"obtain_stats":[{"Darkstone Periapt":30,"Girya":36,"Nilry\u0027s Codex":22,"CeramicFish":42,"Eternal Feather":8,"Letter Opener":12,"Bottled Tornado":43,"Mercury Hourglass":55,"Strange Spoon":54,"Anchor":6,"Nunchaku":9,"Centennial Puzzle":31,"Mummified Hand":5,"Ninja Scroll":24,"Shuriken":44,"Molten Egg 2":40,"Coffee Dripper":17,"Bag of Marbles":26,"Ring of the Snake":0,"Runic Pyramid":34},{"Darkstone Periapt":17,"Girya":20,"Nilry\u0027s Codex":13,"CeramicFish":23,"Eternal Feather":5,"Letter Opener":8,"Bottled Tornado":23,"Mercury Hourglass":29,"Strange Spoon":28,"Anchor":3,"Nunchaku":5,"Centennial Puzzle":17,"Mummified Hand":2,"Ninja Scroll":14,"Shuriken":24,"Molten Egg 2":22,"Coffee Dripper":10,"Bag of Marbles":14,"Ring of the Snake":0,"Runic Pyramid":18},{"Darkstone Periapt":87,"Girya":102,"Nilry\u0027s Codex":70,"CeramicFish":111,"Eternal Feather":20,"Letter Opener":29,"Bottled Tornado":111,"Mercury Hourglass":152,"Strange Spoon":146,"Anchor":11,"Nunchaku":20,"Centennial Puzzle":87,"Mummified Hand":6,"Ninja Scroll":76,"Shuriken":117,"Molten Egg 2":108,"Coffee Dripper":50,"Bag of Marbles":76,"Ring of the Snake":0,"Runic Pyramid":95}],"Ring of the Snake":[60]},"card_choices":[{"not_picked":["Secret Weapon","Panache"],"picked":"Thinking Ahead","floor":0.0},{"not_picked":["Expertise","Dodge and Roll"],"picked":"Blade Dance","floor":1.0},{"not_picked":["PiercingWail","Deflect"],"picked":"Slice","floor":4.0},{"not_picked":["Outmaneuver","Acrobatics"],"picked":"Leg Sweep","floor":6.0},{"not_picked":["Deadly Poison","Acrobatics"],"picked":"Quick Slash","floor":7.0},{"not_picked":["Heel Hook","Cloak And Dagger"],"picked":"Skewer","floor":8.0},{"not_picked":["Acrobatics","Outmaneuver"],"picked":"Bullet Time","floor":10.0},{"not_picked":["Concentrate","Sucker Punch","Flying Knee"],"picked":"SKIP","floor":11.0},{"not_picked":["Poisoned Stab","Crippling Poison","Tactician"],"picked":"SKIP","floor":12.0},{"not_picked":["Acrobatics","Outmaneuver","Dagger Throw"],"picked":"SKIP","floor":14.0},{"not_picked":["Storm of Steel","Bullet Time"],"picked":"Burst","floor":16.0},{"not_picked":["Dagger Spray","Underhanded Strike","Quick Slash"],"picked":"SKIP","floor":18.0},{"not_picked":["PiercingWail","Flechettes+1"],"picked":"Dodge and Roll+1","floor":20.0},{"not_picked":["Slice","Underhanded Strike","Bane"],"picked":"SKIP","floor":21.0},{"not_picked":["Acrobatics","Storm of Steel"],"picked":"Tools of the Trade","floor":24.0},{"not_picked":["Setup","Quick Slash","Concentrate"],"picked":"SKIP","floor":27.0},{"not_picked":["Dagger Throw","Endless Agony"],"picked":"Calculated Gamble+1","floor":29.0},{"not_picked":["Dagger Throw+1","Riddle With Holes+1","Concentrate"],"picked":"SKIP","floor":30.0},{"not_picked":["Bullet Time","Grand Finale"],"picked":"A Thousand Cuts","floor":33.0},{"not_picked":["Deadly Poison","Concentrate"],"picked":"Underhanded Strike+1","floor":35.0},{"not_picked":["Infinite Blades","Dash"],"picked":"Terror","floor":36.0},{"not_picked":["Deadly Poison+1","Quick Slash"],"picked":"Cloak And Dagger","floor":38.0},{"not_picked":["Blade Dance","Blur"],"picked":"Flechettes+1","floor":40.0},{"not_picked":["Blade Dance","Eviscerate+1"],"picked":"Malaise","floor":42.0},{"not_picked":["Catalyst","Deadly Poison","Quick Slash+1"],"picked":"SKIP","floor":44.0},{"not_picked":["Deflect","Choke+1"],"picked":"Dodge and Roll+1","floor":46.0},{"not_picked":["Dash+1","Masterful Stab+1"],"picked":"PiercingWail","floor":48.0},{"not_picked":["Slice+1","Prepared"],"picked":"Venomology","floor":55}],"player_experience":21783595,"relics_obtained":[{"floor":6.0,"key":"Anchor"},{"floor":8.0,"key":"Eternal Feather"},{"floor":9.0,"key":"Nunchaku"},{"floor":12.0,"key":"Letter Opener"},{"floor":22.0,"key":"Nilry\u0027s Codex"},{"floor":24.0,"key":"Ninja Scroll"},{"floor":26.0,"key":"Bag of Marbles"},{"floor":30.0,"key":"Darkstone Periapt"},{"floor":36.0,"key":"Girya"},{"floor":40.0,"key":"Molten Egg 2"},{"floor":42.0,"key":"CeramicFish"},{"floor":43.0,"key":"Bottled Tornado"},{"floor":44.0,"key":"Shuriken"},{"floor":55,"key":"Mercury Hourglass"}],"event_choices":[{"damage_healed":0.0,"max_hp_gain":0.0,"max_hp_loss":0.0,"gold_gain":0.0,"event_name":"Upgrade Shrine","player_choice":"Upgraded","floor":2.0,"gold_loss":0.0,"damage_taken":0.0,"cards_upgraded":["Blade Dance"]},{"damage_healed":0.0,"max_hp_gain":0.0,"max_hp_loss":0.0,"gold_gain":0.0,"event_name":"Scrap Ooze","player_choice":"Success","floor":5.0,"gold_loss":0.0,"damage_taken":5.0,"relics_obtained":["Mummified Hand"]},{"cards_removed":["Strike_G"],"damage_healed":0.0,"max_hp_gain":0.0,"max_hp_loss":0.0,"gold_gain":0.0,"event_name":"Beggar","player_choice":"Gave Gold","floor":19.0,"gold_loss":75.0,"damage_taken":0.0},{"damage_healed":0.0,"max_hp_gain":0.0,"max_hp_loss":0.0,"gold_gain":0.0,"event_name":"Cursed Tome","player_choice":"Obtained Book","floor":22.0,"gold_loss":0.0,"damage_taken":21.0},{"damage_healed":0.0,"max_hp_gain":0.0,"max_hp_loss":0.0,"gold_gain":0.0,"event_name":"Mysterious Sphere","player_choice":"Fight","floor":36.0,"gold_loss":0.0,"damage_taken":0.0},{"damage_healed":0.0,"max_hp_gain":0.0,"max_hp_loss":0.0,"gold_gain":0.0,"event_name":"Tomb of Lord Red Mask","player_choice":"Ignored","floor":37.0,"gold_loss":0.0,"damage_taken":0.0},{"damage_healed":0.0,"max_hp_gain":0.0,"max_hp_loss":3.0,"gold_gain":0.0,"event_name":"Winding Halls","player_choice":"Max HP","floor":41.0,"gold_loss":0.0,"damage_taken":0.0},{"cards_removed":["Strike_G"],"damage_healed":0.0,"max_hp_gain":0.0,"max_hp_loss":0.0,"gold_gain":0.0,"event_name":"Purifier","player_choice":"Purged","floor":47.0,"gold_loss":0.0,"damage_taken":0.0}],"is_beta":false,"boss_relics":[{"not_picked":["SacredBark","Black Star"],"picked":"Coffee Dripper"},{"not_picked":["SlaversCollar","WristBlade"],"picked":"Runic Pyramid"}],"items_purged_floors":[3,31,39],"is_endless":false,"potions_floor_spawned":[1,7,12,14,16,20,29,30,33,35,38,42,48],"ascension_level":20}}