{"host":"g07ql0oly65lqxqj","time":1611927149,"event":{"mods":["Act Like it!","BaseMod","Conspire","Gensokyo","Koishi","Lobotomy","Marisa£®ÏF”Í°°ƒß¿Ì…≥£©","Minty Spire (QoL Compilation)","StSLib","Synergy Search","The Blackbeard","The Hierophant"],"gold_per_floor":[113,127,127,127,127,127,127,198,198,215,215,215,215],"floor_reached":12,"language":"ZHS","playtime":406,"items_purged":[],"score":91,"play_id":"b42f0d3d-da42-4763-bdf0-c7cdeed46c34","local_time":"20210129213229","is_ascension_mode":false,"campfire_choices":[{"data":"Koishi:HauntingSlash","floor":6,"key":"SMITH"},{"data":"Koishi:Provoke","floor":11,"key":"SMITH"}],"circlet_count":0,"master_deck":["Koishi:BasicStrike","Koishi:BasicStrike","Koishi:BasicDefend","Koishi:BasicDefend","Koishi:BasicDefend","Koishi:BasicDefend","Koishi:Provoke+1","Koishi:HauntingSlash+1","Koishi:StingingMind","Koishi:JumpScare"],"relics":["Koishi:ImaginaryFriend","Happy Flower","Bottled Lightning","Pear","Strawberry","The Courier","Ornamental Fan"],"acts_visited":["Gensokyo:Gensokyo"],"potions_floor_usage":[],"damage_taken":[{"damage":0,"enemies":"Gensokyo:3_Fairies","floor":1,"turns":5},{"damage":2,"enemies":"Gensokyo:Gryphon","floor":2,"turns":5},{"damage":4,"enemies":"Gensokyo:Python","floor":10,"turns":5},{"damage":45,"enemies":"Gensokyo:Aya","floor":12,"turns":8}],"seed_played":"1384982269718345997","potions_obtained":[],"is_trial":false,"path_per_floor":["M","M","T","?","?","R","?","T","T","M","R","E"],"character_chosen":"KOISHI","items_purchased":[],"campfire_rested":0,"item_purchase_floors":[],"current_hp_per_floor":[60,60,60,48,43,43,36,36,36,38,38,0,0],"gold":215,"neow_bonus":"RANDOM_COMMON_RELIC","is_daily":false,"chose_seed":false,"campfire_upgraded":2,"win_rate":0.0,"timestamp":1611927149,"path_taken":["M","M","?","?","?","R","?","?","T","M","R","E"],"items_purchased_type":[],"build_version":"2020-12-22","purchased_purges":0,"victory":false,"max_hp_per_floor":[60,60,60,60,70,70,77,77,77,77,77,77,77],"card_choices":[{"not_picked":["Koishi:ParalyzingFear","Koishi:SubconsciousSweep"],"picked":"Koishi:StingingMind","floor":1},{"not_picked":["Koishi:UnconsciousUrges","Koishi:ReflexRadar"],"picked":"Koishi:JumpScare","floor":2},{"not_picked":["Koishi:SpiritedAway","Koishi:Prune","Koishi:FourthEye"],"picked":"SKIP","floor":10}],"player_experience":417244,"relics_obtained":[{"floor":3,"key":"Bottled Lightning"},{"floor":8,"key":"The Courier"},{"floor":9,"key":"Ornamental Fan"}],"event_choices":[],"is_beta":false,"boss_relics":[],"items_purged_floors":[],"is_endless":false,"potions_floor_spawned":[],"killed_by":"Gensokyo:Aya","ascension_level":0}}