{"host":"h0xw20cia6ppa69g","time":1611912226,"event":{"mods":["AchievementEnabler","BaseMod","Colored Map","Filter the Spire","Googly Eyes","Minty Spire (QoL Compilation)","Relic Stats","StSLib","The Awakened One except there are too many feathers","everything is the same but u backflip on backflip"],"gold_per_floor":[109,127,139,139,158,184,184,213,213,545,607,625,639,656,656,754,754,774,774,774,413,192,219,252,252,252,49,80,93,104,116,116,220,220,235,252,270,230,230,265,265,292,292,63,0,0,25,12,12,12,12,12,12,47,47],"floor_reached":56,"language":"ENG","playtime":5352,"items_purged":[],"score":1464,"play_id":"c7367f92-99d5-4b0b-b5bd-204bf86be3bb","local_time":"20210129032346","is_ascension_mode":true,"campfire_choices":[{"data":"Cleave","floor":7.0,"key":"SMITH"},{"data":"Fiend Fire","floor":15.0,"key":"SMITH"},{"data":"Armaments","floor":32,"key":"SMITH"},{"floor":41,"key":"RECALL"},{"data":"Master of Strategy","floor":49,"key":"SMITH"},{"data":"Feed","floor":52,"key":"SMITH"}],"circlet_count":0,"master_deck":["Bash","Clothesline","Metallicize","Battle Trance","Cleave+1","Dual Wield","Reaper","True Grit+1","Pommel Strike","Fiend Fire+1","Barricade","Shrug It Off","Offering","Headbutt+1","Dark Embrace","Armaments+1","Shrug It Off+1","Feed+1","Shrug It Off","Disarm+1","Flex","Spot Weakness","Exhume","Crippling Poison+1","Body Slam+1","True Grit","Blind+1","Double Tap","Panacea+1","Sword Boomerang+1","Corpse Explosion","Sentinel+1","Master of Strategy+1","Madness","Madness","Conserve Battery","True Grit","Uppercut+1"],"relics":["Burning Blood","WingedGreaves","Art of War","Mummified Hand","TungstenRod","Old Coin","Oddly Smooth Stone","Pandora\u0027s Box","ClockworkSouvenir","Ancient Tea Set","Membership Card","Akabeko","War Paint","CaptainsWheel","Turnip","PrismaticShard","Sundial","Juzu Bracelet","Philosopher\u0027s Stone","Bag of Marbles","Potion Belt","Medical Kit","Happy Flower","Red Mask","Strawberry","Pear"],"acts_visited":["Exordium","TheCity","TheBeyond","TheEnding"],"potions_floor_usage":[50,55,55,55],"damage_taken":[{"damage":6.0,"enemies":"Jaw Worm","floor":1.0,"turns":3.0},{"damage":0.0,"enemies":"Small Slimes","floor":2.0,"turns":3.0},{"damage":4.0,"enemies":"2 Louse","floor":3.0,"turns":4.0},{"damage":6.0,"enemies":"Blue Slaver","floor":5.0,"turns":4.0},{"damage":15.0,"enemies":"3 Sentries","floor":6.0,"turns":11.0},{"damage":17.0,"enemies":"Gremlin Nob","floor":8.0,"turns":4.0},{"damage":13.0,"enemies":"3 Sentries","floor":10.0,"turns":7.0},{"damage":29.0,"enemies":"3 Sentries","floor":11.0,"turns":8.0},{"damage":7.0,"enemies":"Lots of Slimes","floor":12.0,"turns":5.0},{"damage":16.0,"enemies":"Large Slime","floor":13.0,"turns":32.0},{"damage":4.0,"enemies":"Exordium Thugs","floor":14.0,"turns":4.0},{"damage":25.0,"enemies":"Slime Boss","floor":16.0,"turns":4.0},{"damage":9.0,"enemies":"3 Byrds","floor":18.0,"turns":8.0},{"damage":27.0,"enemies":"Book of Stabbing","floor":23.0,"turns":7.0},{"damage":36.0,"enemies":"Slavers","floor":24.0,"turns":13.0},{"damage":16.0,"enemies":"Book of Stabbing","floor":28.0,"turns":17.0},{"damage":5.0,"enemies":"2 Thieves","floor":29.0,"turns":5.0},{"damage":6.0,"enemies":"Snake Plant","floor":30.0,"turns":12.0},{"damage":40,"enemies":"Centurion and Healer","floor":31,"turns":28},{"damage":30,"enemies":"Automaton","floor":33,"turns":13},{"damage":5,"enemies":"3 Shapes","floor":35,"turns":10},{"damage":10,"enemies":"3 Darklings","floor":36,"turns":5},{"damage":15,"enemies":"Spire Growth","floor":37,"turns":7},{"damage":10,"enemies":"Giant Head","floor":40,"turns":8},{"damage":43,"enemies":"Nemesis","floor":42,"turns":27},{"damage":44,"enemies":"Giant Head","floor":47,"turns":12},{"damage":38,"enemies":"Donu and Deca","floor":50,"turns":13},{"damage":28,"enemies":"Shield and Spear","floor":54,"turns":18},{"damage":203,"enemies":"The Heart","floor":55,"turns":14}],"seed_played":"6351647906479464680","potions_obtained":[{"floor":5.0,"key":"ColorlessPotion"},{"floor":10.0,"key":"ColorlessPotion"},{"floor":11.0,"key":"FearPotion"},{"floor":14.0,"key":"Fire Potion"},{"floor":23.0,"key":"ColorlessPotion"},{"floor":31,"key":"SteroidPotion"},{"floor":37,"key":"BloodPotion"},{"floor":42,"key":"EssenceOfSteel"}],"is_trial":false,"path_per_floor":["M","M","M","?","M","E","R","E","T","E","?","M","M","M","R","B",null,"M","?","?","$","$","E","E","?","T","$","E","M","M","M","R","B",null,"M","M","M","?","?","E","R","E","T","$","?","?","E","$","R","B",null,"R","$","E","B",null],"character_chosen":"IRONCLAD","items_purchased":["ClockworkSouvenir","Flex","Ancient Tea Set","Membership Card","Akabeko","PrismaticShard","Sundial","Medical Kit","Happy Flower","Master of Strategy","True Grit"],"campfire_rested":0,"item_purchase_floors":[21,21,21,22,22,27,27,44,44,44,48],"current_hp_per_floor":[72,72,72,65,65,56,56,45,45,38,39,50,64,66,66,47,72,73,73,60,60,60,56,72,72,72,72,95,98,102,110,110,90,114,122,118,113,113,113,130,130,130,130,130,130,115,126,126,126,102,149,149,149,163,20],"gold":47,"neow_bonus":"ONE_RARE_RELIC","is_daily":false,"chose_seed":false,"campfire_upgraded":5,"win_rate":0.0,"timestamp":1611912226,"path_taken":["M","M","M","?","M","E","R","E","T","E","?","M","M","M","R","BOSS","M","?","?","?","$","E","E","?","T","$","E","M","M","M","R","BOSS","M","M","M","?","?","E","R","E","T","$","?","?","E","$","R","BOSS","R","$","E","BOSS"],"items_purchased_type":["Relic","Card","Relic","Relic","Relic","Relic","Relic","Relic","Relic","Card","Card"],"build_version":"2020-12-22","purchased_purges":0,"victory":true,"max_hp_per_floor":[72,72,72,72,72,72,72,72,72,72,72,72,72,72,72,72,72,76,76,81,81,81,84,91,91,91,91,95,98,102,110,110,114,114,122,122,126,126,126,130,130,130,130,130,130,130,141,141,141,149,149,149,149,163,163],"relic_stats":{"Happy Flower":[19],"counters":[29,306],"Juzu Bracelet":1,"War Paint":["True Grit","Shrug It Off"],"Medical Kit":[26],"Burning Blood":131,"Mummified Hand":[89],"Sundial":[38],"Pandora\u0027s Box":["Shrug It Off","Offering","Headbutt","Dark Embrace","Armaments","Shrug It Off","Feed","Shrug It Off"],"Turnip":[24],"Art of War":[105],"obtain_stats":[{"Juzu Bracelet":28,"Ancient Tea Set":21,"PrismaticShard":27,"Burning Blood":0,"Old Coin":10,"ClockworkSouvenir":21,"Mummified Hand":8,"Sundial":27,"Strawberry":47,"Philosopher\u0027s Stone":34,"WingedGreaves":0,"Red Mask":45,"Potion Belt":42,"Pear":54,"Happy Flower":44,"Oddly Smooth Stone":11,"War Paint":23,"Medical Kit":44,"Akabeko":22,"CaptainsWheel":24,"Pandora\u0027s Box":17,"Turnip":26,"Art of War":6,"Bag of Marbles":40,"Membership Card":22,"TungstenRod":9},{"Juzu Bracelet":16,"Ancient Tea Set":13,"PrismaticShard":15,"Burning Blood":0,"Old Coin":7,"ClockworkSouvenir":13,"Mummified Hand":6,"Sundial":15,"Strawberry":26,"Philosopher\u0027s Stone":20,"WingedGreaves":0,"Red Mask":25,"Potion Belt":25,"Pear":28,"Happy Flower":25,"Oddly Smooth Stone":8,"War Paint":14,"Medical Kit":25,"Akabeko":13,"CaptainsWheel":15,"Pandora\u0027s Box":12,"Turnip":15,"Art of War":5,"Bag of Marbles":24,"Membership Card":13,"TungstenRod":6},{"Juzu Bracelet":134,"Ancient Tea Set":97,"PrismaticShard":117,"Burning Blood":0,"Old Coin":36,"ClockworkSouvenir":97,"Mummified Hand":29,"Sundial":117,"Strawberry":261,"Philosopher\u0027s Stone":192,"WingedGreaves":0,"Red Mask":249,"Potion Belt":249,"Pear":292,"Happy Flower":249,"Oddly Smooth Stone":44,"War Paint":104,"Medical Kit":249,"Akabeko":97,"CaptainsWheel":117,"Pandora\u0027s Box":89,"Turnip":117,"Art of War":25,"Bag of Marbles":222,"Membership Card":97,"TungstenRod":29}],"TungstenRod":157},"card_choices":[{"not_picked":["Flex","Sentinel"],"picked":"Clothesline","floor":1.0},{"not_picked":["Sever Soul","Pummel"],"picked":"Metallicize","floor":2.0},{"not_picked":["Flex","Seeing Red"],"picked":"Twin Strike","floor":3.0},{"not_picked":["Twin Strike","Fire Breathing"],"picked":"Battle Trance","floor":5.0},{"not_picked":["Rupture","Rage"],"picked":"Cleave","floor":6.0},{"not_picked":["Heavy Blade","Anger"],"picked":"Dual Wield","floor":8.0},{"not_picked":["Dark Embrace","Bloodletting"],"picked":"Reaper","floor":10.0},{"not_picked":["Armaments","Cleave"],"picked":"True Grit","floor":11.0},{"not_picked":["Pummel","Iron Wave"],"picked":"Pommel Strike","floor":12.0},{"not_picked":["Clash","Twin Strike"],"picked":"Thunderclap","floor":13.0},{"not_picked":["Body Slam","Combust"],"picked":"Fiend Fire","floor":14.0},{"not_picked":["Corruption","Offering"],"picked":"Barricade","floor":16.0},{"not_picked":["Shrug It Off+1","Bloodletting+1"],"picked":"Disarm+1","floor":18.0},{"not_picked":["Sword Boomerang","Wild Strike"],"picked":"Spot Weakness","floor":23.0},{"not_picked":["Disarm","Clothesline"],"picked":"Exhume","floor":24.0},{"not_picked":["Steam","Compile Driver"],"picked":"Crippling Poison+1","floor":28.0},{"not_picked":["Stack","Die Die Die"],"picked":"Body Slam","floor":29.0},{"not_picked":["Predator","Beam Cell+1"],"picked":"True Grit","floor":30},{"not_picked":["Good Instincts","Slice+1"],"picked":"Blind+1","floor":31},{"not_picked":["Reboot","Barricade"],"picked":"Double Tap","floor":33},{"not_picked":["Scrape","PathToVictory+1","Pommel Strike"],"picked":"SKIP","floor":35},{"not_picked":["Heavy Blade+1","Whirlwind+1"],"picked":"Panacea+1","floor":36},{"not_picked":["Armaments","Grand Finale"],"picked":"Sword Boomerang+1","floor":37},{"not_picked":["WheelKick","Sword Boomerang"],"picked":"Corpse Explosion","floor":40},{"not_picked":["Gash","Body Slam"],"picked":"Sentinel+1","floor":42},{"not_picked":["True Grit","Halt+1"],"picked":"Conserve Battery","floor":47},{"not_picked":["Gash+1","Inflame"],"picked":"Uppercut+1","floor":54}],"player_experience":3789324,"relics_obtained":[{"floor":6.0,"key":"Art of War"},{"floor":8.0,"key":"Mummified Hand"},{"floor":9.0,"key":"TungstenRod"},{"floor":10.0,"key":"Old Coin"},{"floor":11.0,"key":"Oddly Smooth Stone"},{"floor":23.0,"key":"War Paint"},{"floor":24.0,"key":"CaptainsWheel"},{"floor":26.0,"key":"Turnip"},{"floor":28.0,"key":"Juzu Bracelet"},{"floor":40,"key":"Bag of Marbles"},{"floor":42,"key":"Potion Belt"},{"floor":47,"key":"Strawberry"},{"floor":54,"key":"Pear"}],"event_choices":[{"cards_removed":["Strike_R"],"damage_healed":0.0,"max_hp_gain":0.0,"max_hp_loss":0.0,"gold_gain":0.0,"event_name":"Golden Wing","player_choice":"Card Removal","floor":4.0,"gold_loss":0.0,"damage_taken":7.0},{"damage_healed":0.0,"max_hp_gain":0.0,"max_hp_loss":0.0,"gold_gain":0.0,"event_name":"Dead Adventurer","player_choice":"Searched \u00272\u0027 times","floor":11.0,"gold_loss":0.0,"damage_taken":0.0},{"cards_removed":["Twin Strike"],"damage_healed":0.0,"max_hp_gain":0.0,"max_hp_loss":0.0,"gold_gain":0.0,"event_name":"Back to Basics","player_choice":"Elegance","floor":19.0,"gold_loss":0.0,"damage_taken":0.0},{"damage_healed":0.0,"max_hp_gain":5.0,"max_hp_loss":0.0,"gold_gain":0.0,"event_name":"Forgotten Altar","player_choice":"Shed Blood","floor":20.0,"gold_loss":0.0,"damage_taken":19.0},{"damage_healed":0.0,"max_hp_gain":0.0,"max_hp_loss":0.0,"gold_gain":0.0,"event_name":"Vampires","player_choice":"Ignored","floor":25.0,"gold_loss":0.0,"damage_taken":0.0},{"damage_healed":0,"gold_gain":0,"player_choice":"Upgraded Two","damage_taken":0,"max_hp_gain":0,"max_hp_loss":0,"event_name":"Designer","floor":38,"gold_loss":40,"cards_upgraded":["Body Slam","Headbutt"]},{"cards_removed":["Thunderclap"],"damage_healed":0,"gold_gain":0,"player_choice":"Removed Attack","damage_taken":0,"max_hp_gain":0,"max_hp_loss":0,"event_name":"Falling","floor":39,"gold_loss":0},{"damage_healed":0,"gold_gain":0,"player_choice":"Paid","damage_taken":0,"relics_obtained":["Red Mask"],"max_hp_gain":0,"max_hp_loss":0,"event_name":"Tomb of Lord Red Mask","floor":45,"gold_loss":63},{"damage_healed":0,"gold_gain":0,"player_choice":"Embrace Madness","damage_taken":16,"max_hp_gain":0,"max_hp_loss":0,"event_name":"Winding Halls","floor":46,"gold_loss":0,"cards_obtained":["Madness","Madness"]}],"is_beta":false,"boss_relics":[{"not_picked":["Tiny House","Runic Cube"],"picked":"Pandora\u0027s Box"},{"not_picked":["Runic Pyramid","Empty Cage"],"picked":"Philosopher\u0027s Stone"}],"items_purged_floors":[],"is_endless":false,"potions_floor_spawned":[5,10,11,14,16,18,23,30,31,35,37,42],"ascension_level":1}}