{"host":"7ap89n2sm7vm35bt","time":1611918466,"event":{"mods":["AchievementEnabler","Aspiration","BaseMod","Minty Spire (QoL Compilation)","StSLib","[IsaacMod]ÒÔÈö¼âËþ"],"gold_per_floor":[113,113,38,113,125,159,159,109,109,209,209,209,209,220,220,324,324,324,224,224,99,54,54,54,54,54],"floor_reached":25,"language":"ZHS","playtime":864,"items_purged":["Strike_R","Strike_R","Defend_R"],"score":312,"play_id":"61f9f612-6399-463e-a4bf-56b68782effe","local_time":"20210129190746","is_ascension_mode":true,"campfire_choices":[{"data":"Uppercut","floor":7.0,"key":"SMITH"},{"data":"Bloodletting","floor":11.0,"key":"SMITH"},{"data":"Iron Wave","floor":13.0,"key":"SMITH"},{"data":"Second Wind","floor":15.0,"key":"SMITH"},{"floor":24.0,"key":"REST"}],"circlet_count":0,"master_deck":["Strike_R","Strike_R","Defend_R","Defend_R","Iron Wave+1","Uppercut+1","Bloodletting+1","Reaper"],"relics":["Burning Blood","HushsDoor","aspiration:Nostalgia","PureWater","DeadEye","Vajra","Regal Pillow","Ectoplasm","Blood Vial","Smiling Mask"],"acts_visited":["Exordium","TheCity"],"potions_floor_usage":[25],"damage_taken":[{"damage":5.0,"enemies":"Small Slimes","floor":1.0,"turns":4.0},{"damage":2.0,"enemies":"Jaw Worm","floor":5.0,"turns":2.0},{"damage":10.0,"enemies":"3 Sentries","floor":6.0,"turns":8.0},{"damage":1.0,"enemies":"2 Louse","floor":14.0,"turns":2.0},{"damage":36.0,"enemies":"The Guardian","floor":16.0,"turns":11.0},{"damage":4.0,"enemies":"Chosen","floor":18.0,"turns":5.0},{"damage":7.0,"enemies":"2 Thieves","floor":22.0,"turns":4.0},{"damage":80.0,"enemies":"Gremlin Leader","floor":23.0,"turns":8.0},{"damage":87,"enemies":"Slavers","floor":25,"turns":8}],"seed_played":"6050138237683371038","potions_obtained":[{"floor":5.0,"key":"Fire Potion"},{"floor":6.0,"key":"SpeedPotion"},{"floor":23.0,"key":"SpeedPotion"}],"is_trial":false,"path_per_floor":["M","?","$","?","M","E","R","?","T","?","R","?","R","M","R","B",null,"M","$","?","$","M","E","R","E"],"character_chosen":"IRONCLAD","items_purchased":[],"campfire_rested":1,"item_purchase_floors":[],"current_hp_per_floor":[73,73,73,62,66,62,62,62,62,62,62,62,62,67,67,37,69,80,80,80,80,80,23,62,0,0],"gold":54,"neow_bonus":"NOSTALGIA","is_daily":false,"chose_seed":false,"campfire_upgraded":4,"win_rate":0.0,"timestamp":1611918466,"path_taken":["M","?","$","?","?","E","R","?","T","?","R","?","R","M","R","BOSS","M","$","?","$","M","E","R","E"],"items_purchased_type":[],"build_version":"2020-12-22","purchased_purges":3,"victory":false,"max_hp_per_floor":[80,80,80,80,80,80,80,80,80,80,80,80,80,80,80,80,80,80,80,80,80,80,80,80,80,80],"card_choices":[{"not_picked":["Havoc","Wild Strike"],"picked":"Iron Wave","floor":1.0},{"not_picked":["Pommel Strike","Infernal Blade","Headbutt"],"picked":"SKIP","floor":5.0},{"not_picked":["Headbutt","Rampage"],"picked":"Bloodletting","floor":6.0},{"not_picked":["Wild Strike","Second Wind","Warcry"],"picked":"SKIP","floor":14.0},{"not_picked":["Wild Strike","Warcry"],"picked":"Second Wind","floor":14.0},{"not_picked":["Berserk","Exhume"],"picked":"Reaper","floor":16.0},{"not_picked":["Disarm","Thunderclap","Twin Strike+1"],"picked":"SKIP","floor":18.0},{"not_picked":["True Grit","Sword Boomerang","Iron Wave"],"picked":"SKIP","floor":22.0},{"not_picked":["Perfected Strike","Barricade","Spot Weakness"],"picked":"SKIP","floor":23.0}],"player_experience":237257,"relics_obtained":[{"floor":6.0,"key":"Vajra"},{"floor":9.0,"key":"Regal Pillow"},{"floor":23.0,"key":"Smiling Mask"}],"event_choices":[{"damage_healed":0.0,"max_hp_gain":0.0,"max_hp_loss":0.0,"gold_gain":0.0,"cards_transformed":["Strike_R"],"event_name":"Living Wall","player_choice":"Change","floor":2.0,"gold_loss":0.0,"damage_taken":0.0,"cards_obtained":["Uppercut"]},{"damage_healed":0.0,"max_hp_gain":0.0,"max_hp_loss":0.0,"gold_gain":75.0,"event_name":"World of Goop","player_choice":"Gather Gold","floor":4.0,"gold_loss":0.0,"damage_taken":11.0},{"cards_removed":["Defend_R"],"damage_healed":0.0,"max_hp_gain":0.0,"max_hp_loss":0.0,"gold_gain":0.0,"event_name":"The Cleric","player_choice":"Card Removal","floor":8.0,"gold_loss":50.0,"damage_taken":0.0},{"damage_healed":0.0,"max_hp_gain":0.0,"max_hp_loss":0.0,"gold_gain":100.0,"event_name":"Golden Shrine","player_choice":"Pray","floor":10.0,"gold_loss":0.0,"damage_taken":0.0},{"cards_removed":["Bash"],"damage_healed":0.0,"max_hp_gain":0.0,"max_hp_loss":0.0,"gold_gain":0.0,"event_name":"Bonfire Elementals","player_choice":"Offered Basic","floor":12.0,"gold_loss":0.0,"damage_taken":0.0},{"cards_removed":["Second Wind"],"damage_healed":0.0,"max_hp_gain":0.0,"max_hp_loss":0.0,"gold_gain":0.0,"event_name":"WeMeetAgain","player_choice":"Gave Card","floor":20.0,"gold_loss":0.0,"damage_taken":0.0,"relics_obtained":["Blood Vial"]}],"is_beta":false,"boss_relics":[{"not_picked":["Mark of Pain","aspiration:PoetsPen_weak"],"picked":"Ectoplasm"},{"not_picked":[]}],"items_purged_floors":[3,19,21],"is_endless":false,"potions_floor_spawned":[5,6,23],"killed_by":"Slavers","ascension_level":9}}