{"host":"b34lfm0pg36jv5no","time":1611941102,"event":{"mods":["BaseMod","Bestiary","Colored Map","Dark Map","Minty Spire (QoL Compilation)","Relic Stats","ojb\u0027s Info Mod"],"gold_per_floor":[113,113,133,151,151,194,247,247,247,260,260,281,322,335,335,465,465,488,488,508,508,778,778,792,194,194,238,93,131,131,171,171,302,302,326,288,344,444,257,292,312,351,419,444,488,154,170,209,209,209,209,209,26,65,65,65],"floor_reached":55,"language":"ENG","playtime":8532,"items_purged":["Bite"],"score":1426,"play_id":"f89658f9-6efe-4421-b9b4-838d78996e2c","local_time":"20210129172502","is_ascension_mode":true,"campfire_choices":[{"data":"Buffer","floor":8,"key":"SMITH"},{"data":"Sweeping Beam","floor":11,"key":"SMITH"},{"data":"Buffer","floor":15,"key":"SMITH"},{"data":"Zap","floor":23,"key":"SMITH"},{"data":"Aggregate","floor":32,"key":"SMITH"},{"floor":49,"key":"RECALL"},{"data":"Defragment","floor":52,"key":"SMITH"}],"circlet_count":0,"master_deck":["Defend_B+1","Defend_B+1","Defend_B+1","Defend_B+1","Zap+1","Dualcast","BootSequence","Sweeping Beam+1","Buffer+1","Ball Lightning","Buffer+1","Turbo","Electrodynamics","Ball Lightning","RitualDagger","Hologram+1","Bite","Bite","Bite","Bite","Tempest","FTL","Echo Form","Aggregate+1","Biased Cognition","Glacier","Capacitor","Redo+1","Capacitor","Steam Power+1","Compile Driver+1","Amplify","FTL","Stack+1","Aggregate","Defragment+1","Fusion+1","Lockon"],"relics":["Runic Pyramid","Golden Idol","Sundial","Pen Nib","PreservedInsect","Pantograph","Philosopher\u0027s Stone","CaptainsWheel","Orichalcum","StoneCalendar","Happy Flower","Thread and Needle","Ornamental Fan","Sozu","Bird Faced Urn","DataDisk","Bag of Preparation","Omamori","Unceasing Top","Strawberry","Frozen Eye","Pear","Runic Capacitor","Oddly Smooth Stone"],"acts_visited":["Exordium","TheCity","TheBeyond","TheEnding"],"potions_floor_usage":[6,27,33,33,33,37,50,55],"damage_taken":[{"damage":2.0,"enemies":"Jaw Worm","floor":1.0,"turns":3.0},{"damage":1.0,"enemies":"2 Louse","floor":3.0,"turns":3.0},{"damage":1.0,"enemies":"Cultist","floor":4.0,"turns":4.0},{"damage":20,"enemies":"Gremlin Nob","floor":6,"turns":4},{"damage":0,"enemies":"Red Slaver","floor":10,"turns":6},{"damage":0,"enemies":"3 Louse","floor":12,"turns":4},{"damage":0,"enemies":"3 Sentries","floor":13,"turns":6},{"damage":3,"enemies":"Large Slime","floor":14,"turns":5},{"damage":43,"enemies":"Hexaghost","floor":16,"turns":11},{"damage":0,"enemies":"2 Thieves","floor":18,"turns":4},{"damage":0,"enemies":"Spheric Guardian","floor":20,"turns":4},{"damage":0,"enemies":"Centurion and Healer","floor":24,"turns":6},{"damage":6,"enemies":"Book of Stabbing","floor":27,"turns":4},{"damage":0,"enemies":"Gremlin Leader","floor":29,"turns":4},{"damage":0,"enemies":"Book of Stabbing","floor":31,"turns":5},{"damage":0,"enemies":"Collector","floor":33,"turns":8},{"damage":0,"enemies":"3 Shapes","floor":35,"turns":3},{"damage":20,"enemies":"2 Orb Walkers","floor":37,"turns":4},{"damage":0,"enemies":"Giant Head","floor":40,"turns":9},{"damage":8,"enemies":"3 Darklings","floor":41,"turns":3},{"damage":0,"enemies":"Nemesis","floor":42,"turns":3},{"damage":7,"enemies":"Jaw Worm Horde","floor":44,"turns":2},{"damage":0,"enemies":"Reptomancer","floor":45,"turns":4},{"damage":6,"enemies":"Transient","floor":47,"turns":5},{"damage":41,"enemies":"Nemesis","floor":48,"turns":7},{"damage":39,"enemies":"Awakened One","floor":50,"turns":10},{"damage":30,"enemies":"Shield and Spear","floor":54,"turns":6},{"damage":70,"enemies":"The Heart","floor":55,"turns":3}],"seed_played":"5569957585832210330","potions_obtained":[{"floor":1.0,"key":"LiquidMemories"},{"floor":6,"key":"Strength Potion"},{"floor":12,"key":"FocusPotion"},{"floor":14,"key":"Ancient Potion"},{"floor":20,"key":"EntropicBrew"},{"floor":31,"key":"BlessingOfTheForge"},{"floor":33,"key":"AttackPotion"}],"is_trial":false,"path_per_floor":["M","?","M","M","T","E","T","R","T","M","R","M","E","M","R","B",null,"M","?","M","?","?","R","M","$","T","E","$","E","?","E","R","B",null,"M","$","?","?","$","E","M","E","T","M","E","$","M","E","R","B",null,"R","$","E","B"],"character_chosen":"DEFECT","items_purchased":["CaptainsWheel","Orichalcum","Tempest","Echo Form","Capacitor","DataDisk","Capacitor","Aggregate","Strawberry","Frozen Eye","Runic Capacitor","Lockon"],"campfire_rested":0,"item_purchase_floors":[25,25,25,28,36,39,39,46,46,46,53,53],"current_hp_per_floor":[66,66,65,64,64,44,44,44,44,44,44,44,44,41,41,23,58,58,52,52,48,21,21,41,41,41,43,43,48,48,48,48,48,48,48,48,32,32,32,48,44,48,48,45,48,55,55,56,56,40,59,59,59,63,0,0],"gold":65,"neow_bonus":"BOSS_RELIC","is_daily":false,"chose_seed":false,"campfire_upgraded":6,"win_rate":0.0,"timestamp":1611941102,"path_taken":["M","?","M","M","?","E","?","R","T","M","R","M","E","M","R","BOSS","M","?","M","?","?","R","?","$","T","E","?","E","?","E","R","BOSS","M","$","?","?","$","E","?","E","T","M","E","$","M","E","R","BOSS","R","$","E","BOSS"],"items_purchased_type":["Relic","Relic","Card","Card","Card","Relic","Card","Card","Relic","Relic","Relic","Card"],"build_version":"2020-12-22","purchased_purges":1,"victory":false,"max_hp_per_floor":[75,69,69,69,69,69,69,69,69,69,69,69,69,69,69,69,69,69,69,69,48,48,48,48,48,48,48,48,48,48,48,48,48,48,48,48,48,48,48,48,48,48,48,48,48,55,55,65,65,65,65,65,65,65,65,65],"relic_stats":{"Happy Flower":[25],"counters":[28,140],"Golden Idol":218,"StoneCalendar":[156],"Pen Nib":[23],"PreservedInsect":503,"Bag of Preparation":[18],"Orichalcum":[96],"Sozu":3,"Sundial":[16],"Ornamental Fan":[100],"Pantograph":36,"Bird Faced Urn":[67],"obtain_stats":[{"StoneCalendar":26,"Bag of Preparation":40,"Runic Capacitor":53,"Sozu":34,"Frozen Eye":46,"Sundial":5,"Pantograph":9,"Strawberry":46,"Philosopher\u0027s Stone":17,"Cracked Core":0,"Runic Pyramid":0,"Pear":48,"Happy Flower":27,"Golden Idol":2,"Oddly Smooth Stone":54,"Thread and Needle":29,"Pen Nib":6,"PreservedInsect":7,"Omamori":42,"Orichalcum":25,"CaptainsWheel":25,"DataDisk":39,"Ornamental Fan":31,"Bird Faced Urn":37,"Unceasing Top":45},{"StoneCalendar":12,"Bag of Preparation":19,"Runic Capacitor":26,"Sozu":16,"Frozen Eye":23,"Sundial":3,"Pantograph":4,"Strawberry":23,"Philosopher\u0027s Stone":9,"Cracked Core":0,"Runic Pyramid":0,"Pear":25,"Happy Flower":13,"Golden Idol":1,"Oddly Smooth Stone":27,"Thread and Needle":14,"Pen Nib":4,"PreservedInsect":4,"Omamori":21,"Orichalcum":12,"CaptainsWheel":12,"DataDisk":18,"Ornamental Fan":15,"Bird Faced Urn":18,"Unceasing Top":23},{"StoneCalendar":60,"Bag of Preparation":97,"Runic Capacitor":131,"Sozu":81,"Frozen Eye":109,"Sundial":10,"Pantograph":14,"Strawberry":109,"Philosopher\u0027s Stone":46,"Cracked Core":0,"Runic Pyramid":0,"Pear":121,"Happy Flower":64,"Golden Idol":3,"Oddly Smooth Stone":137,"Thread and Needle":68,"Pen Nib":14,"PreservedInsect":14,"Omamori":103,"Orichalcum":60,"CaptainsWheel":60,"DataDisk":88,"Ornamental Fan":73,"Bird Faced Urn":88,"Unceasing Top":109}],"Unceasing Top":[0]},"card_choices":[{"not_picked":["Leap","Beam Cell"],"picked":"BootSequence","floor":1.0},{"not_picked":["Stack","Scrape","Conserve Battery"],"picked":"SKIP","floor":3.0},{"not_picked":["Conserve Battery","Reprogram"],"picked":"Sweeping Beam","floor":4.0},{"not_picked":["Barrage","Steam"],"picked":"Buffer","floor":6},{"not_picked":["Streamline","Beam Cell","Rebound"],"picked":"SKIP","floor":10},{"not_picked":["Scrape","Redo"],"picked":"Ball Lightning","floor":12},{"not_picked":["Consume","Scrape"],"picked":"Buffer","floor":13},{"not_picked":["Gash","Coolheaded"],"picked":"Turbo","floor":14},{"not_picked":["Core Surge","Biased Cognition"],"picked":"Electrodynamics","floor":16},{"not_picked":["Conserve Battery","Compile Driver"],"picked":"Ball Lightning","floor":18},{"not_picked":["Turbo","Undo"],"picked":"Hologram+1","floor":20},{"not_picked":["Barrage+1","Steam","Leap"],"picked":"SKIP","floor":24},{"not_picked":["Steam","Redo"],"picked":"FTL","floor":27},{"not_picked":["Ball Lightning","Electrodynamics","Consume"],"picked":"SKIP","floor":29},{"not_picked":["Sweeping Beam","Multi-Cast"],"picked":"Aggregate","floor":31},{"not_picked":["Buffer","Multi-Cast"],"picked":"Biased Cognition","floor":33},{"not_picked":["Gash+1","Beam Cell+1"],"picked":"Glacier","floor":35},{"not_picked":["Cold Snap","Turbo"],"picked":"Redo+1","floor":37},{"not_picked":["Doom and Gloom","Fusion+1"],"picked":"Steam Power+1","floor":40},{"not_picked":["Cold Snap","Sweeping Beam+1"],"picked":"Compile Driver+1","floor":41},{"not_picked":["Gash","Go for the Eyes+1"],"picked":"Amplify","floor":42},{"not_picked":["Conserve Battery","BootSequence+1"],"picked":"FTL","floor":44},{"not_picked":["Conserve Battery","BootSequence+1"],"picked":"Stack+1","floor":45},{"not_picked":["Steam+1","Chill"],"picked":"Defragment","floor":47},{"not_picked":["Tempest","Stack"],"picked":"Fusion+1","floor":48},{"not_picked":["Rebound+1","Sweeping Beam","Turbo"],"picked":"SKIP","floor":54}],"player_experience":2561212,"relics_obtained":[{"floor":5.0,"key":"Sundial"},{"floor":6,"key":"Pen Nib"},{"floor":7,"key":"PreservedInsect"},{"floor":9,"key":"Pantograph"},{"floor":26,"key":"StoneCalendar"},{"floor":27,"key":"Happy Flower"},{"floor":29,"key":"Thread and Needle"},{"floor":31,"key":"Ornamental Fan"},{"floor":37,"key":"Bird Faced Urn"},{"floor":40,"key":"Bag of Preparation"},{"floor":42,"key":"Omamori"},{"floor":45,"key":"Unceasing Top"},{"floor":48,"key":"Pear"},{"floor":54,"key":"Oddly Smooth Stone"}],"event_choices":[{"damage_healed":0.0,"max_hp_gain":0.0,"max_hp_loss":6.0,"gold_gain":0.0,"event_name":"Golden Idol","player_choice":"Lose Max HP","floor":2.0,"gold_loss":0.0,"damage_taken":0.0,"relics_obtained":["Golden Idol"]},{"damage_healed":0,"gold_gain":0,"player_choice":"Joined the Cult","damage_taken":6,"max_hp_gain":0,"max_hp_loss":0,"event_name":"Nest","floor":19,"gold_loss":0,"cards_obtained":["RitualDagger"]},{"damage_healed":0,"gold_gain":0,"player_choice":"Became a vampire","damage_taken":0,"max_hp_gain":0,"max_hp_loss":21,"event_name":"Vampires","floor":21,"gold_loss":0,"cards_obtained":["Bite","Bite","Bite","Bite","Bite"]},{"damage_healed":0,"gold_gain":270,"player_choice":"GOLD GOLD GOLD ","damage_taken":27,"max_hp_gain":0,"max_hp_loss":0,"event_name":"Knowing Skull","floor":22,"potions_obtained":[],"gold_loss":0,"cards_obtained":[]},{"damage_healed":0,"gold_gain":270,"player_choice":"GOLD GOLD GOLD ","damage_taken":27,"max_hp_gain":0,"max_hp_loss":0,"event_name":"Knowing Skull","floor":22,"potions_obtained":[],"gold_loss":0,"cards_obtained":[]},{"damage_healed":0,"gold_gain":0,"player_choice":"Simplicity","damage_taken":0,"max_hp_gain":0,"max_hp_loss":0,"event_name":"Back to Basics","floor":30,"gold_loss":0,"cards_upgraded":["Defend_B","Defend_B","Defend_B","Defend_B"]},{"damage_healed":0,"gold_gain":0,"player_choice":"Fight","damage_taken":0,"max_hp_gain":0,"max_hp_loss":0,"event_name":"Mysterious Sphere","floor":37,"gold_loss":0},{"damage_healed":0,"gold_gain":100,"player_choice":"Pray","damage_taken":0,"max_hp_gain":0,"max_hp_loss":0,"event_name":"Golden Shrine","floor":38,"gold_loss":0}],"is_beta":false,"boss_relics":[{"not_picked":["Runic Dome","Calling Bell"],"picked":"Philosopher\u0027s Stone"},{"not_picked":["Astrolabe","Velvet Choker"],"picked":"Sozu"}],"items_purged_floors":[25],"is_endless":false,"potions_floor_spawned":[1,6,12,14,20,31,33,37,45,48],"killed_by":"The Heart","ascension_level":7}}