{"host":"m4pe905ae9bldoe7","time":1611945315,"event":{"mods":["BaseMod","Bestiary","Block Reminder","Downfall","Minty Spire (QoL Compilation)","StSLib"],"gold_per_floor":[99,117,132,132,132,132,155,5,23,49,67,87,87,87,99,202,202,102,122,138,138,138,23,49,49,59,69,80,99,99,99],"floor_reached":30,"language":"ENG","playtime":1567,"items_purged":["bronze:Strike","bronze:Strike"],"score":259,"play_id":"db974525-5c05-4cc8-a3a0-0cd415a87843","local_time":"20210129193515","is_ascension_mode":false,"campfire_choices":[{"data":"bronze:Replicate","floor":1,"key":"SMITH"},{"data":"bronze:Overheat","floor":6,"key":"SMITH"},{"data":"bronze:NullPointer","floor":13,"key":"SMITH"},{"data":"bronze:RecursiveStrike","floor":18,"key":"SMITH"},{"data":"bronze:FollowUp","floor":25,"key":"SMITH"}],"circlet_count":0,"master_deck":["bronze:Strike+1","bronze:Defend+1","bronze:Defend","bronze:Defend","bronze:Defend","bronze:Replicate+1","bronze:Goto","bronze:Overheat+1","bronze:Optimize+1","bronze:WhirlingStrike","bronze:NullPointer+1","bronze:FollowUp+1","bronze:DelayedGuard","bronze:Overheat","bronze:ChosenStrike","bronze:RecursiveStrike+1","bronze:CloningBeam","bronze:BitShift","Ghostly","Ghostly","Ghostly","Ghostly","Ghostly","bronze:FineTuning","bronze:NullPointer+1","bronze:DigitalCarnage","bronze:FineTuning+1"],"relics":["bronze:BronzeCore","Potion Belt","MawBank","Pantograph","Runic Pyramid","downfall:HeartBlessingGreen"],"acts_visited":["Exordium","TheCity"],"potions_floor_usage":[16,19,29,30],"damage_taken":[{"damage":0,"enemies":"Small Slimes","floor":2,"turns":4},{"damage":0,"enemies":"2 Louse","floor":3,"turns":2},{"damage":2,"enemies":"downfall:FleeingMerchant","floor":8,"turns":4},{"damage":0,"enemies":"Cultist","floor":9,"turns":3},{"damage":9,"enemies":"3 Sentries","floor":10,"turns":5},{"damage":0,"enemies":"Lots of Slimes","floor":11,"turns":2},{"damage":0,"enemies":"3 Louse","floor":12,"turns":2},{"damage":0,"enemies":"Blue Slaver","floor":15,"turns":3},{"damage":45,"enemies":"IC_STATUS_ARCHETYPE","floor":16,"turns":9},{"damage":5,"enemies":"3 Byrds","floor":19,"turns":4},{"damage":0,"enemies":"Spheric Guardian","floor":20,"turns":3},{"damage":0,"enemies":"downfall:FleeingMerchant","floor":23,"turns":4},{"damage":12,"enemies":"Snecko","floor":26,"turns":5},{"damage":3,"enemies":"3 Cultists","floor":27,"turns":5},{"damage":0,"enemies":"Centurion and Healer","floor":28,"turns":4},{"damage":15,"enemies":"Snake Plant","floor":29,"turns":3},{"damage":6,"enemies":"Gremlin Leader","floor":30,"turns":2}],"seed_played":"-7647814242584408405","potions_obtained":[{"floor":9,"key":"LiquidBronze"},{"floor":10,"key":"Weak Potion"},{"floor":12,"key":"Block Potion"},{"floor":27,"key":"hexamod:SoulburnPotion"},{"floor":29,"key":"AttackPotion"}],"is_trial":false,"path_per_floor":["R","M","M","?","?","R","T","$","M","E","M","M","R","?","M","B",null,"R","M","M","?","?","$","T","R","M","M","M","M","E"],"character_chosen":"THE_AUTOMATON","items_purchased":["bronze:NullPointer"],"campfire_rested":0,"item_purchase_floors":[8],"current_hp_per_floor":[70,70,70,70,70,70,70,68,68,59,59,59,59,64,64,25,70,70,65,65,65,35,35,35,35,23,20,20,5,0,0,0],"gold":99,"neow_bonus":"RANDOM_COMMON_RELIC","is_daily":false,"chose_seed":false,"campfire_upgraded":5,"win_rate":0.0,"timestamp":1611945315,"path_taken":["R","M","M","?","?","R","T","$","?","E","M","M","R","?","M","BOSS","R","M","?","?","?","?","T","R","M","M","?","M","E"],"items_purchased_type":["Card"],"build_version":"2020-12-22","purchased_purges":2,"victory":false,"max_hp_per_floor":[70,70,70,70,70,70,70,70,70,70,70,70,70,70,70,70,70,70,70,70,70,35,35,35,35,35,35,35,35,35,35,35],"card_choices":[{"not_picked":["bronze:ClassDefault","bronze:Overload"],"picked":"bronze:Overheat","floor":2},{"not_picked":["bronze:OilSpill","bronze:Backtrace"],"picked":"bronze:Optimize","floor":3},{"not_picked":["bronze:Iterate","bronze:BitShift"],"picked":"bronze:WhirlingStrike","floor":8},{"not_picked":["bronze:ItsAFeature","bronze:BronzeOrb"],"picked":"bronze:FollowUp","floor":9},{"not_picked":["bronze:BugBarrage","bronze:CutThrough"],"picked":"bronze:DelayedSlice","floor":10},{"not_picked":["bronze:NullPointer","bronze:Invalidate"],"picked":"bronze:DelayedGuard","floor":11},{"not_picked":["bronze:Deprecate","bronze:DelayedSlice"],"picked":"bronze:Overheat","floor":12},{"not_picked":["bronze:BugBarrage","bronze:DelayedGuard"],"picked":"bronze:ChosenStrike","floor":15},{"not_picked":["bronze:HardenedForm","bronze:SpaghettiCode"],"picked":"bronze:RecursiveStrike","floor":16},{"not_picked":["bronze:FineTuning+1","bronze:Branch"],"picked":"bronze:CloningBeam","floor":19},{"not_picked":["bronze:DarkDash","bronze:ChildClass+1"],"picked":"bronze:BitShift","floor":20},{"not_picked":["bronze:Overload","bronze:BugBarrage","bronze:BuggyMess"],"picked":"SKIP","floor":23},{"not_picked":["bronze:DelayedSlice","bronze:Overload"],"picked":"bronze:FineTuning","floor":26},{"not_picked":["bronze:Safeguard","bronze:BugBarrage"],"picked":"bronze:NullPointer+1","floor":27},{"not_picked":["bronze:Shield","bronze:Overheat+1"],"picked":"bronze:DigitalCarnage","floor":28},{"not_picked":["bronze:WhirlingStrike","bronze:DelayedGuard"],"picked":"bronze:FineTuning+1","floor":29}],"player_experience":502990,"relics_obtained":[{"floor":7,"key":"MawBank"},{"floor":10,"key":"Pantograph"}],"event_choices":[{"cards_removed":["bronze:DelayedSlice"],"damage_healed":5,"gold_gain":0,"player_choice":"Offered Common","damage_taken":0,"max_hp_gain":0,"max_hp_loss":0,"event_name":"Bonfire Elementals","floor":14,"gold_loss":0},{"cards_removed":["bronze:DelayedSlice"],"damage_healed":5,"gold_gain":0,"player_choice":"Offered Special","damage_taken":0,"max_hp_gain":0,"max_hp_loss":0,"event_name":"Bonfire Elementals","floor":14,"gold_loss":0},{"damage_healed":0,"gold_gain":0,"player_choice":"Became a Ghost","damage_taken":0,"max_hp_gain":0,"max_hp_loss":35,"event_name":"Ghosts","floor":22,"gold_loss":0,"cards_obtained":["Ghostly","Ghostly","Ghostly","Ghostly","Ghostly"]}],"is_beta":false,"boss_relics":[{"not_picked":["Fusion Hammer","Pandora\u0027s Box"],"picked":"Runic Pyramid"}],"items_purged_floors":[8,23],"is_endless":false,"potions_floor_spawned":[9,10,12,27,29],"killed_by":"Gremlin Leader","ascension_level":0}}