{"host":"1u5b8mzv927aru3b","time":1611940326,"event":{"mods":["AchievementEnabler","BaseMod","Colored Map","Colored Powertips","Downfall","GifTheSpireLib","Googly Eyes","Minty Spire (QoL Compilation)","Quick Restart","Relic Sorter","StSLib","The IronCluck","Unceasing Turn Reminder"],"gold_per_floor":[99,99,99,99,274,288,288,304,316,331,331,331,331],"floor_reached":11,"language":"ENG","playtime":340,"items_purged":[],"score":79,"play_id":"8d47849a-8d28-4f33-bf56-3fca8f6e8e1b","local_time":"20210129211206","is_ascension_mode":true,"campfire_choices":[{"data":"Guardian:TwinSlam","floor":1,"key":"SMITH"}],"circlet_count":0,"master_deck":["Guardian:Strike_Guardian","Guardian:Strike_Guardian","Guardian:Strike_Guardian","Guardian:Strike_Guardian","Guardian:Defend_Guardian","Guardian:Defend_Guardian","Guardian:Defend_Guardian","Guardian:Defend_Guardian","Guardian:CurlUp","Guardian:TwinSlam+1","Guardian:PiercingHide","Guardian:VentSteam","Guardian:Gem_Blue","Doubt","Guardian:PiercingHide","Guardian:Recover","Guardian:BronzeArmor","Guardian:PiercingHide"],"relics":["Guardian:ModeShifter","downfall:HeartsMalice","Pantograph"],"acts_visited":["Exordium"],"potions_floor_usage":[10,11,11],"damage_taken":[{"damage":0,"enemies":"Jaw Worm","floor":2,"turns":1},{"damage":0,"enemies":"Small Slimes","floor":3,"turns":1},{"damage":0,"enemies":"2 Louse","floor":4,"turns":1},{"damage":27,"enemies":"Exordium Thugs","floor":6,"turns":8},{"damage":12,"enemies":"Blue Slaver","floor":8,"turns":3},{"damage":16,"enemies":"Large Slime","floor":9,"turns":10},{"damage":10,"enemies":"2 Fungi Beasts","floor":10,"turns":6},{"damage":43,"enemies":"Gremlin Nob","floor":11,"turns":4}],"seed_played":"6674765001007813771","potions_obtained":[{"floor":6,"key":"Regen Potion"},{"floor":8,"key":"Strength Potion"},{"floor":9,"key":"FearPotion"}],"is_trial":false,"path_per_floor":["R","M","M","M","?","M","T","M","M","M","E"],"character_chosen":"GUARDIAN","items_purchased":[],"campfire_rested":0,"item_purchase_floors":[],"current_hp_per_floor":[80,80,80,80,80,53,53,41,25,27,0,0,0],"gold":331,"neow_bonus":"THREE_ENEMY_KILL","is_daily":false,"chose_seed":false,"campfire_upgraded":1,"win_rate":0.0,"timestamp":1611940326,"path_taken":["R","M","M","M","?","M","T","M","M","M","E"],"items_purchased_type":[],"build_version":"2020-12-22","purchased_purges":0,"victory":false,"max_hp_per_floor":[80,80,80,80,80,80,80,80,80,80,80,80,80],"card_choices":[{"not_picked":["Guardian:TemporalShield","Guardian:VentSteam"],"picked":"Guardian:PiercingHide","floor":2},{"not_picked":["Guardian:Suspension","Guardian:Emergency"],"picked":"Guardian:VentSteam","floor":3},{"not_picked":["Guardian:ShieldCharger","Guardian:ChargeCore"],"picked":"Guardian:Gem_Blue","floor":4},{"not_picked":["Guardian:PrismaticBarrier","Guardian:TemporalStrike"],"picked":"Guardian:PiercingHide","floor":6},{"not_picked":["Guardian:WalkerClaw","Guardian:Planning"],"picked":"Guardian:Recover","floor":8},{"not_picked":["Guardian:TemporalShield","Guardian:DecasProtection"],"picked":"Guardian:BronzeArmor","floor":9},{"not_picked":["Guardian:DonusPower","Guardian:StasisStrike"],"picked":"Guardian:PiercingHide","floor":10}],"player_experience":175680,"relics_obtained":[{"floor":7,"key":"Pantograph"}],"event_choices":[],"is_beta":false,"boss_relics":[],"items_purged_floors":[],"is_endless":false,"potions_floor_spawned":[6,8,9],"killed_by":"Gremlin Nob","ascension_level":5}}