{"host":"dxb4eoww080epc4n","time":1611959075,"event":{"mods":["AchievementEnabler","BaseMod","Better Note","BetterRewards","Colored Powertips","Conspire","Energized Spire","GifTheSpireLib","Gremlin Skip","Hubris","KinomotoSakuraMod(????)","Minty Spire (QoL Compilation)","Permanent Neow","Quick Restart","Rare Cards Sparkle","Relic Sorter","Replay The Spire","Shop Mod","Spikes Relics","StSLib","The Animator"],"gold_per_floor":[127,147,422,437,459,459,409,456,456,456,456,456,488,521,521,669,669,709,709,55,65,65],"floor_reached":21,"language":"ENG","playtime":1812,"items_purged":[],"score":181,"play_id":"02560877-155c-4698-991c-515d754cc0a0","local_time":"20210129232435","is_ascension_mode":false,"campfire_choices":[{"floor":6,"key":"RECALL"},{"floor":12,"key":"REST"},{"floor":15,"key":"REST"}],"circlet_count":0,"master_deck":["animator:Strike_FullmetalAlchemist","animator:Defend_FullmetalAlchemist","animator:Strike","animator:Strike","animator:Strike","animator:Defend","animator:Defend","animator:Defend","animator:ElricEdward+1","animator:ElricAlphonse+1","animator:Shinoa","animator:Mitsuba","Regret","animator:Emonzaemon","animator:RoyMustang+1","conspire:SpireCoStock","animator:GuildGirl","animator:ElricEdward","animator:Mitsuba","animator:MaesHughes","animator:Sebas","animator:Biyorigo","animator:Canti","animator:Kira","animator:QuestionMark","animator:Lelouch","animator:Emonzaemon"],"relics":["animator:LivingPicture","animator:TheMissingPiece","hubris:TenFootPole","Bag of Marbles","MerchantsRug","ReplayTheSpireMod:ShopPack","ReplayFunnel"],"acts_visited":["Exordium","TheCity"],"potions_floor_usage":[8,14,16],"damage_taken":[{"damage":0,"enemies":"Jaw Worm","floor":1,"turns":4},{"damage":0,"enemies":"Cultist","floor":2,"turns":4},{"damage":1,"enemies":"2 Louse","floor":4,"turns":3},{"damage":8,"enemies":"Looter","floor":5,"turns":3},{"damage":37,"enemies":"3 Sentries","floor":8,"turns":8},{"damage":15,"enemies":"Blue Slaver","floor":13,"turns":3},{"damage":8,"enemies":"Red Slaver","floor":14,"turns":5},{"damage":18,"enemies":"Slime Boss","floor":16,"turns":11},{"damage":35,"enemies":"Spheric Guardian","floor":18,"turns":6},{"damage":21,"enemies":"2 Thieves","floor":21,"turns":5}],"seed_played":"-6949792339250213303","potions_obtained":[{"floor":1,"key":"Explosive Potion"},{"floor":4,"key":"GamblersBrew"},{"floor":14,"key":"SkillPotion"},{"floor":16,"key":"Elixir"},{"floor":21,"key":"Energy Potion"}],"is_trial":false,"path_per_floor":["M","M","?","M","M","R","?","E","T","?","T","R","M","M","R","B",null,"M","?","$","M"],"character_chosen":"THE_ANIMATOR","items_purchased":["MerchantsRug","animator:Biyorigo","ReplayTheSpireMod:ShopPack","ReplayFunnel","animator:Canti"],"campfire_rested":2,"item_purchase_floors":[20,20,20,20,20],"current_hp_per_floor":[66,67,67,66,58,58,58,21,21,15,15,35,20,12,32,14,67,33,33,33,12,12],"gold":65,"neow_bonus":"UPGRADE_CARD","is_daily":false,"chose_seed":false,"campfire_upgraded":0,"win_rate":0.0,"timestamp":1611959075,"path_taken":["M","M","?","?","M","R","?","E","T","?","?","R","M","M","R","BOSS","M","?","$","M"],"items_purchased_type":["Relic","Card","Relic","Relic","Card"],"build_version":"2020-12-22","purchased_purges":0,"victory":false,"max_hp_per_floor":[66,67,67,67,67,67,67,67,67,67,67,67,67,67,67,67,67,68,68,68,68,68],"card_choices":[{"not_picked":["animator:Shichika","animator:RoryMercury"],"picked":"animator:Shinoa","floor":1},{"not_picked":["animator:PandorasActor","animator:Tatsumaki"],"picked":"animator:Mitsuba","floor":2},{"not_picked":["animator:MaesHughes","animator:ElricEdward"],"picked":"animator:Emonzaemon","floor":4},{"not_picked":["animator:MaesHughes","animator:Gluttony"],"picked":"animator:RoyMustang","floor":5},{"not_picked":["animator:Priestess","animator:Demiurge"],"picked":"animator:GuildGirl","floor":8},{"not_picked":["animator:Shinoa","animator:UneriGinkaku"],"picked":"animator:ElricEdward","floor":13},{"not_picked":["animator:Mikaela","animator:CrowleyEusford"],"picked":"animator:Mitsuba","floor":14},{"not_picked":["animator:Pride","animator:ElricEdward"],"picked":"animator:MaesHughes","floor":18},{"not_picked":["animator:Magilou","animator:Cirno"],"picked":"animator:Kira","floor":20},{"not_picked":["animator:NononJakuzure","animator:HarukoHaruhara"],"picked":"animator:QuestionMark","floor":20},{"not_picked":["animator:Emilia","animator:Patchouli"],"picked":"animator:Lelouch","floor":20},{"not_picked":["animator:Tatsumaki","animator:LeleiLaLalena"],"picked":"animator:Emonzaemon","floor":21}],"player_experience":184834,"relics_obtained":[{"floor":8,"key":"hubris:TenFootPole"},{"floor":11,"key":"Bag of Marbles"}],"event_choices":[{"damage_healed":0,"gold_gain":275,"player_choice":"Desecrate","damage_taken":0,"max_hp_gain":0,"max_hp_loss":0,"event_name":"Golden Shrine","floor":3,"gold_loss":0,"cards_obtained":["Regret"]},{"damage_healed":0,"gold_gain":0,"player_choice":"Invest 1","damage_taken":0,"max_hp_gain":0,"max_hp_loss":0,"event_name":"conspire:Investor","floor":7,"gold_loss":0},{"damage_healed":0,"gold_gain":0,"player_choice":"Entered Light","damage_taken":13,"max_hp_gain":0,"max_hp_loss":0,"event_name":"Shining Light","floor":10,"gold_loss":0,"cards_upgraded":["animator:RoyMustang","animator:ElricAlphonse"]},{"cards_removed":["Regret"],"damage_healed":0,"gold_gain":0,"player_choice":"Take \u0026 Give","damage_taken":0,"max_hp_gain":0,"max_hp_loss":0,"event_name":"betterNote:BetterNote","floor":19,"gold_loss":0,"cards_obtained":["animator:Sebas"]}],"is_beta":false,"boss_relics":[{"not_picked":["Kintsugi","Fusion Hammer","Painkiller Herb"]}],"items_purged_floors":[],"is_endless":false,"potions_floor_spawned":[1,4,14,16,21],"killed_by":"2 Thieves","ascension_level":0}}