{"host":"34dziau2azxd7ce3","time":1611915946,"event":{"mods":["ATMod(阿瑾Mod)","Act Like it!","BaseMod","Decade(王小明)","Gensokyo","Minty Spire (QoL Compilation)","MostiFishMod","Replay The Spire","RumiaBox-露米娅的神秘盒子","StSLib","SuperFastMode","TestMod","【遗物卡牌】REMEMod"],"gold_per_floor":[111,111,143,68,81,81,81],"floor_reached":6,"language":"ZHS","playtime":295,"items_purged":["Decade_Defend"],"score":69,"play_id":"5c292e47-4304-41ee-b00b-f715d7d462f1","local_time":"20210129182546","is_ascension_mode":false,"campfire_choices":[],"circlet_count":0,"master_deck":["Decade_Attack","Decade_Attack","Decade_Attack","Decade_Attack","KamenRide","Decade_SpecialSkill+1","Decade_Defend","Decade_Defend","Decade_Defend","AT_ThistleTea+1","Limit Break+1","KamenRideDenO+1"],"relics":["Decadriver","TOEIDeficitBill","testmod-TestBox","DaveBox","AT_ATBox","REME_ComplimentaryCards","testmod-BloodSacrificeSpiritualization","EGODaCapo","NeowsBlessing","SynthV:TestCard","Gensokyo:PortableGap","MagicDraw3"],"acts_visited":["Exordium"],"potions_floor_usage":[],"damage_taken":[{"damage":12,"enemies":"Gensokyo:2_Kodama","floor":1,"turns":2},{"damage":6,"enemies":"Gensokyo:Cirno","floor":3,"turns":2},{"damage":6,"enemies":"Gensokyo:3_Fairies","floor":5,"turns":1},{"damage":11,"enemies":"Gensokyo:Cirno","floor":6,"turns":4}],"seed_played":"-5496290807623910172","potions_obtained":[{"floor":3,"key":"Block Potion"},{"floor":5,"key":"Elixir"}],"is_trial":false,"path_per_floor":["M","?","?","$","M","E"],"character_chosen":"Decade","items_purchased":[],"campfire_rested":0,"item_purchase_floors":[],"current_hp_per_floor":[63,63,57,57,51,40,40],"gold":81,"neow_bonus":"THREE_ENEMY_KILL","is_daily":false,"chose_seed":false,"campfire_upgraded":0,"win_rate":0.0,"timestamp":1611915946,"path_taken":["M","?","?","$","M","E"],"items_purchased_type":[],"build_version":"2020-12-22","purchased_purges":1,"victory":false,"max_hp_per_floor":[70,63,63,63,63,63,63],"card_choices":[{"not_picked":["DenO_Ax","Decade_Invisible"],"picked":"KamenRideDenO","floor":1},{"not_picked":["UnarmedAttack3","KamenRideKuuga","FormRideBasshaa"],"picked":"SKIP","floor":1},{"not_picked":["AutoVajin","FormRideBasshaa","KamenRideKiva","UnarmedAttack3","DragShield"],"picked":"SKIP","floor":3},{"not_picked":["UnarmedAttack4","UnarmedAttack5","Hibiki_Attack2","Decade_Defend2","KamenRideKiva"],"picked":"SKIP","floor":5}],"player_experience":648991,"relics_obtained":[{"floor":1,"key":"SynthV:TestCard"},{"floor":3,"key":"MagicDraw3"}],"event_choices":[],"is_beta":false,"boss_relics":[],"items_purged_floors":[4],"is_endless":false,"potions_floor_spawned":[3,5],"killed_by":"Gensokyo:Cirno","ascension_level":0}}