{"host":"sav7uxregyirlf69","time":1611927057,"event":{"mods":["AchievementEnabler","BaseMod","Colored Map","DeckTracker","Keyboard Shortcuts","Minty Spire (QoL Compilation)","READ ME - Guardian Mod","StSLib","SuperFastMode"],"gold_per_floor":[115,125,200,200,217,217,245,245,245,245,245,265,279,279,279,279],"floor_reached":15,"language":"KOR","playtime":226,"items_purged":[],"score":170,"play_id":"8b9136e3-bc25-4333-8537-b95d91faea47","local_time":"20210129223057","is_ascension_mode":true,"campfire_choices":[{"floor":6,"key":"REST"},{"data":"Deadly Poison","floor":8,"key":"SMITH"}],"circlet_count":0,"master_deck":["AscendersBane","Strike_G+1","Strike_G","Strike_G","Strike_G","Defend_G","Defend_G","Defend_G","Defend_G","Survivor+1","Neutralize","Deadly Poison+1","Bane","Poisoned Stab","PiercingWail","Reflex","Reflex","Backstab","Concentrate","Eviscerate"],"relics":["Ring of the Snake","Odd Mushroom","Prayer Wheel","Question Card"],"acts_visited":["Exordium"],"potions_floor_usage":[14,15],"damage_taken":[{"damage":9,"enemies":"Jaw Worm","floor":1,"turns":6},{"damage":1,"enemies":"2 Louse","floor":2,"turns":4},{"damage":0,"enemies":"Small Slimes","floor":5,"turns":3},{"damage":16,"enemies":"The Mushroom Lair","floor":7,"turns":5},{"damage":6,"enemies":"Blue Slaver","floor":12,"turns":3},{"damage":0,"enemies":"Large Slime","floor":13,"turns":4},{"damage":0,"enemies":"3 Sentries","floor":14,"turns":1},{"damage":35,"enemies":"3 Sentries","floor":15,"turns":7}],"seed_played":"-8053782338584865620","potions_obtained":[{"floor":2,"key":"SmokeBomb"},{"floor":13,"key":"Regen Potion"}],"is_trial":false,"path_per_floor":["M","M","?","?","M","R","?","R","T","T","?","M","M","?","E"],"character_chosen":"THE_SILENT","items_purchased":[],"campfire_rested":1,"item_purchase_floors":[],"current_hp_per_floor":[50,49,38,18,18,37,21,21,21,21,21,15,15,15,0,0],"gold":279,"neow_bonus":"REMOVE_CARD","is_daily":false,"chose_seed":false,"campfire_upgraded":1,"win_rate":0.0,"timestamp":1611927057,"path_taken":["M","M","?","?","M","R","?","R","T","T","?","?","M","?","E"],"items_purchased_type":[],"build_version":"2020-12-22","purchased_purges":0,"victory":false,"max_hp_per_floor":[66,66,66,66,66,66,66,66,66,66,66,66,66,66,66,66],"card_choices":[{"not_picked":["Underhanded Strike","Flying Knee"],"picked":"Deadly Poison","floor":1},{"not_picked":["Outmaneuver","Acrobatics"],"picked":"Bane","floor":2},{"not_picked":["Tactician","A Thousand Cuts"],"picked":"Poisoned Stab","floor":5},{"not_picked":["Accuracy","Quick Slash"],"picked":"PiercingWail","floor":7},{"not_picked":["Slice","PiercingWail","Underhanded Strike"],"picked":"Reflex","floor":12},{"not_picked":["Leg Sweep","Wraith Form v2","Expertise"],"picked":"Backstab","floor":12},{"not_picked":["Bane","Prepared","Dagger Throw"],"picked":"Concentrate","floor":13},{"not_picked":["PiercingWail","Cloak And Dagger","Escape Plan"],"picked":"Eviscerate","floor":13}],"player_experience":1428244,"relics_obtained":[{"floor":7,"key":"Odd Mushroom"},{"floor":9,"key":"Prayer Wheel"},{"floor":10,"key":"Question Card"}],"event_choices":[{"damage_healed":0,"gold_gain":75,"player_choice":"Gather Gold","damage_taken":11,"max_hp_gain":0,"max_hp_loss":0,"event_name":"World of Goop","floor":3,"gold_loss":0},{"damage_healed":0,"gold_gain":0,"player_choice":"Entered Light","damage_taken":20,"max_hp_gain":0,"max_hp_loss":0,"event_name":"Shining Light","floor":4,"gold_loss":0,"cards_upgraded":["Survivor","Strike_G"]},{"damage_healed":0,"gold_gain":0,"player_choice":"Fought Mushrooms","damage_taken":0,"max_hp_gain":0,"max_hp_loss":0,"event_name":"Mushrooms","floor":7,"gold_loss":0},{"damage_healed":0,"gold_gain":0,"cards_transformed":["Strike_G"],"player_choice":"Change","damage_taken":0,"max_hp_gain":0,"max_hp_loss":0,"event_name":"Living Wall","floor":11,"gold_loss":0,"cards_obtained":["Reflex"]},{"damage_healed":0,"gold_gain":0,"player_choice":"Searched \u00271\u0027 times","damage_taken":0,"max_hp_gain":0,"max_hp_loss":0,"event_name":"Dead Adventurer","floor":14,"gold_loss":0}],"is_beta":false,"boss_relics":[],"items_purged_floors":[],"is_endless":false,"potions_floor_spawned":[2,13,14],"killed_by":"3 Sentries","ascension_level":20}}