{"host":"osk2oboccoevp2u5","time":1611885154,"event":{"mods":["AchievementEnabler","Alarm Clock","BaseMod","Colored Powertips","Disable Question Mark Monsters","Displayed Cursed Tome","Hermit","Key Reminder","Minty Spire (QoL Compilation)","Potion Indicator Mod","Quick Restart","Rare Cards Sparkle","Reorder Act Four","StSLib","Useless Jewels Mod"],"gold_per_floor":[110,11,11,11,26,55,72,72,99,14,44,19,19,36,36,140,190,207,34,51,68,167,167,177,177,177,194,194,194],"floor_reached":28,"language":"ENG","playtime":1792,"items_purged":["Clumsy","hermit:Strike_Hermit"],"score":251,"play_id":"f778e092-9988-44b6-9f85-0e4fc3259ca6","local_time":"20210128215234","is_ascension_mode":true,"campfire_choices":[{"floor":8,"key":"REST"},{"data":"hermit:Snapshot","floor":13,"key":"SMITH"},{"data":"hermit:Vantage","floor":15,"key":"SMITH"},{"data":"hermit:EternalForm","floor":23,"key":"SMITH"}],"circlet_count":0,"master_deck":["hermit:Defend_Hermit","hermit:Defend_Hermit","hermit:Defend_Hermit","hermit:Defend_Hermit","hermit:Snapshot+1","hermit:Covet","hermit:WideOpen","hermit:Brawl","hermit:WideOpen","hermit:Ricochet","hermit:Ricochet","hermit:Headshot","Finesse","hermit:Quickdraw+1","hermit:Vantage+1","hermit:EternalForm+1","hermit:Adapt"],"relics":["hermit:Momento","Pen Nib","Bottled Flame","keyreminder:keyreminder","Nunchaku","Odd Mushroom","Tiny House","Regal Pillow"],"acts_visited":["Exordium","TheCity"],"potions_floor_usage":[6,6,6,6,6,18,20,28,28],"damage_taken":[{"damage":4,"enemies":"Jaw Worm","floor":1,"turns":5},{"damage":0,"enemies":"Small Slimes","floor":5,"turns":2},{"damage":29,"enemies":"3 Sentries","floor":6,"turns":7},{"damage":1,"enemies":"Cultist","floor":7,"turns":3},{"damage":10,"enemies":"The Mushroom Lair","floor":11,"turns":4},{"damage":0,"enemies":"Blue Slaver","floor":14,"turns":1},{"damage":22,"enemies":"The Guardian","floor":16,"turns":10},{"damage":39,"enemies":"2 Thieves","floor":18,"turns":5},{"damage":6,"enemies":"Spheric Guardian","floor":20,"turns":3},{"damage":57,"enemies":"3 Cultists","floor":21,"turns":6},{"damage":37,"enemies":"Centurion and Healer","floor":24,"turns":5},{"damage":10,"enemies":"Cultist and Chosen","floor":27,"turns":5},{"damage":10,"enemies":"Gremlin Leader","floor":28,"turns":3}],"seed_played":"-7043218705687199889","potions_obtained":[{"floor":1,"key":"Weak Potion"},{"floor":5,"key":"EntropicBrew"},{"floor":17,"key":"Regen Potion"},{"floor":20,"key":"hermit:BlackBile"},{"floor":24,"key":"Fire Potion"}],"is_trial":false,"path_per_floor":["M","$","?","?","M","E","M","R","T","$","?","?","R","M","R","B",null,"M","$","M","M","?","R","M","?","T","M","E"],"character_chosen":"HERMIT","items_purchased":["hermit:WideOpen","Finesse","Regen Potion"],"campfire_rested":1,"item_purchase_floors":[2,10,19],"current_hp_per_floor":[71,71,64,75,75,46,45,67,67,67,57,57,57,57,57,35,80,53,53,47,67,67,67,30,30,30,20,10,10],"gold":194,"neow_bonus":"TRANSFORM_TWO_CARDS","is_daily":false,"chose_seed":false,"campfire_upgraded":3,"win_rate":0.0,"timestamp":1611885154,"path_taken":["M","$","?","?","?","E","M","R","T","$","?","?","R","M","R","BOSS","M","$","M","M","?","R","M","?","T","?","E"],"items_purchased_type":["Card","Card","Potion"],"build_version":"2020-12-22","purchased_purges":2,"victory":false,"max_hp_per_floor":[75,75,75,75,75,75,75,75,75,75,75,75,75,75,75,75,80,80,80,80,80,80,80,80,80,80,80,80,80],"card_choices":[{"not_picked":["hermit:Desperado","hermit:LoneWolf"],"picked":"hermit:PistolWhip","floor":1},{"not_picked":["hermit:Manifest","hermit:PistolWhip"],"picked":"hermit:Ricochet","floor":5},{"not_picked":["hermit:Roulette","hermit:Manifest"],"picked":"hermit:Ricochet","floor":6},{"not_picked":["hermit:HighCaliber","hermit:HoleUp"],"picked":"hermit:Headshot","floor":7},{"not_picked":["hermit:SprayPray","hermit:Manifest"],"picked":"hermit:Quickdraw","floor":11},{"not_picked":["hermit:Grudge","hermit:Glare"],"picked":"hermit:Vantage","floor":14},{"not_picked":["hermit:Reprieve","hermit:FromBeyond"],"picked":"hermit:EternalForm","floor":16},{"not_picked":["hermit:Dive","hermit:Combo","hermit:Desperado"],"picked":"SKIP","floor":18},{"not_picked":["hermit:Ricochet","hermit:CalledShot+1","hermit:Shortfuse"],"picked":"SKIP","floor":20},{"not_picked":["hermit:Desperado+1","hermit:Scavenge","hermit:BodyArmor"],"picked":"SKIP","floor":21},{"not_picked":["hermit:Coalescence","hermit:Snipe","hermit:HoleUp+1"],"picked":"SKIP","floor":24},{"not_picked":["hermit:FullyLoaded","hermit:Gestalt","hermit:CalledShot"],"picked":"SKIP","floor":27}],"player_experience":961547,"relics_obtained":[{"floor":6,"key":"Bottled Flame"},{"floor":9,"key":"Nunchaku"},{"floor":11,"key":"Odd Mushroom"},{"floor":26,"key":"Regal Pillow"}],"event_choices":[{"damage_healed":0,"gold_gain":0,"player_choice":"Success","damage_taken":7,"relics_obtained":["Pen Nib"],"max_hp_gain":0,"max_hp_loss":0,"event_name":"Scrap Ooze","floor":3,"gold_loss":0},{"cards_removed":["hermit:PistolWhip"],"damage_healed":11,"gold_gain":0,"player_choice":"Offered Uncommon","damage_taken":0,"max_hp_gain":0,"max_hp_loss":0,"event_name":"Bonfire Elementals","floor":4,"gold_loss":0},{"damage_healed":0,"gold_gain":0,"player_choice":"Fought Mushrooms","damage_taken":0,"max_hp_gain":0,"max_hp_loss":0,"event_name":"Mushrooms","floor":11,"gold_loss":0},{"damage_healed":0,"gold_gain":0,"player_choice":"Left Gold","damage_taken":0,"max_hp_gain":0,"max_hp_loss":0,"event_name":"World of Goop","floor":12,"gold_loss":25},{"damage_healed":0,"gold_gain":99,"player_choice":"Stole From Cult","damage_taken":0,"max_hp_gain":0,"max_hp_loss":0,"event_name":"Nest","floor":22,"gold_loss":0},{"damage_healed":0,"gold_gain":0,"cards_transformed":["hermit:Strike_Hermit"],"player_choice":"Transformed","damage_taken":0,"max_hp_gain":0,"max_hp_loss":0,"event_name":"Transmorgrifier","floor":25,"gold_loss":0,"cards_obtained":["hermit:Adapt"]}],"is_beta":false,"boss_relics":[{"not_picked":["Cursed Key","Velvet Choker"],"picked":"Tiny House"}],"items_purged_floors":[2,19],"is_endless":false,"potions_floor_spawned":[1,5,20,24],"killed_by":"Gremlin Leader","ascension_level":3}}