{"host":"3y2rtlgteqp2nuo3","time":1611914951,"event":{"mods":["2.2 Compatiblity","AchievementEnabler","BaseMod","Colored Map","DeckTracker","Highlight Path","Keyboard Shortcuts","Minty Spire (QoL Compilation)","Permanent Neow","Quick Restart","StSLib","SuperFastMode","everything is the same but u backflip on backflip"],"gold_per_floor":[112,128,140,65,75,75,75,95,167,179,189,16,16,32,32,136,136,155,167,167,42,53,53,69,69,69],"floor_reached":25,"language":"KOR","playtime":490,"items_purged":["Strike_R","Decay"],"score":279,"play_id":"c170a9e5-81c9-46cb-a4e4-45f75db4fd09","local_time":"20210129190911","is_ascension_mode":true,"campfire_choices":[{"data":"Searing Blow","floor":6.0,"key":"SMITH"},{"data":"Limit Break","floor":13.0,"key":"SMITH"},{"data":"Spot Weakness","floor":15.0,"key":"SMITH"},{"floor":23.0,"key":"REST"}],"circlet_count":0,"master_deck":["Strike_R","Strike_R","Defend_R","Defend_R","Defend_R","Defend_R","Bash+1","Clothesline","Searing Blow+1","Shrug It Off","Limit Break+1","Spot Weakness+1","Berserk+1","True Grit+1","Pummel","Limit Break","Heavy Blade"],"relics":["Burning Blood","Frozen Egg 2","Membership Card","Empty Cage"],"acts_visited":["Exordium","TheCity"],"potions_floor_usage":[],"damage_taken":[{"damage":15.0,"enemies":"2 Louse","floor":1.0,"turns":3.0},{"damage":4.0,"enemies":"Cultist","floor":2.0,"turns":3.0},{"damage":4.0,"enemies":"Small Slimes","floor":3.0,"turns":4.0},{"damage":12.0,"enemies":"Looter","floor":5.0,"turns":3.0},{"damage":15.0,"enemies":"Large Slime","floor":8.0,"turns":5.0},{"damage":9.0,"enemies":"Exordium Wildlife","floor":10.0,"turns":5.0},{"damage":10.0,"enemies":"2 Fungi Beasts","floor":11.0,"turns":5.0},{"damage":31.0,"enemies":"Exordium Thugs","floor":14.0,"turns":5.0},{"damage":1.0,"enemies":"Hexaghost","floor":16.0,"turns":9.0},{"damage":25.0,"enemies":"Spheric Guardian","floor":18.0,"turns":5.0},{"damage":32.0,"enemies":"3 Byrds","floor":19.0,"turns":7.0},{"damage":13.0,"enemies":"Snecko","floor":22.0,"turns":7.0},{"damage":12.0,"enemies":"Cultist and Chosen","floor":24.0,"turns":4.0},{"damage":33,"enemies":"Shelled Parasite and Fungi","floor":25,"turns":2}],"seed_played":"-7084281622546755945","potions_obtained":[{"floor":3.0,"key":"Dexterity Potion"},{"floor":5.0,"key":"HeartOfIron"},{"floor":7.0,"key":"DuplicationPotion"},{"floor":16.0,"key":"AttackPotion"},{"floor":19.0,"key":"SkillPotion"}],"is_trial":false,"path_per_floor":["M","M","M","$","M","R","?","M","T","M","M","$","R","M","R","B",null,"M","M","?","$","M","R","M","M"],"character_chosen":"IRONCLAD","items_purchased":["Membership Card","Spot Weakness","Limit Break"],"campfire_rested":1,"item_purchase_floors":[12,12,21],"current_hp_per_floor":[63,65,67,67,61,61,61,52,52,49,45,45,45,20,20,25,66,47,21,21,21,14,38,32,0,0],"gold":69,"neow_bonus":"UPGRADE_CARD","is_daily":false,"chose_seed":false,"campfire_upgraded":3,"win_rate":0.0,"timestamp":1611914951,"path_taken":["M","M","M","$","M","R","?","M","T","?","M","$","R","M","R","BOSS","M","M","?","$","M","R","M","M"],"items_purchased_type":["Relic","Card","Card"],"build_version":"2020-12-22","purchased_purges":2,"victory":false,"max_hp_per_floor":[80,80,80,80,80,80,80,80,80,80,80,80,80,80,80,80,80,80,80,80,80,80,80,80,80,80],"card_choices":[{"not_picked":["Shrug It Off","Thunderclap"],"picked":"Clothesline","floor":1.0},{"not_picked":["Flex","Warcry","Feel No Pain"],"picked":"SKIP","floor":2.0},{"not_picked":["Thunderclap","Clash"],"picked":"Searing Blow","floor":3.0},{"not_picked":["Perfected Strike","Flame Barrier"],"picked":"Shrug It Off","floor":5.0},{"not_picked":["Perfected Strike","Armaments"],"picked":"Limit Break","floor":8.0},{"not_picked":["Anger","Clothesline","Carnage"],"picked":"SKIP","floor":10.0},{"not_picked":["Clothesline","Iron Wave","Anger"],"picked":"SKIP","floor":11.0},{"not_picked":["Headbutt","Perfected Strike","Twin Strike"],"picked":"SKIP","floor":14.0},{"not_picked":["Bludgeon","Limit Break"],"picked":"Berserk+1","floor":16.0},{"not_picked":["Flex","Sword Boomerang"],"picked":"True Grit+1","floor":18.0},{"not_picked":["Immolate","Thunderclap+1"],"picked":"Pummel","floor":19.0},{"not_picked":["Shrug It Off","Carnage","Heavy Blade"],"picked":"SKIP","floor":22.0},{"not_picked":["Shrug It Off","Carnage"],"picked":"Heavy Blade","floor":22.0},{"not_picked":["Anger","Thunderclap","Iron Wave"],"picked":"SKIP","floor":24.0}],"player_experience":729990,"relics_obtained":[{"floor":9.0,"key":"Frozen Egg 2"}],"event_choices":[{"damage_healed":0.0,"max_hp_gain":0.0,"max_hp_loss":0.0,"gold_gain":0.0,"event_name":"Lab","player_choice":"Got Potions","floor":7.0,"gold_loss":0.0,"damage_taken":0.0},{"damage_healed":0.0,"max_hp_gain":0.0,"max_hp_loss":0.0,"gold_gain":0.0,"event_name":"Forgotten Altar","player_choice":"Smashed Altar","floor":20.0,"gold_loss":0.0,"damage_taken":0.0,"cards_obtained":["Decay"]}],"is_beta":false,"boss_relics":[{"not_picked":["SlaversCollar","Fusion Hammer"],"picked":"Empty Cage"}],"items_purged_floors":[4,21],"is_endless":false,"potions_floor_spawned":[3,5,11,16,19],"killed_by":"Shelled Parasite and Fungi","ascension_level":8}}