{"host":"lzlnscgb2n0l5w2m","time":1611939091,"event":{"mods":["AchievementEnabler","BaseMod","Block Reminder","Colored Powertips","Highlight Path","Minty Spire (QoL Compilation)","Permanent Neow","Relic Stats","StSLib","Yuri Mod"],"gold_per_floor":[110,122,122,141,157,157,190,207,232,130,130,147,191,200,200,309,309,320,336,336,355,382,382,210,210,210,210,235,235,90,109,109,109,109],"floor_reached":33,"language":"ZHS","playtime":2491,"items_purged":["yuri:yuriDefend","yuri:yuriStrike"],"score":259,"play_id":"345f95a6-1477-4313-8d2f-32c9fdeb96fa","local_time":"20210130005131","is_ascension_mode":false,"campfire_choices":[{"data":"yuri:Oolong","floor":6.0,"key":"SMITH"},{"data":"yuri:BookGreen","floor":11.0,"key":"SMITH"},{"data":"yuri:BookRed","floor":15.0,"key":"SMITH"},{"data":"yuri:ChibiInvasion","floor":23,"key":"SMITH"},{"data":"yuri:CalmingAura","floor":25,"key":"SMITH"},{"data":"yuri:MirrorInsanity","floor":27,"key":"SMITH"},{"floor":32,"key":"REST"}],"circlet_count":0,"master_deck":["yuri:yuriStrike","yuri:yuriDefend","yuri:yuriDefend+1","yuri:yuriDefend","yuri:Oolong+1","yuri:yuriStab","yuri:TeaSet+1","yuri:InsanityDefense+1","yuri:Spin","yuri:BookGreen+1","yuri:BookRed+1","yuri:ReactiveMadness","yuri:MirrorInsanity+1","yuri:ChibiInvasion+1","yuri:CalmingAura+1","Bandage Up","yuri:WickedSlash","yuri:Skip","yuri:HoldBack","yuri:UnstableStrike","yuri:BookPurple"],"relics":["Busted Crown","Darkstone Periapt","CeramicFish","War Paint","Empty Cage","HornCleat"],"acts_visited":["Exordium","TheCity"],"potions_floor_usage":[21,22,28],"damage_taken":[{"damage":2.0,"enemies":"Cultist","floor":1.0,"turns":4.0},{"damage":1.0,"enemies":"2 Louse","floor":2.0,"turns":3.0},{"damage":2.0,"enemies":"Small Slimes","floor":4.0,"turns":4.0},{"damage":4.0,"enemies":"Exordium Wildlife","floor":5.0,"turns":3.0},{"damage":25.0,"enemies":"Lagavulin","floor":7.0,"turns":7.0},{"damage":8.0,"enemies":"Gremlin Gang","floor":8.0,"turns":5.0},{"damage":6.0,"enemies":"Exordium Thugs","floor":12.0,"turns":4.0},{"damage":11.0,"enemies":"3 Sentries","floor":13.0,"turns":5.0},{"damage":55.0,"enemies":"Hexaghost","floor":16.0,"turns":10.0},{"damage":26.0,"enemies":"3 Byrds","floor":18.0,"turns":5.0},{"damage":23,"enemies":"Spheric Guardian","floor":19,"turns":6},{"damage":36,"enemies":"Chosen and Byrds","floor":21,"turns":7},{"damage":16,"enemies":"Snake Plant","floor":22,"turns":4},{"damage":25,"enemies":"Shelled Parasite and Fungi","floor":28,"turns":6},{"damage":24,"enemies":"Cultist and Chosen","floor":31,"turns":5},{"damage":75,"enemies":"Automaton","floor":33,"turns":6}],"seed_played":"-5358080197944068943","potions_obtained":[{"floor":1.0,"key":"Fire Potion"},{"floor":2.0,"key":"CultistPotion"},{"floor":7.0,"key":"DuplicationPotion"},{"floor":13.0,"key":"Fruit Juice"},{"floor":16.0,"key":"Swift Potion"},{"floor":19,"key":"Weak Potion"},{"floor":21,"key":"LiquidMemories"},{"floor":22,"key":"SpeedPotion"}],"is_trial":false,"path_per_floor":["M","M","?","M","M","R","E","M","T","$","R","M","E","?","R","B",null,"M","M","?","M","M","R","$","R","T","R","M","?","$","M","R","B"],"character_chosen":"YURI","items_purchased":["yuri:BookRed","Bandage Up","yuri:Skip","yuri:HoldBack","yuri:UnstableStrike"],"campfire_rested":1,"item_purchase_floors":[10,24,30,30,30],"current_hp_per_floor":[78,79,79,79,79,79,55,54,54,54,54,57,61,61,61,16,85,59,46,85,59,53,53,53,53,53,53,42,42,42,32,57,0,0],"gold":109,"neow_bonus":"BOSS_RELIC","is_daily":false,"chose_seed":false,"campfire_upgraded":6,"win_rate":0.0,"timestamp":1611939091,"path_taken":["M","?","?","?","M","R","E","M","T","$","R","M","E","?","R","BOSS","M","M","?","M","?","R","$","R","T","R","M","?","$","M","R","BOSS"],"items_purchased_type":["Card","Card","Card","Card","Card"],"build_version":"2020-12-22","purchased_purges":2,"victory":false,"max_hp_per_floor":[80,80,80,80,80,80,80,80,80,80,80,80,85,85,85,85,85,85,85,85,85,85,85,85,85,85,85,85,85,85,85,85,85,85],"relic_stats":{"Darkstone Periapt":0,"Busted Crown":30,"counters":[16,84],"CeramicFish":108,"War Paint":["yuri:yuriDefend","yuri:TeaSet"],"obtain_stats":[{"Darkstone Periapt":7,"Busted Crown":0,"HornCleat":26,"CeramicFish":9,"yuri:yuriKnife":0,"War Paint":13,"Empty Cage":17},{"Darkstone Periapt":5,"Busted Crown":0,"HornCleat":13,"CeramicFish":6,"yuri:yuriKnife":0,"War Paint":8,"Empty Cage":9},{"Darkstone Periapt":21,"Busted Crown":0,"HornCleat":67,"CeramicFish":26,"yuri:yuriKnife":0,"War Paint":35,"Empty Cage":45}]},"card_choices":[{"not_picked":[],"picked":"yuri:TeaSet","floor":1.0},{"not_picked":[],"picked":"yuri:InsanityDefense","floor":2.0},{"not_picked":[],"picked":"yuri:Spin","floor":4.0},{"not_picked":["yuri:MPose"],"picked":"SKIP","floor":5.0},{"not_picked":[],"picked":"yuri:BookGreen","floor":7.0},{"not_picked":["yuri:ThrowBook"],"picked":"SKIP","floor":8.0},{"not_picked":["yuri:MultiDip"],"picked":"SKIP","floor":12.0},{"not_picked":[],"picked":"yuri:ReactiveMadness","floor":13.0},{"not_picked":[],"picked":"yuri:MirrorInsanity","floor":16.0},{"not_picked":["yuri:Stare"],"picked":"SKIP","floor":18.0},{"not_picked":["yuri:ThrowingKnives"],"picked":"SKIP","floor":19},{"not_picked":[],"picked":"yuri:ChibiInvasion","floor":21},{"not_picked":[],"picked":"yuri:CalmingAura","floor":22},{"not_picked":[],"picked":"yuri:WickedSlash","floor":28},{"not_picked":[],"picked":"yuri:BookPurple","floor":31}],"player_experience":290546,"relics_obtained":[{"floor":7.0,"key":"Darkstone Periapt"},{"floor":9.0,"key":"CeramicFish"},{"floor":13.0,"key":"War Paint"},{"floor":26,"key":"HornCleat"}],"event_choices":[{"damage_healed":0.0,"max_hp_gain":0.0,"max_hp_loss":0.0,"gold_gain":0.0,"event_name":"Accursed Blacksmith","player_choice":"Forge","floor":3.0,"gold_loss":0.0,"damage_taken":0.0,"cards_upgraded":["yuri:InsanityDefense"]},{"damage_healed":0.0,"max_hp_gain":0.0,"max_hp_loss":0.0,"gold_gain":0.0,"cards_transformed":["yuri:yuriStrike"],"event_name":"Living Wall","player_choice":"Change","floor":14.0,"gold_loss":0.0,"damage_taken":0.0,"cards_obtained":["yuri:AdaptiveAI"]},{"cards_removed":["yuri:AdaptiveAI"],"damage_healed":39,"gold_gain":0,"player_choice":"Offered Uncommon","damage_taken":0,"max_hp_gain":0,"max_hp_loss":0,"event_name":"Bonfire Elementals","floor":20,"gold_loss":0},{"cards_removed":["yuri:yuriStrike"],"damage_healed":0,"gold_gain":0,"player_choice":"Purged","damage_taken":0,"max_hp_gain":0,"max_hp_loss":0,"event_name":"Purifier","floor":29,"gold_loss":0}],"is_beta":false,"boss_relics":[{"not_picked":["Philosopher\u0027s Stone","Cursed Key"],"picked":"Empty Cage"}],"items_purged_floors":[10,24],"is_endless":false,"potions_floor_spawned":[1,2,7,13,16,19,21,22],"killed_by":"Automaton","ascension_level":0}}