{"host":"jegehu1t82aiec5j","time":1611928403,"event":{"mods":["BaseMod","Colored Map","Minty Spire (QoL Compilation)","Relic Stats","StSLib"],"gold_per_floor":[112,126,146,146,67,97,111,111,134,160,160,160,195,270,270,365,365,390,156,181,181,196,196,230,230,275,288,304,304,320,356,356,455,455,480,505,505,525,525,525,538,538,561,595,77,113,136,66,66,66],"floor_reached":51,"language":"ENG","playtime":2028,"items_purged":["Rebound"],"score":1545,"play_id":"5791f876-6c26-4b10-ae3f-d1fc278b95c4","local_time":"20210129085323","is_ascension_mode":true,"campfire_choices":[{"floor":8,"key":"REST"},{"data":"Undo","floor":12,"key":"SMITH"},{"floor":15,"key":"REST"},{"data":"Defragment","floor":23,"key":"SMITH"},{"data":"Capacitor","floor":25,"key":"SMITH"},{"data":"Sunder","floor":29,"key":"SMITH"},{"floor":32,"key":"REST"},{"data":"Discovery","floor":40,"key":"SMITH"},{"data":"Turbo","floor":42,"key":"SMITH"},{"data":"Defragment","floor":49,"key":"SMITH"}],"circlet_count":0,"master_deck":["AscendersBane","Discovery","Discovery","Discovery+1","Discovery+1","Genetic Algorithm","Doom and Gloom+1","Undo+1","Leap","Capacitor+1","Defragment+1","Turbo+1","Sunder+1","Ball Lightning","Cold Snap+1","Coolheaded+1","Conserve Battery","Reboot+1","Self Repair+1","Glacier","Aggregate","Defragment+1"],"relics":["FrozenCore","WarpedTongs","Dream Catcher","Akabeko","Regal Pillow","Lantern","Golden Idol","Oddly Smooth Stone","Philosopher\u0027s Stone","Art of War","Torii","DataDisk","Bird Faced Urn","War Paint","Eternal Feather","Pantograph","Centennial Puzzle","Potion Belt"],"acts_visited":["Exordium","TheCity","TheBeyond"],"potions_floor_usage":[24,50,50],"damage_taken":[{"damage":0,"enemies":"Jaw Worm","floor":1,"turns":1},{"damage":0,"enemies":"Small Slimes","floor":2,"turns":2},{"damage":0,"enemies":"Cultist","floor":3,"turns":2},{"damage":33,"enemies":"Lagavulin","floor":6,"turns":6},{"damage":0,"enemies":"Gremlin Gang","floor":7,"turns":1},{"damage":0,"enemies":"Gremlin Nob","floor":10,"turns":3},{"damage":0,"enemies":"3 Sentries","floor":13,"turns":2},{"damage":0,"enemies":"Slime Boss","floor":16,"turns":5},{"damage":17,"enemies":"Spheric Guardian","floor":18,"turns":4},{"damage":11,"enemies":"2 Thieves","floor":20,"turns":3},{"damage":0,"enemies":"Cultist and Chosen","floor":22,"turns":6},{"damage":10,"enemies":"Gremlin Leader","floor":24,"turns":4},{"damage":14,"enemies":"Chosen and Byrds","floor":27,"turns":5},{"damage":0,"enemies":"Centurion and Healer","floor":28,"turns":3},{"damage":0,"enemies":"Cultist and Chosen","floor":30,"turns":3},{"damage":15,"enemies":"Slavers","floor":31,"turns":4},{"damage":22,"enemies":"Automaton","floor":33,"turns":9},{"damage":0,"enemies":"Orb Walker","floor":35,"turns":4},{"damage":0,"enemies":"3 Shapes","floor":36,"turns":5},{"damage":0,"enemies":"Sphere and 2 Shapes","floor":38,"turns":7},{"damage":0,"enemies":"3 Darklings","floor":41,"turns":3},{"damage":17,"enemies":"Nemesis","floor":44,"turns":11},{"damage":0,"enemies":"Reptomancer","floor":46,"turns":7},{"damage":0,"enemies":"4 Shapes","floor":47,"turns":4},{"damage":47,"enemies":"Time Eater","floor":50,"turns":19}],"seed_played":"-6917194942639605871","potions_obtained":[{"floor":7,"key":"BlessingOfTheForge"},{"floor":10,"key":"DistilledChaos"},{"floor":24,"key":"FearPotion"},{"floor":46,"key":"SmokeBomb"}],"is_trial":false,"path_per_floor":["M","M","M","?","$","E","M","R","T","E","?","R","E","?","R","B",null,"M","$","M","?","M","R","E","R","T","M","M","R","M","E","R","B",null,"M","M","?","M","?","R","M","R","T","E","$","E","M","$","R","B",null],"character_chosen":"DEFECT","items_purchased":["Undo","Art of War","Defragment","Turbo","PowerPotion","Pantograph","Centennial Puzzle","Defragment"],"campfire_rested":3,"item_purchase_floors":[5,19,19,19,45,45,45,48],"current_hp_per_floor":[64,64,64,64,64,31,31,52,52,52,52,52,52,41,64,64,64,47,47,36,74,74,74,64,64,64,50,50,50,50,35,72,57,70,74,74,74,74,74,74,74,74,74,74,74,74,74,74,74,63],"gold":66,"neow_bonus":"RANDOM_COMMON_RELIC","is_daily":false,"chose_seed":false,"campfire_upgraded":7,"win_rate":0.0,"timestamp":1611928403,"path_taken":["M","M","M","?","$","E","M","R","T","E","?","R","E","?","R","BOSS","M","$","M","?","M","R","E","R","T","M","M","R","?","E","R","BOSS","M","?","?","?","?","R","M","R","T","E","$","E","M","$","R","BOSS"],"items_purchased_type":["Card","Relic","Card","Card","Potion","Relic","Relic","Card"],"build_version":"2020-12-22","purchased_purges":1,"victory":true,"max_hp_per_floor":[71,71,71,71,71,71,71,71,71,71,64,64,64,64,64,64,64,64,64,64,74,74,74,74,74,74,74,74,74,74,74,74,74,74,74,74,74,74,74,74,74,74,74,74,74,74,74,74,74,74],"relic_stats":{"Regal Pillow":19,"Torii":7,"counters":[25,123],"Golden Idol":137,"Eternal Feather":0,"War Paint":["Discovery","Reboot"],"FrozenCore":[15],"WarpedTongs":[118],"Dream Catcher":3,"Centennial Puzzle":[3],"Bird Faced Urn":[45],"Pantograph":0,"Art of War":[16],"obtain_stats":[{"Potion Belt":46,"Regal Pillow":9,"Lantern":10,"Torii":24,"Golden Idol":11,"Oddly Smooth Stone":13,"Eternal Feather":44,"War Paint":43,"Akabeko":6,"WarpedTongs":0,"FrozenCore":34,"Dream Catcher":0,"DataDisk":26,"Centennial Puzzle":45,"Bird Faced Urn":31,"Pantograph":45,"Philosopher\u0027s Stone":17,"Art of War":19,"Cracked Core":0},{"Potion Belt":23,"Regal Pillow":5,"Lantern":6,"Torii":12,"Golden Idol":6,"Oddly Smooth Stone":7,"Eternal Feather":22,"War Paint":21,"Akabeko":4,"WarpedTongs":0,"FrozenCore":17,"Dream Catcher":0,"DataDisk":12,"Centennial Puzzle":22,"Bird Faced Urn":16,"Pantograph":22,"Philosopher\u0027s Stone":8,"Art of War":9,"Cracked Core":0},{"Potion Belt":100,"Regal Pillow":12,"Lantern":15,"Torii":39,"Golden Idol":15,"Oddly Smooth Stone":17,"Eternal Feather":93,"War Paint":82,"Akabeko":11,"WarpedTongs":0,"FrozenCore":63,"Dream Catcher":0,"DataDisk":39,"Centennial Puzzle":93,"Bird Faced Urn":54,"Pantograph":93,"Philosopher\u0027s Stone":22,"Art of War":26,"Cracked Core":0}]},"card_choices":[{"not_picked":["Coolheaded","Redo"],"picked":"Rebound","floor":1},{"not_picked":["Gash","Meteor Strike"],"picked":"Genetic Algorithm","floor":2},{"not_picked":["Streamline","Turbo"],"picked":"Doom and Gloom","floor":3},{"not_picked":["Consume","Tempest"],"picked":"Leap","floor":6},{"not_picked":["Streamline","Stack","Redo"],"picked":"SKIP","floor":7},{"not_picked":["Multi-Cast","Compile Driver","Barrage"],"picked":"SKIP","floor":10},{"not_picked":["Streamline","Turbo","Reboot"],"picked":"SKIP","floor":13},{"not_picked":["Thunder Strike","All For One"],"picked":"Fission","floor":16},{"not_picked":["Chill","Rebound"],"picked":"Capacitor","floor":18},{"not_picked":["Recycle","Beam Cell","Go for the Eyes"],"picked":"SKIP","floor":20},{"not_picked":["Chaos","Rebound"],"picked":"Sunder","floor":22},{"not_picked":["Coolheaded","Doom and Gloom","Redo"],"picked":"SKIP","floor":24},{"not_picked":["Fusion","Beam Cell"],"picked":"Ball Lightning","floor":27},{"not_picked":["Lockon+1","Cold Snap","Meteor Strike"],"picked":"SKIP","floor":28},{"not_picked":["Streamline","Steam"],"picked":"Cold Snap+1","floor":30},{"not_picked":["Sunder","Blizzard"],"picked":"Coolheaded+1","floor":31},{"not_picked":["Ball Lightning","Turbo"],"picked":"Conserve Battery","floor":32},{"not_picked":["Thunder Strike","Meteor Strike"],"picked":"Reboot","floor":33},{"not_picked":["Streamline","Compile Driver"],"picked":"Self Repair+1","floor":35},{"not_picked":["Rebound","Go for the Eyes","Stack"],"picked":"SKIP","floor":36},{"not_picked":["Lockon","Redo+1","Cold Snap"],"picked":"SKIP","floor":38},{"not_picked":["Multi-Cast","Recycle"],"picked":"Glacier","floor":41},{"not_picked":["Force Field+1","Multi-Cast","Consume"],"picked":"SKIP","floor":44},{"not_picked":["Turbo","Chaos"],"picked":"Aggregate","floor":46},{"not_picked":["BootSequence+1","Conserve Battery+1","Rebound"],"picked":"SKIP","floor":47}],"player_experience":2563192,"relics_obtained":[{"floor":6,"key":"Akabeko"},{"floor":9,"key":"Regal Pillow"},{"floor":10,"key":"Lantern"},{"floor":13,"key":"Oddly Smooth Stone"},{"floor":24,"key":"Torii"},{"floor":26,"key":"DataDisk"},{"floor":31,"key":"Bird Faced Urn"},{"floor":43,"key":"War Paint"},{"floor":44,"key":"Eternal Feather"},{"floor":46,"key":"Potion Belt"}],"event_choices":[{"damage_healed":0,"gold_gain":0,"player_choice":"Grow","damage_taken":0,"max_hp_gain":0,"max_hp_loss":0,"event_name":"Living Wall","floor":4,"gold_loss":0,"cards_upgraded":["Doom and Gloom"]},{"damage_healed":0,"gold_gain":0,"player_choice":"Lose Max HP","damage_taken":0,"relics_obtained":["Golden Idol"],"max_hp_gain":0,"max_hp_loss":7,"event_name":"Golden Idol","floor":11,"gold_loss":0},{"damage_healed":0,"gold_gain":75,"player_choice":"Gather Gold","damage_taken":11,"max_hp_gain":0,"max_hp_loss":0,"event_name":"World of Goop","floor":14,"gold_loss":0},{"cards_removed":["Fission"],"damage_healed":28,"gold_gain":0,"player_choice":"Offered Rare","damage_taken":0,"max_hp_gain":10,"max_hp_loss":0,"event_name":"Bonfire Elementals","floor":21,"gold_loss":0},{"damage_healed":0,"gold_gain":0,"player_choice":"Ignored","damage_taken":0,"max_hp_gain":0,"max_hp_loss":0,"event_name":"SecretPortal","floor":37,"gold_loss":0},{"cards_removed":["Discovery"],"damage_healed":0,"gold_gain":0,"player_choice":"Removed Skill","damage_taken":0,"max_hp_gain":0,"max_hp_loss":0,"event_name":"Falling","floor":39,"gold_loss":0}],"is_beta":false,"boss_relics":[{"not_picked":["Snecko Eye","Cursed Key"],"picked":"Philosopher\u0027s Stone"},{"not_picked":["Astrolabe","Tiny House"],"picked":"FrozenCore"}],"items_purged_floors":[45],"is_endless":false,"potions_floor_spawned":[7,10,16,24,28,30,31,44,46],"ascension_level":15}}