{"host":"tkinv8gv6hgcc58b","time":1611952395,"event":{"mods":["AchievementEnabler","BaseMod","BetterRewards","Colored Map","Downfall","Googly Eyes","Hermit","Minty Spire (QoL Compilation)","Rare Cards Sparkle","Relic Filter","StSLib","The Cursed","The Disciple"],"gold_per_floor":[116,266,282,247,247,247,266,266,266,284,284,300,300,318,318,393,393,409,409,22,35,9,9,21,21,21,21,71,71,90,122,122,122,122],"floor_reached":33,"language":"ENG","playtime":1182,"items_purged":[],"score":710,"play_id":"71b43797-e80d-417c-b9c2-aac4426c5d20","local_time":"20210129153315","is_ascension_mode":true,"campfire_choices":[{"floor":6.0,"key":"REST"},{"data":"1","floor":8.0,"key":"LIFT"},{"data":"2","floor":11.0,"key":"LIFT"},{"floor":15.0,"key":"REST"},{"floor":23.0,"key":"REST"},{"data":"3","floor":25.0,"key":"LIFT"},{"data":"Adrenaline","floor":29.0,"key":"SMITH"},{"floor":32.0,"key":"REST"}],"circlet_count":0,"master_deck":["AscendersBane","Strike_G","Strike_G","Strike_G","Strike_G","Defend_G","Defend_G","Defend_G","Defend_G","Defend_G+1","Survivor","Neutralize","Accuracy","Blade Dance","All Out Attack","Corpse Explosion","Predator","Backstab","Bullet Time","Necronomicurse","Adrenaline+1","Blade Dance+1","PiercingWail","Writhe"],"relics":["Ring of the Snake","Tough Bandages","Slimebound:PreparedRelic","Girya","Peace Pipe","Akabeko","Busted Crown","Necronomicon","Membership Card","Paper Crane","Oddly Smooth Stone","Pantograph","War Paint"],"acts_visited":["Exordium","TheCity"],"potions_floor_usage":[],"damage_taken":[{"damage":2.0,"enemies":"Cultist","floor":1.0,"turns":5.0},{"damage":28.0,"enemies":"Jaw Worm","floor":3.0,"turns":7.0},{"damage":0.0,"enemies":"2 Louse","floor":7.0,"turns":2.0},{"damage":2.0,"enemies":"Gremlin Gang","floor":10.0,"turns":4.0},{"damage":0.0,"enemies":"Large Slime","floor":12.0,"turns":3.0},{"damage":9.0,"enemies":"Exordium Thugs","floor":14.0,"turns":4.0},{"damage":43.0,"enemies":"Hexaghost","floor":16.0,"turns":10.0},{"damage":0.0,"enemies":"Spheric Guardian","floor":18.0,"turns":3.0},{"damage":7.0,"enemies":"Shell Parasite","floor":21.0,"turns":2.0},{"damage":0.0,"enemies":"3 Cultists","floor":24.0,"turns":2.0},{"damage":13.0,"enemies":"Snake Plant","floor":30.0,"turns":3.0},{"damage":1.0,"enemies":"Slavers","floor":31.0,"turns":2.0},{"damage":70,"enemies":"Collector","floor":33,"turns":8}],"seed_played":"-6517525581608693818","potions_obtained":[{"floor":3.0,"key":"FearPotion"},{"floor":10.0,"key":"LiquidMemories"},{"floor":16.0,"key":"Fire Potion"},{"floor":31.0,"key":"Energy Potion"}],"is_trial":false,"path_per_floor":["M","?","M","?","?","R","M","R","T","M","R","M","?","M","R","B",null,"M","?","$","M","$","R","M","R","T","?","?","R","M","E","R","B"],"character_chosen":"THE_SILENT","items_purchased":["Slimebound:PreparedRelic","Girya","Membership Card","Adrenaline","Paper Crane","PiercingWail"],"campfire_rested":4,"item_purchase_floors":[0,0,20,20,20,22],"current_hp_per_floor":[36,36,8,24,24,43,43,43,43,41,41,41,41,32,51,8,52,52,31,31,24,24,43,43,43,43,43,43,43,30,29,48,0,0],"gold":122,"neow_bonus":"","is_daily":false,"chose_seed":false,"campfire_upgraded":1,"win_rate":0.0,"timestamp":1611952395,"path_taken":["M","?","M","?","?","R","M","R","T","?","R","M","?","?","R","BOSS","M","?","$","M","$","R","M","R","T","?","?","R","M","E","R","BOSS"],"items_purchased_type":["Relic","Relic","Relic","Card","Relic","Card"],"build_version":"2020-12-22","purchased_purges":0,"victory":false,"max_hp_per_floor":[66,66,66,66,66,66,66,66,66,66,66,66,66,66,66,66,66,66,66,66,66,66,66,66,66,66,66,66,66,66,66,66,66,66],"card_choices":[{"not_picked":["Dodge and Roll","Deadly Poison"],"picked":"Accuracy","floor":1.0},{"not_picked":["Deadly Poison","Sucker Punch"],"picked":"Blade Dance","floor":3.0},{"not_picked":["Slice","Deflect"],"picked":"All Out Attack","floor":7.0},{"not_picked":["Bane","Tactician"],"picked":"Corpse Explosion","floor":10.0},{"not_picked":["Acrobatics","Prepared"],"picked":"Predator","floor":12.0},{"not_picked":["PiercingWail","Slice"],"picked":"Backstab","floor":14.0},{"not_picked":["Doppelganger","Tools of the Trade"],"picked":"Bullet Time","floor":16.0},{"not_picked":["Underhanded Strike"],"picked":"SKIP","floor":18.0},{"not_picked":[],"picked":"Blade Dance","floor":21.0},{"not_picked":["Dodge and Roll"],"picked":"SKIP","floor":24.0},{"not_picked":["Underhanded Strike+1"],"picked":"SKIP","floor":30.0},{"not_picked":["Deflect"],"picked":"SKIP","floor":31.0}],"player_experience":1087779,"relics_obtained":[{"floor":9.0,"key":"Akabeko"},{"floor":19.0,"key":"Necronomicon"},{"floor":26.0,"key":"Oddly Smooth Stone"},{"floor":31.0,"key":"War Paint"}],"event_choices":[{"damage_healed":0.0,"max_hp_gain":0.0,"max_hp_loss":0.0,"gold_gain":150.0,"event_name":"Liars Game","player_choice":"AGREE","floor":2.0,"gold_loss":0.0,"damage_taken":0.0,"cards_obtained":["Doubt"]},{"damage_healed":16.0,"max_hp_gain":0.0,"max_hp_loss":0.0,"gold_gain":0.0,"event_name":"The Cleric","player_choice":"Healed","floor":4.0,"gold_loss":35.0,"damage_taken":0.0},{"cards_removed":["Doubt"],"damage_healed":0.0,"max_hp_gain":0.0,"max_hp_loss":0.0,"gold_gain":0.0,"event_name":"Fountain of Cleansing","player_choice":"Removed Curses","floor":5.0,"gold_loss":0.0,"damage_taken":0.0},{"cards_removed":["Strike_G"],"damage_healed":0.0,"max_hp_gain":0.0,"max_hp_loss":0.0,"gold_gain":0.0,"event_name":"Wheel of Change","player_choice":"Card Removal","floor":13.0,"gold_loss":0.0,"damage_taken":0.0},{"damage_healed":0.0,"max_hp_gain":0.0,"max_hp_loss":0.0,"gold_gain":0.0,"event_name":"Cursed Tome","player_choice":"Obtained Book","floor":19.0,"gold_loss":0.0,"damage_taken":21.0},{"damage_healed":0.0,"max_hp_gain":0.0,"max_hp_loss":0.0,"gold_gain":0.0,"event_name":"The Mausoleum","player_choice":"Opened","floor":27.0,"gold_loss":0.0,"damage_taken":0.0,"relics_obtained":["Pantograph"],"cards_obtained":["Writhe"]},{"damage_healed":0.0,"max_hp_gain":0.0,"max_hp_loss":0.0,"gold_gain":50.0,"event_name":"Nest","player_choice":"Stole From Cult","floor":28.0,"gold_loss":0.0,"damage_taken":0.0}],"is_beta":false,"boss_relics":[{"not_picked":["Cursed Key","Runic Dome"],"picked":"Busted Crown"}],"items_purged_floors":[],"is_endless":false,"potions_floor_spawned":[3,10,16,21,31],"killed_by":"Collector","ascension_level":20}}