{"host":"4krn2igabd8jt2kc","time":1611882461,"event":{"mods":["AchievementEnabler","BaseMod","Colored Map","Colored Powertips","Highlight Path","Minty Spire (QoL Compilation)"],"gold_per_floor":[214,214,224,242,255,255,284,284,284,4,4,36,50,67,67,143,143,160,171,184,202,202,202,234,245,245,3,3,3],"floor_reached":28,"language":"ENG","playtime":3526,"items_purged":[],"score":540,"play_id":"9fbc1cc4-e924-47bc-b19e-b562879f5821","local_time":"20210128200741","is_ascension_mode":true,"campfire_choices":[{"data":"Tantrum","floor":6,"key":"SMITH"},{"data":"DevaForm","floor":8,"key":"SMITH"},{"data":"BattleHymn","floor":15,"key":"SMITH"},{"data":"Establishment","floor":23,"key":"SMITH"}],"circlet_count":0,"master_deck":["AscendersBane","Strike_P","Strike_P","Strike_P","Strike_P","Defend_P","Defend_P","Defend_P","Eruption","Vigilance","LikeWater","Tantrum+1","WaveOfTheHand","DevaForm+1","Tantrum","FlurryOfBlows","BattleHymn+1","TalkToTheHand","Establishment+1","Protect","DeceiveReality","Adaptation","WindmillStrike","FlurryOfBlows","Protect"],"relics":["HolyWater","Eternal Feather","Yang","StrikeDummy","Mummified Hand","Bronze Scales","Bottled Flame","Matryoshka","Vajra"],"acts_visited":["Exordium","TheCity"],"potions_floor_usage":[5,12,13,16,16,21,24],"damage_taken":[{"damage":3,"enemies":"2 Louse","floor":1,"turns":4},{"damage":0,"enemies":"Cultist","floor":3,"turns":4},{"damage":7,"enemies":"Small Slimes","floor":4,"turns":5},{"damage":5,"enemies":"Gremlin Gang","floor":5,"turns":4},{"damage":8,"enemies":"Gremlin Nob","floor":7,"turns":3},{"damage":0,"enemies":"Lagavulin","floor":12,"turns":4},{"damage":1,"enemies":"Blue Slaver","floor":13,"turns":2},{"damage":0,"enemies":"2 Fungi Beasts","floor":14,"turns":3},{"damage":0,"enemies":"Slime Boss","floor":16,"turns":4},{"damage":0,"enemies":"Spheric Guardian","floor":18,"turns":3},{"damage":7,"enemies":"Shell Parasite","floor":19,"turns":3},{"damage":0,"enemies":"Chosen and Byrds","floor":20,"turns":4},{"damage":12,"enemies":"Shelled Parasite and Fungi","floor":21,"turns":3},{"damage":63,"enemies":"Slavers","floor":24,"turns":5},{"damage":0,"enemies":"Centurion and Healer","floor":25,"turns":4},{"damage":5,"enemies":"Snecko","floor":28,"turns":2}],"seed_played":"7066069132219214549","potions_obtained":[{"floor":1,"key":"Block Potion"},{"floor":2,"key":"SneckoOil"},{"floor":3,"key":"Fire Potion"},{"floor":5,"key":"Fire Potion"},{"floor":12,"key":"Energy Potion"},{"floor":16,"key":"Fruit Juice"},{"floor":19,"key":"SpeedPotion"},{"floor":20,"key":"SteroidPotion"},{"floor":24,"key":"LiquidBronze"}],"is_trial":false,"path_per_floor":["M","?","M","M","M","R","E","R","T","$","?","E","M","M","R","B",null,"M","M","M","M","?","R","E","M","T","$","M"],"character_chosen":"WATCHER","items_purchased":["Tantrum","StrikeDummy","FlurryOfBlows","Vajra","Protect"],"campfire_rested":0,"item_purchase_floors":[10,10,27,27,27],"current_hp_per_floor":[62,62,62,55,50,50,42,51,51,51,44,44,43,43,52,57,72,72,65,65,53,53,65,2,2,2,2,0,0],"gold":3,"neow_bonus":"HUNDRED_GOLD","is_daily":false,"chose_seed":false,"campfire_upgraded":4,"win_rate":0.0,"timestamp":1611882461,"path_taken":["M","?","?","M","M","R","E","R","T","$","?","E","M","M","R","BOSS","M","M","M","M","?","R","E","?","T","$","M"],"items_purchased_type":["Card","Relic","Card","Relic","Card"],"build_version":"2020-12-22","purchased_purges":0,"victory":false,"max_hp_per_floor":[72,72,72,72,72,72,72,72,72,72,72,72,72,72,72,77,77,77,77,77,77,77,77,77,77,77,77,77,77],"card_choices":[{"not_picked":["InnerPeace","Sanctity"],"picked":"LikeWater","floor":1},{"not_picked":["Nirvana","FollowUp","CutThroughFate"],"picked":"SKIP","floor":3},{"not_picked":["WaveOfTheHand","FlurryOfBlows"],"picked":"Tantrum","floor":4},{"not_picked":["SashWhip","EmptyMind"],"picked":"WaveOfTheHand","floor":5},{"not_picked":["Sanctity","SpiritShield"],"picked":"DevaForm","floor":7},{"not_picked":["EmptyFist","ConjureBlade"],"picked":"FlurryOfBlows","floor":12},{"not_picked":["EmptyFist","BowlingBash"],"picked":"BattleHymn","floor":13},{"not_picked":["Meditate","Vengeance"],"picked":"TalkToTheHand","floor":14},{"not_picked":["Devotion","DevaForm"],"picked":"Establishment","floor":16},{"not_picked":["Evaluate","FollowUp","Consecrate"],"picked":"SKIP","floor":18},{"not_picked":["Crescendo+1","Evaluate"],"picked":"Protect","floor":19},{"not_picked":["BattleHymn","Collect","Crescendo"],"picked":"SKIP","floor":20},{"not_picked":["Consecrate","Study"],"picked":"DeceiveReality","floor":21},{"not_picked":["Weave","Fasting2"],"picked":"Adaptation","floor":24},{"not_picked":["ClearTheMind+1","Alpha"],"picked":"WindmillStrike","floor":25}],"player_experience":261000,"relics_obtained":[{"floor":7,"key":"Eternal Feather"},{"floor":9,"key":"Yang"},{"floor":12,"key":"Bronze Scales"},{"floor":24,"key":"Bottled Flame"},{"floor":26,"key":"Matryoshka"}],"event_choices":[{"damage_healed":0,"gold_gain":0,"player_choice":"Got Potions","damage_taken":0,"max_hp_gain":0,"max_hp_loss":0,"event_name":"Lab","floor":2,"gold_loss":0},{"damage_healed":0,"gold_gain":0,"player_choice":"Success","damage_taken":7,"relics_obtained":["Mummified Hand"],"max_hp_gain":0,"max_hp_loss":0,"event_name":"Scrap Ooze","floor":11,"gold_loss":0},{"cards_removed":["Defend_P"],"damage_healed":0,"gold_gain":0,"player_choice":"Offered Basic","damage_taken":0,"max_hp_gain":0,"max_hp_loss":0,"event_name":"Bonfire Elementals","floor":22,"gold_loss":0}],"is_beta":false,"boss_relics":[{"not_picked":["SlaversCollar","Ectoplasm"],"picked":"HolyWater"}],"items_purged_floors":[],"is_endless":false,"potions_floor_spawned":[1,3,5,12,16,19,20,24],"killed_by":"Snecko","ascension_level":13}}