{"host":"8i4doyxqctgl5qb0","time":1611915319,"event":{"mods":["AchievementEnabler","BaseMod","Block Reminder","Colored Powertips","Downfall","Lobotomy","Minty Spire (QoL Compilation)","Permanent Neow","Potion Indicator Mod","Rare Cards Sparkle","StSLib","SuperFastMode","The Jungle"],"gold_per_floor":[118,118,134,134,154,154,104,35,81,81,92,112,122,141,141,238,238,256,18,36,49,49,79,79,11,38,38,53,53,67,87,87,87,87],"floor_reached":33,"language":"ZHS","playtime":937,"items_purged":[],"score":365,"play_id":"6f024243-f375-4e08-8e00-97a21f08a651","local_time":"20210129181519","is_ascension_mode":true,"campfire_choices":[{"data":"Noxious Fumes","floor":6.0,"key":"SMITH"},{"data":"Poisoned Stab","floor":10.0,"key":"SMITH"},{"floor":15.0,"key":"REST"},{"floor":24.0,"key":"REST"},{"data":"Backflip","floor":27.0,"key":"SMITH"},{"floor":32.0,"key":"REST"}],"circlet_count":0,"master_deck":["Strike_G","Strike_G","Strike_G","Defend_G","Defend_G","Defend_G","Survivor+1","Neutralize","Noxious Fumes+1","Infinite Blades","Poisoned Stab+1","Corpse Explosion+1","Accuracy","Dodge and Roll","Bane","Backflip","Die Die Die","Dagger Throw+1","Deadly Poison+1","Dagger Throw+1","Leg Sweep","Backflip+1","Flechettes+1","Footwork","Footwork","Footwork","Corpse Explosion"],"relics":["Ring of the Snake","Omamori","Strawberry","Astrolabe","Molten Egg 2","PreservedInsect","War Paint","Pen Nib","Nloth\u0027s Gift"],"acts_visited":["Exordium","TheCity"],"potions_floor_usage":[33],"damage_taken":[{"damage":9.0,"enemies":"Jaw Worm","floor":1.0,"turns":6.0},{"damage":0.0,"enemies":"2 Louse","floor":3.0,"turns":3.0},{"damage":4.0,"enemies":"Small Slimes","floor":5.0,"turns":3.0},{"damage":4.0,"enemies":"Blue Slaver","floor":11.0,"turns":4.0},{"damage":0.0,"enemies":"Red Slaver","floor":12.0,"turns":4.0},{"damage":19.0,"enemies":"Lots of Slimes","floor":13.0,"turns":3.0},{"damage":0.0,"enemies":"Exordium Wildlife","floor":14.0,"turns":2.0},{"damage":35.0,"enemies":"The Guardian","floor":16.0,"turns":9.0},{"damage":21.0,"enemies":"Spheric Guardian","floor":18.0,"turns":5.0},{"damage":0.0,"enemies":"3 Byrds","floor":20.0,"turns":3.0},{"damage":16.0,"enemies":"Cultist and Chosen","floor":21.0,"turns":4.0},{"damage":12.0,"enemies":"Gremlin Leader","floor":23.0,"turns":4.0},{"damage":24.0,"enemies":"Chosen and Byrds","floor":28.0,"turns":7.0},{"damage":10.0,"enemies":"3 Cultists","floor":30.0,"turns":4.0},{"damage":9.0,"enemies":"Snecko","floor":31.0,"turns":5.0},{"damage":69,"enemies":"Champ","floor":33,"turns":10}],"seed_played":"8029712366676314113","potions_obtained":[{"floor":3.0,"key":"DuplicationPotion"},{"floor":5.0,"key":"SpeedPotion"},{"floor":11.0,"key":"ColorlessPotion"},{"floor":14.0,"key":"Regen Potion"},{"floor":20.0,"key":"SpeedPotion"},{"floor":23.0,"key":"DistilledChaos"}],"is_trial":false,"path_per_floor":["M","?","M","?","M","R","?","$","T","R","M","M","M","M","R","B",null,"M","$","M","M","?","E","R","$","T","R","M","?","M","M","R","B"],"character_chosen":"THE_SILENT","items_purchased":["Accuracy","Molten Egg 2","Footwork"],"campfire_rested":3,"item_purchase_floors":[8,19,25],"current_hp_per_floor":[56,56,58,58,56,56,56,56,63,63,61,63,46,48,71,38,67,48,48,50,36,36,26,49,49,49,49,27,27,17,8,31,0,0],"gold":87,"neow_bonus":"RANDOM_COMMON_RELIC","is_daily":false,"chose_seed":false,"campfire_upgraded":3,"win_rate":0.0,"timestamp":1611915319,"path_taken":["M","?","M","?","M","R","?","?","T","R","M","?","M","M","R","BOSS","M","$","?","M","?","E","R","$","T","R","M","?","M","M","R","BOSS"],"items_purchased_type":["Card","Relic","Card"],"build_version":"2020-12-22","purchased_purges":0,"victory":false,"max_hp_per_floor":[70,70,70,70,70,70,70,70,77,77,77,77,77,77,77,77,77,77,77,77,77,77,77,77,77,77,77,77,77,77,77,77,77,77],"card_choices":[{"not_picked":["Bane","Prepared"],"picked":"Noxious Fumes","floor":1.0},{"not_picked":["Flechettes","Expertise"],"picked":"Poisoned Stab","floor":3.0},{"not_picked":["Outmaneuver","Underhanded Strike"],"picked":"Corpse Explosion","floor":5.0},{"not_picked":["Finisher","All Out Attack","Concentrate"],"picked":"SKIP","floor":11.0},{"not_picked":["Dagger Throw","Reflex"],"picked":"Dodge and Roll","floor":12.0},{"not_picked":["Sucker Punch","Outmaneuver"],"picked":"Bane","floor":13.0},{"not_picked":["Expertise","Dagger Throw"],"picked":"Backflip","floor":14.0},{"not_picked":["Tools of the Trade","Phantasmal Killer"],"picked":"Die Die Die","floor":16.0},{"not_picked":["Quick Slash","Dagger Throw","Prepared+1"],"picked":"SKIP","floor":18.0},{"not_picked":["Acrobatics","Expertise"],"picked":"Leg Sweep","floor":20.0},{"not_picked":["Setup","Bane+1"],"picked":"Backflip","floor":21.0},{"not_picked":["Sucker Punch+1","Deflect"],"picked":"Flechettes+1","floor":23.0},{"not_picked":["Setup","Flying Knee+1"],"picked":"Footwork","floor":28.0},{"not_picked":["Prepared","Backstab+1"],"picked":"Footwork","floor":30.0},{"not_picked":["Infinite Blades","Caltrops+1"],"picked":"Corpse Explosion","floor":31.0}],"player_experience":253207,"relics_obtained":[{"floor":9.0,"key":"Strawberry"},{"floor":23.0,"key":"War Paint"},{"floor":26.0,"key":"Pen Nib"}],"event_choices":[{"damage_healed":0.0,"max_hp_gain":0.0,"max_hp_loss":0.0,"gold_gain":0.0,"cards_transformed":["Defend_G"],"event_name":"Living Wall","player_choice":"Change","floor":2.0,"gold_loss":0.0,"damage_taken":0.0,"cards_obtained":["Infinite Blades"]},{"damage_healed":0.0,"max_hp_gain":0.0,"max_hp_loss":0.0,"gold_gain":0.0,"event_name":"Big Fish","player_choice":"Box","floor":4.0,"gold_loss":0.0,"damage_taken":0.0,"relics_obtained":["Omamori"],"cards_obtained":["Regret"]},{"cards_removed":["Regret"],"damage_healed":0.0,"max_hp_gain":0.0,"max_hp_loss":0.0,"gold_gain":0.0,"event_name":"The Cleric","player_choice":"Card Removal","floor":7.0,"gold_loss":50.0,"damage_taken":0.0},{"damage_healed":0.0,"max_hp_gain":0.0,"max_hp_loss":0.0,"gold_gain":0.0,"event_name":"Addict","player_choice":"Stole Relic","floor":22.0,"gold_loss":0.0,"damage_taken":0.0,"relics_obtained":["PreservedInsect"],"cards_obtained":["Shame"]},{"damage_healed":0.0,"max_hp_gain":0.0,"max_hp_loss":0.0,"gold_gain":0.0,"event_name":"N\u0027loth","player_choice":"Traded Relic","floor":29.0,"relics_lost":["Blood Vial"],"gold_loss":0.0,"damage_taken":0.0,"relics_obtained":["Nloth\u0027s Gift"]}],"is_beta":false,"boss_relics":[{"not_picked":["Coffee Dripper","Runic Pyramid"],"picked":"Astrolabe"}],"items_purged_floors":[],"is_endless":false,"potions_floor_spawned":[3,5,11,14,20,23],"killed_by":"Champ","ascension_level":8}}