{"host":"pgm1p3lvdjflie30","time":1611930908,"event":{"mods":["ATMod(阿瑾Mod)","AchievementEnabler","Alarm Clock","Aspiration","BaseMod","Colored Map","Colored Powertips","Conspire","Dark Map","Dota2Spire","Downfall","Energized Spire","GungeonMod","Hermit","Highlight Path","HornydragonMod","Minty Spire (QoL Compilation)","Quarter Circle Forward PUNCH!","Quick Restart","Relic Stats","Robot Space Explorer","Spicy Shops","StSLib","The Construct","The Hayseed","The IronCluck","The Jungle","Waifu the Spire","【?物卡牌】REMEMod","篝火指南"],"gold_per_floor":[112,127,127,138,158,158,158],"floor_reached":6,"language":"ZHS","playtime":343,"items_purged":[],"score":40,"play_id":"20f24750-e7aa-4096-84b2-81d0fde91910","local_time":"20210129223508","is_ascension_mode":true,"campfire_choices":[],"circlet_count":0,"master_deck":["DemoMod:Strike_Huntress","DemoMod:Strike_Huntress","DemoMod:Strike_Huntress","DemoMod:Defend_Huntress","DemoMod:Defend_Huntress","DemoMod:Defend_Huntress","DemoMod:Defend_Huntress","DemoMod:Roll","DemoMod:ManualReload","DemoMod:RustySidearm","DemoMod:CrossBow","AT_FamilyPortrait","champ:IgnorePain","DemoMod:AC15","DemoMod:PotionOfGunFriendShip","DemoMod:HuntsMan","DemoMod:SAA"],"relics":["DemoMod:Dog","AT_ATBox","REME_ComplimentaryCards"],"acts_visited":["Exordium"],"potions_floor_usage":[6,6],"damage_taken":[{"damage":25,"enemies":"Jaw Worm","floor":1,"turns":5},{"damage":3,"enemies":"Cultist","floor":2,"turns":3},{"damage":14,"enemies":"Small Slimes","floor":4,"turns":3},{"damage":17,"enemies":"2 Fungi Beasts","floor":5,"turns":3},{"damage":35,"enemies":"Lagavulin","floor":6,"turns":3}],"seed_played":"7482442206343187152","potions_obtained":[{"floor":1,"key":"Dota2Spire:Clarity"},{"floor":5,"key":"champ:CounterPotion"}],"is_trial":false,"path_per_floor":["M","M","?","M","M","E"],"character_chosen":"HUNTRESS","items_purchased":[],"campfire_rested":0,"item_purchase_floors":[],"current_hp_per_floor":[59,56,56,42,25,0,0],"gold":158,"neow_bonus":"TWENTY_PERCENT_HP_BONUS","is_daily":false,"chose_seed":false,"campfire_upgraded":0,"win_rate":0.0,"timestamp":1611930908,"path_taken":["M","M","?","?","M","E"],"items_purchased_type":[],"build_version":"2020-12-22","purchased_purges":0,"victory":false,"max_hp_per_floor":[84,84,84,84,84,84,84],"relic_stats":{"counters":[5,17],"obtain_stats":[{"AT_ATBox":0,"DemoMod:Dog":0,"DemoMod:GlassGuonStoneRelic":4,"REME_ComplimentaryCards":0},{"AT_ATBox":0,"DemoMod:Dog":0,"DemoMod:GlassGuonStoneRelic":3,"REME_ComplimentaryCards":0},{"AT_ATBox":0,"DemoMod:Dog":0,"DemoMod:GlassGuonStoneRelic":11,"REME_ComplimentaryCards":0}]},"card_choices":[{"not_picked":["DemoMod:MachoBrace","DemoMod:EasyReloadBullets"],"picked":"DemoMod:AC15","floor":1},{"not_picked":["DemoMod:GunstockTap","DemoMod:FastSwitch"],"picked":"DemoMod:PotionOfGunFriendShip","floor":2},{"not_picked":["DemoMod:AWP","DemoMod:Ejector"],"picked":"DemoMod:HuntsMan","floor":4},{"not_picked":["DemoMod:PotionOfGunFriendShip","DemoMod:Unity"],"picked":"DemoMod:SAA","floor":5}],"player_experience":319368,"relics_obtained":[],"event_choices":[{"cards_removed":["TheSimpletonMod:Nettles"],"damage_healed":0,"gold_gain":0,"player_choice":"Removed Curses","damage_taken":0,"max_hp_gain":0,"max_hp_loss":0,"event_name":"Fountain of Cleansing","floor":3,"gold_loss":0}],"is_beta":false,"boss_relics":[],"items_purged_floors":[],"is_endless":false,"potions_floor_spawned":[1,5],"killed_by":"Lagavulin","ascension_level":1}}