{"host":"Koishi","time":1611889447,"event":{"mods":["2.2 Compatiblity","AchievementEnabler","Act Like it!","BaseMod","Better Match","Better Note","Better Sensory Stone","Better Third Choice","Colored Powertips","Gensokyo","Hermit","Koishi","Lobotomy","LobotomyExtend","MarisaÅiñ∂âJÅ@ñÇóùçπÅj","Minty Spire (QoL Compilation)","Monster B Gone","Quick Restart","Rare Cards Sparkle","ReimuÅiîé??öÎÅj","Relic Filter Mod","Relic Stats","Spicy Shops","StSLib","The Construct","Åy?ï®?îvÅzREMEMod"],"gold_per_floor":[112,130,130,130,145,172,97,97,97,0,0,12,12,12,12,115,115,135,135,135,535,529,529,10,34,34,34,25,25,26,43,43,145,145,141,141,141,161,158,170,170,186,186,33,33,62,74,109,109,94],"floor_reached":51,"language":"ENG","playtime":2498,"items_purged":["construct:Strike_Gold"],"score":1129,"play_id":"f7caaac8-7ea1-4c86-ba7b-3148c8c3100b","local_time":"20210128220407","is_ascension_mode":true,"campfire_choices":[{"data":"Twilight","floor":8,"key":"SMITH"},{"data":"construct:SweepLaser","floor":13,"key":"SMITH"},{"data":"construct:SweepLaser+1","floor":15,"key":"SMITH"},{"data":"construct:SpinDrive+1","floor":23,"key":"SMITH"},{"data":"construct:GoldenBullet","floor":29,"key":"SMITH"},{"data":"construct:Zapper","floor":32,"key":"SMITH"},{"data":"construct:HammerDown","floor":41,"key":"SMITH"},{"data":"construct:HammerDown+1","floor":45,"key":"SMITH"},{"data":"construct:Isolate","floor":49,"key":"SMITH"}],"circlet_count":0,"master_deck":["construct:Strike_Gold+1","construct:Strike_Gold","construct:Strike_Gold+1","construct:Strike_Gold","construct:Defend_Gold","construct:Defend_Gold","construct:Defend_Gold","construct:Defend_Gold","construct:Defend_Gold","construct:AttackMode","construct:DefenseMode","Twilight+1","QueenOfHatred","construct:SpinDrive+2","UniverseFragment","construct:SweepLaser+2","WallGazer","construct:SyphonStrike+1","construct:ScrapCannon+1","MHz","construct:GoldenBullet+1","OSAHOGD","Panache+1","Flash of Steel","construct:Reinforce+1","CENSORED","construct:Zapper+1","construct:HammerDown+2","construct:ModeShift+1","LongBird","construct:Isolate+1","construct:ShiftingStance","construct:Hazardproof+1","SnowQueen","construct:Backup","BlueStar"],"relics":["construct:ClockworkPhoenix","construct:Challenge1","REME_ComplimentaryCards","CogitoBucket","LetterFromLob","Gensokyo:YoukaiFlower","construct:RocketBooster","InspiredRelic","construct:ClawGrip","Theresia","Gensokyo:SongOfSouls","Shuriken","Kunai","TungstenRod","Mummified Hand","Singing Bowl","Question Card","BehaviorAdjustment","Black Star","Gremlin Horn","Ornamental Fan","Mastiff:ReiMu","AtMidnight","AspirationHeart","Bag of Preparation","Ice Cream","Bottled Tornado","Letter Opener","Blue Candle"],"acts_visited":["Gensokyo:Gensokyo","Gensokyo:Gensokyoer","Gensokyo:Gensokyoest"],"potions_floor_usage":[25,30,35,35,42,51,51,51],"damage_taken":[{"damage":0,"enemies":"Gensokyo:Gryphon","floor":1,"turns":4},{"damage":0,"enemies":"Gensokyo:Python","floor":2,"turns":4},{"damage":0,"enemies":"Gensokyo:3_Fairies","floor":5,"turns":3},{"damage":47,"enemies":"Gensokyo:Mamizou","floor":6,"turns":12},{"damage":0,"enemies":"Gensokyo:Kitsune","floor":12,"turns":2},{"damage":6,"enemies":"Gensokyo:Aya","floor":14,"turns":6},{"damage":10,"enemies":"Gensokyo:Reimu","floor":16,"turns":7},{"damage":10,"enemies":"Gensokyo:3_Dogs","floor":18,"turns":4},{"damage":23,"enemies":"Gensokyo:CosmicMonolith","floor":22,"turns":4},{"damage":25,"enemies":"Gensokyo:Koishi","floor":25,"turns":4},{"damage":16,"enemies":"Gensokyo:Chomper_and_Gloop","floor":28,"turns":4},{"damage":37,"enemies":"Gensokyo:Tenshi","floor":30,"turns":5},{"damage":16,"enemies":"Gensokyo:Swordslinger","floor":31,"turns":4},{"damage":10,"enemies":"Gensokyo:Eternal_Rivals","floor":33,"turns":7},{"damage":14,"enemies":"Gensokyo:3_Boulders","floor":35,"turns":4},{"damage":7,"enemies":"Gensokyo:3_Bats","floor":38,"turns":4},{"damage":1,"enemies":"Gensokyo:AtlasGolem","floor":39,"turns":4},{"damage":53,"enemies":"Gensokyo:Kasen","floor":40,"turns":7},{"damage":45,"enemies":"Gensokyo:Rafflesia","floor":42,"turns":10},{"damage":11,"enemies":"Gensokyo:Marisa","floor":46,"turns":5},{"damage":24,"enemies":"Gensokyo:4_Bats","floor":47,"turns":3},{"damage":36,"enemies":"Gensokyo:Kasen","floor":48,"turns":5},{"damage":2,"enemies":"Gensokyo:Yuyuko","floor":50,"turns":3},{"damage":33,"enemies":"Malkuth","floor":51,"turns":4},{"damage":65,"enemies":"Hod","floor":51,"turns":5},{"damage":66,"enemies":"Chesed","floor":51,"turns":4},{"damage":121,"enemies":"Binah","floor":51,"turns":9}],"seed_played":"4271327945045587877","potions_obtained":[{"floor":6,"key":"FearPotion"},{"floor":16,"key":"SkillPotion"},{"floor":25,"key":"SteroidPotion"},{"floor":28,"key":"CultistPotion"},{"floor":33,"key":"REME_GoldPotion"},{"floor":35,"key":"REME_GoldPotion"},{"floor":40,"key":"BlessingOfTheForge"},{"floor":48,"key":"LiquidMemories"}],"is_trial":false,"path_per_floor":["M","M","?","?","M","E","?","R","T","$","?","M","R","E","R","B",null,"M","?","?","?","M","R","$","E","T","T","M","R","E","M","R","B",null,"M","?","?","M","M","E","R","M","T","$","R","E","M","E","R","B",null],"character_chosen":"THE_CONSTRUCT_MOD","items_purchased":["construct:SyphonStrike","Shuriken","Kunai","Bag of Preparation"],"campfire_rested":0,"item_purchase_floors":[10,24,24,44],"current_hp_per_floor":[85,85,85,85,85,52,52,52,52,52,52,58,58,52,52,54,99,99,99,99,99,88,88,88,63,63,63,55,55,56,73,73,103,103,95,76,84,93,98,85,85,116,116,116,116,119,118,110,110,110],"gold":4,"neow_bonus":"","is_daily":false,"chose_seed":false,"campfire_upgraded":9,"win_rate":0.0,"timestamp":1611889447,"path_taken":["M","?","?","?","?","E","?","R","T","?","?","?","R","E","R","BOSS","M","?","?","?","M","R","?","E","T","?","M","R","E","M","R","BOSS","M","?","?","M","M","E","R","M","T","$","R","E","M","E","R","BOSS"],"items_purchased_type":["Card","Relic","Relic","Relic"],"build_version":"2020-12-18","purchased_purges":1,"victory":true,"max_hp_per_floor":[85,85,85,85,85,99,99,99,99,99,99,99,99,99,99,99,99,99,99,99,99,99,99,99,99,99,99,101,101,101,103,103,103,103,103,103,103,105,105,107,107,119,119,119,119,119,119,119,119,119],"relic_stats":{"Singing Bowl":10,"Gremlin Horn":[13,25],"counters":[31,144],"Blue Candle":[0],"Bag of Preparation":[18],"Letter Opener":[269],"Question Card":37,"Shuriken":[42],"Mummified Hand":[70],"Ornamental Fan":[100],"Black Star":3,"Kunai":[42],"obtain_stats":[{"Ice Cream":46,"Singing Bowl":27,"Gremlin Horn":36,"Mango":6,"Bag of Preparation":44,"construct:ClockworkPhoenix":0,"Bottled Tornado":46,"Frozen Eye":25,"CogitoBucket":0,"Mummified Hand":26,"Mastiff:ReiMu":40,"Kunai":24,"Gensokyo:SongOfSouls":19,"construct:ClawGrip":17,"construct:RocketBooster":9,"Blue Candle":48,"AspirationHeart":42,"Letter Opener":48,"Question Card":30,"construct:Challenge1":0,"Shuriken":24,"Ornamental Fan":40,"Gensokyo:YoukaiFlower":4,"AtMidnight":42,"BehaviorAdjustment":31,"LetterFromLob":1,"Black Star":34,"InspiredRelic":14,"Theresia":18,"TungstenRod":25,"REME_ComplimentaryCards":0},{"Ice Cream":23,"Singing Bowl":11,"Gremlin Horn":17,"Mango":4,"Bag of Preparation":22,"construct:ClockworkPhoenix":0,"Bottled Tornado":23,"Frozen Eye":10,"CogitoBucket":0,"Mummified Hand":11,"Mastiff:ReiMu":20,"Kunai":10,"Gensokyo:SongOfSouls":9,"construct:ClawGrip":7,"construct:RocketBooster":4,"Blue Candle":25,"AspirationHeart":22,"Letter Opener":25,"Question Card":13,"construct:Challenge1":0,"Shuriken":10,"Ornamental Fan":20,"Gensokyo:YoukaiFlower":2,"AtMidnight":22,"BehaviorAdjustment":15,"LetterFromLob":1,"Black Star":16,"InspiredRelic":6,"Theresia":9,"TungstenRod":11,"REME_ComplimentaryCards":0},{"Ice Cream":107,"Singing Bowl":51,"Gremlin Horn":76,"Mango":23,"Bag of Preparation":102,"construct:ClockworkPhoenix":0,"Bottled Tornado":107,"Frozen Eye":47,"CogitoBucket":0,"Mummified Hand":51,"Mastiff:ReiMu":91,"Kunai":47,"Gensokyo:SongOfSouls":43,"construct:ClawGrip":38,"construct:RocketBooster":23,"Blue Candle":115,"AspirationHeart":102,"Letter Opener":115,"Question Card":60,"construct:Challenge1":0,"Shuriken":47,"Ornamental Fan":91,"Gensokyo:YoukaiFlower":8,"AtMidnight":102,"BehaviorAdjustment":65,"LetterFromLob":4,"Black Star":72,"InspiredRelic":31,"Theresia":43,"TungstenRod":51,"REME_ComplimentaryCards":0}],"TungstenRod":282},"card_choices":[{"not_picked":["CherryBlossoms","BeautyBeast","Scarecrow"],"picked":"Singing Bowl","floor":1},{"not_picked":["construct:MetalShell","construct:ModeShift","construct:FocusedBeam"],"picked":"SKIP","floor":1},{"not_picked":["construct:Chainstrike","construct:ModeShift"],"picked":"construct:Missile","floor":2},{"not_picked":["WhitesApple","BeautyBeast","NakedNest"],"picked":"Singing Bowl","floor":2},{"not_picked":["CherryBlossoms","QueenBee"],"picked":"QueenOfHatred","floor":2},{"not_picked":["Murderer","Bloodbath"],"picked":"UniverseFragment","floor":5},{"not_picked":["construct:Isolate","construct:Tumble","construct:Reinforce"],"picked":"SKIP","floor":5},{"not_picked":["construct:FocusedBeam","construct:Enhance"],"picked":"construct:SweepLaser","floor":6},{"not_picked":["Murderer","VoidDream"],"picked":"WallGazer","floor":6},{"not_picked":["construct:QuickAttack","construct:Forcefield"],"picked":"construct:ScrapCannon","floor":12},{"not_picked":["Murderer","BigBadWolf"],"picked":"MHz","floor":12},{"not_picked":["construct:Bunker","construct:ShieldGenerator"],"picked":"construct:GoldenBullet","floor":16},{"not_picked":["LaLuna","Alriune","SpiderBud"],"picked":"Singing Bowl","floor":16},{"not_picked":["BeautyBeast","Bloodbath"],"picked":"OSAHOGD","floor":18},{"not_picked":["construct:ScrapCannon","construct:Forcefield+1","construct:ElectricArmor"],"picked":"SKIP","floor":18},{"not_picked":["REME_MagicPocketWatch","Sadistic Nature"],"picked":"Panache","floor":20},{"not_picked":["Mind Blast","Swift Strike"],"picked":"Flash of Steel","floor":20},{"not_picked":["Bloodbath","LittlePrince","ShyLook"],"picked":"Singing Bowl","floor":22},{"not_picked":["construct:Reinforce+1","construct:Forcefield","construct:CriticalHit"],"picked":"SKIP","floor":22},{"not_picked":["construct:QuickAttack+1","construct:Overcharge"],"picked":"construct:Reinforce+1","floor":25},{"not_picked":["BeautyBeast","LittleHelper","QueenBee"],"picked":"Singing Bowl","floor":25},{"not_picked":["construct:ElectricArmor","construct:Versatility","construct:Anticipate"],"picked":"Singing Bowl","floor":28},{"not_picked":["NakedNest","VoidDream","Bloodbath"],"picked":"Singing Bowl","floor":28},{"not_picked":["PunishingBird","VoidDream"],"picked":"CENSORED","floor":28},{"not_picked":["construct:SweepLaser","construct:ClusterMines"],"picked":"construct:Zapper","floor":30},{"not_picked":["Alriune","VoidDream","CrumblingArmor"],"picked":"Singing Bowl","floor":30},{"not_picked":["HeroicMonk","OldLady","FieryBird"],"picked":"Singing Bowl","floor":31},{"not_picked":["construct:SuppressiveFire+1","construct:Versatility","construct:QuickAttack","construct:FocusedBeam"],"picked":"Singing Bowl","floor":31},{"not_picked":["construct:HyperBeam","construct:GoldenBullet","construct:PanicFire"],"picked":"construct:HammerDown","floor":33},{"not_picked":["Scorched","MeatLantern","HappyTeddy"],"picked":"Singing Bowl","floor":33},{"not_picked":["construct:OneWayMirror","construct:FlameCore+1","construct:FierceBash+1"],"picked":"construct:ModeShift+1","floor":35},{"not_picked":["Bloodbath","LaLuna","HeroicMonk"],"picked":"Singing Bowl","floor":35},{"not_picked":["CrumblingArmor","Rudolta"],"picked":"LongBird","floor":35},{"not_picked":["construct:HardReboot","construct:ChargeShot+1","construct:Autoturret","construct:FierceBash"],"picked":"Singing Bowl","floor":38},{"not_picked":["VoidDream","WhitesApple","HeroicMonk"],"picked":"Singing Bowl","floor":38},{"not_picked":["construct:PowerUp","construct:Anticipate","construct:Overcharge"],"picked":"construct:Isolate","floor":39},{"not_picked":["DespairKnight","Bloodbath","MeltingLove"],"picked":"Singing Bowl","floor":39},{"not_picked":["construct:Tumble+1","construct:SyphonStrike","construct:FierceBash+1","construct:Stasis"],"picked":"Singing Bowl","floor":40},{"not_picked":["Funeral","Scorched","Bloodbath"],"picked":"Singing Bowl","floor":40},{"not_picked":["SingingMachine","HappyTeddy","Mercenary"],"picked":"Singing Bowl","floor":42},{"not_picked":["construct:ModeShift","construct:Disrupt","construct:Failsafe","construct:Versatility+1"],"picked":"Singing Bowl","floor":42},{"not_picked":["construct:ChargeShot+1","construct:HardReboot+1","construct:Backup"],"picked":"construct:ShiftingStance","floor":46},{"not_picked":["LittleHelper","BigBird","LaLuna"],"picked":"Singing Bowl","floor":46},{"not_picked":["construct:HardReboot","construct:SuppressiveFire+1","construct:ShiftStrike+1"],"picked":"construct:Hazardproof+1","floor":47},{"not_picked":["SilentOrchestra","LaLuna","Woodsman"],"picked":"Singing Bowl","floor":47},{"not_picked":["MeltingLove","Freischutz"],"picked":"SnowQueen","floor":47},{"not_picked":["construct:LongRangeLance","construct:Analyze+1","construct:SweepLaser"],"picked":"construct:Backup","floor":48},{"not_picked":["Funeral","Mercenary"],"picked":"BlueStar","floor":48}],"player_experience":218087,"relics_obtained":[{"floor":1,"key":"LetterFromLob"},{"floor":6,"key":"Mango"},{"floor":9,"key":"construct:RocketBooster"},{"floor":25,"key":"TungstenRod"},{"floor":26,"key":"Mummified Hand"},{"floor":27,"key":"Singing Bowl"},{"floor":30,"key":"Question Card"},{"floor":40,"key":"Ornamental Fan"},{"floor":40,"key":"Mastiff:ReiMu"},{"floor":42,"key":"AtMidnight"},{"floor":46,"key":"Ice Cream"},{"floor":46,"key":"Bottled Tornado"},{"floor":48,"key":"Letter Opener"},{"floor":48,"key":"Blue Candle"}],"event_choices":[{"damage_healed":0,"gold_gain":0,"player_choice":"2","damage_taken":0,"max_hp_gain":0,"max_hp_loss":0,"event_name":"betterMatch:BetterMatch","floor":7,"gold_loss":0,"cards_obtained":[]},{"damage_healed":0,"gold_gain":2,"player_choice":"1","damage_taken":0,"max_hp_gain":0,"max_hp_loss":0,"event_name":"betterStone:BetterStone","floor":20,"gold_loss":0}],"is_beta":true,"boss_relics":[{"not_picked":["Busted Crown","Calling Bell"],"picked":"construct:ClawGrip"},{"not_picked":["Empty Cage","Snecko Eye"],"picked":"Black Star"}],"items_purged_floors":[10],"is_endless":false,"potions_floor_spawned":[6,14,16,25,28,33,35,40,48],"ascension_level":1}}