{"host":"m6e09adb7fik7oct","time":1611932316,"event":{"mods":["AchievementEnabler","BaseMod","Better Altar","Better Note","Better Sensory Stone","Better Third Choice","BetterRewards","Block Reminder","Colored Map","Displayed Cursed Tome","Energized Spire","Evolution","Infinite Spire","Ironclad Rager","Key Reminder","Mad Scientist","Minty Spire (QoL Compilation)","Quick Restart","RNG Fix","Relic Stats","Reorder Act Four","Replay The Spire","StSLib","The Construct","The Jungle","The Marked","Trackpad","Transform Curses","Unceasing Turn Reminder","Wandering Minibosses","everything is the same but u backflip on backflip"],"gold_per_floor":[114,114,129,129,20,20,35,50,75,75,90,105,105,155,155,155,155],"floor_reached":16,"language":"ENG","playtime":1018,"items_purged":[],"score":102,"play_id":"dfb88ec9-e767-4956-901f-e5920f9cb8c0","local_time":"20210129095836","daily_mods":["Shiny","Uncertain Future","Lethality"],"is_ascension_mode":false,"campfire_choices":[{"data":"Corruption","floor":6,"key":"SMITH"},{"data":"Feed","floor":10,"key":"SMITH"},{"floor":15,"key":"REST"}],"circlet_count":0,"master_deck":["Double Tap+1","Fiend Fire","Eclipse","Demonic Infusion","Exhume","Bludgeon","Limit Break","Hemogenesis","Demon Form","Berserk","Impervious","Juggernaut","Brutality","Offering","Feed+1","Replay:Many Hands","Corruption+1","Barricade","ICR:VitalStrike","Reaper","Immolate","Reckless Charge","Self Repair+1","Inflame","Havoc","Dark Shackles","Metallicize","Heavy Blade","Genetic Algorithm","HandOfGreed","Ghostly Armor"],"relics":["EVO:Axolotl","Iron Core","trackpad:IceCube","Magic Flower"],"acts_visited":["Exordium"],"potions_floor_usage":[16,16],"damage_taken":[{"damage":0,"enemies":"Cultist","floor":1,"turns":2},{"damage":0,"enemies":"Small Slimes","floor":3,"turns":2},{"damage":10,"enemies":"Jaw Worm","floor":7,"turns":3},{"damage":30,"enemies":"Blue Slaver","floor":8,"turns":5},{"damage":56,"enemies":"Gremlin Gang","floor":11,"turns":4},{"damage":18,"enemies":"Large Slime","floor":12,"turns":5},{"damage":28,"enemies":"Gremlin Nob","floor":14,"turns":4},{"damage":66,"enemies":"The Guardian","floor":16,"turns":9}],"seed_played":"1138922244981197753","potions_obtained":[{"floor":8,"key":"CultistPotion"},{"floor":12,"key":"AttackPotion"},{"floor":14,"key":"Strength Potion"}],"is_trial":false,"path_per_floor":["M","?","M","?","$","R","M","M","T","R","M","M","?","E","R","B"],"character_chosen":"IRONCLAD","items_purchased":["Havoc","Dark Shackles"],"campfire_rested":1,"item_purchase_floors":[5,5],"current_hp_per_floor":[81,81,84,84,84,84,84,67,67,67,45,37,37,19,46,0,0],"gold":155,"neow_bonus":"","is_daily":true,"chose_seed":false,"campfire_upgraded":2,"win_rate":0.0,"timestamp":1611932316,"path_taken":["M","?","M","?","$","R","M","M","T","R","M","M","?","E","R","BOSS"],"items_purchased_type":["Card","Card"],"build_version":"2020-12-22","purchased_purges":0,"victory":false,"max_hp_per_floor":[81,81,84,84,84,84,84,87,87,87,91,91,91,91,91,91,91],"relic_stats":{"counters":[8,34],"Magic Flower":[7],"obtain_stats":[{"Iron Core":2,"trackpad:IceCube":9,"Magic Flower":14,"EVO:Axolotl":0,"Burning Blood":0},{"Iron Core":1,"trackpad:IceCube":4,"Magic Flower":7,"EVO:Axolotl":0,"Burning Blood":0},{"Iron Core":2,"trackpad:IceCube":12,"Magic Flower":25,"EVO:Axolotl":0,"Burning Blood":0}]},"card_choices":[{"not_picked":["Headbutt","Bloodletting"],"picked":"Reckless Charge","floor":1},{"not_picked":["ReplayTheSpireMod:Repulse","ICR:Frenzy"],"picked":"Inflame","floor":3},{"not_picked":["Body Slam","Anger","Cold Snap"],"picked":"SKIP","floor":7},{"not_picked":["Hologram","Steam Power"],"picked":"Metallicize","floor":8},{"not_picked":["Second Wind","Run Through"],"picked":"Heavy Blade","floor":11},{"not_picked":["Power Through","Flex"],"picked":"Genetic Algorithm","floor":12},{"not_picked":["Dramatic Entrance","Purity"],"picked":"HandOfGreed","floor":13},{"not_picked":["Beam Cell","Flex"],"picked":"Ghostly Armor","floor":14}],"player_experience":342514,"relics_obtained":[{"floor":9,"key":"trackpad:IceCube"},{"floor":14,"key":"Magic Flower"}],"event_choices":[{"damage_healed":0,"gold_gain":0,"player_choice":"Upgraded","damage_taken":0,"max_hp_gain":0,"max_hp_loss":0,"event_name":"Upgrade Shrine","floor":4,"gold_loss":0,"cards_upgraded":["Double Tap"]},{"damage_healed":0,"gold_gain":1,"player_choice":"1","damage_taken":0,"max_hp_gain":0,"max_hp_loss":0,"event_name":"betterStone:BetterStone","floor":13,"gold_loss":0}],"is_beta":false,"boss_relics":[],"items_purged_floors":[],"is_endless":false,"potions_floor_spawned":[8,12,14],"killed_by":"The Guardian","ascension_level":0}}