{"host":"zk71suw73lg2r165","time":1611879768,"event":{"mods":["BaseMod","Colored Map","Minty Spire (QoL Compilation)","Permanent Neow","Relic Stats","StSLib"],"gold_per_floor":[111,131,141,151,151,151,301,301,352,373,373,373,373],"floor_reached":12,"language":"ENG","playtime":253,"items_purged":[],"score":139,"play_id":"5a4035c2-9408-4865-8c5a-11852386d7f7","local_time":"20210128192248","is_ascension_mode":true,"campfire_choices":[{"data":"Lockon","floor":6,"key":"SMITH"},{"data":"Capacitor","floor":8,"key":"SMITH"}],"circlet_count":0,"master_deck":["AscendersBane","Strike_B","Strike_B","Strike_B","Strike_B","Defend_B","Defend_B","Defend_B","Defend_B","Zap","Dualcast","Ball Lightning","Lockon+1","Cold Snap","Capacitor+1","Steam"],"relics":["Coffee Dripper","Golden Idol","DataDisk","Spirit Poop"],"acts_visited":["Exordium"],"potions_floor_usage":[10,12],"damage_taken":[{"damage":9,"enemies":"Small Slimes","floor":1,"turns":4},{"damage":6,"enemies":"2 Louse","floor":2,"turns":3},{"damage":12,"enemies":"Cultist","floor":3,"turns":4},{"damage":9,"enemies":"Looter","floor":4,"turns":2},{"damage":11,"enemies":"Large Slime","floor":10,"turns":6},{"damage":24,"enemies":"Lagavulin","floor":12,"turns":3}],"seed_played":"-9074680161919497668","potions_obtained":[{"floor":1,"key":"GamblersBrew"},{"floor":3,"key":"EssenceOfSteel"},{"floor":10,"key":"Energy Potion"}],"is_trial":false,"path_per_floor":["M","M","M","M","?","R","?","R","T","M","?","E"],"character_chosen":"DEFECT","items_purchased":[],"campfire_rested":0,"item_purchase_floors":[],"current_hp_per_floor":[55,49,37,28,28,28,28,28,28,17,17,0,0],"gold":373,"neow_bonus":"BOSS_RELIC","is_daily":false,"chose_seed":false,"campfire_upgraded":2,"win_rate":0.0,"timestamp":1611879768,"path_taken":["M","M","M","M","?","R","?","R","T","M","?","E"],"items_purchased_type":[],"build_version":"2020-12-22","purchased_purges":0,"victory":false,"max_hp_per_floor":[71,71,71,71,64,64,64,64,64,64,64,64,64],"relic_stats":{"counters":[6,22],"Golden Idol":4,"obtain_stats":[{"DataDisk":9,"Golden Idol":5,"Spirit Poop":11,"Coffee Dripper":0,"Cracked Core":0},{"DataDisk":4,"Golden Idol":4,"Spirit Poop":5,"Coffee Dripper":0,"Cracked Core":0},{"DataDisk":13,"Golden Idol":13,"Spirit Poop":19,"Coffee Dripper":0,"Cracked Core":0}]},"card_choices":[{"not_picked":["Rip and Tear","Coolheaded"],"picked":"Ball Lightning","floor":1},{"not_picked":["Steam","Tempest"],"picked":"Lockon","floor":2},{"not_picked":["Barrage","Go for the Eyes"],"picked":"Cold Snap","floor":3},{"not_picked":["Storm","Fusion"],"picked":"Capacitor","floor":4},{"not_picked":["Redo","Turbo"],"picked":"Steam","floor":10}],"player_experience":1405816,"relics_obtained":[{"floor":9,"key":"DataDisk"}],"event_choices":[{"damage_healed":0,"gold_gain":0,"player_choice":"Lose Max HP","damage_taken":0,"relics_obtained":["Golden Idol"],"max_hp_gain":0,"max_hp_loss":7,"event_name":"Golden Idol","floor":5,"gold_loss":0},{"damage_healed":0,"gold_gain":150,"player_choice":"AGREE","damage_taken":0,"max_hp_gain":0,"max_hp_loss":0,"event_name":"Liars Game","floor":7,"gold_loss":0,"cards_obtained":["Doubt"]},{"cards_removed":["Doubt"],"damage_healed":0,"gold_gain":0,"player_choice":"Offered Curse","damage_taken":0,"relics_obtained":["Spirit Poop"],"max_hp_gain":0,"max_hp_loss":0,"event_name":"Bonfire Elementals","floor":11,"gold_loss":0}],"is_beta":false,"boss_relics":[],"items_purged_floors":[],"is_endless":false,"potions_floor_spawned":[1,3,10],"killed_by":"Lagavulin","ascension_level":20}}