{"host":"gcl3kjho9wmyw479","time":1611911602,"event":{"mods":["Act Like it!","BaseMod","Better Note","Minty Spire (QoL Compilation)","Permanent Neow","Quick Restart","Replay The Spire","Shop Mod","StSLib","SuperFastMode","Wandering Minibosses"],"gold_per_floor":[111,36,36,36,136,136,168,168,219,249,284,184,184,59,123,218,218,233,242,242,92,92,92,125,153,178,208,208,208,208,239,239,337,337,350,201,210,0,9,9,37,67,67,64,97,97,97,97,97,97,97],"floor_reached":50,"language":"ENG","playtime":3254,"items_purged":["Heavy Blade","Anger","Replay:Undeath\u0027s Touch","Warcry"],"score":787,"play_id":"1828e80b-b218-423a-9240-4821585fb0cd","local_time":"20210129041322","daily_mods":["SealedDeck","Heirloom","Flight","DeadlyEvents","Elite Swarm"],"is_ascension_mode":true,"campfire_choices":[{"data":"Heavy Blade","floor":6,"key":"SMITH"},{"data":"Flex","floor":8,"key":"SMITH"},{"data":"Offering","floor":13,"key":"SMITH"},{"floor":23,"key":"RECALL"},{"floor":28,"key":"REST"},{"floor":29,"key":"REST"},{"floor":32,"key":"DIG"},{"data":"ReplayTheSpireMod:Muscle Training","floor":40,"key":"SMITH"},{"floor":46,"key":"REST"},{"data":"Pot Of Greed","floor":47,"key":"SMITH"},{"floor":49,"key":"DIG"}],"circlet_count":0,"master_deck":["Flex+1","Inflame+1","Flex+1","ReplayTheSpireMod:Muscle Training+1","ReplayTheSpireMod:LeadingStrike+1","Heavy Blade+1","Offering+1","Pot Of Greed+1","Panache","Bandage Up","Clash+1","Clash","Pot Of Greed+1"],"relics":["Burning Blood","Ring of Chaos","Turnip","Pear","CeramicFish","Blue Doll","Replay:Bronze Core","Grinning Jar","Another Sword","ReplayTheSpireMod:TigerMarble","Gremlin Food","Replay:WaspNest","Counterbalance","Centennial Puzzle","Busted Crown","Orichalcum","Red Mask","Lantern","Replay:Kaleidoscope","Regal Pillow","Pet Ghost","Blood Vial"],"acts_visited":["Exordium","TheCity","TheBeyond"],"potions_floor_usage":[27,41],"damage_taken":[{"damage":13,"enemies":"Jaw Worm","floor":1,"turns":2},{"damage":1,"enemies":"Gremlin Nob","floor":7,"turns":2},{"damage":31,"enemies":"3 Sentries","floor":10,"turns":6},{"damage":22,"enemies":"Lagavulin","floor":11,"turns":3},{"damage":7,"enemies":"Slime Boss","floor":16,"turns":2},{"damage":7,"enemies":"Chosen","floor":18,"turns":1},{"damage":7,"enemies":"Replay:Snechameleon","floor":24,"turns":1},{"damage":31,"enemies":"Slavers","floor":25,"turns":3},{"damage":33,"enemies":"Book of Stabbing","floor":27,"turns":3},{"damage":8,"enemies":"Gremlin Leader","floor":31,"turns":3},{"damage":8,"enemies":"Collector","floor":33,"turns":1},{"damage":1,"enemies":"Orb Walker","floor":35,"turns":1},{"damage":37,"enemies":"R_Hoarder","floor":41,"turns":6},{"damage":9,"enemies":"Reptomancer","floor":42,"turns":2},{"damage":12,"enemies":"Giant Head","floor":45,"turns":4},{"damage":95,"enemies":"Time Eater","floor":50,"turns":5}],"seed_played":"-7967376549851637688","potions_obtained":[{"floor":1,"key":"LiquidBronze"},{"floor":11,"key":"Energy Potion"},{"floor":16,"key":"Weak Potion"},{"floor":31,"key":"AttackPotion"}],"is_trial":true,"path_per_floor":["M","$","WH","?","WH","R","E","R","T","E","E","$","R","$","R","B",null,"M","WH","?","$","WH","R","E","E","T","E","R","R","?","E","R","B",null,"M","$","?","?","WH","R","E","E","T","$","E","R","R","$","R","B"],"character_chosen":"IRONCLAD","items_purchased":["Orichalcum","Clash"],"campfire_rested":3,"item_purchase_floors":[36,44],"current_hp_per_floor":[73,73,73,73,73,73,88,88,88,63,47,47,47,47,47,46,90,89,89,89,89,89,89,88,63,63,36,63,90,90,88,88,86,90,90,90,90,90,90,90,63,64,64,64,62,90,90,90,90,0,0],"gold":97,"neow_bonus":"RANDOM_COLORLESS","is_daily":false,"chose_seed":false,"campfire_upgraded":5,"win_rate":0.0,"timestamp":1611911602,"path_taken":["M","$","WH","?","WH","R","E","R","T","E","E","$","R","$","R","BOSS","M","WH","?","$","WH","R","E","E","T","E","R","R","?","E","R","BOSS","M","$","?","?","WH","R","E","E","T","$","?","R","R","$","R","BOSS"],"items_purchased_type":["Relic","Card"],"build_version":"2020-12-22","purchased_purges":4,"victory":false,"max_hp_per_floor":[80,80,80,80,80,80,90,90,90,90,90,90,90,90,90,90,90,90,90,90,90,90,90,90,90,90,90,90,90,90,90,90,90,90,90,90,90,90,90,90,90,90,90,90,90,90,90,90,90,90,90],"card_choices":[{"not_picked":["ReplayTheSpireMod:Stacked","Shrug It Off"],"picked":"Heavy Blade","floor":1},{"not_picked":["Impervious","Corruption","Demonic Infusion"],"picked":"SKIP","floor":7},{"not_picked":["Reaper","Immolate","Fiend Fire"],"picked":"SKIP","floor":10},{"not_picked":["Corruption","Juggernaut"],"picked":"Offering","floor":11},{"not_picked":["True Grit","Infernal Blade","Clothesline+1"],"picked":"SKIP","floor":18},{"not_picked":["Juggernaut","Barricade","Berserk"],"picked":"SKIP","floor":24},{"not_picked":["Replay:Many Hands","Impervious","Offering"],"picked":"SKIP","floor":25},{"not_picked":["Reaper","Offering","Immolate"],"picked":"SKIP","floor":27},{"not_picked":["Impervious","Brutality","Fiend Fire"],"picked":"SKIP","floor":31},{"not_picked":["Twin Strike+1"],"picked":"SKIP","floor":35},{"not_picked":[],"picked":"Panache","floor":37},{"not_picked":["ReplayTheSpireMod:Trickstab","Good Instincts"],"picked":"Bandage Up","floor":39},{"not_picked":["Brutality"],"picked":"SKIP","floor":41},{"not_picked":["Hemogenesis"],"picked":"SKIP","floor":42},{"not_picked":["Brutality"],"picked":"SKIP","floor":45}],"player_experience":414118,"relics_obtained":[{"floor":7,"key":"Pear"},{"floor":10,"key":"CeramicFish"},{"floor":11,"key":"Blue Doll"},{"floor":24,"key":"Another Sword"},{"floor":25,"key":"ReplayTheSpireMod:TigerMarble"},{"floor":26,"key":"Gremlin Food"},{"floor":27,"key":"Replay:WaspNest"},{"floor":31,"key":"Counterbalance"},{"floor":32,"key":"Centennial Puzzle"},{"floor":41,"key":"Lantern"},{"floor":42,"key":"Replay:Kaleidoscope"},{"floor":43,"key":"Regal Pillow"},{"floor":45,"key":"Pet Ghost"},{"floor":49,"key":"Blood Vial"}],"event_choices":[{"cards_removed":["Warcry"],"damage_healed":0,"gold_gain":0,"player_choice":"Give","damage_taken":0,"max_hp_gain":0,"max_hp_loss":0,"event_name":"betterNote:BetterNote","floor":20,"gold_loss":0,"cards_obtained":["Burning Pact"]},{"damage_healed":0,"gold_gain":0,"player_choice":"Memory 1","damage_taken":0,"max_hp_gain":0,"max_hp_loss":0,"event_name":"SensoryStone","floor":37,"gold_loss":0},{"damage_healed":0,"gold_gain":0,"player_choice":"Paid","damage_taken":0,"relics_obtained":["Red Mask"],"max_hp_gain":0,"max_hp_loss":0,"event_name":"Tomb of Lord Red Mask","floor":38,"gold_loss":210}],"is_beta":false,"boss_relics":[{"not_picked":["SlaversCollar","Replay:Wanted Poster"],"picked":"Replay:Bronze Core"},{"not_picked":["Philosopher\u0027s Stone","Black Blood"],"picked":"Busted Crown"}],"items_purged_floors":[2,12,14,21],"is_endless":false,"potions_floor_spawned":[1,11,16,31,35],"killed_by":"Time Eater","ascension_level":4}}