{"host":"3j2m8n0ywf988fwb","time":1611916021,"event":{"mods":["2.2 Compatiblity","AchievementEnabler","Aspiration","BaseMod","Better Altar","Better Match","Better Note","Better Sensory Stone","Better Skull","Better Third Choice","CCEM2","ChefMod","Colored Map","Colored Powertips","Conspire","Dark Map","Energized Spire","GifTheSpireLib","Halation","Highlight Path","Hubris","Infinite Spire","Jedi Mod","Marked Mod","Mimic Mod","Minty Spire (QoL Compilation)","Monster B Gone","Random Character Button","Relic Filter Mod","Relic Stats","Reliquary","Replay The Spire","Robot Space Explorer","Shop Mod","Somnambulant","StS++","StSLib","Stuff the Spire","The Bug Knight","The Hierophant","The Runesmith","TheSurvivalist","Unceasing Turn Reminder","Weighted Paths","everything is the same but u backflip on backflip"],"gold_per_floor":[118,118,128,178,191,517,472,472,472],"floor_reached":8,"language":"ENG","playtime":506,"items_purged":[],"score":56,"play_id":"e4989544-bd2e-4a9e-bae4-cdfa6ea22aef","local_time":"20210129042701","is_ascension_mode":false,"campfire_choices":[],"circlet_count":0,"master_deck":["survmod:Strike","survmod:Strike","survmod:Strike","survmod:Strike","survmod:Defend","survmod:Defend","survmod:Defend","survmod:Defend","survmod:VersatileOffense","survmod:Sprint","hubris:Disease","conspire:NecroticWound","survmod:FenceTrap","hubris:NaturalOne","survmod:Adaptability","ReplayTheSpireMod:Splinters","survmod:SimpleMutation","survmod:PoisonTrap","survmod:SurpriseTrap","survmod:BearTrap","survmod:AcidTrap"],"relics":["survmod:InnateMutation","jedi:battlestandard","hubris:Icosahedron","hubris:TinFlute","Old Coin"],"acts_visited":["Exordium"],"potions_floor_usage":[],"damage_taken":[{"damage":3,"enemies":"Cultist","floor":1,"turns":4},{"damage":1,"enemies":"2 Louse","floor":3,"turns":2},{"damage":0,"enemies":"Small Slimes","floor":5,"turns":5},{"damage":53,"enemies":"Gremlin Nob","floor":6,"turns":9},{"damage":5,"enemies":"Looter","floor":7,"turns":5},{"damage":12,"enemies":"HollowMod:MossKnight","floor":8,"turns":5}],"seed_played":"731146676004931424","potions_obtained":[{"floor":3,"key":"FairyPotion"}],"is_trial":false,"path_per_floor":["M","?","M","?","M","E","M","E"],"character_chosen":"THE_SURVIVOR","items_purchased":[],"campfire_rested":0,"item_purchase_floors":[],"current_hp_per_floor":[47,47,46,46,46,15,10,0,0],"gold":472,"neow_bonus":"CURSED_BOSS_RELIC","is_daily":false,"chose_seed":false,"campfire_upgraded":0,"win_rate":0.0,"timestamp":1611916021,"path_taken":["M","?","M","?","M","E","M","E"],"items_purchased_type":[],"build_version":"2020-12-22","purchased_purges":0,"victory":false,"max_hp_per_floor":[50,50,50,50,50,50,50,50,50],"relic_stats":{"counters":[6,30],"obtain_stats":[{"hubris:Icosahedron":2,"jedi:battlestandard":0,"survmod:InnateMutation":0,"hubris:TinFlute":4,"Old Coin":6},{"hubris:Icosahedron":1,"jedi:battlestandard":0,"survmod:InnateMutation":0,"hubris:TinFlute":2,"Old Coin":4},{"hubris:Icosahedron":4,"jedi:battlestandard":0,"survmod:InnateMutation":0,"hubris:TinFlute":6,"Old Coin":20}]},"card_choices":[{"not_picked":["survmod:SwiftKick","survmod:PinningSnipe"],"picked":"survmod:FenceTrap","floor":1},{"not_picked":["survmod:SimpleMutation","survmod:SwiftKick"],"picked":"survmod:Adaptability","floor":3},{"not_picked":["survmod:FlareBarrage","survmod:NockAnArrow"],"picked":"survmod:SimpleMutation","floor":4},{"not_picked":["survmod:TacticalManeuver","survmod:NockAnArrow"],"picked":"survmod:PoisonTrap","floor":4},{"not_picked":["survmod:ConcussiveShot","survmod:SimpleMutation"],"picked":"survmod:SurpriseTrap","floor":5},{"not_picked":["survmod:PenetratingShot","survmod:DuckAndFlare"],"picked":"survmod:BearTrap","floor":6},{"not_picked":["survmod:SimpleMutation","survmod:BearTrap"],"picked":"survmod:AcidTrap","floor":7}],"player_experience":975247,"relics_obtained":[{"floor":4,"key":"hubris:TinFlute"},{"floor":6,"key":"Old Coin"}],"event_choices":[],"is_beta":false,"boss_relics":[],"items_purged_floors":[],"is_endless":false,"potions_floor_spawned":[3],"killed_by":"HollowMod:MossKnight","ascension_level":0}}