{"host":"15aj5evy2lp05ri4","time":1611961938,"event":{"mods":["AchievementEnabler","BaseMod","Minty Spire (QoL Compilation)"],"gold_per_floor":[119,130,205,54,54,54,31,66,117,117,117,145,45,58,58,58,58],"floor_reached":16,"language":"ENG","playtime":298,"items_purged":["Strike_B","Strike_B"],"score":190,"play_id":"f59fc513-7365-4864-a902-bfc3ed924805","local_time":"20210130001218","is_ascension_mode":true,"campfire_choices":[{"data":"Gash","floor":6.0,"key":"SMITH"},{"data":"Coolheaded","floor":10.0,"key":"SMITH"},{"floor":15,"key":"REST"}],"circlet_count":0,"master_deck":["Defend_B","Defend_B","Defend_B","Defend_B","Zap","Dualcast","Sweeping Beam","Gash+1","Defragment","Coolheaded+1","Blizzard","Chill","Conserve Battery"],"relics":["Cracked Core","NeowsBlessing","Blue Candle","Bag of Marbles","Boot"],"acts_visited":["Exordium"],"potions_floor_usage":[16,16,16],"damage_taken":[{"damage":0.0,"enemies":"2 Louse","floor":1.0,"turns":1.0},{"damage":0.0,"enemies":"Jaw Worm","floor":2.0,"turns":1.0},{"damage":0.0,"enemies":"Gremlin Nob","floor":8.0,"turns":1.0},{"damage":21,"enemies":"3 Sentries","floor":12,"turns":6},{"damage":0,"enemies":"Small Slimes","floor":14,"turns":3},{"damage":51,"enemies":"Hexaghost","floor":16,"turns":11}],"seed_played":"-8633760094900551796","potions_obtained":[{"floor":2.0,"key":"SneckoOil"},{"floor":12,"key":"LiquidMemories"},{"floor":14,"key":"Energy Potion"}],"is_trial":false,"path_per_floor":["M","M","?","$","?","R","$","E","T","R","?","E","$","M","R","B"],"character_chosen":"DEFECT","items_purchased":["Defragment","Coolheaded"],"campfire_rested":1,"item_purchase_floors":[4,7],"current_hp_per_floor":[68,68,57,57,50,50,50,50,50,50,50,29,29,29,51,0,0],"gold":58,"neow_bonus":"THREE_ENEMY_KILL","is_daily":false,"chose_seed":false,"campfire_upgraded":2,"win_rate":0.0,"timestamp":1611961938,"path_taken":["M","M","?","$","?","R","?","E","T","R","?","E","$","M","R","BOSS"],"items_purchased_type":["Card","Card"],"build_version":"2020-12-22","purchased_purges":2,"victory":false,"max_hp_per_floor":[75,75,75,75,75,75,75,75,75,75,75,75,75,75,75,75,75],"card_choices":[{"not_picked":["Steam","White Noise"],"picked":"Sweeping Beam","floor":1.0},{"not_picked":["Chill","Fusion"],"picked":"Gash","floor":2.0},{"not_picked":["Redo","White Noise"],"picked":"Blizzard","floor":8.0},{"not_picked":["Buffer","Compile Driver"],"picked":"Chill","floor":12},{"not_picked":["Rebound","Beam Cell"],"picked":"Conserve Battery","floor":14}],"player_experience":686680,"relics_obtained":[{"floor":8.0,"key":"Blue Candle"},{"floor":9.0,"key":"Bag of Marbles"},{"floor":12,"key":"Boot"}],"event_choices":[{"damage_healed":0.0,"max_hp_gain":0.0,"max_hp_loss":0.0,"gold_gain":75.0,"event_name":"World of Goop","player_choice":"Gather Gold","floor":3.0,"gold_loss":0.0,"damage_taken":11.0},{"cards_removed":["Strike_B"],"damage_healed":0.0,"max_hp_gain":0.0,"max_hp_loss":0.0,"gold_gain":0.0,"event_name":"Golden Wing","player_choice":"Card Removal","floor":5.0,"gold_loss":0.0,"damage_taken":7.0},{"cards_removed":["Strike_B"],"damage_healed":0.0,"max_hp_gain":0.0,"max_hp_loss":0.0,"gold_gain":0.0,"event_name":"Living Wall","player_choice":"Forget","floor":11.0,"gold_loss":0.0,"damage_taken":0.0}],"is_beta":false,"boss_relics":[],"items_purged_floors":[4,13],"is_endless":false,"potions_floor_spawned":[2,12,14],"killed_by":"Hexaghost","ascension_level":9}}