{"host":"dscols65uipasqd2","time":1611903116,"event":{"mods":["2.2 Compatiblity","AchievementEnabler","Aspiration","BaseMod","Colored Powertips","Downfall","Energized Spire","GifTheSpireLib","Hermit","Hubris","Infinite Spire","JesterMod","Jorbs\u0027s Wanderer Trilogy","Magitek Elite","Marisa????????","Minty Spire (QoL Compilation)","Rare Cards Sparkle","Replay The Spire","StSLib","Stuff the Spire","The Cursed","The Disciple","The Hierophant","The Judge","The Jungle","TheFirefly"],"gold_per_floor":[99,117,117,117,129,129,129,146,157,157,173,38,38,48,63,63,63,63],"floor_reached":16,"language":"ENG","playtime":753,"items_purged":[],"score":94,"play_id":"f8d77b59-dcfb-4f17-8e10-d6a80b9a987c","local_time":"20210129015156","is_ascension_mode":false,"campfire_choices":[{"data":"Guardian:TimeSifter","floor":1,"key":"SMITH"},{"floor":6,"key":"REST"},{"floor":13,"key":"REST"}],"circlet_count":0,"master_deck":["Guardian:Strike_Guardian","Guardian:Strike_Guardian","Guardian:Strike_Guardian","Guardian:Strike_Guardian","Guardian:Defend_Guardian","Guardian:Defend_Guardian","Guardian:Defend_Guardian","Guardian:Defend_Guardian","Guardian:CurlUp","Guardian:TwinSlam","Guardian:TimeSifter+1","Guardian:ShieldCharger","Guardian:TwinSlam","Guardian:CurlUp","downfall:Malfunctioning","Guardian:FloatingOrbs","Guardian:ShieldCharger","Injury","Guardian:Planning","Guardian:ArmoredProtocol+1","Guardian:EvasiveProtocol+1","Guardian:SentryBeam"],"relics":["Guardian:ModeShifter","downfall:ShatteredFragment","Mummified Hand","Frozen Egg 2"],"acts_visited":["Exordium"],"potions_floor_usage":[12,16],"damage_taken":[{"damage":8,"enemies":"Small Slimes","floor":2,"turns":4},{"damage":1,"enemies":"Cultist","floor":5,"turns":4},{"damage":11,"enemies":"Jaw Worm","floor":8,"turns":3},{"damage":9,"enemies":"2 Fungi Beasts","floor":9,"turns":4},{"damage":15,"enemies":"Lots of Slimes","floor":11,"turns":5},{"damage":0,"enemies":"downfall:FleeingMerchant","floor":12,"turns":4},{"damage":0,"enemies":"Large Slime","floor":14,"turns":5},{"damage":6,"enemies":"2 Fungi Beasts","floor":15,"turns":3},{"damage":62,"enemies":"SI_SHIV_ARCHETYPE","floor":16,"turns":6}],"seed_played":"2573680773641259033","potions_obtained":[{"floor":5,"key":"Swift Potion"},{"floor":11,"key":"SkillPotion"},{"floor":15,"key":"PowerPotion"}],"is_trial":false,"path_per_floor":["R","M","?","?","M","R","T","M","M","?","M","$","R","M","M","B"],"character_chosen":"GUARDIAN","items_purchased":["Guardian:ArmoredProtocol+1","Guardian:Gem_Green"],"campfire_rested":2,"item_purchase_floors":[12,12],"current_hp_per_floor":[80,72,48,48,47,71,71,60,51,51,36,36,60,60,54,0,0,0],"gold":63,"neow_bonus":"ONE_RANDOM_RARE_CARD","is_daily":false,"chose_seed":false,"campfire_upgraded":1,"win_rate":0.0,"timestamp":1611903116,"path_taken":["R","M","?","?","?","R","T","M","M","?","M","?","R","M","M","BOSS"],"items_purchased_type":["Card","Card"],"build_version":"2020-12-22","purchased_purges":0,"victory":false,"max_hp_per_floor":[80,80,80,80,80,80,80,80,80,80,80,80,80,80,80,80,80,80],"card_choices":[{"not_picked":["Guardian:Suspension","Guardian:VentSteam"],"picked":"Guardian:ShieldCharger","floor":2},{"not_picked":["Guardian:RollAttack","Guardian:PrismaticBeam"],"picked":"Guardian:FloatingOrbs","floor":5},{"not_picked":["Guardian:SentryBeam","Guardian:FloatingOrbs"],"picked":"Guardian:ShieldCharger","floor":8},{"not_picked":["Guardian:Reroute","Guardian:PiercingHide"],"picked":"Guardian:Gem_Cyan","floor":9},{"not_picked":["Guardian:Suspension","Guardian:BodySlam"],"picked":"Guardian:Planning","floor":11},{"not_picked":["Guardian:Gem_White","Guardian:WalkerClaw"],"picked":"Guardian:Gem_Lightblue","floor":12},{"not_picked":["Guardian:Gem_White","Guardian:GuardianWhirl"],"picked":"Guardian:EvasiveProtocol+1","floor":14},{"not_picked":["Guardian:Planning","Guardian:RollAttack"],"picked":"Guardian:SentryBeam","floor":15}],"player_experience":492000,"relics_obtained":[{"floor":7,"key":"Mummified Hand"}],"event_choices":[],"is_beta":false,"boss_relics":[],"items_purged_floors":[],"is_endless":false,"potions_floor_spawned":[5,11,15],"killed_by":"SI_SHIV_ARCHETYPE","ascension_level":0}}