{"host":"9n6i2vl93jt4o42q","time":1611947629,"event":{"mods":["BaseMod","Minty Spire (QoL Compilation)","Relic Stats"],"gold_per_floor":[109,125,125,125,203,219,219,244,244,244,280,319,337,362,362,362,362],"floor_reached":16,"language":"ENG","playtime":1338,"items_purged":[],"score":254,"play_id":"75705e3f-3fd8-40f8-8d43-66127a3e8ba8","local_time":"20210129201349","is_ascension_mode":true,"campfire_choices":[{"data":"Corruption","floor":7.0,"key":"SMITH"},{"data":"Feel No Pain","floor":10.0,"key":"SMITH"},{"data":"Dual Wield","floor":15,"key":"SMITH"}],"circlet_count":0,"master_deck":["AscendersBane","Strike_R","Strike_R","Strike_R","Strike_R","Defend_R","Defend_R","Defend_R","Defend_R","Bash","Corruption+1","Feel No Pain+1","Clash","Ghostly Armor","Inflame","Pummel","Dual Wield+1","Impervious","Headbutt","Pommel Strike"],"relics":["Burning Blood","Golden Idol","Ornamental Fan","Odd Mushroom","Bottled Flame"],"acts_visited":["Exordium"],"potions_floor_usage":[16],"damage_taken":[{"damage":16.0,"enemies":"2 Louse","floor":1.0,"turns":2.0},{"damage":2.0,"enemies":"Jaw Worm","floor":2.0,"turns":6.0},{"damage":3.0,"enemies":"Small Slimes","floor":6.0,"turns":5.0},{"damage":4.0,"enemies":"2 Fungi Beasts","floor":8.0,"turns":4.0},{"damage":23.0,"enemies":"The Mushroom Lair","floor":11.0,"turns":6.0},{"damage":0.0,"enemies":"Lagavulin","floor":12.0,"turns":5.0},{"damage":12,"enemies":"Looter","floor":13,"turns":4},{"damage":0,"enemies":"Blue Slaver","floor":14,"turns":4},{"damage":56,"enemies":"Hexaghost","floor":16,"turns":9}],"seed_played":"1700748187264328514","potions_obtained":[{"floor":2.0,"key":"BlessingOfTheForge"},{"floor":8.0,"key":"LiquidBronze"},{"floor":13,"key":"DuplicationPotion"}],"is_trial":false,"path_per_floor":["M","M","?","?","?","M","R","M","T","R","?","E","M","M","R","B"],"character_chosen":"IRONCLAD","items_purchased":[],"campfire_rested":0,"item_purchase_floors":[],"current_hp_per_floor":[58,62,62,62,62,62,62,62,62,62,45,51,45,51,51,0,0],"gold":362,"neow_bonus":"THREE_RARE_CARDS","is_daily":false,"chose_seed":false,"campfire_upgraded":3,"win_rate":0.0,"timestamp":1611947629,"path_taken":["M","M","?","?","?","M","R","M","T","R","?","E","M","M","R","BOSS"],"items_purchased_type":[],"build_version":"2020-12-22","purchased_purges":0,"victory":false,"max_hp_per_floor":[68,68,62,62,62,62,62,62,62,62,62,62,62,62,62,62,62],"relic_stats":{"counters":[9,45],"Golden Idol":32,"Ornamental Fan":[4],"obtain_stats":[{"Bottled Flame":12,"Golden Idol":3,"Ornamental Fan":9,"Odd Mushroom":11,"Burning Blood":0},{"Bottled Flame":6,"Golden Idol":2,"Ornamental Fan":4,"Odd Mushroom":5,"Burning Blood":0},{"Bottled Flame":28,"Golden Idol":8,"Ornamental Fan":17,"Odd Mushroom":23,"Burning Blood":0}],"Burning Blood":43},"card_choices":[{"not_picked":["Exhume","Brutality"],"picked":"Corruption","floor":0.0},{"not_picked":["Sword Boomerang","Armaments"],"picked":"Feel No Pain","floor":1.0},{"not_picked":["Ghostly Armor","Rupture"],"picked":"Clash","floor":2.0},{"not_picked":["True Grit","Entrench"],"picked":"Inflame","floor":6.0},{"not_picked":["Clothesline","Twin Strike"],"picked":"Pummel","floor":8.0},{"not_picked":["Flame Barrier","Battle Trance"],"picked":"Dual Wield","floor":11.0},{"not_picked":["Clothesline","Havoc"],"picked":"Impervious","floor":12.0},{"not_picked":["True Grit","Heavy Blade"],"picked":"Headbutt","floor":13},{"not_picked":["Combust","Headbutt"],"picked":"Pommel Strike","floor":14}],"player_experience":2334249,"relics_obtained":[{"floor":9.0,"key":"Ornamental Fan"},{"floor":11.0,"key":"Odd Mushroom"},{"floor":12.0,"key":"Bottled Flame"}],"event_choices":[{"damage_healed":0.0,"max_hp_gain":0.0,"max_hp_loss":6.0,"gold_gain":0.0,"event_name":"Golden Idol","player_choice":"Lose Max HP","floor":3.0,"gold_loss":0.0,"damage_taken":0.0,"relics_obtained":["Golden Idol"]},{"damage_healed":0.0,"max_hp_gain":0.0,"max_hp_loss":0.0,"gold_gain":0.0,"cards_transformed":["Strike_R"],"event_name":"Living Wall","player_choice":"Change","floor":4.0,"gold_loss":0.0,"damage_taken":0.0,"cards_obtained":["Ghostly Armor"]},{"damage_healed":0.0,"max_hp_gain":0.0,"max_hp_loss":0.0,"gold_gain":78.0,"event_name":"Golden Wing","player_choice":"Gained Gold","floor":5.0,"gold_loss":0.0,"damage_taken":0.0},{"damage_healed":0.0,"max_hp_gain":0.0,"max_hp_loss":0.0,"gold_gain":0.0,"event_name":"Mushrooms","player_choice":"Fought Mushrooms","floor":11.0,"gold_loss":0.0,"damage_taken":0.0}],"is_beta":false,"boss_relics":[],"items_purged_floors":[],"is_endless":false,"potions_floor_spawned":[2,8,13,14],"killed_by":"Hexaghost","ascension_level":20}}