{"host":"oytjgf0lma69qpzi","time":1611880846,"event":{"mods":["BaseMod","Colored Powertips","DeckTracker","Minty Spire (QoL Compilation)","Quick Restart"],"gold_per_floor":[209,209,94,106,56,56,33,33,33,52,52,87,87,99,99,99,99],"floor_reached":16,"language":"ENG","playtime":410,"items_purged":["Zap"],"score":115,"play_id":"4ace82d9-9faf-4d17-90bd-0a24a21b0dc9","local_time":"20210129014046","is_ascension_mode":true,"campfire_choices":[{"data":"Defragment","floor":6,"key":"SMITH"},{"data":"Leap","floor":8,"key":"SMITH"},{"data":"Leap","floor":15,"key":"SMITH"}],"circlet_count":0,"master_deck":["Strike_B","Strike_B","Strike_B","Strike_B","Defend_B","Defend_B","Dualcast","Leap+1","Defragment+1","Gash","Leap+1","Leap","BootSequence"],"relics":["Cracked Core","Mercury Hourglass","Blood Vial"],"acts_visited":["Exordium"],"potions_floor_usage":[16],"damage_taken":[{"damage":16,"enemies":"Jaw Worm","floor":1,"turns":4},{"damage":0,"enemies":"2 Louse","floor":4,"turns":3},{"damage":0,"enemies":"Cultist","floor":10,"turns":3},{"damage":19,"enemies":"Gremlin Nob","floor":12,"turns":5},{"damage":15,"enemies":"2 Fungi Beasts","floor":13,"turns":3},{"damage":4,"enemies":"Large Slime","floor":14,"turns":5},{"damage":23,"enemies":"Hexaghost","floor":16,"turns":12}],"seed_played":"-6266835246652009185","potions_obtained":[{"floor":4,"key":"GamblersBrew"},{"floor":12,"key":"Energy Potion"}],"is_trial":false,"path_per_floor":["M","?","$","M","?","R","$","R","T","M","?","E","M","M","R","B"],"character_chosen":"DEFECT","items_purchased":["Defragment","Leap"],"campfire_rested":0,"item_purchase_floors":[3,7],"current_hp_per_floor":[59,59,59,59,59,59,59,59,59,59,52,33,20,18,18,0,0],"gold":99,"neow_bonus":"HUNDRED_GOLD","is_daily":false,"chose_seed":false,"campfire_upgraded":3,"win_rate":0.0,"timestamp":1611880846,"path_taken":["M","?","$","M","?","R","?","R","T","?","?","E","M","M","R","BOSS"],"items_purchased_type":["Card","Card"],"build_version":"2020-12-22","purchased_purges":1,"victory":false,"max_hp_per_floor":[75,75,75,75,75,75,75,75,75,75,75,75,75,75,75,75,75],"card_choices":[{"not_picked":["Hologram","BootSequence"],"picked":"Leap","floor":1},{"not_picked":["Streamline","Tempest"],"picked":"Gash","floor":4},{"not_picked":["Tempest","Fusion"],"picked":"Leap","floor":10},{"not_picked":["Darkness","Go for the Eyes"],"picked":"BootSequence","floor":12},{"not_picked":["Machine Learning","Skim","Hologram"],"picked":"SKIP","floor":13},{"not_picked":["Static Discharge","Aggregate","Rebound"],"picked":"SKIP","floor":14}],"player_experience":211274,"relics_obtained":[{"floor":9,"key":"Mercury Hourglass"},{"floor":12,"key":"Blood Vial"}],"event_choices":[{"damage_healed":0,"gold_gain":0,"player_choice":"Fled","damage_taken":0,"max_hp_gain":0,"max_hp_loss":0,"event_name":"Scrap Ooze","floor":2,"gold_loss":0},{"cards_removed":["Defend_B"],"damage_healed":0,"gold_gain":0,"player_choice":"Card Removal","damage_taken":0,"max_hp_gain":0,"max_hp_loss":0,"event_name":"The Cleric","floor":5,"gold_loss":50},{"cards_removed":["Defend_B"],"damage_healed":0,"gold_gain":0,"player_choice":"Card Removal","damage_taken":7,"max_hp_gain":0,"max_hp_loss":0,"event_name":"Golden Wing","floor":11,"gold_loss":0}],"is_beta":false,"boss_relics":[],"items_purged_floors":[3],"is_endless":false,"potions_floor_spawned":[4,12,13],"killed_by":"Hexaghost","ascension_level":3}}