{"host":"yx5rao87132cy5xq","time":1611892824,"event":{"mods":["2.2 Compatiblity","AchievementEnabler","BaseMod","Bestiary","Colored Map","Colored Powertips","Minty Spire (QoL Compilation)","Quick Restart","Relic Stats","Slay-I","SuperFastMode"],"gold_per_floor":[114,114,130,130,130,130,161,180,252,273,307,307,307,342,342,414,414,431,404,329,232,261,261,261],"floor_reached":23,"language":"ENG","playtime":1348,"items_purged":["Strike_R"],"score":338,"play_id":"786ffc6e-fa81-410a-8274-d113c8b5174e","local_time":"20210129050024","is_ascension_mode":true,"campfire_choices":[{"data":"Bash","floor":6,"key":"SMITH"},{"data":"True Grit","floor":13,"key":"SMITH"},{"data":"Shrug It Off","floor":15,"key":"SMITH"}],"circlet_count":0,"master_deck":["AscendersBane","Strike_R","Strike_R","Strike_R","Strike_R+1","Defend_R","Defend_R","Defend_R","Defend_R","Bash+1","Power Through","Reckless Charge+1","Carnage","True Grit+1","Shrug It Off+1","Disarm","Power Through","Bludgeon","Entrench+1","Dark Embrace","Shrug It Off"],"relics":["Burning Blood","Thread and Needle","Whetstone","Juzu Bracelet","Sundial","Odd Mushroom","Calipers","PreservedInsect","Strawberry","SacredBark","Red Mask"],"acts_visited":["Exordium","TheCity"],"potions_floor_usage":[11,21,22,22],"damage_taken":[{"damage":2,"enemies":"2 Louse","floor":1,"turns":3},{"damage":0,"enemies":"Cultist","floor":3,"turns":3},{"damage":40,"enemies":"3 Sentries","floor":7,"turns":14},{"damage":4,"enemies":"Small Slimes","floor":8,"turns":2},{"damage":11,"enemies":"The Mushroom Lair","floor":10,"turns":4},{"damage":11,"enemies":"Gremlin Nob","floor":11,"turns":4},{"damage":9,"enemies":"Lagavulin","floor":14,"turns":5},{"damage":34,"enemies":"Hexaghost","floor":16,"turns":14},{"damage":36,"enemies":"Shell Parasite","floor":18,"turns":6},{"damage":10,"enemies":"2 Thieves","floor":19,"turns":5},{"damage":48,"enemies":"Masked Bandits","floor":22,"turns":7},{"damage":30,"enemies":"Gremlin Leader","floor":23,"turns":4}],"seed_played":"7995825919318480914","potions_obtained":[{"floor":3,"key":"SpeedPotion"},{"floor":7,"key":"SmokeBomb"},{"floor":8,"key":"Weak Potion"},{"floor":11,"key":"EssenceOfSteel"},{"floor":19,"key":"BloodPotion"}],"is_trial":false,"path_per_floor":["M","?","M","?","T","R","E","M","T","?","E","?","R","E","R","B",null,"M","M","$","$","?","E"],"character_chosen":"IRONCLAD","items_purchased":["AttackPotion","FearPotion"],"campfire_rested":0,"item_purchase_floors":[21,21],"current_hp_per_floor":[76,76,80,80,80,80,46,48,48,43,38,38,38,42,42,14,69,39,35,35,69,27,0,0],"gold":261,"neow_bonus":"ONE_RARE_RELIC","is_daily":false,"chose_seed":false,"campfire_upgraded":3,"win_rate":0.0,"timestamp":1611892824,"path_taken":["M","?","?","?","?","R","E","M","T","?","E","?","R","E","R","BOSS","M","M","?","$","?","E"],"items_purchased_type":["Potion","Potion"],"build_version":"2020-12-22","purchased_purges":1,"victory":false,"max_hp_per_floor":[80,80,80,80,80,80,80,80,80,80,80,80,80,87,87,87,87,87,87,87,87,87,87,87],"relic_stats":{"counters":[12,71],"Sundial":[6],"PreservedInsect":75,"Juzu Bracelet":2,"Whetstone":["Strike_R","Reckless Charge"],"obtain_stats":[{"Calipers":11,"Sundial":9,"Strawberry":14,"SacredBark":17,"Thread and Needle":0,"PreservedInsect":12,"Juzu Bracelet":7,"Red Mask":22,"Whetstone":5,"Odd Mushroom":10,"Burning Blood":0},{"Calipers":6,"Sundial":4,"Strawberry":7,"SacredBark":8,"Thread and Needle":0,"PreservedInsect":6,"Juzu Bracelet":3,"Red Mask":11,"Whetstone":2,"Odd Mushroom":5,"Burning Blood":0},{"Calipers":30,"Sundial":22,"Strawberry":35,"SacredBark":49,"Thread and Needle":0,"PreservedInsect":30,"Juzu Bracelet":20,"Red Mask":67,"Whetstone":6,"Odd Mushroom":26,"Burning Blood":0}],"Burning Blood":64},"card_choices":[{"not_picked":["Pommel Strike","Reckless Charge"],"picked":"Power Through","floor":1},{"not_picked":["Twin Strike","True Grit"],"picked":"Reckless Charge","floor":3},{"not_picked":["Evolve","Offering"],"picked":"Carnage","floor":7},{"not_picked":["Clash","Armaments"],"picked":"True Grit","floor":8},{"not_picked":["Havoc","Dual Wield"],"picked":"Shrug It Off","floor":10},{"not_picked":["Anger","Flex"],"picked":"Disarm","floor":11},{"not_picked":["Uppercut","Hemokinesis"],"picked":"Power Through","floor":14},{"not_picked":["Limit Break","Juggernaut"],"picked":"Bludgeon","floor":16},{"not_picked":["Searing Blow","Power Through"],"picked":"Entrench+1","floor":18},{"not_picked":["Uppercut","Combust"],"picked":"Dark Embrace","floor":19},{"not_picked":["Body Slam","Cleave+1"],"picked":"Shrug It Off","floor":22}],"player_experience":894410,"relics_obtained":[{"floor":5,"key":"Whetstone"},{"floor":7,"key":"Juzu Bracelet"},{"floor":9,"key":"Sundial"},{"floor":10,"key":"Odd Mushroom"},{"floor":11,"key":"Calipers"},{"floor":14,"key":"Strawberry"},{"floor":22,"key":"Red Mask"}],"event_choices":[{"cards_removed":["Clumsy"],"damage_healed":0,"gold_gain":0,"player_choice":"Purged","damage_taken":0,"max_hp_gain":0,"max_hp_loss":0,"event_name":"Purifier","floor":2,"gold_loss":0},{"damage_healed":0,"gold_gain":0,"player_choice":"Ignored","damage_taken":0,"max_hp_gain":0,"max_hp_loss":0,"event_name":"Liars Game","floor":4,"gold_loss":0},{"damage_healed":0,"gold_gain":0,"player_choice":"Fought Mushrooms","damage_taken":0,"max_hp_gain":0,"max_hp_loss":0,"event_name":"Mushrooms","floor":10,"gold_loss":0},{"damage_healed":0,"gold_gain":0,"player_choice":"Gave Potion","damage_taken":0,"relics_obtained":["PreservedInsect"],"max_hp_gain":0,"max_hp_loss":0,"event_name":"WeMeetAgain","floor":12,"gold_loss":0},{"damage_healed":0,"gold_gain":0,"player_choice":"Fought Bandits","damage_taken":0,"max_hp_gain":0,"max_hp_loss":0,"event_name":"Masked Bandits","floor":22,"gold_loss":0}],"is_beta":false,"boss_relics":[{"not_picked":["Sozu","Fusion Hammer"],"picked":"SacredBark"}],"items_purged_floors":[20],"is_endless":false,"potions_floor_spawned":[3,7,8,11,19],"killed_by":"Gremlin Leader","ascension_level":13}}