{"host":"vyiqbz5w606ur92t","time":1611906244,"event":{"mods":["BaseMod","Downfall","Minty Spire (QoL Compilation)","StSLib"],"gold_per_floor":[99,114,73,88,263,293,293,323,323,233,248,248,278,293,308,408,408,408,423,523,43,43,58,58,258,288,88,118,133,133,133,148,248,248,248,263,278,278,38,53,78,78,78,93,103,118,18,48,63,63,63,93,18,18,18,18,18,18],"floor_reached":56,"language":"ENG","playtime":10312,"items_purged":["Doubt","Guardian:GuardianWhirl+1","Normality","Pride"],"score":810,"play_id":"8c217435-843f-4eb1-8536-2fc070dc23ee","local_time":"20210129074404","daily_mods":["downfall:Improvised","Flight","Night Terrors"],"is_ascension_mode":false,"campfire_choices":[{"data":"sneckomod:UnknownUncommonPower","floor":1,"key":"SMITH"},{"data":"Guardian:BronzeOrb","floor":12,"key":"SMITH"},{"floor":18,"key":"RECALL"},{"data":"Guardian:CompilePackage","floor":27,"key":"SMITH"},{"data":"Guardian:FuturePlans","floor":30,"key":"SMITH"},{"data":"Guardian:FastForward","floor":35,"key":"SMITH"},{"data":"expansioncontent:LastStand","floor":47,"key":"SMITH"},{"floor":54,"key":"REST"}],"circlet_count":0,"master_deck":["Guardian:Defend_Guardian","Guardian:Defend_Guardian","Guardian:CurlUp","Guardian:TwinSlam+1","sneckomod:UnknownCommonAttack","sneckomod:UnknownCommonAttack","sneckomod:UnknownCommonAttack","sneckomod:UnknownCommonSkill","sneckomod:UnknownCommonSkill","sneckomod:UnknownCommonSkill","sneckomod:UnknownUncommonAttack","sneckomod:UnknownUncommonSkill","sneckomod:UnknownUncommonPower+1","sneckomod:Unknown","Guardian:Recover","Guardian:Suspension","Guardian:Planning","Guardian:Reroute","Guardian:BronzeOrb+1","Guardian:Clone","Guardian:CompilePackage+1","Guardian:FloatingOrbs","Guardian:AncientConstruct","Guardian:Recover+1","Guardian:TemporalStrike+1","Guardian:ShieldCharger","Guardian:ChargeCore","Guardian:FuturePlans+1","Guardian:Emergency","expansioncontent:LastStand+1","Guardian:BronzeOrb+1","downfall:Haunted","Guardian:TimeCapacitor+1","Guardian:Incinerate","Guardian:Emergency+1","Slimebound:Tackle+1","Slimebound:Tackle+1","Slimebound:Tackle+1","Guardian:FastForward+1","Guardian:ChargeCore+1","Guardian:WalkerClaw+1"],"relics":["Guardian:ModeShifter","Oddly Smooth Stone","Akabeko","bronze:BronzeIdol","Toy Ornithopter","Astrolabe","Potion Belt","Orichalcum","Shuriken","Mango","downfall:HeartBlessingRed","downfall:HeartBlessingGreen","Blood Vial","Busted Crown","Whetstone","downfall:HeartBlessingBlue","Slimebound:PreparedRelic","Letter Opener"],"acts_visited":["Exordium","TheCity","TheBeyond","TheEnding"],"potions_floor_usage":[14,16,20,26,32,32,33,39,39,45,45,45,45,45,50,55,56,56],"damage_taken":[{"damage":6,"enemies":"Jaw Worm","floor":2,"turns":3},{"damage":5,"enemies":"downfall:FleeingMerchant","floor":3,"turns":4},{"damage":0,"enemies":"Small Slimes","floor":4,"turns":3},{"damage":27,"enemies":"Gremlin Nob","floor":6,"turns":6},{"damage":6,"enemies":"Lagavulin","floor":8,"turns":9},{"damage":4,"enemies":"downfall:FleeingMerchant","floor":10,"turns":4},{"damage":0,"enemies":"Cultist","floor":11,"turns":5},{"damage":20,"enemies":"3 Sentries","floor":13,"turns":8},{"damage":4,"enemies":"Exordium Thugs","floor":14,"turns":3},{"damage":0,"enemies":"Large Slime","floor":15,"turns":3},{"damage":20,"enemies":"WA_ARCHETYPE_RETAIN","floor":16,"turns":7},{"damage":14,"enemies":"Spheric Guardian","floor":19,"turns":4},{"damage":25,"enemies":"downfall:LadyInBlue","floor":20,"turns":10},{"damage":0,"enemies":"downfall:FleeingMerchant","floor":21,"turns":4},{"damage":3,"enemies":"Snecko","floor":23,"turns":5},{"damage":19,"enemies":"Slavers","floor":26,"turns":6},{"damage":0,"enemies":"Gremlin Leader","floor":28,"turns":6},{"damage":0,"enemies":"Cultist and Chosen","floor":29,"turns":5},{"damage":5,"enemies":"Shelled Parasite and Fungi","floor":32,"turns":4},{"damage":24,"enemies":"SI_MIRROR_ARCHETYPE","floor":33,"turns":9},{"damage":5,"enemies":"3 Darklings","floor":36,"turns":3},{"damage":2,"enemies":"3 Shapes","floor":37,"turns":2},{"damage":3,"enemies":"downfall:FleeingMerchant","floor":39,"turns":4},{"damage":19,"enemies":"Spire Growth","floor":40,"turns":5},{"damage":0,"enemies":"Transient","floor":44,"turns":5},{"damage":16,"enemies":"downfall:FleeingMerchant","floor":45,"turns":4},{"damage":19,"enemies":"Jaw Worm Horde","floor":46,"turns":3},{"damage":30,"enemies":"Reptomancer","floor":48,"turns":5},{"damage":0,"enemies":"4 Shapes","floor":49,"turns":5},{"damage":34,"enemies":"DF_ARCHETYPE_ORBS","floor":50,"turns":10},{"damage":69,"enemies":"downfall:CharBossMerchant","floor":52,"turns":8},{"damage":89,"enemies":"downfall:NeowBoss","floor":55,"turns":14},{"damage":99,"enemies":"downfall:NeowBossFinal","floor":56,"turns":8}],"seed_played":"1138922244981197753","potions_obtained":[{"floor":2,"key":"ColorlessPotion"},{"floor":8,"key":"Fire Potion"},{"floor":9,"key":"Block Potion"},{"floor":14,"key":"Energy Potion"},{"floor":16,"key":"Strength Potion"},{"floor":20,"key":"Fire Potion"},{"floor":20,"key":"GamblersBrew"},{"floor":20,"key":"LiquidBronze"},{"floor":28,"key":"Swift Potion"},{"floor":32,"key":"AttackPotion"},{"floor":36,"key":"SteroidPotion"},{"floor":46,"key":"Energy Potion"},{"floor":48,"key":"Ancient Potion"},{"floor":49,"key":"FairyPotion"}],"is_trial":false,"path_per_floor":["R","M","$","M","?","E","T","E","?","$","M","R","E","M","M","B",null,"R","M","?","$","?","M","T","?","E","R","E","M","R","?","M","B",null,"R","M","M","?","$","M","T","?","?","M","$","M","R","E","M","B",null,"E","$","R","B","B"],"character_chosen":"GUARDIAN","items_purchased":["Guardian:Suspension","Guardian:FuturePlans","Fruit Juice","Guardian:Emergency","expansioncontent:LastStand","Guardian:BronzeOrb","EntropicBrew","Whetstone","ColorlessPotion","Regen Potion"],"campfire_rested":1,"item_purchase_floors":[3,21,21,21,21,21,39,45,45,53],"current_hp_per_floor":[80,74,69,69,69,46,46,40,40,36,40,40,20,21,21,6,80,80,66,46,46,46,43,43,43,48,48,48,50,50,50,57,40,99,99,94,94,94,96,79,79,79,79,81,83,66,76,58,60,43,109,40,40,104,20,0,0,0],"gold":18,"neow_bonus":"","is_daily":true,"chose_seed":false,"campfire_upgraded":6,"win_rate":0.0,"timestamp":1611906244,"path_taken":["R","M","$","M","?","E","T","E","?","$","M","R","E","?","M","BOSS","R","M","?","?","?","M","T","?","E","R","E","?","R","?","M","BOSS","R","M","M","?","$","?","T","?","?","M","$","M","R","E","M","BOSS","E","$","R","BOSS","BOSS"],"items_purchased_type":["Card","Card","Potion","Card","Card","Card","Potion","Relic","Potion","Potion"],"build_version":"2020-12-22","purchased_purges":4,"victory":false,"max_hp_per_floor":[80,80,80,80,80,80,80,80,80,80,80,80,80,80,80,80,80,80,80,80,80,80,80,80,80,99,99,99,99,99,99,99,99,99,99,99,99,99,99,99,99,99,99,99,99,99,109,109,109,109,109,109,109,104,104,104,104,104],"card_choices":[{"not_picked":["Guardian:Emergency","Guardian:WalkerClaw","Guardian:Gem_Cyan"],"picked":"SKIP","floor":2},{"not_picked":["Guardian:SentryBeam","Guardian:FierceBash"],"picked":"Guardian:Recover","floor":3},{"not_picked":["Guardian:Orbwalk","Guardian:CrystalBeam"],"picked":"Guardian:Gem_White","floor":4},{"not_picked":["Guardian:SpikerProtocol","Guardian:ArmoredProtocol"],"picked":"Guardian:Planning","floor":6},{"not_picked":["Guardian:PolyBeam","Guardian:CrystalBeam","Guardian:Gem_Green"],"picked":"SKIP","floor":8},{"not_picked":["Guardian:RollAttack","Guardian:Gem_Crimson"],"picked":"Guardian:Reroute","floor":10},{"not_picked":["Guardian:Gem_Green","Guardian:VentSteam"],"picked":"Guardian:BronzeOrb","floor":11},{"not_picked":["Guardian:CrystalBeam","Guardian:Gem_Green"],"picked":"Guardian:Clone","floor":13},{"not_picked":["Guardian:Preprogram","Guardian:CrystalBeam"],"picked":"Guardian:CompilePackage","floor":14},{"not_picked":["Guardian:TemporalStrike","Guardian:Suspension"],"picked":"Guardian:FloatingOrbs","floor":15},{"not_picked":["Guardian:Gem_Synthetic","Guardian:HyperBeam_Guardian"],"picked":"Guardian:AncientConstruct","floor":16},{"not_picked":["Guardian:Reroute","Guardian:RollAttack"],"picked":"Guardian:ShieldCharger","floor":19},{"not_picked":["Guardian:VentSteam","Guardian:PrismaticBeam"],"picked":"Guardian:ChargeCore","floor":21},{"not_picked":["Guardian:Gem_Lightblue","Guardian:EvasiveProtocol","Guardian:PrismaticBeam"],"picked":"SKIP","floor":23},{"not_picked":["Guardian:AncientConstruct","Guardian:Planning"],"picked":"Guardian:TimeCapacitor","floor":26},{"not_picked":["Guardian:Repulse","Guardian:Gem_Cyan"],"picked":"Guardian:Incinerate","floor":28},{"not_picked":["Guardian:Gem_Cyan","Guardian:PrismaticBeam"],"picked":"Guardian:Emergency","floor":29},{"not_picked":["Guardian:Reroute","Guardian:ShieldCharger","Guardian:ChargeCore"],"picked":"SKIP","floor":32},{"not_picked":["Guardian:Gem_Synthetic","Guardian:HyperBeam_Guardian"],"picked":"Guardian:FastForward","floor":33},{"not_picked":["Guardian:Recover"],"picked":"SKIP","floor":36},{"not_picked":[],"picked":"Guardian:ChargeCore+1","floor":37},{"not_picked":["Guardian:Planning+1"],"picked":"SKIP","floor":39},{"not_picked":["Guardian:TemporalStrike+1"],"picked":"SKIP","floor":40},{"not_picked":[],"picked":"Guardian:WalkerClaw+1","floor":44},{"not_picked":["Guardian:PrimingBeam"],"picked":"SKIP","floor":45},{"not_picked":["Guardian:GemFinder"],"picked":"SKIP","floor":46},{"not_picked":["Guardian:Recover"],"picked":"SKIP","floor":48},{"not_picked":["Guardian:VentSteam+1"],"picked":"SKIP","floor":49},{"not_picked":["Guardian:Repulse"],"picked":"SKIP","floor":52}],"player_experience":1202120,"relics_obtained":[{"floor":6,"key":"Oddly Smooth Stone"},{"floor":7,"key":"Akabeko"},{"floor":8,"key":"bronze:BronzeIdol"},{"floor":13,"key":"Toy Ornithopter"},{"floor":20,"key":"Potion Belt"},{"floor":24,"key":"Shuriken"},{"floor":26,"key":"Mango"},{"floor":28,"key":"Blood Vial"},{"floor":48,"key":"Slimebound:PreparedRelic"},{"floor":52,"key":"Letter Opener"}],"event_choices":[{"damage_healed":0,"gold_gain":0,"player_choice":"Got Potions","damage_taken":0,"max_hp_gain":0,"max_hp_loss":0,"event_name":"Lab","floor":9,"gold_loss":0},{"damage_healed":0,"gold_gain":0,"player_choice":"Stole Relic","damage_taken":0,"relics_obtained":["Orichalcum"],"max_hp_gain":0,"max_hp_loss":0,"event_name":"Addict","floor":22,"gold_loss":0,"cards_obtained":["Pride"]},{"cards_removed":["Guardian:Defend_Guardian"],"damage_healed":0,"gold_gain":0,"player_choice":"Removed Skill","damage_taken":0,"max_hp_gain":0,"max_hp_loss":0,"event_name":"Falling","floor":43,"gold_loss":0}],"is_beta":false,"boss_relics":[{"not_picked":["bronze:MakeshiftBattery","Philosopher\u0027s Stone"],"picked":"Astrolabe"},{"not_picked":["Snecko Eye","Calling Bell"],"picked":"Busted Crown"}],"items_purged_floors":[10,21,39,45],"is_endless":false,"potions_floor_spawned":[2,8,11,14,15,16,19,28,32,36,46,48,49],"killed_by":"downfall:NeowBossFinal","ascension_level":0}}