{"host":"z2o61o1qvcmvhuul","time":1611883088,"event":{"mods":["BaseMod","Minty Spire (QoL Compilation)","Quick Restart","StSLib","SuperFastMode"],"gold_per_floor":[111,36,49,49,62,97,97,123,123,123,134,148,178,189,189,189,189],"floor_reached":16,"language":"ZHS","playtime":453,"items_purged":["Defend_P"],"score":244,"play_id":"8e96dae8-afc4-4b63-a279-95a2d6d1dd12","local_time":"20210129091808","is_ascension_mode":true,"campfire_choices":[{"floor":7.0,"key":"REST"},{"floor":10.0,"key":"REST"},{"floor":15,"key":"REST"}],"circlet_count":0,"master_deck":["AscendersBane","Strike_P+1","Strike_P+1","Strike_P+1","Strike_P+1","Defend_P+1","Defend_P","Defend_P","Eruption+1","Vigilance","LessonLearned+1","Sanctity","ReachHeaven","ReachHeaven","BowlingBash+1"],"relics":["PureWater","Gremlin Horn","WingedGreaves","Bird Faced Urn","Ancient Tea Set"],"acts_visited":["Exordium"],"potions_floor_usage":[],"damage_taken":[{"damage":16.0,"enemies":"2 Louse","floor":1.0,"turns":2.0},{"damage":7.0,"enemies":"Jaw Worm","floor":3.0,"turns":3.0},{"damage":1.0,"enemies":"Small Slimes","floor":5.0,"turns":3.0},{"damage":8.0,"enemies":"Lagavulin","floor":6.0,"turns":4.0},{"damage":12.0,"enemies":"3 Sentries","floor":8.0,"turns":8.0},{"damage":4.0,"enemies":"Exordium Wildlife","floor":11.0,"turns":2.0},{"damage":1.0,"enemies":"3 Louse","floor":12.0,"turns":3.0},{"damage":16,"enemies":"Lagavulin","floor":13,"turns":7},{"damage":0,"enemies":"Gremlin Gang","floor":14,"turns":3},{"damage":45,"enemies":"Hexaghost","floor":16,"turns":5}],"seed_played":"-2052338210214498498","potions_obtained":[{"floor":1.0,"key":"StancePotion"},{"floor":3.0,"key":"EssenceOfSteel"},{"floor":6.0,"key":"AttackPotion"},{"floor":13,"key":"BottledMiracle"}],"is_trial":false,"path_per_floor":["M","$","M","?","M","E","R","E","T","R","M","M","E","M","R","B"],"character_chosen":"WATCHER","items_purchased":[],"campfire_rested":3,"item_purchase_floors":[],"current_hp_per_floor":[27,27,20,20,19,11,31,19,19,39,35,34,18,18,38,0,0],"gold":189,"neow_bonus":"THREE_RARE_CARDS","is_daily":false,"chose_seed":false,"campfire_upgraded":0,"win_rate":0.0,"timestamp":1611883088,"path_taken":["M","$","M","?","M","E","R","E","T","R","M","M","E","M","R","BOSS"],"items_purchased_type":[],"build_version":"2020-12-22","purchased_purges":1,"victory":false,"max_hp_per_floor":[68,68,68,68,68,68,68,68,68,68,68,68,68,68,68,68,68],"card_choices":[{"not_picked":["DeusExMachina","Omniscience"],"picked":"LessonLearned","floor":0.0},{"not_picked":["WindmillStrike","Conclude"],"picked":"Sanctity","floor":1.0},{"not_picked":["ThirdEye","FlyingSleeves"],"picked":"ReachHeaven","floor":3.0},{"not_picked":["ThirdEye","CrushJoints"],"picked":"ReachHeaven","floor":5.0},{"not_picked":["ThirdEye","Halt","Conclude"],"picked":"SKIP","floor":6.0},{"not_picked":["JustLucky","BattleHymn","Prostrate"],"picked":"SKIP","floor":8.0},{"not_picked":["ClearTheMind","ConjureBlade"],"picked":"BowlingBash","floor":11.0},{"not_picked":["ClearTheMind","SashWhip","ThirdEye"],"picked":"SKIP","floor":12.0},{"not_picked":["ThirdEye","CarveReality","FlyingSleeves"],"picked":"SKIP","floor":13},{"not_picked":["FlurryOfBlows","Crescendo","Prostrate"],"picked":"SKIP","floor":14}],"player_experience":315475,"relics_obtained":[{"floor":6.0,"key":"Gremlin Horn"},{"floor":8.0,"key":"WingedGreaves"},{"floor":9.0,"key":"Bird Faced Urn"},{"floor":13,"key":"Ancient Tea Set"}],"event_choices":[{"damage_healed":0.0,"max_hp_gain":0.0,"max_hp_loss":0.0,"gold_gain":0.0,"event_name":"Shining Light","player_choice":"Ignored","floor":4.0,"gold_loss":0.0,"damage_taken":0.0}],"is_beta":false,"boss_relics":[],"items_purged_floors":[2],"is_endless":false,"potions_floor_spawned":[1,3,6,13],"killed_by":"Hexaghost","ascension_level":20}}