{"host":"Ryley","time":1611887280,"event":{"mods":["BaseMod","Downfall","Minty Spire (QoL Compilation)","StSLib"],"gold_per_floor":[99,119,119,119,130,130,130,130,142,152,152,63,81,66,83,83,83,83],"floor_reached":16,"language":"ENG","playtime":944,"items_purged":[],"score":92,"play_id":"2c4a1d53-8504-4401-b472-de8c697e587a","local_time":"20210128202800","is_ascension_mode":false,"campfire_choices":[{"data":"champ:Taunt","floor":1,"key":"SMITH"},{"data":"champ:BringItOn","floor":8,"key":"SMITH"},{"data":"champ:StanceDance","floor":11,"key":"SMITH"}],"circlet_count":0,"master_deck":["champ:Strike","champ:Strike","champ:Strike","champ:Strike","champ:Defend","champ:Defend","champ:Defend","champ:Execute","champ:Taunt+1","champ:Parry","champ:BringItOn+1","champ:StanceDance+1","champ:Shatter","champ:EnragedBash","champ:SkillfulDodge","champ:FalseCounter","champ:DefensiveShout"],"relics":["champ:ChampionCrown","PreservedInsect"],"acts_visited":["Exordium"],"potions_floor_usage":[16],"damage_taken":[{"damage":10,"enemies":"2 Louse","floor":2,"turns":4},{"damage":12,"enemies":"Small Slimes","floor":5,"turns":3},{"damage":14,"enemies":"Cultist","floor":9,"turns":5},{"damage":0,"enemies":"Exordium Thugs","floor":10,"turns":3},{"damage":5,"enemies":"downfall:FleeingMerchant","floor":12,"turns":4},{"damage":22,"enemies":"3 Louse","floor":13,"turns":3},{"damage":15,"enemies":"downfall:FleeingMerchant","floor":14,"turns":4},{"damage":13,"enemies":"Large Slime","floor":15,"turns":6},{"damage":112,"enemies":"DF_ARCHETYPE_STREAMLINE","floor":16,"turns":12}],"seed_played":"-6119157393128714864","potions_obtained":[{"floor":2,"key":"LiquidMemories"},{"floor":5,"key":"FearPotion"},{"floor":10,"key":"champ:OpenerPotion"}],"is_trial":false,"path_per_floor":["R","M","?","?","M","?","T","R","M","M","R","$","M","$","M","B"],"character_chosen":"THE_CHAMP","items_purchased":["champ:SkillfulDodge"],"campfire_rested":0,"item_purchase_floors":[12],"current_hp_per_floor":[99,99,104,104,102,102,102,102,98,98,98,93,91,91,88,0,0,0],"gold":83,"neow_bonus":"TEN_PERCENT_HP_BONUS","is_daily":false,"chose_seed":false,"campfire_upgraded":3,"win_rate":0.0,"timestamp":1611887280,"path_taken":["R","M","?","?","M","?","T","R","?","M","R","?","M","$","M","BOSS"],"items_purchased_type":["Card"],"build_version":"2020-12-18","purchased_purges":0,"victory":false,"max_hp_per_floor":[99,99,104,104,104,104,104,104,104,104,104,104,104,104,104,104,104,104],"card_choices":[{"not_picked":["champ:FalseCounter","champ:FanOfKnives"],"picked":"champ:Parry","floor":2},{"not_picked":["champ:Endure","champ:FanOfKnives"],"picked":"champ:BringItOn","floor":5},{"not_picked":["champ:AdrenalArmor","champ:FanOfKnives"],"picked":"champ:StanceDance","floor":9},{"not_picked":["champ:Backstep","champ:ShieldSlam"],"picked":"champ:Shatter","floor":10},{"not_picked":["champ:BladeFlurry","champ:IronFortress"],"picked":"champ:EnragedBash","floor":12},{"not_picked":["champ:StanceDance","champ:SwordThrow"],"picked":"champ:FalseCounter","floor":13},{"not_picked":["champ:GutPunch","champ:IronFortress"],"picked":"champ:DefensiveShout","floor":14},{"not_picked":["champ:PerfectedStrike","champ:DefensiveShout","champ:AdrenalArmor"],"picked":"SKIP","floor":15}],"player_experience":349681,"relics_obtained":[{"floor":7,"key":"PreservedInsect"}],"event_choices":[{"damage_healed":0,"gold_gain":0,"player_choice":"Donut","damage_taken":0,"max_hp_gain":5,"max_hp_loss":0,"event_name":"Big Fish","floor":3,"gold_loss":0},{"cards_removed":["champ:Defend"],"damage_healed":0,"gold_gain":0,"player_choice":"Offered Basic","damage_taken":0,"max_hp_gain":0,"max_hp_loss":0,"event_name":"Bonfire Elementals","floor":6,"gold_loss":0}],"is_beta":true,"boss_relics":[],"items_purged_floors":[],"is_endless":false,"potions_floor_spawned":[2,5,10,13,15],"killed_by":"DF_ARCHETYPE_STREAMLINE","ascension_level":0}}