{"host":"5kirneupyg4uzd3w","time":1611935390,"event":{"mods":["BaseMod","Colored Map","Custom Start","Minty Spire (QoL Compilation)","StSLib","SuperFastMode"],"gold_per_floor":[362,88,102,120,134,168,168,186,212,224,247,259,304,326,338,426,438,466,497,509,521,148,148,183,183,183,183,200,160,175,225,225,225,225],"floor_reached":33,"language":"KOR","playtime":883,"items_purged":["Strike_R","Strike_R"],"score":554,"play_id":"f6d4aa66-d2fb-4a63-af06-b1e8ab2f97d0","local_time":"20210130004950","is_ascension_mode":true,"campfire_choices":[{"data":"Immolate","floor":7.0,"key":"SMITH"},{"data":"Shrug It Off","floor":10.0,"key":"SMITH"},{"data":"Pommel Strike","floor":12.0,"key":"SMITH"},{"floor":15.0,"key":"RECALL"},{"data":"Shockwave","floor":23.0,"key":"SMITH"},{"floor":25.0,"key":"REST"},{"data":"Shrug It Off","floor":27.0,"key":"SMITH"},{"floor":32.0,"key":"REST"}],"circlet_count":0,"master_deck":["AscendersBane","Strike_R","Defend_R","Defend_R","Defend_R","Defend_R","Bash","Shrug It Off+1","Pommel Strike+1","Carnage","Immolate+1","Shrug It Off","Shrug It Off+1","Brutality","Shockwave+1","Exhume","Twin Strike"],"relics":["Burning Blood","Chemical X","Ice Cream","MawBank","Juzu Bracelet","Runic Dome","Sundial","Smiling Mask","CeramicFish"],"acts_visited":["Exordium","TheCity"],"potions_floor_usage":[33],"damage_taken":[{"damage":10.0,"enemies":"2 Louse","floor":1.0,"turns":3.0},{"damage":7.0,"enemies":"Small Slimes","floor":3.0,"turns":5.0},{"damage":0.0,"enemies":"Cultist","floor":4.0,"turns":3.0},{"damage":9.0,"enemies":"Looter","floor":5.0,"turns":3.0},{"damage":16.0,"enemies":"Lagavulin","floor":6.0,"turns":7.0},{"damage":13.0,"enemies":"Exordium Wildlife","floor":8.0,"turns":4.0},{"damage":0.0,"enemies":"2 Fungi Beasts","floor":11.0,"turns":1.0},{"damage":8.0,"enemies":"Gremlin Nob","floor":13.0,"turns":3.0},{"damage":10.0,"enemies":"Large Slime","floor":14.0,"turns":6.0},{"damage":28.0,"enemies":"The Guardian","floor":16.0,"turns":15.0},{"damage":7.0,"enemies":"Spheric Guardian","floor":18.0,"turns":4.0},{"damage":11.0,"enemies":"Chosen","floor":19.0,"turns":4.0},{"damage":39.0,"enemies":"Book of Stabbing","floor":24.0,"turns":5.0},{"damage":9.0,"enemies":"Centurion and Healer","floor":28.0,"turns":4.0},{"damage":21.0,"enemies":"Shelled Parasite and Fungi","floor":30.0,"turns":4.0},{"damage":80,"enemies":"Automaton","floor":33,"turns":6}],"seed_played":"7756413649020122444","potions_obtained":[{"floor":3.0,"key":"BlessingOfTheForge"},{"floor":4.0,"key":"Strength Potion"},{"floor":13.0,"key":"AttackPotion"},{"floor":16.0,"key":"Explosive Potion"},{"floor":19.0,"key":"Swift Potion"},{"floor":29.0,"key":"CultistPotion"},{"floor":29.0,"key":"ElixirPotion"}],"is_trial":false,"path_per_floor":["M","$","M","M","M","E","R","M","T","R","M","R","E","M","R","B",null,"M","M","?","?","$","R","E","R","T","R","M","?","M","?","R","B"],"character_chosen":"IRONCLAD","items_purchased":["Chemical X","Pommel Strike","Sundial"],"campfire_rested":2,"item_purchase_floors":[2,2,22],"current_hp_per_floor":[46,46,45,51,48,38,38,31,31,31,37,37,35,31,31,9,59,58,53,53,53,53,53,20,42,42,42,39,39,24,24,46,0,0],"gold":225,"neow_bonus":"TWO_FIFTY_GOLD","is_daily":false,"chose_seed":false,"campfire_upgraded":5,"win_rate":0.0,"timestamp":1611935390,"path_taken":["M","$","M","M","M","E","R","M","T","R","M","R","E","M","R","BOSS","M","M","?","?","$","R","E","R","T","R","M","?","M","?","R","BOSS"],"items_purchased_type":["Relic","Card","Relic"],"build_version":"2020-12-22","purchased_purges":2,"victory":false,"max_hp_per_floor":[75,75,75,75,75,75,75,75,75,75,75,75,75,75,75,75,75,75,75,75,75,75,75,75,75,75,75,75,75,75,75,75,75,75],"card_choices":[{"not_picked":["Body Slam","Twin Strike"],"picked":"Shrug It Off","floor":1.0},{"not_picked":["True Grit","Pommel Strike","Anger"],"picked":"SKIP","floor":3.0},{"not_picked":["Wild Strike","Anger"],"picked":"Carnage","floor":4.0},{"not_picked":["Headbutt","Anger"],"picked":"Immolate","floor":5.0},{"not_picked":["Carnage","Sever Soul","Rage"],"picked":"SKIP","floor":6.0},{"not_picked":["Armaments","Thunderclap","Warcry"],"picked":"SKIP","floor":8.0},{"not_picked":["Wild Strike","Dropkick","Pummel"],"picked":"SKIP","floor":11.0},{"not_picked":["Warcry","Immolate"],"picked":"Shrug It Off","floor":13.0},{"not_picked":["Twin Strike","Cleave"],"picked":"Shrug It Off","floor":14.0},{"not_picked":["Bludgeon","Fiend Fire"],"picked":"Brutality","floor":16.0},{"not_picked":["Shrug It Off","Wild Strike"],"picked":"Shockwave","floor":18.0},{"not_picked":["Wild Strike","Armaments","Pommel Strike"],"picked":"SKIP","floor":19.0},{"not_picked":["Shrug It Off","Perfected Strike","True Grit"],"picked":"SKIP","floor":24.0},{"not_picked":["Power Through","Warcry","Ghostly Armor"],"picked":"SKIP","floor":28.0},{"not_picked":["Dark Embrace+1","Flame Barrier","Blood for Blood"],"picked":"SKIP","floor":30.0}],"player_experience":279892,"relics_obtained":[{"floor":6.0,"key":"Ice Cream"},{"floor":9.0,"key":"MawBank"},{"floor":13.0,"key":"Juzu Bracelet"},{"floor":24.0,"key":"Smiling Mask"},{"floor":26.0,"key":"CeramicFish"}],"event_choices":[{"damage_healed":0.0,"max_hp_gain":0.0,"max_hp_loss":0.0,"gold_gain":0.0,"event_name":"Vampires","player_choice":"Ignored","floor":20.0,"gold_loss":0.0,"damage_taken":0.0},{"damage_healed":0.0,"max_hp_gain":0.0,"max_hp_loss":0.0,"gold_gain":0.0,"cards_transformed":["Strike_R","Strike_R"],"event_name":"Drug Dealer","player_choice":"Became Test Subject","floor":21.0,"gold_loss":0.0,"damage_taken":0.0,"cards_obtained":["Exhume","Twin Strike"]},{"damage_healed":0.0,"max_hp_gain":0.0,"max_hp_loss":0.0,"gold_gain":0.0,"event_name":"The Woman in Blue","player_choice":"Bought 3 Potions","floor":29.0,"gold_loss":0.0,"damage_taken":0.0},{"damage_healed":0.0,"max_hp_gain":0.0,"max_hp_loss":0.0,"gold_gain":50.0,"event_name":"Nest","player_choice":"Stole From Cult","floor":31.0,"gold_loss":0.0,"damage_taken":0.0}],"is_beta":false,"boss_relics":[{"not_picked":["Runic Pyramid","Runic Cube"],"picked":"Runic Dome"}],"items_purged_floors":[2,22],"is_endless":false,"potions_floor_spawned":[3,4,13,16,19,28],"killed_by":"Automaton","ascension_level":20}}