{"host":"d30a110yzuqvj3hw","time":1611905901,"event":{"mods":["Alarm Clock","Aspiration","BaseMod","Downfall","Energized Spire","Googly Eyes","Highlight Path","KomeijiMod","Minty Spire (QoL Compilation)","Quarter Circle Forward PUNCH!","Quick Restart","Replay The Spire","Spicy Shops","Spire Arcade","StSLib","The Disciple","The Jungle","[GremlinLeader]The Maniac"],"gold_per_floor":[117,117,135,0,0,0,27,41,66,82,112,62,90,107,107,202,202,216,244,244,257,273,305,322,355,379,379,379,379,390,420,420,519,519,537,548,558,558,558,586,600,626,675,695,729,729,756,770,770,770,770,770,102,132,132,132],"floor_reached":55,"language":"ZHS","playtime":2065,"items_purged":["Strike_G","ReplayTheSpireMod:Doomed","Strike_G"],"score":1849,"play_id":"5ad863a9-7f6d-4974-ad8e-719d8dc4ff0f","local_time":"20210129153821","is_ascension_mode":true,"campfire_choices":[{"data":"Cloak And Dagger","floor":6.0,"key":"SMITH"},{"data":"Accuracy","floor":15.0,"key":"SMITH"},{"data":"Malaise","floor":27.0,"key":"SMITH"},{"data":"Blade Dance","floor":29.0,"key":"SMITH"},{"floor":32.0,"key":"DIG"},{"floor":46,"key":"RECALL"},{"floor":49,"key":"DIG"},{"floor":52,"key":"DIG"}],"circlet_count":0,"master_deck":["Strike_G","Defend_G+1","Survivor","Neutralize+1","Hidden Blade","Cloak And Dagger+1","Accuracy+1","Blade Dance","Dagger Throw","Backflip","Hidden Blade","ReplayTheSpireMod:Scrap Shanks","Acrobatics","Malaise+1","Acrobatics+1","Blade Dance+1","Acrobatics","After Image","Calculated Gamble","Distraction","Phantasmal Killer","Predator+1","Concentrate+1","Die Die Die+1","Concentrate+1","Blade Dance+1","PiercingWail+1","Prepared","ReplayTheSpireMod:Scrap Shanks+1","Quick Slash+1","Tactician","Prepared+1"],"relics":["Ring of the Snake","NeowsBlessing","Mirror","Anchor","aspiration:Lifesprig","PreservedInsect","Replay:Bronze Core","Red Mask","ReplayTheSpireMod:Lightbulb","Molten Egg 2","Blood Vial","Shovel","Replay:Accelerometer","Empty Cage","Dead Branch","Blue Doll","Ancient Tea Set","qcfpunch:Red_Beret","Vampiric Spirits","Divine Protection","ReplayTheSpireMod:CursedCoin","Bag of Preparation","TwistedFunnel","Pet Ghost","Snake Skull","aspiration:SeaSaltIceCream","NeowsBlessing"],"acts_visited":["Exordium","TheCity","TheBeyond","TheEnding"],"potions_floor_usage":[],"damage_taken":[{"damage":0.0,"enemies":"Jaw Worm","floor":1.0,"turns":1.0},{"damage":0.0,"enemies":"Cultist","floor":3.0,"turns":1.0},{"damage":0.0,"enemies":"Gremlin Nob","floor":7.0,"turns":1.0},{"damage":1.0,"enemies":"2 Louse","floor":8.0,"turns":3.0},{"damage":0.0,"enemies":"Looter","floor":10.0,"turns":2.0},{"damage":0.0,"enemies":"3 Sentries","floor":11.0,"turns":4.0},{"damage":13.0,"enemies":"Gremlin Nob","floor":13.0,"turns":3.0},{"damage":0.0,"enemies":"3 Louse","floor":14.0,"turns":3.0},{"damage":8.0,"enemies":"Slime Boss","floor":16.0,"turns":6.0},{"damage":0.0,"enemies":"Spheric Guardian","floor":18.0,"turns":2.0},{"damage":0.0,"enemies":"Masked Bandits","floor":19.0,"turns":3.0},{"damage":0.0,"enemies":"Chosen","floor":21.0,"turns":3.0},{"damage":0.0,"enemies":"Snecko","floor":22.0,"turns":3.0},{"damage":13.0,"enemies":"Slavers","floor":23.0,"turns":3.0},{"damage":8.0,"enemies":"Snake Plant","floor":24.0,"turns":3.0},{"damage":4.0,"enemies":"Book of Stabbing","floor":25.0,"turns":3.0},{"damage":0.0,"enemies":"Cultist and Chosen","floor":30.0,"turns":3.0},{"damage":9.0,"enemies":"Slavers","floor":31.0,"turns":2.0},{"damage":2.0,"enemies":"Pondfish","floor":33.0,"turns":5.0},{"damage":8.0,"enemies":"3 Shapes","floor":35.0,"turns":2.0},{"damage":12.0,"enemies":"3 Darklings","floor":36.0,"turns":3.0},{"damage":0.0,"enemies":"Transient","floor":37.0,"turns":5.0},{"damage":9.0,"enemies":"Nemesis","floor":40.0,"turns":5.0},{"damage":0.0,"enemies":"4 Shapes","floor":41.0,"turns":1.0},{"damage":0.0,"enemies":"Giant Head","floor":42.0,"turns":2.0},{"damage":2.0,"enemies":"3 Darklings","floor":44.0,"turns":2.0},{"damage":0.0,"enemies":"Reptomancer","floor":45.0,"turns":1.0},{"damage":0,"enemies":"Nemesis","floor":47,"turns":1},{"damage":0,"enemies":"Spire Growth","floor":48,"turns":2},{"damage":7,"enemies":"Replay:Hell Engine","floor":50,"turns":3},{"damage":0,"enemies":"Shield and Spear","floor":54,"turns":2},{"damage":0,"enemies":"The Heart","floor":55,"turns":1}],"seed_played":"1313722473053402308","potions_obtained":[{"floor":3.0,"key":"Adrenaline Potion"},{"floor":8.0,"key":"Fire Potion"},{"floor":10.0,"key":"Venom Potion"},{"floor":11.0,"key":"Venom Potion"},{"floor":16.0,"key":"Block Potion"},{"floor":19.0,"key":"LiquidBronze"}],"is_trial":false,"path_per_floor":["M","?","M","$","?","R","E","M","T","M","E","?","E","M","R","B",null,"M","?","?","M","M","E","M","E","T","R","?","R","M","E","R","B",null,"M","M","M","?","?","E","M","E","T","M","E","R","E","M","R","B",null,"R","$","E","B"],"character_chosen":"THE_SILENT","items_purchased":["Accuracy","ReplayTheSpireMod:CursedCoin","Bag of Preparation","TwistedFunnel","Pet Ghost","Snake Skull"],"campfire_rested":0,"item_purchase_floors":[4,53,53,53,53,53],"current_hp_per_floor":[63,63,63,63,49,49,49,48,48,48,48,48,35,35,35,27,59,59,59,59,59,59,46,38,34,34,34,34,34,36,29,29,29,60,54,44,46,46,46,39,41,43,43,43,45,45,47,49,49,59,64,64,64,66,66,66],"gold":132,"neow_bonus":"THREE_ENEMY_KILL","is_daily":false,"chose_seed":false,"campfire_upgraded":4,"win_rate":0.0,"timestamp":1611905901,"path_taken":["M","?","?","$","?","R","E","M","T","M","E","?","E","M","R","BOSS","M","?","?","M","M","E","M","E","T","R","?","R","M","E","R","BOSS","M","M","M","?","?","E","M","E","T","M","E","R","E","M","R","BOSS","R","$","E","BOSS"],"items_purchased_type":["Card","Relic","Relic","Relic","Relic","Relic"],"build_version":"2020-12-22","purchased_purges":3,"victory":false,"max_hp_per_floor":[70,70,70,70,70,70,70,70,70,70,70,70,70,70,70,70,70,70,70,70,70,70,70,70,70,70,70,70,70,70,70,70,70,70,70,70,70,70,66,66,66,66,66,66,66,66,66,66,66,66,66,66,66,66,66,66],"card_choices":[{"not_picked":["Slice","Sneak Up"],"picked":"Hidden Blade","floor":1.0},{"not_picked":["Well Laid Plans","Toxin Wave"],"picked":"Cloak And Dagger","floor":3.0},{"not_picked":["Tools of the Trade","Cloak And Dagger"],"picked":"Blade Dance","floor":7.0},{"not_picked":["Reflex","Heel Hook"],"picked":"Dagger Throw","floor":8.0},{"not_picked":["ReplayTheSpireMod:Speed Training","Eviscerate"],"picked":"Backflip","floor":10.0},{"not_picked":["Setup","Sucker Punch"],"picked":"Hidden Blade","floor":11.0},{"not_picked":["Quick Slash","Crippling Poison"],"picked":"ReplayTheSpireMod:Scrap Shanks","floor":13.0},{"not_picked":["Dagger Spray","Glass Knife"],"picked":"Acrobatics","floor":14.0},{"not_picked":["Burst","Poison Darts"],"picked":"Malaise","floor":16.0},{"not_picked":["Deflect","ReplayTheSpireMod:Shiv Toss"],"picked":"Acrobatics+1","floor":18.0},{"not_picked":["Cloak And Dagger","Bouncing Flask+1"],"picked":"Blade Dance","floor":19.0},{"not_picked":["Outmaneuver","Bane+1"],"picked":"Acrobatics","floor":21.0},{"not_picked":["Distraction","Fluid Movement+1"],"picked":"After Image","floor":22.0},{"not_picked":["Footwork+1","Bane","Acrobatics"],"picked":"SKIP","floor":23.0},{"not_picked":["Backflip","Infinite Blades+1"],"picked":"Calculated Gamble","floor":24.0},{"not_picked":["Deadly Poison+1","Catalyst","Hidden Blade"],"picked":"SKIP","floor":25.0},{"not_picked":["Grand Finale+1","Setup+1"],"picked":"Predator+1","floor":30.0},{"not_picked":["Footwork","Distraction"],"picked":"Concentrate+1","floor":31.0},{"not_picked":["Burst","Unload+1"],"picked":"Die Die Die+1","floor":33.0},{"not_picked":["Acrobatics","Outmaneuver+1","Draining Mist+1"],"picked":"SKIP","floor":35.0},{"not_picked":["Choke+1","Footwork"],"picked":"Concentrate+1","floor":36.0},{"not_picked":["Sucker Punch+1","Dagger Spray+1","Dodge and Roll"],"picked":"SKIP","floor":37.0},{"not_picked":["Flying Knee+1","Finisher+1"],"picked":"Blade Dance+1","floor":40.0},{"not_picked":["Flying Knee+1","Quick Slash+1"],"picked":"PiercingWail+1","floor":41.0},{"not_picked":["After Image","Dodge and Roll+1"],"picked":"Prepared","floor":42.0},{"not_picked":["Sneak Up+1","Backflip+1"],"picked":"ReplayTheSpireMod:Scrap Shanks+1","floor":44.0},{"not_picked":["Outmaneuver+1","Slice+1"],"picked":"Quick Slash+1","floor":45.0},{"not_picked":["Setup+1","Underhanded Strike+1"],"picked":"Tactician","floor":47},{"not_picked":["Caltrops","Blur","Flechettes+1"],"picked":"SKIP","floor":48},{"not_picked":["Dagger Throw+1","Quick Slash+1"],"picked":"Prepared+1","floor":54}],"player_experience":496139,"relics_obtained":[{"floor":7.0,"key":"Mirror"},{"floor":9.0,"key":"Anchor"},{"floor":11.0,"key":"aspiration:Lifesprig"},{"floor":13.0,"key":"PreservedInsect"},{"floor":19.0,"key":"Red Mask"},{"floor":23.0,"key":"ReplayTheSpireMod:Lightbulb"},{"floor":25.0,"key":"Molten Egg 2"},{"floor":26.0,"key":"Blood Vial"},{"floor":31.0,"key":"Shovel"},{"floor":32.0,"key":"Replay:Accelerometer"},{"floor":40.0,"key":"Dead Branch"},{"floor":42.0,"key":"Blue Doll"},{"floor":45.0,"key":"Ancient Tea Set"},{"floor":47,"key":"qcfpunch:Red_Beret"},{"floor":49,"key":"Vampiric Spirits"},{"floor":52,"key":"Divine Protection"},{"floor":54,"key":"aspiration:SeaSaltIceCream"}],"event_choices":[{"cards_removed":["Defend_G"],"damage_healed":0.0,"max_hp_gain":0.0,"max_hp_loss":0.0,"gold_gain":0.0,"event_name":"Bonfire Elementals","player_choice":"Offered Basic","floor":2.0,"gold_loss":0.0,"damage_taken":0.0},{"damage_healed":0.0,"max_hp_gain":0.0,"max_hp_loss":0.0,"gold_gain":0.0,"event_name":"Shining Light","player_choice":"Entered Light","floor":5.0,"gold_loss":0.0,"damage_taken":14.0,"cards_upgraded":["Neutralize","Defend_G"]},{"cards_removed":["Defend_G"],"damage_healed":0.0,"max_hp_gain":0.0,"max_hp_loss":0.0,"gold_gain":0.0,"event_name":"The Cleric","player_choice":"Card Removal","floor":12.0,"gold_loss":50.0,"damage_taken":0.0},{"damage_healed":0.0,"max_hp_gain":0.0,"max_hp_loss":0.0,"gold_gain":0.0,"event_name":"Masked Bandits","player_choice":"Fought Bandits","floor":19.0,"gold_loss":0.0,"damage_taken":0.0},{"damage_healed":0.0,"max_hp_gain":0.0,"max_hp_loss":0.0,"gold_gain":0.0,"cards_transformed":["Strike_G","Strike_G"],"event_name":"Drug Dealer","player_choice":"Became Test Subject","floor":28.0,"gold_loss":0.0,"damage_taken":0.0,"cards_obtained":["Distraction","Phantasmal Killer"]},{"damage_healed":0.0,"max_hp_gain":0.0,"max_hp_loss":4.0,"gold_gain":0.0,"event_name":"Winding Halls","player_choice":"Max HP","floor":39.0,"gold_loss":0.0,"damage_taken":0.0}],"is_beta":false,"boss_relics":[{"not_picked":["Pandora\u0027s Box","ReplayTheSpireMod:DimensionalGlitch"],"picked":"Replay:Bronze Core"},{"not_picked":["Sozu","ChewingGum"],"picked":"Empty Cage"}],"items_purged_floors":[4,53,53],"is_endless":false,"potions_floor_spawned":[3,8,10,11,16,19,23,24,25,30,33,36,37,45,48],"killed_by":"The Heart","ascension_level":8}}