{"host":"aqym1xxr3lb31d9m","time":1611923015,"event":{"mods":["BaseMod","Block Reminder","Colored Map","Colored Powertips","DeckTracker","Highlight Path","Minty Spire (QoL Compilation)","Quick Restart","Random Character Button","StSLib","SuperFastMode","UnlockEverythingMod"],"gold_per_floor":[19,19,43,43,57,57,75,75,101,101,115,155,99,142,142,142,142],"floor_reached":16,"language":"JPN","playtime":463,"items_purged":[],"score":270,"play_id":"e1830c72-8486-4758-b2ac-d21ed5995bba","local_time":"20210129212335","is_ascension_mode":true,"campfire_choices":[{"data":"Fission","floor":6,"key":"SMITH"},{"data":"Sweeping Beam","floor":10,"key":"SMITH"},{"data":"Defragment","floor":15,"key":"SMITH"}],"circlet_count":0,"master_deck":["AscendersBane","Strike_B+1","Strike_B+1","Strike_B","Defend_B","Defend_B","Defend_B","Zap","Dualcast","Fission+1","Defragment+1","Sweeping Beam+1","Coolheaded","Ball Lightning","Defragment+1","Leap"],"relics":["Cracked Core","Golden Idol","Oddly Smooth Stone","Akabeko","Whetstone","Mummified Hand"],"acts_visited":["Exordium"],"potions_floor_usage":[16],"damage_taken":[{"damage":12,"enemies":"Jaw Worm","floor":1,"turns":3},{"damage":8,"enemies":"2 Louse","floor":3,"turns":2},{"damage":1,"enemies":"Cultist","floor":5,"turns":3},{"damage":13,"enemies":"Large Slime","floor":7,"turns":4},{"damage":0,"enemies":"Lots of Slimes","floor":11,"turns":1},{"damage":8,"enemies":"Gremlin Nob","floor":12,"turns":3},{"damage":0,"enemies":"3 Sentries","floor":14,"turns":5},{"damage":26,"enemies":"Slime Boss","floor":16,"turns":5}],"seed_played":"6462321663775523744","potions_obtained":[{"floor":1,"key":"PotionOfCapacity"},{"floor":5,"key":"Strength Potion"},{"floor":14,"key":"DuplicationPotion"}],"is_trial":false,"path_per_floor":["M","?","M","?","M","R","M","?","T","R","M","E","$","E","R","B"],"character_chosen":"DEFECT","items_purchased":["Fire Potion"],"campfire_rested":0,"item_purchase_floors":[13],"current_hp_per_floor":[52,52,44,44,43,43,30,30,30,30,30,22,22,22,22,0,0],"gold":142,"neow_bonus":"TRANSFORM_TWO_CARDS","is_daily":false,"chose_seed":false,"campfire_upgraded":3,"win_rate":0.0,"timestamp":1611923015,"path_taken":["M","?","M","?","M","R","?","?","T","R","M","E","$","E","R","BOSS"],"items_purchased_type":["Potion"],"build_version":"2020-12-22","purchased_purges":0,"victory":false,"max_hp_per_floor":[71,64,64,64,64,64,64,64,64,64,64,64,64,64,64,64,64],"card_choices":[{"not_picked":["Streamline","Turbo"],"picked":"Defragment","floor":1},{"not_picked":["Darkness","Barrage"],"picked":"Sweeping Beam","floor":3},{"not_picked":["Darkness","Barrage"],"picked":"Coolheaded","floor":5},{"not_picked":["Genetic Algorithm","Cold Snap"],"picked":"Ball Lightning","floor":7},{"not_picked":["Barrage","Go for the Eyes"],"picked":"Defragment","floor":11},{"not_picked":["Gash","Blizzard"],"picked":"Leap","floor":12},{"not_picked":["Scrape","Rebound","Turbo"],"picked":"SKIP","floor":14}],"player_experience":4126715,"relics_obtained":[{"floor":9,"key":"Akabeko"},{"floor":12,"key":"Whetstone"},{"floor":14,"key":"Mummified Hand"}],"event_choices":[{"damage_healed":0,"gold_gain":0,"player_choice":"Lose Max HP","damage_taken":0,"relics_obtained":["Golden Idol"],"max_hp_gain":0,"max_hp_loss":7,"event_name":"Golden Idol","floor":2,"gold_loss":0},{"damage_healed":0,"gold_gain":0,"player_choice":"Upgraded","damage_taken":0,"max_hp_gain":0,"max_hp_loss":0,"event_name":"Upgrade Shrine","floor":4,"gold_loss":0,"cards_upgraded":["Defragment"]},{"cards_removed":["Compile Driver"],"damage_healed":0,"gold_gain":0,"player_choice":"Gave Card","damage_taken":0,"relics_obtained":["Oddly Smooth Stone"],"max_hp_gain":0,"max_hp_loss":0,"event_name":"WeMeetAgain","floor":8,"gold_loss":0}],"is_beta":false,"boss_relics":[],"items_purged_floors":[],"is_endless":false,"potions_floor_spawned":[1,5,14],"killed_by":"Slime Boss","ascension_level":20}}