{"host":"8rqsnaeml9gxb0kp","time":1611883461,"event":{"mods":["AchievementEnabler","BaseMod","Dark Map","Minty Spire (QoL Compilation)","Relic Stats","StSLib","slay the spire mod where everything is the same but ironclad has a cowboy hat"],"gold_per_floor":[113,132,152,227,1,1,28,28,28,38,38,53,53,53,53,130,130,149,160,178,0,0,0],"floor_reached":22,"language":"ENG","playtime":786,"items_purged":[],"score":307,"play_id":"549473b3-02eb-4ca1-9c2d-1f7a17adbab0","local_time":"20210128172421","is_ascension_mode":true,"campfire_choices":[{"data":"Fire Breathing","floor":6.0,"key":"SMITH"},{"data":"Power Through","floor":13,"key":"SMITH"},{"data":"Feed","floor":15,"key":"SMITH"}],"circlet_count":0,"master_deck":["AscendersBane","Strike_R","Strike_R","Strike_R","Strike_R","Strike_R","Defend_R","Defend_R","Bash","Iron Wave","Spot Weakness","Clothesline","Fire Breathing+1","Carnage","Infernal Blade","Cleave","Feed+1","Power Through+1","Corruption","Disarm+1","Combust","Clothesline"],"relics":["Burning Blood","Omamori","Blue Candle","Pear","Toxic Egg 2","Calling Bell","Juzu Bracelet","Eternal Feather","Bird Faced Urn"],"acts_visited":["Exordium","TheCity"],"potions_floor_usage":[12,16,19],"damage_taken":[{"damage":4.0,"enemies":"2 Louse","floor":1.0,"turns":3.0},{"damage":4.0,"enemies":"Cultist","floor":2.0,"turns":4.0},{"damage":6.0,"enemies":"Jaw Worm","floor":3.0,"turns":4.0},{"damage":30,"enemies":"3 Sentries","floor":7,"turns":4},{"damage":16,"enemies":"Blue Slaver","floor":10,"turns":3},{"damage":0,"enemies":"Gremlin Gang","floor":12,"turns":3},{"damage":40,"enemies":"Hexaghost","floor":16,"turns":8},{"damage":24,"enemies":"3 Byrds","floor":18,"turns":6},{"damage":21,"enemies":"Chosen","floor":19,"turns":6},{"damage":42,"enemies":"Sentry and Sphere","floor":20,"turns":6},{"damage":15,"enemies":"Snake Plant","floor":22,"turns":1}],"seed_played":"1943995511188458390","potions_obtained":[{"floor":3.0,"key":"SteroidPotion"},{"floor":12,"key":"EssenceOfSteel"},{"floor":16,"key":"GamblersBrew"},{"floor":18,"key":"BlessingOfTheForge"}],"is_trial":false,"path_per_floor":["M","M","M","?","$","R","E","$","T","M","?","M","R","T","R","B",null,"M","M","M","?","M"],"character_chosen":"IRONCLAD","items_purchased":["Omamori","Infernal Blade"],"campfire_rested":0,"item_purchase_floors":[5,5],"current_hp_per_floor":[72,72,72,65,65,65,41,41,51,41,61,70,70,70,70,40,77,61,50,14,14,0,0],"gold":0,"neow_bonus":"TRANSFORM_TWO_CARDS","is_daily":false,"chose_seed":false,"campfire_upgraded":3,"win_rate":0.0,"timestamp":1611883461,"path_taken":["M","M","M","?","$","R","E","$","T","?","?","M","R","?","R","BOSS","M","M","M","?","M"],"items_purchased_type":["Relic","Card"],"build_version":"2020-12-22","purchased_purges":0,"victory":false,"max_hp_per_floor":[72,72,72,72,72,72,72,72,82,82,82,85,85,85,85,89,89,89,93,93,93,93,93],"relic_stats":{"counters":[11,48],"Blue Candle":[0],"Bird Faced Urn":[2],"Eternal Feather":0,"Juzu Bracelet":1,"obtain_stats":[{"Calling Bell":17,"Pear":9,"Blue Candle":7,"Bird Faced Urn":17,"Eternal Feather":17,"Omamori":5,"Juzu Bracelet":17,"Toxic Egg 2":14,"Burning Blood":0},{"Calling Bell":7,"Pear":4,"Blue Candle":4,"Bird Faced Urn":7,"Eternal Feather":7,"Omamori":3,"Juzu Bracelet":7,"Toxic Egg 2":6,"Burning Blood":0},{"Calling Bell":29,"Pear":15,"Blue Candle":15,"Bird Faced Urn":29,"Eternal Feather":29,"Omamori":11,"Juzu Bracelet":29,"Toxic Egg 2":21,"Burning Blood":0}],"Burning Blood":56},"card_choices":[{"not_picked":["Pommel Strike","Evolve"],"picked":"Clothesline","floor":1.0},{"not_picked":["Wild Strike","Seeing Red"],"picked":"Fire Breathing","floor":2.0},{"not_picked":["Metallicize","Havoc"],"picked":"Carnage","floor":3.0},{"not_picked":["Spot Weakness","Dropkick"],"picked":"Cleave","floor":7},{"not_picked":["True Grit","Twin Strike"],"picked":"Feed","floor":10},{"not_picked":["Carnage","True Grit"],"picked":"Power Through","floor":12},{"not_picked":["Barricade","Berserk"],"picked":"Corruption","floor":16},{"not_picked":["Carnage","Dropkick+1"],"picked":"Disarm+1","floor":18},{"not_picked":["Iron Wave","Clothesline"],"picked":"Combust","floor":19},{"not_picked":["Reckless Charge","Pommel Strike"],"picked":"Clothesline","floor":20}],"player_experience":156359,"relics_obtained":[{"floor":7,"key":"Blue Candle"},{"floor":9,"key":"Pear"},{"floor":14,"key":"Toxic Egg 2"},{"floor":17,"key":"Juzu Bracelet"},{"floor":17,"key":"Eternal Feather"},{"floor":17,"key":"Bird Faced Urn"}],"event_choices":[{"damage_healed":0.0,"max_hp_gain":0.0,"max_hp_loss":0.0,"gold_gain":75.0,"event_name":"FaceTrader","player_choice":"Touch","floor":4.0,"gold_loss":0.0,"damage_taken":7.0},{"damage_healed":20,"gold_gain":0,"player_choice":"Healed and dodged fight","damage_taken":0,"max_hp_gain":0,"max_hp_loss":0,"event_name":"Mushrooms","floor":11,"gold_loss":0,"cards_obtained":["Parasite"]},{"damage_healed":0,"gold_gain":0,"player_choice":"Paid Fearfully","damage_taken":0,"max_hp_gain":0,"max_hp_loss":0,"event_name":"Masked Bandits","floor":21,"gold_loss":178}],"is_beta":false,"boss_relics":[{"not_picked":["Runic Pyramid","SlaversCollar"],"picked":"Calling Bell"}],"items_purged_floors":[],"is_endless":false,"potions_floor_spawned":[3,12,16,18],"killed_by":"Snake Plant","ascension_level":13}}