{"host":"dzc8cchcquikqbpv","time":1611949715,"event":{"mods":["BaseMod","BetterRewards","Block Reminder","Colored Map","Colored Powertips","Dark Map","Downfall","Fox Events","Good Game Mod","Highlight Path","Infinite Spire","Minty Spire (QoL Compilation)","Permanent Neow","Quick Restart","Rare Cards Sparkle","Relic Filter Mod","Replay The Spire","Shop Mod","Spire Arcade","StSLib"],"gold_per_floor":[113,67,116,96,106,138,138,168,215,215,249,249,283,301,301,404,404,416,416,416,431,443,472,472,472,526,538,571,571,588,588,588,684,684,748,748,901,901,975,1047,1047,411,438,485,485,517,517,517,541,590,637,709,721,858,947,1026,538,653,665,711,723,804,816,905,979,877,877,954,1018,1018,1130,1207,1269,656,687,962,987,1045,844,844,921,941,1050,1043,1119,1119,1119,1237,1314,1403,961,961,981,981,1055,1132,1235,1312,1401,1023,1105,1184,1282,1282,1450,1577,1673,1673,1782,1782,1697,1817,1954,2075,2152,2197,2197,2354,2531,2693,2693,2762,2839,3025,3025,3044,3242,3242,3458,3294,3518,3595,3832,3932,3932,3969,3969,3969,3896,3896],"floor_reached":139,"language":"ENG","playtime":12639,"items_purged":["Spreading Infection","Voices","Strike_B","Strike_B+1","Writhe"],"score":4134,"play_id":"74523687-1878-4700-abc7-d38374e11f1a","local_time":"20210129194835","is_ascension_mode":true,"campfire_choices":[{"floor":7.0,"key":"REST"},{"data":"ReplayTheSpireMod:Fabricate Wheel","floor":10.0,"key":"SMITH"},{"data":"Buffer","floor":12.0,"key":"SMITH"},{"floor":24.0,"key":"REST"},{"data":"RitualDagger","floor":32.0,"key":"SMITH"},{"data":"infinitespire:UltimateForm","floor":45.0,"key":"SMITH"},{"data":"Capacitor","floor":53.0,"key":"SMITH"},{"data":"ReplayTheSpireMod:Book of Names","floor":61.0,"key":"SMITH"},{"data":"ReplayTheSpireMod:Omega Cannon","floor":63.0,"key":"SMITH"},{"data":"infinitespire:Punishment","floor":70.0,"key":"SMITH"},{"floor":80.0,"key":"REST"},{"floor":87.0,"key":"REST"},{"floor":104.0,"key":"DIG"},{"data":"Defragment","floor":117.0,"key":"SMITH"},{"floor":135,"key":"DIG"},{"data":"downfall:Bewildered","floor":138,"key":"PURGE"}],"circlet_count":0,"master_deck":["Defend_B+1","Defend_B+1","Defend_B+1","Defend_B+1","Zap+1","Dualcast","Sweeping Beam","Swift Strike","Buffer+1","Conserve Battery+1","Redo+1","Leap+1","Chill+1","Cold Snap+1","Consume+1","Hologram+1","ReplayTheSpireMod:Omega Cannon+1","Doom and Gloom+1","Consume+1","Turbo+1","Glacier+1","Aggregate+1","ReplayRNGCard+1","infinitespire:UltimateForm+1","infinitespire:SevenWalls","Turbo+1","Heatsinks+1","All For One+1","RitualDagger+1","Melter","Glacier+1","Tempest+1","Storm","Electrodynamics","Bandage Up+1","Fusion+1","Fission+1","Madness+1","Chaos+1","Redo+1","Capacitor+1","Echo Form","Skim+1","ReplayTheSpireMod:Book of Names+1","Seek+1","Turbo+1","infinitespire:Punishment+1","Pot Of Greed+1","Pot Of Greed+1","Pot Of Greed+1","Pot Of Greed+1","Pot Of Greed+1","Zap+1","Barrage","Aggregate+1","Capacitor+1","Seek+1","Pot Of Greed+1","Consume+1","Chill+1","BasicCrystalCard+1","Chill+1","BasicCrystalCard+1","Defragment+1","Blizzard","Rebound","Regret","Crystallizer","Crystallizer","ReplayTheSpireMod:Splinters","infinitespire:Oblivion+1","infinitespire:UltimateForm+1","Replay:Dark Deal+1","Capacitor+1","Turbo+1","Pot Of Greed+1","Pot Of Greed+1","Pot Of Greed+1","Pot Of Greed+1","Pot Of Greed+1","Pot Of Greed+1","Pot Of Greed+1","Cold Snap","White Noise+1","Seek+1","Seek+1","Cold Snap","Pot Of Greed+1","BootSequence+1","Turbo+1","Ball Lightning","Redo+1","Defragment+1","Turbo+1","Defragment+1","Aggregate+1","Chill+1","ReplayRNGCard+1","Aggregate+1","Iron Wave","Pot Of Greed+1","Thunder Strike","Tempest+1","Cold Snap","CurseOfTheBell","CurseOfTheBell","Doubt","Voices","Electrodynamics+1"],"relics":["Cracked Core","REME:ComplimentaryCards","Toxic Egg 2","Geode","Bird Faced Urn","Prayer Wheel","ReplayTheSpireMod:Lightbulb","Ornamental Fan","Sundial","Prayer Wheel","Regal Pillow","Whetstone","Busted Crown","Nloth\u0027s Gift","infinitespire:PuzzleCube","Vajra","Juzu Bracelet","Blue Doll","infinitespire:EvilPickle","Nuclear Battery","ReplayTheSpireMod:SealedPack","Ring of Fury","ReplayTheSpireMod:Ring of Challenge","Lizard Tail","ReplayTheSpireMod:TigerMarble","MerchantsRug","ReplayFunnel","Replay:Baseball","foxEvents:LuckyCharm","MawBank","Potion Belt","Replay:Grab Bag","Inserter","Nunchaku","Question Card","NlothsMask","Blood Vial","Black Star","Runic Capacitor","Replay:Antivirus Software","infinitespire:Golems Mask","Toy Ornithopter","Gremlin Food","Anchor","infinitespire:Lychee Nut","Symbiotic Virus","Frozen Egg 2","Fusion Hammer","Pocketwatch","Runic Pyramid","Oddly Smooth Stone","Replay:Bandana","Odd Mushroom","Centennial Puzzle","Bag of Marbles","Grinning Jar","Lantern","Membership Card","Replay:Multitool","Bag of Preparation","Thread and Needle","infinitespire:BottledMercury","Tiny House","Divine Protection","Garlic","infinitespire:FocusingShard","Pondfish Scales","Bottled Tornado","Red Mask","DataDisk","infinitespire:Satchel","infinitespire:ShieldingShard","Replay:Rubber Ducky","Sozu","Counterbalance","Replay:Frozen Program","Prayer Wheel","infinitespire:Beetle Shell","Incense Burner","Simple Rune","Bottled Flame","Happy Flower","MealTicket","downfall:ExtraCursedBell","Bronze Scales","ReplayTheSpireMod:Shallot","FossilizedHelix","Replay:Arrowhead","Replay:PocketPolymizer"],"acts_visited":["Exordium","TheCity","TheBeyond","Exordium","TheCity","TheBeyond","Exordium","TheCity","TheBeyond"],"potions_floor_usage":[139],"damage_taken":[{"damage":1.0,"enemies":"Cultist","floor":1.0,"turns":3.0},{"damage":0.0,"enemies":"Small Slimes","floor":5.0,"turns":2.0},{"damage":0.0,"enemies":"3 Sentries","floor":6.0,"turns":7.0},{"damage":0.0,"enemies":"Gremlin Nob","floor":8.0,"turns":5.0},{"damage":0.0,"enemies":"3 Sentries","floor":11.0,"turns":7.0},{"damage":6.0,"enemies":"Lagavulin","floor":13.0,"turns":6.0},{"damage":0.0,"enemies":"Jaw Worm","floor":14.0,"turns":3.0},{"damage":4.0,"enemies":"Fading Forest","floor":16.0,"turns":11.0},{"damage":0.0,"enemies":"3 Byrds","floor":18.0,"turns":3.0},{"damage":0.0,"enemies":"Chosen","floor":21.0,"turns":4.0},{"damage":0.0,"enemies":"Centurion and Healer","floor":22.0,"turns":6.0},{"damage":35.0,"enemies":"Book of Stabbing","floor":23.0,"turns":5.0},{"damage":7.0,"enemies":"Snake Plant","floor":27.0,"turns":3.0},{"damage":0.0,"enemies":"Nightmare","floor":28.0,"turns":8.0},{"damage":0.0,"enemies":"Snecko","floor":30.0,"turns":3.0},{"damage":4.0,"enemies":"Pondfish","floor":33.0,"turns":8.0},{"damage":0.0,"enemies":"Orb Walker","floor":35.0,"turns":3.0},{"damage":0.0,"enemies":"Donu and Deca","floor":37.0,"turns":7.0},{"damage":3.0,"enemies":"2 Louse","floor":39.0,"turns":2.0},{"damage":20.0,"enemies":"Jaw Worm","floor":40.0,"turns":3.0},{"damage":0.0,"enemies":"Small Slimes","floor":43.0,"turns":2.0},{"damage":0.0,"enemies":"3 Sentries","floor":44.0,"turns":3.0},{"damage":12.0,"enemies":"Exordium Wildlife","floor":46.0,"turns":3.0},{"damage":0.0,"enemies":"Colosseum Slavers","floor":49.0,"turns":2.0},{"damage":1.0,"enemies":"Replay:BlueRogue","floor":50.0,"turns":4.0},{"damage":0.0,"enemies":"Exordium Thugs","floor":51.0,"turns":4.0},{"damage":0.0,"enemies":"Gremlin Nob","floor":52.0,"turns":3.0},{"damage":0.0,"enemies":"Slime Boss","floor":54.0,"turns":5.0},{"damage":1.0,"enemies":"2 Thieves","floor":56.0,"turns":2.0},{"damage":1.0,"enemies":"Spheric Guardian","floor":60.0,"turns":3.0},{"damage":0.0,"enemies":"Slavers","floor":62.0,"turns":1.0},{"damage":0.0,"enemies":"Snake Plant","floor":65.0,"turns":3.0},{"damage":7.0,"enemies":"Gremlin Leader","floor":68.0,"turns":2.0},{"damage":0.0,"enemies":"Cultist and Chosen","floor":69.0,"turns":2.0},{"damage":0.0,"enemies":"Automaton","floor":71.0,"turns":4.0},{"damage":5.0,"enemies":"3 Shapes","floor":73.0,"turns":3.0},{"damage":0.0,"enemies":"3 Darklings","floor":75.0,"turns":3.0},{"damage":37.0,"enemies":"2 Orb Walkers","floor":77.0,"turns":3.0},{"damage":24.0,"enemies":"R_Hoarder","floor":78.0,"turns":5.0},{"damage":0.0,"enemies":"infinitespire:Three Voidlings","floor":84.0,"turns":3.0},{"damage":84.0,"enemies":"Nightmare_Alpha","floor":84.0,"turns":8.0},{"damage":0.0,"enemies":"Reptomancer","floor":85.0,"turns":2.0},{"damage":0.0,"enemies":"Awakened One","floor":88.0,"turns":5.0},{"damage":0.0,"enemies":"Cultist","floor":90.0,"turns":2.0},{"damage":0.0,"enemies":"The Mushroom Lair","floor":93.0,"turns":2.0},{"damage":5.0,"enemies":"3 Sentries","floor":95.0,"turns":5.0},{"damage":2.0,"enemies":"Small Slimes","floor":96.0,"turns":2.0},{"damage":0.0,"enemies":"Jaw Worm","floor":99.0,"turns":3.0},{"damage":0.0,"enemies":"Gremlin Nob","floor":101.0,"turns":2.0},{"damage":0.0,"enemies":"2 Fungi Beasts","floor":103.0,"turns":1.0},{"damage":0.0,"enemies":"Slime Boss","floor":105.0,"turns":3.0},{"damage":2.0,"enemies":"2 Thieves","floor":107.0,"turns":3.0},{"damage":0.0,"enemies":"3 Byrds","floor":109.0,"turns":2.0},{"damage":9.0,"enemies":"Book of Stabbing","floor":112.0,"turns":3.0},{"damage":0.0,"enemies":"Snake Plant","floor":113.0,"turns":3.0},{"damage":0.0,"enemies":"Cultist and Chosen","floor":114.0,"turns":3.0},{"damage":0.0,"enemies":"Masked Bandits","floor":116.0,"turns":2.0},{"damage":0.0,"enemies":"Replay:Snechameleon","floor":118.0,"turns":5.0},{"damage":0.0,"enemies":"Centurion and Healer","floor":119.0,"turns":3.0},{"damage":0.0,"enemies":"Nightmare","floor":120.0,"turns":4.0},{"damage":38.0,"enemies":"infinitespire:LordOfFortification","floor":122.0,"turns":22.0},{"damage":0,"enemies":"3 Darklings","floor":124,"turns":2},{"damage":0,"enemies":"Mind Bloom Boss Battle","floor":126,"turns":3},{"damage":0,"enemies":"Orb Walker","floor":127,"turns":3},{"damage":0,"enemies":"R_Hoarder","floor":129,"turns":5},{"damage":0,"enemies":"Sphere and 2 Shapes","floor":131,"turns":1},{"damage":0,"enemies":"Giant Head","floor":133,"turns":2},{"damage":0,"enemies":"2 Orb Walkers","floor":136,"turns":2},{"damage":202,"enemies":"infinitespire:LordOfFortification","floor":139,"turns":9}],"seed_played":"-3595835259541788953","potions_obtained":[{"floor":1.0,"key":"SkillPotion"},{"floor":4.0,"key":"bronze:BurnAndBuffPotion"},{"floor":8.0,"key":"Strength Potion"},{"floor":11.0,"key":"LiquidBronze"},{"floor":21.0,"key":"Dexterity Potion"},{"floor":23.0,"key":"SneckoOil"},{"floor":37.0,"key":"Weak Potion"},{"floor":40.0,"key":"Languid Potion"},{"floor":43.0,"key":"FearPotion"},{"floor":44.0,"key":"PowerPotion"},{"floor":46.0,"key":"ColorlessPotion"},{"floor":54.0,"key":"Block Potion"},{"floor":60.0,"key":"Cursed Concoction"},{"floor":71.0,"key":"Fruit Juice"},{"floor":73.0,"key":"FairyPotion"},{"floor":75.0,"key":"SneckoOil"},{"floor":82.0,"key":"FearPotion"},{"floor":85.0,"key":"DuplicationPotion"},{"floor":88.0,"key":"LifebloodPotion"},{"floor":90.0,"key":"LiquidMemories"},{"floor":96.0,"key":"LifebloodPotion"},{"floor":103.0,"key":"DuplicationPotion"},{"floor":107.0,"key":"sneckomod:MuddlingPotion"},{"floor":122.0,"key":"infinitespire:BlackPotion"}],"is_trial":false,"path_per_floor":["M","$","T","?","M","E","R","E","T","R","E","R","E","M","R_BF","B",null,"M","?","AVR","M","M","E","R","?","T","M","NM","?","M","?","R","B",null,"M","?","B",null,"M","M","?","$","M","E","R","M","T","?","?","E","M","E","R","B",null,"M","?","T","?","M","R","E","R","T","M","$","?","E","M","R","B",null,"M","$","M","?","?","E","$","R","T","?","?","?","E","AVR","R","B",null,"M","$","?","?","?","E","M","T","T","M","$","E","?","M","R","B",null,"M","?","M","?","?","E","M","M","T","?","R","E","M","NM","R","B",null,"M","?","?","M","AVR","E","$","M","T","E","?","R","?","?","R_BF","B"],"character_chosen":"DEFECT","items_purchased":["Toxic Egg 2","Geode","ReplayTheSpireMod:Fabricate Wheel+1","Leap+1","Lizard Tail","ReplayTheSpireMod:TigerMarble","Madness+1","MerchantsRug","Seek+1","War Paint","Consume+1","Defragment","Runic Capacitor","Replay:Antivirus Software","Blizzard","Rebound","Crystallizer","Gremlin Food","Replay:Dark Deal+1","Oddly Smooth Stone","Replay:Bandana","Membership Card","Replay:Multitool","Simple Rune"],"campfire_rested":4,"item_purchase_floors":[0,0,0,2,42,42,42,42,66,66,66,74,74,74,74,74,79,79,91,91,91,100,100,130],"current_hp_per_floor":[39,39,39,39,39,39,61,63,63,63,65,65,61,61,61,59,75,75,75,75,75,75,42,75,75,75,68,74,68,70,70,70,72,75,75,75,75,75,72,54,54,54,54,66,66,62,62,67,71,74,78,80,80,80,80,79,79,79,79,80,80,80,80,80,80,80,80,80,80,80,80,80,80,80,80,80,48,32,32,72,72,72,72,28,39,39,63,63,63,63,63,63,63,63,63,63,63,63,63,63,63,63,63,63,63,68,68,68,68,68,68,61,68,68,68,68,68,68,68,68,68,68,68,68,68,68,68,68,68,68,68,68,68,73,73,73,69,69,0,0],"gold":3896,"neow_bonus":"","is_daily":false,"chose_seed":false,"campfire_upgraded":9,"win_rate":0.0,"timestamp":1611949715,"path_taken":["M","$","?","?","M","E","R","E","T","R","E","R","E","?","R_BF","BOSS","M","?","AVR","M","?","E","R","?","T","M","NM","?","M","?","R","BOSS","M","?","BOSS","M","M","?","$","M","E","R","M","T","?","?","E","M","E","R","BOSS","M","?","?","?","M","R","E","R","T","M","$","?","E","M","R","BOSS","M","$","M","?","?","E","$","R","T","?","?","?","E","AVR","R","BOSS","M","$","?","?","?","E","M","?","T","M","?","E","?","M","R","BOSS","M","?","M","?","?","E","M","M","T","?","R","E","M","NM","R","BOSS","M","?","?","M","AVR","E","$","M","T","E","?","R","?","?","R_BF","BOSS"],"items_purchased_type":["Relic","Relic","Card","Card","Relic","Relic","Card","Relic","Card","Relic","Card","Card","Relic","Relic","Card","Card","Card","Relic","Card","Relic","Relic","Relic","Relic","Relic"],"build_version":"2020-12-22","purchased_purges":5,"victory":false,"max_hp_per_floor":[75,75,75,75,75,75,75,75,75,75,75,75,75,75,75,75,75,75,75,75,75,75,75,75,75,75,75,75,75,75,75,75,75,75,75,75,75,75,75,75,75,75,75,75,75,75,75,80,80,80,80,80,80,80,80,80,80,80,80,80,80,80,80,80,80,80,80,80,80,80,80,80,80,80,80,80,85,85,85,85,85,85,85,63,63,63,63,63,63,63,63,63,63,63,63,63,63,63,63,63,63,63,63,63,63,68,68,68,68,68,68,68,68,68,68,68,68,68,68,68,68,68,68,68,68,68,68,68,68,68,68,68,68,73,73,73,69,69,69,69],"card_choices":[{"not_picked":["Undo+1","Barrage"],"picked":"Conserve Battery+1","floor":1.0},{"not_picked":["Compile Driver","Loop"],"picked":"Redo+1","floor":1.0},{"not_picked":["ReplayTheSpireMod:System Scan+1","Redo+1"],"picked":"Chill+1","floor":5.0},{"not_picked":["Streamline","Recycle+1"],"picked":"Cold Snap","floor":5.0},{"not_picked":["Ball Lightning","Gash"],"picked":"Consume+1","floor":6.0},{"not_picked":["Genetic Algorithm+1","Gash"],"picked":"Hologram+1","floor":8.0},{"not_picked":["Streamline","Beam Cell"],"picked":"Doom and Gloom","floor":11.0},{"not_picked":["Force Field+1","Sweeping Beam","Stack+1"],"picked":"SKIP","floor":13.0},{"not_picked":["Force Field+1","Sweeping Beam","Stack+1"],"picked":"SKIP","floor":13.0},{"not_picked":["Storm","Turbo+1"],"picked":"Consume+1","floor":14.0},{"not_picked":["ReplayTheSpireMod:Repulse+1","BasicCrystalCard+1"],"picked":"Turbo+1","floor":14.0},{"not_picked":["Redo+1","Melter"],"picked":"Glacier+1","floor":14.0},{"not_picked":["Machine Learning","Thunder Strike"],"picked":"ReplayRNGCard+1","floor":16.0},{"not_picked":[],"picked":"Ball Lightning","floor":18.0},{"not_picked":["Sweeping Beam"],"picked":"SKIP","floor":18.0},{"not_picked":["Sweeping Beam"],"picked":"SKIP","floor":18.0},{"not_picked":[],"picked":"Turbo+1","floor":21.0},{"not_picked":["Cold Snap"],"picked":"SKIP","floor":21.0},{"not_picked":["Stack+1"],"picked":"SKIP","floor":21.0},{"not_picked":["Gash"],"picked":"SKIP","floor":22.0},{"not_picked":["Coolheaded+1"],"picked":"SKIP","floor":22.0},{"not_picked":["Sweeping Beam+1"],"picked":"SKIP","floor":22.0},{"not_picked":["Compile Driver+1"],"picked":"SKIP","floor":23.0},{"not_picked":[],"picked":"Heatsinks+1","floor":27.0},{"not_picked":["Reboot+1"],"picked":"SKIP","floor":27.0},{"not_picked":["Beam Cell"],"picked":"SKIP","floor":27.0},{"not_picked":[],"picked":"All For One","floor":28.0},{"not_picked":[],"picked":"Melter","floor":30.0},{"not_picked":["Cold Snap"],"picked":"SKIP","floor":30.0},{"not_picked":["Conserve Battery+1"],"picked":"SKIP","floor":30.0},{"not_picked":[],"picked":"Glacier+1","floor":35.0},{"not_picked":[],"picked":"Tempest+1","floor":35.0},{"not_picked":[],"picked":"Storm","floor":35.0},{"not_picked":[],"picked":"Electrodynamics","floor":37.0},{"not_picked":[],"picked":"Bandage Up","floor":38.0},{"not_picked":[],"picked":"infinitespire:SealOfDarkness+","floor":38.0},{"not_picked":[],"picked":"Fusion+1","floor":39.0},{"not_picked":["Undo+1"],"picked":"SKIP","floor":39.0},{"not_picked":["Hologram+1"],"picked":"SKIP","floor":39.0},{"not_picked":[],"picked":"Fission+1","floor":40.0},{"not_picked":["Gash"],"picked":"SKIP","floor":40.0},{"not_picked":["Stack+1"],"picked":"SKIP","floor":40.0},{"not_picked":[],"picked":"Chaos+1","floor":43.0},{"not_picked":[],"picked":"Redo+1","floor":43.0},{"not_picked":["ReplayTheSpireMod:GoodbyeWorld"],"picked":"SKIP","floor":43.0},{"not_picked":["Core Surge"],"picked":"SKIP","floor":44.0},{"not_picked":[],"picked":"Capacitor","floor":46.0},{"not_picked":["Sunder"],"picked":"SKIP","floor":46.0},{"not_picked":["Steam+1"],"picked":"SKIP","floor":46.0},{"not_picked":[],"picked":"Echo Form","floor":49.0},{"not_picked":["Rip and Tear"],"picked":"SKIP","floor":50.0},{"not_picked":[],"picked":"Skim+1","floor":51.0},{"not_picked":["ReplayTheSpireMod:Reroute Power+1"],"picked":"SKIP","floor":51.0},{"not_picked":["Coolheaded+1"],"picked":"SKIP","floor":51.0},{"not_picked":["Creative AI"],"picked":"SKIP","floor":52.0},{"not_picked":["ReplayTheSpireMod:Black Plague","infinitespire:Punishment"],"picked":"ReplayTheSpireMod:Book of Names","floor":54.0},{"not_picked":[],"picked":"Seek+1","floor":54.0},{"not_picked":[],"picked":"Turbo+1","floor":56.0},{"not_picked":["Streamline+1"],"picked":"SKIP","floor":56.0},{"not_picked":["ReplayTheSpireMod:GoodbyeWorld"],"picked":"SKIP","floor":56.0},{"not_picked":["infinitespire:Menacing","Replay:Fractal Strike"],"picked":"infinitespire:Punishment","floor":57.0},{"not_picked":[],"picked":"Barrage","floor":60.0},{"not_picked":["Leap+1"],"picked":"SKIP","floor":60.0},{"not_picked":["ReplayTheSpireMod:Reroute Power+1"],"picked":"SKIP","floor":60.0},{"not_picked":["Compile Driver"],"picked":"SKIP","floor":62.0},{"not_picked":["Storm"],"picked":"Aggregate+1","floor":65.0},{"not_picked":["Defragment"],"picked":"Capacitor+1","floor":65.0},{"not_picked":["Rebound","Genetic Algorithm+1"],"picked":"SKIP","floor":65.0},{"not_picked":["Rebound","Genetic Algorithm+1"],"picked":"SKIP","floor":65.0},{"not_picked":["Panic Button+1"],"picked":"Chill+1","floor":68.0},{"not_picked":["ReplayTheSpireMod:Calculation Training+1"],"picked":"BasicCrystalCard+1","floor":69.0},{"not_picked":["Core Surge"],"picked":"Chill+1","floor":69.0},{"not_picked":["FIFO Queue+1","Chill+1"],"picked":"SKIP","floor":69.0},{"not_picked":["Rebound+1"],"picked":"BasicCrystalCard+1","floor":73.0},{"not_picked":["Streamline+1","Gash"],"picked":"SKIP","floor":73.0},{"not_picked":["FIFO Queue+1","Panic Button+1"],"picked":"SKIP","floor":73.0},{"not_picked":["Redo+1","Coolheaded+1"],"picked":"SKIP","floor":75.0},{"not_picked":["Undo+1","Fission+1"],"picked":"SKIP","floor":75.0},{"not_picked":["Reinforced Body+1","Stack+1"],"picked":"SKIP","floor":75.0},{"not_picked":["Coolheaded+1","Scrape+1"],"picked":"SKIP","floor":78.0},{"not_picked":["infinitespire:TheBestDefense","ReplayTheSpireMod:Chaos Vortex"],"picked":"infinitespire:Oblivion","floor":84.0},{"not_picked":["Doom and Gloom","Reprogram+1"],"picked":"SKIP","floor":85.0},{"not_picked":["Leap+1","Recycle+1"],"picked":"SKIP","floor":90.0},{"not_picked":["Hologram+1","Stack+1"],"picked":"SKIP","floor":90.0},{"not_picked":["Force Field+1","Cold Snap"],"picked":"SKIP","floor":90.0},{"not_picked":["Leap+1","Heatsinks+1"],"picked":"SKIP","floor":95.0},{"not_picked":["Stack+1"],"picked":"Capacitor+1","floor":96.0},{"not_picked":["Chaos+1"],"picked":"Turbo+1","floor":96.0},{"not_picked":["Reinforced Body+1","BasicCrystalCard+1"],"picked":"SKIP","floor":96.0},{"not_picked":["Hologram+1"],"picked":"Cold Snap","floor":99.0},{"not_picked":["ReplayGash"],"picked":"White Noise+1","floor":99.0},{"not_picked":["Static Discharge+1"],"picked":"Seek+1","floor":99.0},{"not_picked":["Rainbow+1"],"picked":"Seek+1","floor":101.0},{"not_picked":["Barrage","Streamline"],"picked":"SKIP","floor":103.0},{"not_picked":["Heatsinks+1","Steam+1"],"picked":"SKIP","floor":103.0},{"not_picked":["Leap+1","Lockon"],"picked":"SKIP","floor":103.0},{"not_picked":["Go for the Eyes"],"picked":"Cold Snap","floor":107.0},{"not_picked":["Buffer+1","Redo+1"],"picked":"SKIP","floor":107.0},{"not_picked":["Leap+1","Sunder+1"],"picked":"SKIP","floor":107.0},{"not_picked":["Go for the Eyes"],"picked":"BootSequence+1","floor":109.0},{"not_picked":["Conserve Battery+1","Gash"],"picked":"SKIP","floor":109.0},{"not_picked":["Mirror Shield+1","Coolheaded+1"],"picked":"SKIP","floor":109.0},{"not_picked":["Ball Lightning"],"picked":"Turbo+1","floor":112.0},{"not_picked":["Leap+1"],"picked":"Ball Lightning","floor":113.0},{"not_picked":["Hologram+1"],"picked":"Redo+1","floor":113.0},{"not_picked":["Beam Cell","Steam Power+1"],"picked":"SKIP","floor":113.0},{"not_picked":["Sweeping Beam"],"picked":"Defragment+1","floor":114.0},{"not_picked":["ReplaySolidLightProjector+1"],"picked":"Turbo+1","floor":114.0},{"not_picked":["ReplaySolidLightProjector+1","Redo+1"],"picked":"SKIP","floor":114.0},{"not_picked":["Buffer+1"],"picked":"Defragment+1","floor":118.0},{"not_picked":["Chill+1"],"picked":"Aggregate+1","floor":119.0},{"not_picked":["ReplaySolidLightProjector+1","Beam Cell"],"picked":"SKIP","floor":119.0},{"not_picked":["Rebound","Auto Shields+1"],"picked":"SKIP","floor":119.0},{"not_picked":["Rebound","Static Discharge+1"],"picked":"SKIP","floor":120.0},{"not_picked":["Fission+1"],"picked":"ReplayRNGCard+1","floor":122.0},{"not_picked":["Rebound+1"],"picked":"Aggregate+1","floor":124},{"not_picked":["Consume+1","Sweeping Beam"],"picked":"SKIP","floor":124},{"not_picked":["Conserve Battery+1","Coolheaded+1"],"picked":"SKIP","floor":124},{"not_picked":["Sweeping Beam"],"picked":"ReplayTheSpireMod:Fabricate Wheel+1","floor":127},{"not_picked":["Redo+1","Conserve Battery+1"],"picked":"SKIP","floor":127},{"not_picked":["Conserve Battery+1","Fusion+1"],"picked":"SKIP","floor":127},{"not_picked":["Force Field+1","Consume+1"],"picked":"SKIP","floor":129},{"not_picked":["Turbo+1"],"picked":"Tempest+1","floor":131},{"not_picked":["Compile Driver+1"],"picked":"Cold Snap","floor":131},{"not_picked":["Ball Lightning","Beam Cell"],"picked":"SKIP","floor":131},{"not_picked":["Conserve Battery+1","Rainbow+1"],"picked":"SKIP","floor":131},{"not_picked":["Beam Cell+1","ReplayTheSpireMod:Omega Cannon"],"picked":"SKIP","floor":133}],"player_experience":61673,"relics_obtained":[{"floor":3.0,"key":"ReplayTheSpireMod:Lightbulb"},{"floor":6.0,"key":"Ornamental Fan"},{"floor":8.0,"key":"Sundial"},{"floor":9.0,"key":"Anchor"},{"floor":11.0,"key":"Regal Pillow"},{"floor":13.0,"key":"Whetstone"},{"floor":23.0,"key":"Vajra"},{"floor":26.0,"key":"Juzu Bracelet"},{"floor":28.0,"key":"Blue Doll"},{"floor":41.0,"key":"Ring of Fury"},{"floor":41.0,"key":"ReplayTheSpireMod:Ring of Challenge"},{"floor":44.0,"key":"ReplayFunnel"},{"floor":47.0,"key":"Replay:Baseball"},{"floor":49.0,"key":"foxEvents:LuckyCharm"},{"floor":50.0,"key":"MawBank"},{"floor":52.0,"key":"Potion Belt"},{"floor":58.0,"key":"Grinning Jar"},{"floor":62.0,"key":"Nunchaku"},{"floor":64.0,"key":"Question Card"},{"floor":68.0,"key":"Blood Vial"},{"floor":77.0,"key":"infinitespire:Golems Mask"},{"floor":78.0,"key":"Toy Ornithopter"},{"floor":78.0,"key":"Replay:Bottled Snecko"},{"floor":83.0,"key":"Anchor"},{"floor":84.0,"key":"infinitespire:Lychee Nut"},{"floor":85.0,"key":"Symbiotic Virus"},{"floor":85.0,"key":"Frozen Egg 2"},{"floor":93.0,"key":"Odd Mushroom"},{"floor":95.0,"key":"Centennial Puzzle"},{"floor":95.0,"key":"Bag of Marbles"},{"floor":97.0,"key":"Grinning Jar"},{"floor":98.0,"key":"Lantern"},{"floor":101.0,"key":"Bag of Preparation"},{"floor":101.0,"key":"Thread and Needle"},{"floor":104.0,"key":"infinitespire:BottledMercury"},{"floor":112.0,"key":"infinitespire:FocusingShard"},{"floor":112.0,"key":"Pondfish Scales"},{"floor":115.0,"key":"Bottled Tornado"},{"floor":116.0,"key":"Red Mask"},{"floor":118.0,"key":"DataDisk"},{"floor":118.0,"key":"infinitespire:Satchel"},{"floor":120.0,"key":"infinitespire:ShieldingShard"},{"floor":120.0,"key":"Replay:Rubber Ducky"},{"floor":126,"key":"Counterbalance"},{"floor":129,"key":"infinitespire:Beetle Shell"},{"floor":129,"key":"Incense Burner"},{"floor":132,"key":"Bottled Flame"},{"floor":133,"key":"Happy Flower"},{"floor":133,"key":"MealTicket"},{"floor":134,"key":"Bronze Scales"},{"floor":134,"key":"ReplayTheSpireMod:Shallot"},{"floor":134,"key":"FossilizedHelix"},{"floor":135,"key":"Replay:Arrowhead"},{"floor":136,"key":"Replay:PocketPolymizer"}],"event_choices":[{"damage_healed":0.0,"max_hp_gain":0.0,"max_hp_loss":0.0,"gold_gain":0.0,"event_name":"The Woman in Blue","player_choice":"Bought 1 Potion","floor":4.0,"gold_loss":0.0,"damage_taken":0.0},{"damage_healed":0.0,"max_hp_gain":0.0,"max_hp_loss":0.0,"gold_gain":0.0,"event_name":"N\u0027loth","player_choice":"Traded Relic","floor":19.0,"relics_lost":["Anchor"],"gold_loss":0.0,"damage_taken":0.0,"relics_obtained":["Nloth\u0027s Gift"]},{"damage_healed":0.0,"max_hp_gain":0.0,"max_hp_loss":0.0,"gold_gain":0.0,"event_name":"Nest","player_choice":"Joined the Cult","floor":29.0,"gold_loss":0.0,"damage_taken":6.0,"cards_obtained":["RitualDagger"]},{"damage_healed":0.0,"max_hp_gain":0.0,"max_hp_loss":0.0,"gold_gain":0.0,"event_name":"Ghosts","player_choice":"Ignored","floor":31.0,"gold_loss":0.0,"damage_taken":0.0},{"damage_healed":0.0,"max_hp_gain":0.0,"max_hp_loss":0.0,"gold_gain":0.0,"event_name":"SecretPortal","player_choice":"Took Portal","floor":36.0,"gold_loss":0.0,"damage_taken":0.0},{"damage_healed":0.0,"max_hp_gain":5.0,"max_hp_loss":0.0,"gold_gain":0.0,"event_name":"Big Fish","player_choice":"Donut","floor":48.0,"gold_loss":0.0,"damage_taken":0.0},{"damage_healed":0.0,"max_hp_gain":0.0,"max_hp_loss":0.0,"gold_gain":0.0,"event_name":"Match and Keep!","player_choice":"2 cards matched","floor":59.0,"gold_loss":0.0,"damage_taken":0.0,"cards_obtained":["Spreading Infection","Zap"]},{"damage_healed":0.0,"max_hp_gain":0.0,"max_hp_loss":0.0,"gold_gain":0.0,"event_name":"FaceTrader","player_choice":"Trade","floor":67.0,"gold_loss":0.0,"damage_taken":0.0,"relics_obtained":["NlothsMask"]},{"damage_healed":0.0,"max_hp_gain":0.0,"max_hp_loss":0.0,"gold_gain":275.0,"event_name":"Golden Shrine","player_choice":"Desecrate","floor":76.0,"gold_loss":0.0,"damage_taken":0.0,"cards_obtained":["Regret"]},{"damage_healed":0.0,"max_hp_gain":0.0,"max_hp_loss":0.0,"gold_gain":0.0,"event_name":"Mysterious Sphere","player_choice":"Fight","floor":77.0,"gold_loss":0.0,"damage_taken":0.0},{"damage_healed":0.0,"max_hp_gain":0.0,"max_hp_loss":0.0,"gold_gain":0.0,"event_name":"Mushrooms","player_choice":"Fought Mushrooms","floor":93.0,"gold_loss":0.0,"damage_taken":0.0},{"damage_healed":0.0,"max_hp_gain":0.0,"max_hp_loss":0.0,"gold_gain":79.0,"event_name":"Golden Wing","player_choice":"Gained Gold","floor":102.0,"gold_loss":0.0,"damage_taken":0.0},{"damage_healed":0.0,"max_hp_gain":0.0,"max_hp_loss":0.0,"gold_gain":0.0,"event_name":"Addict","player_choice":"Obtained Relic","floor":111.0,"gold_loss":85.0,"damage_taken":0.0,"relics_obtained":["Garlic"]},{"damage_healed":0.0,"max_hp_gain":0.0,"max_hp_loss":0.0,"gold_gain":0.0,"event_name":"Masked Bandits","player_choice":"Fought Bandits","floor":116.0,"gold_loss":0.0,"damage_taken":0.0},{"cards_removed":["Ball Lightning"],"damage_healed":0,"gold_gain":0,"player_choice":"Took Card","damage_taken":0,"max_hp_gain":0,"max_hp_loss":0,"event_name":"NoteForYourself","floor":125,"gold_loss":0,"cards_obtained":["Iron Wave"]},{"damage_healed":0,"gold_gain":0,"player_choice":"Fight","damage_taken":0,"max_hp_gain":0,"max_hp_loss":0,"event_name":"MindBloom","floor":126,"gold_loss":0},{"damage_healed":0,"gold_gain":0,"player_choice":"Fight","damage_taken":0,"max_hp_gain":0,"max_hp_loss":0,"event_name":"Mysterious Sphere","floor":136,"gold_loss":0},{"damage_healed":0,"gold_gain":0,"player_choice":"Max HP","damage_taken":0,"max_hp_gain":0,"max_hp_loss":4,"event_name":"Winding Halls","floor":137,"gold_loss":0}],"is_beta":false,"boss_relics":[{"not_picked":["Honey Jar","Philosopher\u0027s Stone"],"picked":"Busted Crown"},{"not_picked":["ReplayTheSpireMod:DimensionalGlitch","Replay:Wanted Poster"],"picked":"Nuclear Battery"},{"not_picked":["Velvet Choker","Coffee Dripper"],"picked":"ReplayTheSpireMod:SealedPack"},{"not_picked":["Replay:Drink Me","Painkiller Herb"],"picked":"Replay:Grab Bag"},{"not_picked":["Coffee Dripper","Cursed Key"],"picked":"Philosopher\u0027s Stone"},{"not_picked":["infinitespire:Cupcake","Velvet Choker"],"picked":"ChewingGum"},{"not_picked":["FrozenCore","SlaversCollar"],"picked":"Inserter"},{"not_picked":["Kintsugi","Tiny House"],"picked":"Black Star"},{"not_picked":["Replay:Bronze Core","Ring of Chaos"],"picked":"Runic Pyramid"},{"not_picked":["infinitespire:Cupcake","Abe\u0027s Treasure"],"picked":"Tiny House"},{"not_picked":["Snecko Eye","ReplayTheSpireMod:DimensionalGlitch"],"picked":"Sozu"}],"items_purged_floors":[66,74,79,100,130],"is_endless":true,"potions_floor_spawned":[1,8,11,21,23,27,37,40,43,44,46,54,60,71,73,75,85,88,90,96,101,103,105,107,112,114,122,127,129,133],"killed_by":"infinitespire:LordOfFortification","ascension_level":1}}