{"host":"l84l8xigz5v5foa2","time":1611925402,"event":{"mods":["2.2 Compatiblity","AchievementEnabler","BaseMod","Better Note","Better Vampires","Card Filter","Colored Map","DeckTracker","Downfall","Gremlin Skip","Highlight Path","Keyboard Shortcuts","Minty Spire (QoL Compilation)","Permanent Neow","Quick Restart","Relic Filter","Relic Stats","StSLib","SuperFastMode","Transform Curses","Unknown Chances"],"gold_per_floor":[115,190,200,200,220,220,220,220,220],"floor_reached":7,"language":"ENG","playtime":197,"items_purged":[],"score":82,"play_id":"5b74c0bd-bee6-4ea3-ae3f-358496fadf5d","local_time":"20210129220322","is_ascension_mode":true,"campfire_choices":[{"data":"hexamod:NecessarySacrifice","floor":6,"key":"SMITH"}],"circlet_count":0,"master_deck":["AscendersBane","hexamod:Strike","hexamod:Strike","hexamod:Strike","hexamod:Defend","hexamod:Defend","hexamod:Defend","hexamod:Defend","hexamod:Sear","hexamod:Float","hexamod:TimeOfNeed","hexamod:HauntingEcho","hexamod:NecessarySacrifice+1"],"relics":["hexamod:SpiritBrand"],"acts_visited":[],"potions_floor_usage":[],"damage_taken":[{"damage":0,"enemies":"2 Louse","floor":1,"turns":2},{"damage":4,"enemies":"Small Slimes","floor":3,"turns":5},{"damage":0,"enemies":"Cultist","floor":5,"turns":3},{"damage":51,"enemies":"Gremlin Nob","floor":7,"turns":3}],"seed_played":"8074339780494150814","potions_obtained":[],"is_trial":false,"path_per_floor":["M","?","M","?","M","R","E"],"character_chosen":"THE_SPIRIT","items_purchased":[],"campfire_rested":0,"item_purchase_floors":[],"current_hp_per_floor":[57,46,42,42,42,42,0,0,0],"gold":220,"neow_bonus":"THREE_RARE_CARDS","is_daily":false,"chose_seed":false,"campfire_upgraded":1,"win_rate":0.0,"timestamp":1611925402,"path_taken":["M","?","M","?","?","R","E"],"items_purchased_type":[],"build_version":"2020-12-22","purchased_purges":0,"victory":false,"max_hp_per_floor":[57,57,57,57,57,57,57,57,57],"relic_stats":{"counters":[4,13],"obtain_stats":[{"hexamod:SpiritBrand":0},{"hexamod:SpiritBrand":0},{"hexamod:SpiritBrand":0}]},"card_choices":[{"not_picked":["hexamod:FifthSeal","hexamod:SearingWound"],"picked":"hexamod:TimeOfNeed","floor":0},{"not_picked":["hexamod:FlamesFromBeyond","hexamod:HeatMetal"],"picked":"hexamod:HauntingEcho","floor":1},{"not_picked":["hexamod:BurningTouch","hexamod:FastForward"],"picked":"hexamod:NecessarySacrifice","floor":3},{"not_picked":["hexamod:RecurringNightmare","hexamod:HeatShield","hexamod:BurningTouch"],"picked":"SKIP","floor":5}],"player_experience":3493512,"relics_obtained":[],"event_choices":[{"damage_healed":0,"gold_gain":75,"player_choice":"Gather Gold","damage_taken":11,"max_hp_gain":0,"max_hp_loss":0,"event_name":"World of Goop","floor":2,"gold_loss":0},{"cards_removed":["hexamod:Strike"],"damage_healed":0,"gold_gain":0,"player_choice":"Purged","damage_taken":0,"max_hp_gain":0,"max_hp_loss":0,"event_name":"Purifier","floor":4,"gold_loss":0}],"is_beta":false,"boss_relics":[],"items_purged_floors":[],"is_endless":false,"potions_floor_spawned":[],"killed_by":"Gremlin Nob","ascension_level":20}}