{"host":"uu8qcv8llpcbwyus","time":1611906610,"event":{"mods":["100% Spire Juice","BaseMod","CapriCore","Conspire","Downfall","HololiveMod","Hubris","Marisa（霧雨　魔理沙）","Minty Spire (QoL Compilation)","Reimu（博??梦）","Remilia（蕾米莉?）","Replay The Spire","StSLib","The Administrix","The Animator","The Gatherer","The Immortal","The Servant 0.9.4","TheSwordswoman","WarShipGirlsR/??少女R mod","Yakumo Yukari mod"],"gold_per_floor":[81,113,113,64,113,113,141,158,158,174,201,238,253,253,253,375,375,394,244,267,282,207,207,236,260,260,260,260,260,315,347,347,454,454,482,482,582,616,633,633,689,689,735,759,759,775,775,807,807,811,811,811,393,442,483],"floor_reached":56,"language":"ENG","playtime":2634,"items_purged":["Hololive_CallAiraniIofifteen","Hololive_CallNatsuiroMatsuri"],"score":1913,"play_id":"7af59461-58fe-444b-a564-6a88aa774836","local_time":"20210128235010","is_ascension_mode":true,"campfire_choices":[{"data":"Hololive_CallShiroganeNoel","floor":6.0,"key":"SMITH"},{"data":"Hololive_Nanodesu","floor":15.0,"key":"SMITH"},{"data":"Hololive_IdolExercise","floor":23.0,"key":"SMITH"},{"data":"Hololive_Yoholoon","floor":27.0,"key":"SMITH"},{"data":"Hololive_CandyCastle","floor":29.0,"key":"SMITH"},{"floor":32.0,"key":"RECALL"},{"data":"Hololive_CallNekomataOkayu","floor":40.0,"key":"SMITH"},{"data":"Hololive_Thief","floor":42.0,"key":"SMITH"},{"data":"Hololive_Yoholoon","floor":47.0,"key":"SMITH"},{"data":"Hololive_Thief","floor":49.0,"key":"SMITH"},{"data":"Hololive_DurableLive","floor":52.0,"key":"SMITH"}],"circlet_count":0,"master_deck":["Hololive_Strike","Hololive_Strike","Hololive_Defend","Hololive_Defend","Hololive_CallHoushouMarine","Hololive_CallAkaiHaato","Hololive_CallNekomataOkayu+1","Hololive_CallShiroganeNoel+1","Hololive_CandyCastle+1","Hololive_CallSakuraMiko","Hololive_FlyingPonyTail","Hololive_Nanodesu+1","Hololive_CocoNews","Hololive_Thief+1","Hololive_IdolExercise+1","Hololive_SoulCatcher+1","Hololive_Yoholoon+1","Hololive_CallSpadeEcho+1","Hololive_FlyingPonyTail+1","Hololive_CandyCastle+1","Hololive_Thief+1","Hololive_CandyCastle+1","Hololive_DurableLive+1","Hololive_Yoholoon+1","Hololive_CallYozoraMel+1","Hololive_Yoholoon"],"relics":["Hololive_TheStar","Happy Flower","Anchor","Replay:Bottled Snecko","PreservedInsect","Velvet Choker","Omamori","Blue Doll","Nloth\u0027s Gift","Frozen Egg 2","hubris:GrandSneckoEye","ReplayFunnel","hubris:EvacipatedBox","Centennial Puzzle","Vajra","Membership Card","Garlic","Pet Ghost","Replay:Accelerometer"],"acts_visited":["Exordium","TheCity","TheBeyond","TheEnding"],"potions_floor_usage":[55,55,55],"damage_taken":[{"damage":0.0,"enemies":"Small Slimes","floor":1.0,"turns":3.0},{"damage":0.0,"enemies":"conspire:MimicChest","floor":2.0,"turns":4.0},{"damage":0.0,"enemies":"Gremlin Nob","floor":7.0,"turns":3.0},{"damage":0.0,"enemies":"Jaw Worm","floor":8.0,"turns":3.0},{"damage":0.0,"enemies":"Cultist","floor":10.0,"turns":2.0},{"damage":0.0,"enemies":"3 Louse","floor":11.0,"turns":3.0},{"damage":0.0,"enemies":"Lagavulin","floor":12.0,"turns":2.0},{"damage":0.0,"enemies":"Lots of Slimes","floor":13.0,"turns":4.0},{"damage":0.0,"enemies":"Hexaghost","floor":16.0,"turns":3.0},{"damage":0.0,"enemies":"Chosen","floor":18.0,"turns":3.0},{"damage":0.0,"enemies":"conspire:FuzzyDice","floor":21.0,"turns":3.0},{"damage":0.0,"enemies":"conspire:SneckoGhost","floor":24.0,"turns":3.0},{"damage":0.0,"enemies":"Centurion and Healer","floor":25.0,"turns":2.0},{"damage":0.0,"enemies":"conspire:Head Lice","floor":30.0,"turns":4.0},{"damage":0.0,"enemies":"Sentry and Sphere","floor":31.0,"turns":3.0},{"damage":0.0,"enemies":"Collector","floor":33.0,"turns":5.0},{"damage":0.0,"enemies":"3 Darklings","floor":35.0,"turns":3.0},{"damage":0.0,"enemies":"3 Shapes","floor":38.0,"turns":3.0},{"damage":0.0,"enemies":"3 Darklings","floor":39.0,"turns":4.0},{"damage":0.0,"enemies":"Giant Head","floor":41.0,"turns":5.0},{"damage":0.0,"enemies":"4 Shapes","floor":44.0,"turns":3.0},{"damage":0.0,"enemies":"Sphere and 2 Shapes","floor":46.0,"turns":3.0},{"damage":0.0,"enemies":"3 Darklings","floor":48.0,"turns":3.0},{"damage":0.0,"enemies":"Time Eater","floor":50.0,"turns":5.0},{"damage":0.0,"enemies":"Shield and Spear","floor":54.0,"turns":4.0},{"damage":0,"enemies":"The Heart","floor":55,"turns":7}],"seed_played":"8215229536009389692","potions_obtained":[{"floor":8.0,"key":"Strength Potion"},{"floor":11.0,"key":"Dexterity Potion"},{"floor":12.0,"key":"Reflective Coating"}],"is_trial":false,"path_per_floor":["M","?","?","$","T","R","E","M","T","M","M","E","M","?","R","B",null,"M","$","T","M","?","R","E","M","T","R","?","R","E","M","R","B",null,"M","$","?","M","M","R","E","R","T","M","?","M","R","M","R","B",null,"R","$","E","B",null],"character_chosen":"Hololive_HololiveCharacter","items_purchased":["Hololive_FlyingPonyTail","Hololive_Yoholoon","ReplayFunnel","hubris:EvacipatedBox","Membership Card","Hololive_Yoholoon","Garlic","Pet Ghost"],"campfire_rested":0,"item_purchase_floors":[4,19,36,36,53,53,53,53],"current_hp_per_floor":[38,38,38,38,38,38,38,38,38,38,38,38,38,38,38,38,38,38,38,38,38,38,38,38,38,38,38,38,38,38,38,38,38,38,38,9,9,9,9,9,9,9,9,9,9,9,9,16,16,16,33,33,33,38,38],"gold":483,"neow_bonus":"TEN_PERCENT_HP_BONUS","is_daily":false,"chose_seed":false,"campfire_upgraded":10,"win_rate":0.0,"timestamp":1611906610,"path_taken":["M","?","?","?","?","R","E","M","T","?","M","E","M","?","R","BOSS","M","$","?","?","?","R","E","M","T","R","?","R","E","M","R","BOSS","M","?","?","?","?","R","E","R","T","M","?","M","R","M","R","BOSS","R","$","E","BOSS"],"items_purchased_type":["Card","Card","Relic","Relic","Relic","Card","Relic","Relic"],"build_version":"2020-12-22","purchased_purges":2,"victory":true,"max_hp_per_floor":[38,38,38,38,38,38,38,38,38,38,38,38,38,38,38,38,38,38,38,38,38,38,38,38,38,38,38,38,38,38,38,38,38,38,38,38,38,38,38,38,38,38,38,38,38,38,38,38,38,38,38,38,38,38,38],"card_choices":[{"not_picked":["Hololive_StrengthChampion","Hololive_Drill","Hololive_HuntDinosaur"],"picked":"Hololive_CandyCastle","floor":1.0},{"not_picked":["Hololive_Psychosis","Hololive_BeCareful","Hololive_ILoveYou"],"picked":"Hololive_CallSakuraMiko","floor":2.0},{"not_picked":["Hololive_CallAmaneKanata","Hololive_CocoNews","Hololive_FlyingPonyTail"],"picked":"Hololive_Nanodesu","floor":7.0},{"not_picked":["Hololive_CocoNews","Hololive_CallMinatoAqua","Hololive_Sequa"],"picked":"Hololive_CallNatsuiroMatsuri","floor":8.0},{"not_picked":["Hololive_Drill","Hololive_SummonFox","Hololive_CallUsadaPekora","Hololive_HuntDinosaur"],"picked":"SKIP","floor":10.0},{"not_picked":["Hololive_Drill","Hololive_Sequa","Hololive_StrengthChampion"],"picked":"Hololive_CocoNews","floor":11.0},{"not_picked":["Hololive_LuckPotion","Hololive_Sequa","Hololive_CallShiranuiFlare","Hololive_CocoNews"],"picked":"SKIP","floor":12.0},{"not_picked":["Hololive_Trident","Hololive_CallTokinoSora","Hololive_CallDoris"],"picked":"Hololive_Thief","floor":13.0},{"not_picked":["Hololive_StarCraft","Hololive_Recruit","Hololive_WolfAndLamb"],"picked":"Hololive_IdolExercise","floor":16.0},{"not_picked":["Hololive_StrengthChampion+1","Hololive_CallTokinoSora+1","Hololive_CocoNews+1"],"picked":"Hololive_SoulCatcher+1","floor":18.0},{"not_picked":["Hololive_CallTsunomakiWatame","Hololive_CallShiranuiFlare","Hololive_StrengthChampion"],"picked":"Hololive_CallSpadeEcho+1","floor":21.0},{"not_picked":["Hololive_CallAmaneKanata","Hololive_Rebound","Hololive_Sequa+1","Hololive_Breathe"],"picked":"SKIP","floor":24.0},{"not_picked":["Hololive_Breathe","Hololive_CallTokoyamiTowa","Hololive_StrengthChampion+1"],"picked":"Hololive_FlyingPonyTail+1","floor":25.0},{"not_picked":["Hololive_DurableLive","Hololive_Psychosis+1","Hololive_RevenueBasedLive+1"],"picked":"Hololive_CandyCastle+1","floor":30.0},{"not_picked":["Hololive_CallNakiriAyame+1","Hololive_SummonFox","Hololive_HuntDinosaur+1","Hololive_CallOzoraSubaru+1"],"picked":"SKIP","floor":31.0},{"not_picked":["Hololive_DiamondStrike","Hololive_IdolExercise","Hololive_OpenUp"],"picked":"Hololive_Thief","floor":33.0},{"not_picked":["Hololive_ManjiGathering","Hololive_Breathe","Hololive_Rebound"],"picked":"Hololive_CandyCastle+1","floor":35.0},{"not_picked":["Hololive_Trident+1","Hololive_CallShirakamiFubuki+1","Hololive_Breathe"],"picked":"Hololive_DurableLive","floor":38.0},{"not_picked":["Hololive_DevilCharm+1","Hololive_Psychosis","Hololive_CallSpadeEcho+1"],"picked":"Hololive_Yoholoon","floor":39.0},{"not_picked":["Hololive_Drill","Hololive_CallAyundaRisu+1","Hololive_RevenueBasedLive","Hololive_MaximGun"],"picked":"SKIP","floor":41.0},{"not_picked":["Hololive_RevenueBasedLive","Hololive_Nanodesu","Hololive_CallMurasakiShion+1","Hololive_CallCivia+1"],"picked":"SKIP","floor":44.0},{"not_picked":["Hololive_CallNekomataOkayu+1","Hololive_Sequa","Hololive_StrengthChampion+1"],"picked":"Hololive_CallYozoraMel+1","floor":46.0},{"not_picked":["Hololive_CallDoris+1","Hololive_Breathe","Hololive_CallHimemoriLuna+1","Hololive_RevenueBasedLive"],"picked":"SKIP","floor":48.0},{"not_picked":["Hololive_Nanodesu","Hololive_FlareMind","Hololive_OvertimeWork","Hololive_HuntDinosaur"],"picked":"SKIP","floor":54.0}],"player_experience":1146486,"relics_obtained":[{"floor":2.0,"key":"Happy Flower"},{"floor":7.0,"key":"Anchor"},{"floor":9.0,"key":"Replay:Bottled Snecko"},{"floor":12.0,"key":"PreservedInsect"},{"floor":20.0,"key":"Omamori"},{"floor":24.0,"key":"Blue Doll"},{"floor":26.0,"key":"Blood Vial"},{"floor":30.0,"key":"Frozen Egg 2"},{"floor":41.0,"key":"Centennial Puzzle"},{"floor":43.0,"key":"Vajra"},{"floor":54.0,"key":"Replay:Accelerometer"}],"event_choices":[{"damage_healed":0.0,"max_hp_gain":0.0,"max_hp_loss":0.0,"gold_gain":0.0,"event_name":"The Woman in Blue","player_choice":"Bought 0 Potions","floor":14.0,"gold_loss":0.0,"damage_taken":0.0},{"cards_removed":["Hololive_Psychosis"],"damage_healed":0.0,"max_hp_gain":0.0,"max_hp_loss":0.0,"gold_gain":0.0,"event_name":"Beggar","player_choice":"Gave Gold","floor":22.0,"gold_loss":75.0,"damage_taken":0.0},{"damage_healed":0.0,"max_hp_gain":0.0,"max_hp_loss":0.0,"gold_gain":0.0,"event_name":"N\u0027loth","player_choice":"Traded Relic","floor":28.0,"relics_lost":["Blood Vial"],"gold_loss":0.0,"damage_taken":0.0,"relics_obtained":["Nloth\u0027s Gift"]},{"damage_healed":0.0,"max_hp_gain":0.0,"max_hp_loss":0.0,"gold_gain":100.0,"event_name":"Golden Shrine","player_choice":"Pray","floor":37.0,"gold_loss":0.0,"damage_taken":0.0},{"damage_healed":0.0,"max_hp_gain":0.0,"max_hp_loss":0.0,"gold_gain":0.0,"event_name":"conspire:Investor","player_choice":"Leave","floor":45.0,"gold_loss":0.0,"damage_taken":0.0}],"is_beta":false,"boss_relics":[{"not_picked":["Replay:Ancient Bell","hubris:HollowSoul"],"picked":"Velvet Choker"},{"not_picked":["Sozu","SacredBark"],"picked":"hubris:GrandSneckoEye"}],"items_purged_floors":[19,53],"is_endless":false,"potions_floor_spawned":[8,11,12,13,16,18,24,30,39,46,48],"ascension_level":5}}