{"host":"n23juj4d9qam5hh1","time":1611963164,"event":{"mods":["BaseMod","Better Note","BetterRewards","Displayed Cursed Tome","Infinite Spire","Minty Spire (QoL Compilation)","Relic Stats","StSLib","Thieving Mod"],"gold_per_floor":[114,130,148,110,126,126,154,114,114,140,150,161,161,195,195,296,296,311,311,241,257,268,268,302,316,391,391,391,444,226,238,238,343,343,355,369,369,369,384,413,413,413,413,424,455,455,677,696,696,696,696],"floor_reached":50,"language":"ENG","playtime":2072,"items_purged":["Recycle","Scrape"],"score":688,"play_id":"81287bff-4366-4c2d-acee-ef176aee0e3f","local_time":"20210129183244","is_ascension_mode":true,"campfire_choices":[{"data":"Dualcast","floor":6,"key":"SMITH"},{"floor":13,"key":"REST"},{"floor":15,"key":"REST"},{"data":"Storm","floor":23,"key":"SMITH"},{"data":"Defragment","floor":27,"key":"SMITH"},{"data":"Capacitor","floor":32,"key":"SMITH"},{"floor":41,"key":"REST"},{"data":"Defragment","floor":46,"key":"SMITH"},{"floor":49,"key":"REST"}],"circlet_count":0,"master_deck":["Zap","Dualcast+1","Ball Lightning","Turbo","Steam Power","Steam","Consume","Melter+1","Defragment","Defragment+1","Undo","Seek","Electrodynamics","Doom and Gloom","BootSequence","Melter+1","Loop","Capacitor+1","Ball Lightning","Turbo+1","Auto Shields+1","Self Repair","Electrodynamics","Reinforced Body+1","Storm+1","Defragment+1","Glacier+1","Streamline+1","Consume","Machine Learning","Double Energy+1","Heatsinks+1","Machine Learning","Cold Snap+1","Aggregate+1","Chaos+1","Self Repair+1","Chaos+1","Loop+1","Consume","Storm+1","Defragment+1"],"relics":["Cracked Core","NeowsBlessing","Prayer Wheel","Juzu Bracelet","CaptainsWheel","Pandora\u0027s Box","Red Mask","Regal Pillow","Pear","TungstenRod","Bottled Tornado","Black Star","Dream Catcher","Blood Vial","Matryoshka","Omamori","Whetstone","Oddly Smooth Stone","Lantern"],"acts_visited":["Exordium","TheCity","TheBeyond"],"potions_floor_usage":[14,22,39,40],"damage_taken":[{"damage":0,"enemies":"Cultist","floor":1,"turns":1},{"damage":0,"enemies":"2 Louse","floor":2,"turns":1},{"damage":0,"enemies":"Jaw Worm","floor":3,"turns":1},{"damage":10,"enemies":"2 Fungi Beasts","floor":5,"turns":3},{"damage":19,"enemies":"Lagavulin","floor":7,"turns":7},{"damage":23,"enemies":"Large Slime","floor":11,"turns":4},{"damage":8,"enemies":"Blue Slaver","floor":12,"turns":3},{"damage":9,"enemies":"3 Sentries","floor":14,"turns":4},{"damage":41,"enemies":"Hexaghost","floor":16,"turns":9},{"damage":8,"enemies":"3 Byrds","floor":18,"turns":2},{"damage":0,"enemies":"Shell Parasite","floor":21,"turns":3},{"damage":3,"enemies":"Centurion and Healer","floor":22,"turns":5},{"damage":5,"enemies":"Slavers","floor":24,"turns":3},{"damage":0,"enemies":"Sentry and Sphere","floor":25,"turns":4},{"damage":6,"enemies":"Colosseum Slavers","floor":28,"turns":3},{"damage":0,"enemies":"Colosseum Nobs","floor":28,"turns":3},{"damage":0,"enemies":"Cultist and Chosen","floor":31,"turns":3},{"damage":7,"enemies":"Automaton","floor":33,"turns":6},{"damage":8,"enemies":"3 Shapes","floor":35,"turns":3},{"damage":14,"enemies":"Orb Walker","floor":36,"turns":3},{"damage":5,"enemies":"3 Darklings","floor":39,"turns":3},{"damage":29,"enemies":"Reptomancer","floor":40,"turns":4},{"damage":17,"enemies":"4 Shapes","floor":44,"turns":3},{"damage":50,"enemies":"Giant Head","floor":45,"turns":10},{"damage":7,"enemies":"Maw","floor":48,"turns":5},{"damage":96,"enemies":"Awakened One","floor":50,"turns":4}],"seed_played":"7212112901606525480","potions_obtained":[{"floor":1,"key":"Ancient Potion"},{"floor":5,"key":"Explosive Potion"},{"floor":12,"key":"EssenceOfSteel"},{"floor":16,"key":"FocusPotion"},{"floor":18,"key":"Block Potion"},{"floor":25,"key":"LiquidBronze"},{"floor":40,"key":"Regen Potion"},{"floor":48,"key":"FocusPotion"}],"is_trial":false,"path_per_floor":["M","M","M","$","M","R","E","$","T","T","M","M","R","E","R","B",null,"M","?","$","M","M","R","E","M","T","R","?","T","$","M","R","B",null,"M","M","?","?","M","E","R","AVR","T","M","E","R","?","M","R","B"],"character_chosen":"DEFECT","items_purchased":["Steam Power","Melter","Self Repair","Machine Learning"],"campfire_rested":4,"item_purchase_floors":[4,8,20,30],"current_hp_per_floor":[75,75,75,75,65,65,46,46,46,46,23,15,37,28,50,9,75,67,67,67,74,75,75,70,75,85,85,85,85,85,85,85,85,85,77,63,63,63,58,36,75,75,75,77,46,46,46,48,81,0,0],"gold":696,"neow_bonus":"THREE_ENEMY_KILL","is_daily":false,"chose_seed":false,"campfire_upgraded":5,"win_rate":0.0,"timestamp":1611963164,"path_taken":["M","?","M","$","?","R","E","$","T","?","M","M","R","E","R","BOSS","M","?","$","M","M","R","E","M","T","R","?","?","$","M","R","BOSS","M","M","?","?","M","E","R","AVR","T","M","E","R","?","M","R","BOSS"],"items_purchased_type":["Card","Card","Card","Card"],"build_version":"2020-12-22","purchased_purges":2,"victory":false,"max_hp_per_floor":[75,75,75,75,75,75,75,75,75,75,75,75,75,75,75,75,75,75,75,75,75,75,75,75,75,85,85,85,85,85,85,85,85,85,85,85,85,81,81,81,81,81,81,81,81,81,81,81,81,81,81],"relic_stats":{"Blood Vial":6,"Regal Pillow":24,"Dream Catcher":2,"counters":[26,100],"Prayer Wheel":12,"Pandora\u0027s Box":["Recycle","Scrape","Doom and Gloom","BootSequence","Melter","Loop","Capacitor","Ball Lightning"],"Juzu Bracelet":0,"Black Star":2,"Whetstone":["Melter","Melter"],"obtain_stats":[{"Regal Pillow":24,"Lantern":45,"Pear":26,"NeowsBlessing":0,"Oddly Smooth Stone":45,"Juzu Bracelet":10,"Omamori":43,"Whetstone":43,"Bottled Tornado":28,"Blood Vial":40,"CaptainsWheel":14,"Dream Catcher":40,"Matryoshka":42,"Gambling Chip":7,"Prayer Wheel":9,"Pandora\u0027s Box":17,"Red Mask":19,"Black Star":34,"Cracked Core":0,"TungstenRod":28},{"Regal Pillow":13,"Lantern":24,"Pear":14,"NeowsBlessing":0,"Oddly Smooth Stone":24,"Juzu Bracelet":5,"Omamori":22,"Whetstone":22,"Bottled Tornado":16,"Blood Vial":22,"CaptainsWheel":8,"Dream Catcher":22,"Matryoshka":22,"Gambling Chip":5,"Prayer Wheel":5,"Pandora\u0027s Box":9,"Red Mask":10,"Black Star":18,"Cracked Core":0,"TungstenRod":16},{"Regal Pillow":46,"Lantern":91,"Pear":50,"NeowsBlessing":0,"Oddly Smooth Stone":91,"Juzu Bracelet":13,"Omamori":78,"Whetstone":78,"Bottled Tornado":56,"Blood Vial":78,"CaptainsWheel":24,"Dream Catcher":78,"Matryoshka":78,"Gambling Chip":13,"Prayer Wheel":13,"Pandora\u0027s Box":33,"Red Mask":35,"Black Star":65,"Cracked Core":0,"TungstenRod":56}],"TungstenRod":25},"card_choices":[{"not_picked":["Reinforced Body","Self Repair"],"picked":"Ball Lightning","floor":1},{"not_picked":["Compile Driver","Scrape","Stack"],"picked":"SKIP","floor":2},{"not_picked":["Beam Cell","Streamline"],"picked":"Turbo","floor":3},{"not_picked":["Amplify","Go for the Eyes"],"picked":"Steam","floor":5},{"not_picked":["Hello World","Sweeping Beam"],"picked":"Consume","floor":7},{"not_picked":["Sweeping Beam","Ball Lightning"],"picked":"Defragment","floor":11},{"not_picked":["Rebound","Steam","Compile Driver"],"picked":"SKIP","floor":11},{"not_picked":["Conserve Battery","Storm"],"picked":"Defragment","floor":12},{"not_picked":["Go for the Eyes","Stack"],"picked":"Undo","floor":12},{"not_picked":["Conserve Battery","Steam"],"picked":"Seek","floor":14},{"not_picked":["Meteor Strike","All For One"],"picked":"Electrodynamics","floor":16},{"not_picked":["Steam","Conserve Battery"],"picked":"Turbo+1","floor":18},{"not_picked":["Storm","Skim"],"picked":"Auto Shields+1","floor":18},{"not_picked":["Go for the Eyes","Turbo"],"picked":"Electrodynamics","floor":21},{"not_picked":["Barrage","Recycle"],"picked":"Reinforced Body+1","floor":21},{"not_picked":["Heatsinks","Chill"],"picked":"Storm","floor":22},{"not_picked":["Hologram","Leap+1"],"picked":"Defragment","floor":22},{"not_picked":["Melter","Redo"],"picked":"Glacier+1","floor":24},{"not_picked":["Compile Driver","Redo"],"picked":"Streamline+1","floor":25},{"not_picked":["Genetic Algorithm","Hologram","Leap"],"picked":"SKIP","floor":25},{"not_picked":["Beam Cell","Redo"],"picked":"Consume","floor":28},{"not_picked":["Hologram+1","Leap"],"picked":"Double Energy+1","floor":31},{"not_picked":["Conserve Battery","Force Field"],"picked":"Heatsinks+1","floor":31},{"not_picked":["Amplify","All For One"],"picked":"Machine Learning","floor":33},{"not_picked":["Turbo","Rebound"],"picked":"Cold Snap+1","floor":35},{"not_picked":["Heatsinks","Beam Cell+1","Hologram+1"],"picked":"SKIP","floor":35},{"not_picked":["Stack+1","Beam Cell+1"],"picked":"Aggregate+1","floor":36},{"not_picked":["Coolheaded","Fusion+1"],"picked":"Chaos+1","floor":36},{"not_picked":["Reprogram","Turbo+1"],"picked":"Self Repair+1","floor":39},{"not_picked":["Blizzard","Barrage","Steam+1"],"picked":"SKIP","floor":39},{"not_picked":["Chill","Force Field+1"],"picked":"Chaos+1","floor":40},{"not_picked":["Rebound","Beam Cell+1"],"picked":"Loop+1","floor":44},{"not_picked":["Beam Cell","Leap","Hyperbeam"],"picked":"SKIP","floor":44},{"not_picked":["Steam+1","Ball Lightning"],"picked":"Consume","floor":45},{"not_picked":["Doom and Gloom","Beam Cell+1"],"picked":"Storm+1","floor":48},{"not_picked":["Recycle+1","Leap"],"picked":"Defragment+1","floor":48}],"player_experience":264615,"relics_obtained":[{"floor":7,"key":"Gambling Chip"},{"floor":9,"key":"Prayer Wheel"},{"floor":10,"key":"Juzu Bracelet"},{"floor":14,"key":"CaptainsWheel"},{"floor":19,"key":"Red Mask"},{"floor":24,"key":"Regal Pillow"},{"floor":26,"key":"Pear"},{"floor":28,"key":"TungstenRod"},{"floor":28,"key":"Bottled Tornado"},{"floor":40,"key":"Dream Catcher"},{"floor":40,"key":"Blood Vial"},{"floor":43,"key":"Omamori"},{"floor":43,"key":"Whetstone"},{"floor":45,"key":"Oddly Smooth Stone"},{"floor":45,"key":"Lantern"}],"event_choices":[{"damage_healed":0,"gold_gain":0,"player_choice":"Fight","damage_taken":0,"max_hp_gain":0,"max_hp_loss":0,"event_name":"Colosseum","floor":28,"gold_loss":0},{"damage_healed":0,"gold_gain":0,"player_choice":"Fought Nobs","damage_taken":0,"max_hp_gain":0,"max_hp_loss":0,"event_name":"Colosseum","floor":28,"gold_loss":0},{"damage_healed":0,"gold_gain":0,"player_choice":"Max HP","damage_taken":0,"max_hp_gain":0,"max_hp_loss":4,"event_name":"Winding Halls","floor":38,"gold_loss":0},{"damage_healed":0,"gold_gain":222,"player_choice":"Wore Mask","damage_taken":0,"max_hp_gain":0,"max_hp_loss":0,"event_name":"Tomb of Lord Red Mask","floor":47,"gold_loss":0}],"is_beta":false,"boss_relics":[{"not_picked":["Philosopher\u0027s Stone","SacredBark"],"picked":"Pandora\u0027s Box"},{"not_picked":["Runic Pyramid","Runic Dome"],"picked":"Black Star"}],"items_purged_floors":[30,42],"is_endless":false,"potions_floor_spawned":[1,5,12,16,18,21,25,28,35,40,48],"killed_by":"Awakened One","ascension_level":4}}