{"host":"3498uni0c31c9bdm","time":1611909477,"event":{"mods":["BaseMod","Better Third Choice","Minty Spire (QoL Compilation)","Replay The Spire","StSLib"],"gold_per_floor":[119,133,149,4,4,4,19,19,97,45,45,64,92,92,92,189,189,205,205,205,219,243,243,271,286,309,309,20,45,45,65,65,169,169,199,266,266,296,326,326,326,326,374,38,102,139,171,171,171,185,185,185,12,62,68,68],"floor_reached":55,"language":"ENG","playtime":2652,"items_purged":["Pain","Amnesia"],"score":1263,"play_id":"209919df-f18e-46ad-b969-7b3e4bca01eb","local_time":"20210129193757","is_ascension_mode":true,"campfire_choices":[{"floor":6,"key":"RECALL"},{"data":"SashWhip","floor":11,"key":"SMITH"},{"data":"MentalFortress","floor":15,"key":"SMITH"},{"data":"SpiritShield","floor":23,"key":"SMITH"},{"data":"Consecrate","floor":27,"key":"SMITH"},{"data":"Eruption","floor":40,"key":"SMITH"},{"floor":49,"key":"DIG"},{"floor":52,"key":"DIG"}],"circlet_count":0,"master_deck":["Strike_P","Strike_P","Strike_P","Strike_P","Defend_P","Defend_P","Defend_P","Eruption","Vigilance","ReachHeaven","SashWhip+1","Consecrate+1","Perseverance+1","Sanctity","MentalFortress+1","SpiritShield+1","BowlingBash","Wireheading","SignatureMove+1","CutThroughFate+1","ReplayTheSpireMod:Restless Dread","PathToVictory","Necronomicurse","Prostrate+1","Brilliance","Hallucinations","ReplayTheSpireMod:IOU","ReplayTheSpireMod:IOU","Evaluate+1","EmptyBody+1","ThirdEye","Eruption+1","Replay:LoomingThreat","EmptyMind+1","Prostrate","DeceiveReality+1","EmptyBody","LikeWater+1","MentalFortress","MentalFortress","EmptyFist+1"],"relics":["PureWater","Omamori","WarpedTongs","Eternal Feather","Bronze Scales","Replay:Grab Bag","Cursed Key","Coffee Dripper","Black Star","Blue Doll","ReplayTheSpireMod:Shallot","StrikeDummy","Dream Catcher","Torii","Replay:Ringing Soul","GoldenEye","Necronomicon","Replay:Ancient Bell","Replay:Bandana","ReplayTheSpireMod:Ninjato","Durian","Turnip","Lantern","Shuriken","Replay:Kaleidoscope","Shovel","Simple Rune","Boot","Quantum Egg","Kunai","Iron Hammer"],"acts_visited":["Exordium","TheCity","TheBeyond","TheEnding"],"potions_floor_usage":[13,13,16,24,24,33,33,33,39,50],"damage_taken":[{"damage":3,"enemies":"2 Louse","floor":1,"turns":3},{"damage":0,"enemies":"Cultist","floor":2,"turns":2},{"damage":4,"enemies":"Small Slimes","floor":3,"turns":3},{"damage":15,"enemies":"Exordium Thugs","floor":7,"turns":5},{"damage":0,"enemies":"3 Louse","floor":12,"turns":3},{"damage":10,"enemies":"3 Sentries","floor":13,"turns":6},{"damage":44,"enemies":"Hexaghost","floor":16,"turns":6},{"damage":4,"enemies":"Spheric Guardian","floor":18,"turns":3},{"damage":27,"enemies":"2 Thieves","floor":21,"turns":4},{"damage":0,"enemies":"Gremlin Leader","floor":24,"turns":7},{"damage":0,"enemies":"Centurion and Healer","floor":25,"turns":4},{"damage":16,"enemies":"Book of Stabbing","floor":29,"turns":5},{"damage":18,"enemies":"Snake Plant","floor":31,"turns":4},{"damage":6,"enemies":"Pondfish","floor":33,"turns":7},{"damage":0,"enemies":"3 Shapes","floor":35,"turns":2},{"damage":15,"enemies":"2 Orb Walkers","floor":36,"turns":3},{"damage":10,"enemies":"3 Darklings","floor":38,"turns":5},{"damage":1,"enemies":"Transient","floor":39,"turns":5},{"damage":28,"enemies":"Mind Bloom Boss Battle","floor":45,"turns":5},{"damage":49,"enemies":"Nemesis","floor":46,"turns":9},{"damage":15,"enemies":"Jaw Worm Horde","floor":47,"turns":5},{"damage":26,"enemies":"Replay:Hell Engine","floor":50,"turns":11},{"damage":99,"enemies":"Shield and Spear","floor":54,"turns":8},{"damage":52,"enemies":"The Heart","floor":55,"turns":2}],"seed_played":"-7880841236410207483","potions_obtained":[{"floor":1,"key":"SmokeBomb"},{"floor":2,"key":"Energy Potion"},{"floor":3,"key":"SkillPotion"},{"floor":13,"key":"ColorlessPotion"},{"floor":16,"key":"EssenceOfSteel"},{"floor":21,"key":"Cursed Concoction"},{"floor":29,"key":"Milkshake"},{"floor":32,"key":"Ancient Potion"},{"floor":32,"key":"Swift Potion"},{"floor":33,"key":"LiquidMemories"},{"floor":39,"key":"SpeedPotion"}],"is_trial":false,"path_per_floor":["M","M","M","$","?","R","M","?","T","$","R","M","E","?","R","B",null,"M","?","?","M","T","R","E","M","T","R","$","E","?","M","R","B",null,"M","?","?","M","M","R","T","?","T","$","?","E","M","?","R","B",null,"R","$","E","B"],"character_chosen":"WATCHER","items_purchased":["Omamori","Perseverance+1","Torii","Prostrate","Shuriken","MentalFortress","EmptyFist+1"],"campfire_rested":0,"item_purchase_floors":[4,10,28,44,44,53,53],"current_hp_per_floor":[69,69,65,65,65,65,50,79,79,79,79,79,69,69,78,34,68,64,64,64,37,37,49,49,49,49,61,61,48,35,20,35,32,84,87,75,78,71,73,94,97,97,100,103,78,32,20,20,41,15,103,124,127,28,0,0],"gold":68,"neow_bonus":"TEN_PERCENT_HP_BONUS","is_daily":false,"chose_seed":false,"campfire_upgraded":5,"win_rate":0.0,"timestamp":1611909477,"path_taken":["M","M","M","$","?","R","?","?","T","?","R","M","E","?","R","BOSS","M","?","?","?","?","R","E","M","T","R","$","E","?","M","R","BOSS","M","?","?","?","M","R","?","?","T","$","?","E","M","?","R","BOSS","R","$","E","BOSS"],"items_purchased_type":["Relic","Card","Relic","Card","Relic","Card","Card"],"build_version":"2020-12-22","purchased_purges":2,"victory":false,"max_hp_per_floor":[79,79,79,79,79,79,79,79,79,79,79,79,79,79,79,79,79,79,79,79,79,79,79,79,79,79,79,79,82,85,88,88,91,99,102,105,108,111,114,114,117,117,120,123,126,129,132,132,132,132,132,132,135,135,135,135],"card_choices":[{"not_picked":["EmptyMind","Halt"],"picked":"ReachHeaven","floor":1},{"not_picked":["Halt","Replay:DivineShield"],"picked":"SashWhip","floor":2},{"not_picked":["Sanctity","DeceiveReality"],"picked":"Consecrate","floor":3},{"not_picked":["CutThroughFate","Replay:Battleflow"],"picked":"Wireheading","floor":7},{"not_picked":["Replay:BluntJabs","FlyingSleeves"],"picked":"Sanctity","floor":12},{"not_picked":["FlyingSleeves","Replay:ManipulateFuture"],"picked":"MentalFortress","floor":13},{"not_picked":["Brilliance","Scrawl"],"picked":"SpiritShield","floor":16},{"not_picked":["InnerPeace+1","Study"],"picked":"BowlingBash","floor":18},{"not_picked":["FollowUp","ThirdEye"],"picked":"SignatureMove+1","floor":21},{"not_picked":["Conclude","Perseverance","ThirdEye"],"picked":"SKIP","floor":24},{"not_picked":["Conclude","Nirvana"],"picked":"CutThroughFate+1","floor":25},{"not_picked":["BowlingBash","Pray+1"],"picked":"PathToVictory","floor":29},{"not_picked":["Replay:Battleflow","Vengeance"],"picked":"Prostrate+1","floor":31},{"not_picked":["Scrawl","Vault"],"picked":"Brilliance","floor":33},{"not_picked":["Spreading Infection","Regret"],"picked":"Hallucinations","floor":34},{"not_picked":["Overencumbered","Looming Evil"],"picked":"ReplayTheSpireMod:IOU","floor":34},{"not_picked":["AbeCurse","Doubt"],"picked":"ReplayTheSpireMod:IOU","floor":34},{"not_picked":["Nirvana","Replay:AtTheReady+1"],"picked":"Evaluate+1","floor":35},{"not_picked":["Indignation","Crescendo+1"],"picked":"EmptyBody+1","floor":36},{"not_picked":["Replay:AtTheReady","ClearTheMind+1"],"picked":"Replay:LoomingThreat","floor":38},{"not_picked":["Evaluate+1","Halt+1"],"picked":"EmptyMind+1","floor":39},{"not_picked":["Replay:Cycle","Conclude"],"picked":"DeceiveReality+1","floor":45},{"not_picked":["Sanctity","Fasting2+1"],"picked":"EmptyBody","floor":46},{"not_picked":["WindmillStrike","Worship"],"picked":"LikeWater+1","floor":47},{"not_picked":["WreathOfFlame","Brilliance","EmptyFist"],"picked":"SKIP","floor":54}],"player_experience":759164,"relics_obtained":[{"floor":9,"key":"Eternal Feather"},{"floor":13,"key":"Bronze Scales"},{"floor":22,"key":"Blue Doll"},{"floor":24,"key":"ReplayTheSpireMod:Shallot"},{"floor":24,"key":"StrikeDummy"},{"floor":26,"key":"Dream Catcher"},{"floor":29,"key":"Replay:Ringing Soul"},{"floor":29,"key":"GoldenEye"},{"floor":30,"key":"Necronomicon"},{"floor":36,"key":"Turnip"},{"floor":43,"key":"Lantern"},{"floor":45,"key":"Replay:Kaleidoscope"},{"floor":46,"key":"Shovel"},{"floor":46,"key":"Simple Rune"},{"floor":49,"key":"Boot"},{"floor":52,"key":"Quantum Egg"},{"floor":54,"key":"Kunai"},{"floor":54,"key":"Iron Hammer"}],"event_choices":[{"damage_healed":0,"gold_gain":0,"player_choice":"Rummage","damage_taken":0,"relics_obtained":["WarpedTongs"],"max_hp_gain":0,"max_hp_loss":0,"event_name":"Accursed Blacksmith","floor":5,"gold_loss":0,"cards_obtained":["Pain"]},{"cards_removed":["Wireheading"],"damage_healed":29,"gold_gain":0,"player_choice":"Offered Uncommon","damage_taken":0,"max_hp_gain":0,"max_hp_loss":0,"event_name":"Bonfire Elementals","floor":8,"gold_loss":0},{"damage_healed":0,"gold_gain":0,"player_choice":"Read","damage_taken":0,"max_hp_gain":0,"max_hp_loss":0,"event_name":"The Library","floor":19,"gold_loss":0,"cards_obtained":["Wireheading"]},{"damage_healed":0,"gold_gain":0,"player_choice":"Ignored","damage_taken":0,"max_hp_gain":0,"max_hp_loss":0,"event_name":"Transmorgrifier","floor":20,"gold_loss":0},{"damage_healed":0,"gold_gain":0,"player_choice":"Obtained Book","damage_taken":16,"max_hp_gain":0,"max_hp_loss":0,"event_name":"Cursed Tome","floor":30,"gold_loss":0},{"damage_healed":0,"gold_gain":0,"player_choice":"Fight","damage_taken":0,"max_hp_gain":0,"max_hp_loss":0,"event_name":"Mysterious Sphere","floor":36,"gold_loss":0},{"damage_healed":0,"gold_gain":0,"player_choice":"2 cards matched","damage_taken":0,"max_hp_gain":0,"max_hp_loss":0,"event_name":"Match and Keep!","floor":37,"gold_loss":0,"cards_obtained":["ThirdEye","Eruption"]},{"cards_removed":["Defend_P"],"damage_healed":0,"gold_gain":0,"player_choice":"Removed Skill","damage_taken":0,"max_hp_gain":0,"max_hp_loss":0,"event_name":"Falling","floor":42,"gold_loss":0},{"damage_healed":0,"gold_gain":0,"player_choice":"Fight","damage_taken":0,"max_hp_gain":0,"max_hp_loss":0,"event_name":"MindBloom","floor":45,"gold_loss":0},{"damage_healed":0,"gold_gain":0,"player_choice":"Ignored","damage_taken":0,"max_hp_gain":0,"max_hp_loss":0,"event_name":"The Moai Head","floor":48,"gold_loss":0}],"is_beta":false,"boss_relics":[{"not_picked":["Tiny House","Replay:Bronze Core"],"picked":"Replay:Grab Bag"},{"not_picked":["Fusion Hammer","Replay:Wanted Poster"],"picked":"Cursed Key"},{"not_picked":["ReplayTheSpireMod:Onyx Gauntlets","Busted Crown"],"picked":"Coffee Dripper"},{"not_picked":["Snecko Eye","Kintsugi"],"picked":"Black Star"},{"not_picked":["Velvet Choker","Philosopher\u0027s Stone"],"picked":"Replay:Ancient Bell"},{"not_picked":["Strawberry","Centennial Puzzle"],"picked":"Replay:Bandana"},{"not_picked":["Matryoshka","Replay:Bottled Flurry"],"picked":"ReplayTheSpireMod:Ninjato"},{"not_picked":["Unceasing Top","CaptainsWheel"],"picked":"Durian"}],"items_purged_floors":[44,53],"is_endless":false,"potions_floor_spawned":[1,2,3,13,16,21,29,33,39],"killed_by":"The Heart","ascension_level":8}}