{"host":"36t3qd3wjvajtu1z","time":1611895604,"event":{"mods":["AchievementEnabler","BaseMod","Block Reminder","Colored Powertips","Minty Spire (QoL Compilation)","Permanent Neow","Quick Restart","Random Character Button","Rare Cards Sparkle","Relic Stats","Slay-I","StSLib"],"gold_per_floor":[117,128,138,157,174,208,57,57,106,106,135,147,178,0,0,74,74,94,94,112,126,146,180,105,105,132,160,160,4,42,61,61,148,148,162,162,180,214,242,85,85,85],"floor_reached":41,"language":"ENG","playtime":2318,"items_purged":["Strike_R","Strike_R"],"score":986,"play_id":"4d025fa1-fcf5-4af6-84fd-e4dd6bc0bb24","local_time":"20210128204644","is_ascension_mode":true,"campfire_choices":[{"data":"Bash","floor":8,"key":"SMITH"},{"floor":10,"key":"REST"},{"data":"True Grit","floor":15,"key":"SMITH"},{"data":"Pommel Strike","floor":25,"key":"SMITH"},{"data":"Fire Breathing","floor":28,"key":"SMITH"},{"data":"Dark Embrace","floor":32,"key":"SMITH"}],"circlet_count":0,"master_deck":["AscendersBane","Strike_R","Strike_R","Defend_R","Defend_R","Defend_R","Defend_R","Bash+1","Twin Strike","Clothesline","Fire Breathing+1","Reckless Charge","Pommel Strike+1","Reckless Charge","Evolve","True Grit+1","Violence","Immolate","Pain","Feel No Pain+1","Body Slam","Limit Break","Pommel Strike","Pommel Strike","Dark Embrace+1","Double Tap","Entrench","Feel No Pain"],"relics":["Burning Blood","FossilizedHelix","StrikeDummy","Bag of Marbles","HornCleat","Blood Vial","Mark of Pain","WarpedTongs","Charon\u0027s Ashes","Tiny Chest","Pantograph","CeramicFish","Runic Pyramid","Oddly Smooth Stone","Champion Belt","Medical Kit"],"acts_visited":["Exordium","TheCity","TheBeyond"],"potions_floor_usage":[4,18,18,33,41],"damage_taken":[{"damage":0,"enemies":"2 Louse","floor":1,"turns":4},{"damage":0,"enemies":"Cultist","floor":2,"turns":5},{"damage":0,"enemies":"Jaw Worm","floor":3,"turns":4},{"damage":6,"enemies":"Looter","floor":4,"turns":3},{"damage":12,"enemies":"Gremlin Gang","floor":5,"turns":7},{"damage":35,"enemies":"Lagavulin","floor":6,"turns":7},{"damage":10,"enemies":"3 Sentries","floor":11,"turns":5},{"damage":0,"enemies":"Large Slime","floor":12,"turns":4},{"damage":0,"enemies":"Gremlin Nob","floor":13,"turns":3},{"damage":25,"enemies":"Hexaghost","floor":16,"turns":9},{"damage":5,"enemies":"3 Byrds","floor":18,"turns":4},{"damage":1,"enemies":"Shell Parasite","floor":20,"turns":3},{"damage":8,"enemies":"Snecko","floor":21,"turns":4},{"damage":17,"enemies":"Centurion and Healer","floor":22,"turns":5},{"damage":0,"enemies":"Gremlin Leader","floor":23,"turns":5},{"damage":4,"enemies":"Book of Stabbing","floor":27,"turns":5},{"damage":1,"enemies":"Gremlin Leader","floor":30,"turns":4},{"damage":1,"enemies":"Chosen and Byrds","floor":31,"turns":4},{"damage":55,"enemies":"Automaton","floor":33,"turns":7},{"damage":0,"enemies":"Orb Walker","floor":35,"turns":3},{"damage":11,"enemies":"3 Shapes","floor":37,"turns":3},{"damage":14,"enemies":"Mind Bloom Boss Battle","floor":38,"turns":7},{"damage":28,"enemies":"Spire Growth","floor":39,"turns":4},{"damage":70,"enemies":"Giant Head","floor":41,"turns":8}],"seed_played":"-1254287980027674835","potions_obtained":[{"floor":2,"key":"Swift Potion"},{"floor":4,"key":"Fruit Juice"},{"floor":6,"key":"Weak Potion"},{"floor":18,"key":"LiquidMemories"},{"floor":22,"key":"FairyPotion"},{"floor":33,"key":"Weak Potion"}],"is_trial":false,"path_per_floor":["M","M","M","M","M","E","$","R","T","R","E","M","E","$","R","B",null,"M","?","M","M","M","E","?","R","T","E","R","$","E","M","R","B",null,"M","?","M","?","M","$","E"],"character_chosen":"IRONCLAD","items_purchased":["Reckless Charge","Violence","Pommel Strike","Medical Kit"],"campfire_rested":1,"item_purchase_floors":[7,14,29,40],"current_hp_per_floor":[56,62,68,73,67,38,38,38,38,62,58,64,70,70,70,53,73,76,76,80,78,69,77,77,77,77,80,80,80,80,80,80,31,68,76,76,73,72,52,52,0,0],"gold":85,"neow_bonus":"ONE_RARE_RELIC","is_daily":false,"chose_seed":false,"campfire_upgraded":5,"win_rate":0.0,"timestamp":1611895604,"path_taken":["M","M","M","M","M","E","$","R","T","R","E","M","E","$","R","BOSS","M","?","M","?","M","E","?","R","T","E","R","$","E","M","R","BOSS","M","?","?","?","M","$","E"],"items_purchased_type":["Card","Card","Card","Relic"],"build_version":"2020-12-22","purchased_purges":2,"victory":false,"max_hp_per_floor":[75,75,75,80,80,80,80,80,80,80,80,80,80,80,80,80,80,80,80,80,80,80,80,80,80,80,80,80,80,80,80,80,80,80,80,80,80,80,80,80,80,80],"relic_stats":{"Blood Vial":20,"counters":[24,117],"Pantograph":7,"CeramicFish":45,"Tiny Chest":0,"Charon\u0027s Ashes":[144],"Champion Belt":[4],"Medical Kit":[7],"obtain_stats":[{"CeramicFish":30,"Oddly Smooth Stone":36,"Charon\u0027s Ashes":23,"Medical Kit":40,"Burning Blood":0,"WarpedTongs":19,"Blood Vial":13,"HornCleat":11,"Pantograph":27,"Tiny Chest":26,"Mark of Pain":17,"Bag of Marbles":9,"Champion Belt":38,"StrikeDummy":6,"FossilizedHelix":0,"Runic Pyramid":34},{"CeramicFish":17,"Oddly Smooth Stone":20,"Charon\u0027s Ashes":15,"Medical Kit":23,"Burning Blood":0,"WarpedTongs":11,"Blood Vial":9,"HornCleat":7,"Pantograph":16,"Tiny Chest":15,"Mark of Pain":10,"Bag of Marbles":6,"Champion Belt":22,"StrikeDummy":6,"FossilizedHelix":0,"Runic Pyramid":19},{"CeramicFish":81,"Oddly Smooth Stone":95,"Charon\u0027s Ashes":72,"Medical Kit":109,"Burning Blood":0,"WarpedTongs":55,"Blood Vial":42,"HornCleat":35,"Pantograph":77,"Tiny Chest":72,"Mark of Pain":51,"Bag of Marbles":30,"Champion Belt":105,"StrikeDummy":30,"FossilizedHelix":0,"Runic Pyramid":92}],"Burning Blood":124,"WarpedTongs":[62]},"card_choices":[{"not_picked":["Iron Wave","Intimidate","Havoc"],"picked":"SKIP","floor":1},{"not_picked":["Iron Wave","Flame Barrier"],"picked":"Twin Strike","floor":2},{"not_picked":["Metallicize","Rage"],"picked":"Clothesline","floor":3},{"not_picked":["Battle Trance","Pommel Strike"],"picked":"Fire Breathing","floor":4},{"not_picked":["Sword Boomerang","Dual Wield"],"picked":"Reckless Charge","floor":5},{"not_picked":["Double Tap","Armaments"],"picked":"Pommel Strike","floor":6},{"not_picked":["Headbutt","Cleave"],"picked":"Evolve","floor":11},{"not_picked":["Pommel Strike","Headbutt"],"picked":"True Grit","floor":12},{"not_picked":["Bloodletting","Warcry","Blood for Blood"],"picked":"SKIP","floor":13},{"not_picked":["Bludgeon","Limit Break"],"picked":"Immolate","floor":16},{"not_picked":["Warcry","Anger","Thunderclap"],"picked":"SKIP","floor":18},{"not_picked":["Cleave","Armaments"],"picked":"Feel No Pain+1","floor":20},{"not_picked":["Heavy Blade+1","Clash","Perfected Strike"],"picked":"SKIP","floor":21},{"not_picked":["Carnage","Sentinel"],"picked":"Body Slam","floor":22},{"not_picked":["Rage","Sever Soul+1"],"picked":"Limit Break","floor":23},{"not_picked":["Flex","Carnage","Armaments"],"picked":"SKIP","floor":27},{"not_picked":["Second Wind","Armaments"],"picked":"Pommel Strike","floor":30},{"not_picked":["Anger","Clothesline"],"picked":"Dark Embrace","floor":31},{"not_picked":["Brutality","Bludgeon"],"picked":"Double Tap","floor":33},{"not_picked":["Havoc","Clash","Iron Wave"],"picked":"SKIP","floor":35},{"not_picked":["Bloodletting","Iron Wave","Intimidate"],"picked":"SKIP","floor":37},{"not_picked":["Clothesline","Rupture"],"picked":"Entrench","floor":38},{"not_picked":["Armaments+1","Blood for Blood"],"picked":"Feel No Pain","floor":39}],"player_experience":367007,"relics_obtained":[{"floor":6,"key":"StrikeDummy"},{"floor":9,"key":"Bag of Marbles"},{"floor":11,"key":"HornCleat"},{"floor":13,"key":"Blood Vial"},{"floor":23,"key":"Charon\u0027s Ashes"},{"floor":26,"key":"Tiny Chest"},{"floor":27,"key":"Pantograph"},{"floor":30,"key":"CeramicFish"},{"floor":38,"key":"Champion Belt"}],"event_choices":[{"damage_healed":0,"gold_gain":0,"player_choice":"Rummage","damage_taken":0,"relics_obtained":["WarpedTongs"],"max_hp_gain":0,"max_hp_loss":0,"event_name":"Accursed Blacksmith","floor":19,"gold_loss":0,"cards_obtained":["Pain"]},{"cards_removed":["Strike_R"],"damage_healed":0,"gold_gain":0,"player_choice":"Gave Gold","damage_taken":0,"max_hp_gain":0,"max_hp_loss":0,"event_name":"Beggar","floor":24,"gold_loss":75},{"damage_healed":0,"gold_gain":0,"player_choice":"Gave Potion","damage_taken":0,"relics_obtained":["Oddly Smooth Stone"],"max_hp_gain":0,"max_hp_loss":0,"event_name":"WeMeetAgain","floor":36,"gold_loss":0},{"damage_healed":0,"gold_gain":0,"player_choice":"Fight","damage_taken":0,"max_hp_gain":0,"max_hp_loss":0,"event_name":"MindBloom","floor":38,"gold_loss":0}],"is_beta":false,"boss_relics":[{"not_picked":["Black Blood","Runic Dome"],"picked":"Mark of Pain"},{"not_picked":["Philosopher\u0027s Stone","Calling Bell"],"picked":"Runic Pyramid"}],"items_purged_floors":[7,29],"is_endless":false,"potions_floor_spawned":[2,4,6,11,13,18,22,27,33],"killed_by":"Giant Head","ascension_level":16}}