{"host":"oigynbtg272c19pw","time":1611937743,"event":{"mods":["BaseMod","Colored Map","Minty Spire (QoL Compilation)","Relic Stats","Slay the Relics Exporter","StSLib"],"gold_per_floor":[118,0,0,20,95,129,129,149,173,173,0,11,11,38,38,38,38],"floor_reached":16,"playtime":1305,"items_purged":["Strike_R"],"score":266,"play_id":"4a55bb18-4277-4119-8f31-b14e660d8e70","local_time":"20210129172903","is_ascension_mode":true,"campfire_choices":[{"data":"Clothesline","floor":7.0,"key":"SMITH"},{"data":"Flame Barrier","floor":10.0,"key":"SMITH"},{"data":"Inflame","floor":15.0,"key":"SMITH"}],"circlet_count":0,"master_deck":["AscendersBane","Strike_R","Strike_R","Strike_R","Strike_R","Defend_R","Defend_R","Defend_R","Defend_R","Bash","Flame Barrier+1","Inflame+1","Clothesline+1","Second Wind","Entrench","Infernal Blade","Iron Wave"],"relics":["Burning Blood","NeowsBlessing","Bag of Preparation","Omamori","Sling","Ancient Tea Set"],"acts_visited":["Exordium"],"potions_floor_usage":[16],"damage_taken":[{"damage":0.0,"enemies":"Cultist","floor":1.0,"turns":1.0},{"damage":0.0,"enemies":"2 Louse","floor":4.0,"turns":1.0},{"damage":0.0,"enemies":"Lagavulin","floor":6.0,"turns":1.0},{"damage":12.0,"enemies":"Jaw Worm","floor":8.0,"turns":5.0},{"damage":7.0,"enemies":"Large Slime","floor":12.0,"turns":7.0},{"damage":21.0,"enemies":"Gremlin Nob","floor":14.0,"turns":4.0},{"damage":76,"enemies":"The Guardian","floor":16,"turns":14}],"seed_played":"6928869992555124477","potions_obtained":[{"floor":1.0,"key":"GamblersBrew"},{"floor":3.0,"key":"Fire Potion"},{"floor":4.0,"key":"LiquidMemories"},{"floor":12.0,"key":"SpeedPotion"}],"is_trial":false,"path_per_floor":["M","$","?","M","?","E","R","M","T","R","$","M","?","E","R","B"],"character_chosen":"IRONCLAD","items_purchased":["Inflame","Sling"],"campfire_rested":0,"item_purchase_floors":[2,11],"current_hp_per_floor":[74,74,74,75,64,70,70,64,64,64,64,63,68,53,53,0,0],"gold":38,"neow_bonus":"THREE_ENEMY_KILL","is_daily":false,"chose_seed":false,"campfire_upgraded":3,"win_rate":0.0,"timestamp":1611937743,"path_taken":["M","$","?","?","?","E","R","M","T","R","?","M","?","E","R","BOSS"],"items_purchased_type":["Card","Relic"],"build_version":"2020-12-13","purchased_purges":1,"victory":false,"max_hp_per_floor":[75,75,75,75,75,75,75,75,75,75,75,75,80,80,80,80,80],"relic_stats":{"counters":[7,33],"Bag of Preparation":[8],"obtain_stats":[{"NeowsBlessing":0,"Bag of Preparation":6,"Omamori":9,"Sling":11,"Ancient Tea Set":14,"Burning Blood":0},{"NeowsBlessing":0,"Bag of Preparation":3,"Omamori":4,"Sling":4,"Ancient Tea Set":6,"Burning Blood":0},{"NeowsBlessing":0,"Bag of Preparation":3,"Omamori":8,"Sling":8,"Ancient Tea Set":19,"Burning Blood":0}],"Burning Blood":31},"card_choices":[{"not_picked":["Burning Pact","Body Slam"],"picked":"Flame Barrier","floor":1.0},{"not_picked":["Sever Soul","Bloodletting"],"picked":"Clothesline","floor":4.0},{"not_picked":["Perfected Strike","Clothesline"],"picked":"Second Wind","floor":6.0},{"not_picked":["Warcry","True Grit"],"picked":"Entrench","floor":8.0},{"not_picked":["Havoc","Warcry"],"picked":"Infernal Blade","floor":12.0},{"not_picked":["Fire Breathing","Rampage"],"picked":"Iron Wave","floor":14.0}],"player_experience":1503036,"relics_obtained":[{"floor":6.0,"key":"Bag of Preparation"},{"floor":9.0,"key":"Omamori"},{"floor":14.0,"key":"Ancient Tea Set"}],"event_choices":[{"damage_healed":0.0,"max_hp_gain":0.0,"max_hp_loss":0.0,"gold_gain":0.0,"event_name":"Lab","player_choice":"Got Potions","floor":3.0,"gold_loss":0.0,"damage_taken":0.0},{"damage_healed":0.0,"max_hp_gain":0.0,"max_hp_loss":0.0,"gold_gain":75.0,"event_name":"World of Goop","player_choice":"Gather Gold","floor":5.0,"gold_loss":0.0,"damage_taken":11.0},{"damage_healed":0.0,"max_hp_gain":5.0,"max_hp_loss":0.0,"gold_gain":0.0,"event_name":"Big Fish","player_choice":"Donut","floor":13.0,"gold_loss":0.0,"damage_taken":0.0}],"is_beta":false,"boss_relics":[],"items_purged_floors":[2],"is_endless":false,"potions_floor_spawned":[1,4,12],"killed_by":"The Guardian","ascension_level":20}}