{"host":"g5k24uqcth2ihc11","time":1611963363,"event":{"mods":["Arknights The Spire","BaseMod","Downfall","Jorbs\u0027s Wanderer Trilogy","Marisa????????","Minty Spire (QoL Compilation)","Robot Space Explorer","StSLib","The Cursed","The Dragon Tamer","The Marked","The Servant 0.9.4"],"gold_per_floor":[110,126,126,58,68,100,100],"floor_reached":6,"language":"ENG","playtime":600,"items_purged":[],"score":46,"play_id":"bae97859-7d70-4c9a-883d-008423f6b535","local_time":"20210129153603","is_ascension_mode":false,"campfire_choices":[],"circlet_count":0,"master_deck":["TheCursedMod:Strike_TheCursed","TheCursedMod:Strike_TheCursed","TheCursedMod:Strike_TheCursed","TheCursedMod:Defend_TheCursed","TheCursedMod:Defend_TheCursed","TheCursedMod:Defend_TheCursed","TheCursedMod:Defend_TheCursed","TheCursedMod:CursedWand","TheCursedMod:CleanUpWorkshop","TheCursedMod:Dregs","TheCursedMod:FleshFromBone","TheCursedMod:SaltUponWound","TheCursedMod:CircleOfAbyss","TheCursedMod:SoulReap","TheCursedMod:CursedArmor","TheCursedMod:SpitefulPray"],"relics":["TheCursedMod:BlackMagic101","NeowsBlessing","InkBottle"],"acts_visited":["Exordium"],"potions_floor_usage":[],"damage_taken":[{"damage":0,"enemies":"Cultist","floor":1,"turns":1},{"damage":0,"enemies":"Jaw Worm","floor":2,"turns":1},{"damage":0,"enemies":"Small Slimes","floor":5,"turns":1},{"damage":45,"enemies":"Lagavulin","floor":6,"turns":18}],"seed_played":"-320344692936377781","potions_obtained":[{"floor":2,"key":"DuplicationPotion"},{"floor":6,"key":"LiquidMemories"}],"is_trial":false,"path_per_floor":["M","M","?","$","M","E"],"character_chosen":"THE_CURSED","items_purchased":["TheCursedMod:SoulReap"],"campfire_rested":0,"item_purchase_floors":[4],"current_hp_per_floor":[75,75,75,75,75,33,33],"gold":100,"neow_bonus":"THREE_ENEMY_KILL","is_daily":false,"chose_seed":false,"campfire_upgraded":0,"win_rate":0.0,"timestamp":1611963363,"path_taken":["M","?","?","$","M","E"],"items_purchased_type":["Card"],"build_version":"2020-12-22","purchased_purges":0,"victory":false,"max_hp_per_floor":[75,75,75,75,75,75,75],"card_choices":[{"not_picked":["TheCursedMod:Stretching","TheCursedMod:Torture"],"picked":"TheCursedMod:FleshFromBone","floor":1},{"not_picked":["TheCursedMod:AshesToAshes","TheCursedMod:Wield"],"picked":"TheCursedMod:SaltUponWound","floor":2},{"not_picked":["TheCursedMod:AshesToAshes","TheCursedMod:WearCloak"],"picked":"TheCursedMod:CursedArmor","floor":5},{"not_picked":["TheCursedMod:CircleOfFlame","TheCursedMod:EmpowerCircles"],"picked":"TheCursedMod:SpitefulPray","floor":6}],"player_experience":67728,"relics_obtained":[{"floor":6,"key":"InkBottle"}],"event_choices":[{"damage_healed":0,"gold_gain":0,"cards_transformed":["TheCursedMod:Strike_TheCursed"],"player_choice":"Change","damage_taken":0,"max_hp_gain":0,"max_hp_loss":0,"event_name":"Living Wall","floor":3,"gold_loss":0,"cards_obtained":["TheCursedMod:CircleOfAbyss"]}],"is_beta":false,"boss_relics":[],"items_purged_floors":[],"is_endless":false,"potions_floor_spawned":[2,6],"killed_by":"Lagavulin","ascension_level":0}}