{"host":"LaserWall","time":1611893960,"event":{"mods":["BaseMod","Minty Spire (QoL Compilation)","Relic Stats","Weighted Paths"],"gold_per_floor":[116,131,144,144,163,163,183,212,212,240,256,12,27,40,40,138,138,151,151,76,76,96,123,123,151,227,253,253,270,300,319,319,423,423,435,31,81,92,112,143,143,161,161,161,161,209,23,34,34,34,34,34,9,43,43],"floor_reached":56,"language":"ENG","playtime":5234,"items_purged":["Strike_R","Strike_R"],"score":1533,"play_id":"0c968920-c3e0-4df5-900d-595dc1a54b4f","local_time":"20210128231920","is_ascension_mode":true,"campfire_choices":[{"data":"True Grit","floor":6,"key":"SMITH"},{"data":"Bludgeon","floor":15,"key":"SMITH"},{"data":"Pommel Strike","floor":24,"key":"SMITH"},{"data":"True Grit","floor":32,"key":"SMITH"},{"data":"Metallicize","floor":41,"key":"SMITH"},{"floor":45,"key":"RECALL"},{"data":"Metallicize","floor":49,"key":"SMITH"},{"data":"Feel No Pain","floor":52,"key":"SMITH"}],"circlet_count":0,"master_deck":["Strike_R+1","Defend_R","Defend_R","Defend_R","Defend_R","Bash+1","Twin Strike","True Grit+1","Anger","Metallicize+1","Thunderclap","Bludgeon+1","Feel No Pain+1","Feel No Pain","Pommel Strike+1","Dark Embrace","Corruption","Flame Barrier","True Grit+1","Barricade","Iron Wave+1","Flame Barrier+1","Warcry","Metallicize+1","Spot Weakness","Berserk","Dropkick+1","Combust+1","Rupture"],"relics":["Burning Blood","Strawberry","Potion Belt","MealTicket","Bag of Marbles","StrikeDummy","Toy Ornithopter","Snecko Eye","Nilry\u0027s Codex","Bottled Tornado","Gambling Chip","Pear","Boot","Juzu Bracelet","SlaversCollar","Whetstone","Pocketwatch","Akabeko","Anchor","Membership Card","Letter Opener"],"acts_visited":["Exordium","TheCity","TheBeyond","TheEnding"],"potions_floor_usage":[10,11,14,16,16,16,16,18,25,30,30,30,48,50,54,55,55,55,55,55,55,55,55],"damage_taken":[{"damage":10,"enemies":"Jaw Worm","floor":1,"turns":6},{"damage":15,"enemies":"Small Slimes","floor":2,"turns":3},{"damage":3,"enemies":"Cultist","floor":3,"turns":4},{"damage":6,"enemies":"Red Slaver","floor":5,"turns":5},{"damage":11,"enemies":"Exordium Thugs","floor":7,"turns":7},{"damage":11,"enemies":"3 Sentries","floor":8,"turns":10},{"damage":14,"enemies":"Gremlin Nob","floor":10,"turns":4},{"damage":1,"enemies":"Looter","floor":11,"turns":3},{"damage":0,"enemies":"Large Slime","floor":13,"turns":2},{"damage":0,"enemies":"Gremlin Gang","floor":14,"turns":3},{"damage":48,"enemies":"Hexaghost","floor":16,"turns":10},{"damage":9,"enemies":"Shell Parasite","floor":18,"turns":2},{"damage":9,"enemies":"3 Byrds","floor":22,"turns":3},{"damage":32,"enemies":"Book of Stabbing","floor":23,"turns":6},{"damage":0,"enemies":"Gremlin Leader","floor":25,"turns":4},{"damage":12,"enemies":"Book of Stabbing","floor":27,"turns":5},{"damage":4,"enemies":"Shelled Parasite and Fungi","floor":29,"turns":4},{"damage":18,"enemies":"Slavers","floor":30,"turns":3},{"damage":1,"enemies":"Snake Plant","floor":31,"turns":3},{"damage":6,"enemies":"Collector","floor":33,"turns":8},{"damage":9,"enemies":"3 Darklings","floor":35,"turns":4},{"damage":24,"enemies":"Mind Bloom Boss Battle","floor":37,"turns":6},{"damage":7,"enemies":"3 Shapes","floor":38,"turns":3},{"damage":0,"enemies":"3 Darklings","floor":39,"turns":5},{"damage":0,"enemies":"Giant Head","floor":40,"turns":5},{"damage":25,"enemies":"Writhing Mass","floor":42,"turns":4},{"damage":3,"enemies":"4 Shapes","floor":48,"turns":4},{"damage":5,"enemies":"Awakened One","floor":50,"turns":7},{"damage":3,"enemies":"Shield and Spear","floor":54,"turns":5},{"damage":54,"enemies":"The Heart","floor":55,"turns":7}],"seed_played":"5681573152261293348","potions_obtained":[{"floor":2,"key":"Swift Potion"},{"floor":3,"key":"SpeedPotion"},{"floor":10,"key":"Block Potion"},{"floor":13,"key":"Fruit Juice"},{"floor":16,"key":"SmokeBomb"},{"floor":23,"key":"Energy Potion"},{"floor":25,"key":"PowerPotion"},{"floor":27,"key":"BloodPotion"},{"floor":30,"key":"FearPotion"},{"floor":35,"key":"Explosive Potion"},{"floor":48,"key":"EntropicBrew"},{"floor":54,"key":"Energy Potion"}],"is_trial":false,"path_per_floor":["M","M","M","?","M","R","M","E","T","E","M","$","M","M","R","B",null,"M","?","$","?","M","E","R","E","T","E","?","M","E","M","R","B",null,"M","$","?","M","M","E","R","M","T","?","R","T","$","M","R","B",null,"R","$","E","B",null],"character_chosen":"IRONCLAD","items_purchased":["Toy Ornithopter","EntropicBrew","Whetstone","Energy Potion","HeartOfIron","Membership Card","Rupture","BlessingOfTheForge"],"campfire_rested":0,"item_purchase_floors":[12,12,36,36,36,47,47,53],"current_hp_per_floor":[83,74,77,65,65,65,60,55,55,47,52,67,73,89,89,55,92,89,73,88,88,85,59,59,70,80,74,74,76,79,84,84,84,102,99,102,84,83,89,95,95,76,76,76,76,76,91,99,99,102,102,102,102,102,102],"gold":43,"neow_bonus":"RANDOM_COMMON_RELIC","is_daily":false,"chose_seed":false,"campfire_upgraded":7,"win_rate":0.0,"timestamp":1611893960,"path_taken":["M","M","M","?","M","R","M","E","T","E","M","$","M","M","R","BOSS","M","?","$","?","M","E","R","E","T","E","?","?","E","M","R","BOSS","M","$","?","M","M","E","R","M","T","?","R","?","$","M","R","BOSS","R","$","E","BOSS"],"items_purchased_type":["Relic","Potion","Relic","Potion","Potion","Relic","Card","Potion"],"build_version":"2020-12-18","purchased_purges":2,"victory":true,"max_hp_per_floor":[87,87,87,87,87,87,87,87,87,87,87,87,87,92,92,92,92,92,92,92,92,92,92,92,92,102,102,102,102,102,102,102,102,102,102,102,102,102,102,102,102,102,102,102,102,102,102,102,102,102,102,102,102,102,102],"relic_stats":{"counters":[30,145],"Gambling Chip":[36],"Snecko Eye":[203,202,204,218],"MealTicket":48,"Juzu Bracelet":0,"Whetstone":["Strike_R","Bash"],"Letter Opener":[15],"Boot":[9],"obtain_stats":[{"Potion Belt":4,"Pear":26,"Nilry\u0027s Codex":19,"Juzu Bracelet":30,"Whetstone":36,"Letter Opener":54,"Bottled Tornado":23,"Boot":27,"Burning Blood":0,"Akabeko":40,"SlaversCollar":34,"Anchor":46,"Strawberry":0,"Gambling Chip":25,"Snecko Eye":17,"MealTicket":8,"Bag of Marbles":9,"Membership Card":47,"StrikeDummy":10,"Toy Ornithopter":12,"Pocketwatch":37},{"Potion Belt":3,"Pear":15,"Nilry\u0027s Codex":12,"Juzu Bracelet":18,"Whetstone":21,"Letter Opener":29,"Bottled Tornado":14,"Boot":16,"Burning Blood":0,"Akabeko":25,"SlaversCollar":20,"Anchor":26,"Strawberry":0,"Gambling Chip":15,"Snecko Eye":11,"MealTicket":6,"Bag of Marbles":6,"Membership Card":26,"StrikeDummy":7,"Toy Ornithopter":8,"Pocketwatch":22},{"Potion Belt":13,"Pear":72,"Nilry\u0027s Codex":59,"Juzu Bracelet":84,"Whetstone":99,"Letter Opener":138,"Bottled Tornado":68,"Boot":77,"Burning Blood":0,"Akabeko":118,"SlaversCollar":95,"Anchor":122,"Strawberry":0,"Gambling Chip":72,"Snecko Eye":57,"MealTicket":35,"Bag of Marbles":35,"Membership Card":122,"StrikeDummy":39,"Toy Ornithopter":42,"Pocketwatch":105}],"Burning Blood":174,"Toy Ornithopter":71,"Pocketwatch":[9]},"card_choices":[{"not_picked":["Dual Wield","Blood for Blood"],"picked":"Twin Strike","floor":1},{"not_picked":["Body Slam","Sever Soul"],"picked":"True Grit","floor":2},{"not_picked":["Clash","Clothesline"],"picked":"Anger","floor":3},{"not_picked":["Warcry","Heavy Blade"],"picked":"Metallicize","floor":5},{"not_picked":["Body Slam","Headbutt"],"picked":"Thunderclap","floor":7},{"not_picked":["Havoc","Second Wind"],"picked":"Bludgeon","floor":8},{"not_picked":["Sentinel","Evolve"],"picked":"Feel No Pain","floor":10},{"not_picked":["Perfected Strike","Havoc"],"picked":"Feel No Pain","floor":11},{"not_picked":["Clothesline","Anger"],"picked":"Pommel Strike","floor":13},{"not_picked":["Sever Soul","Clash"],"picked":"Dark Embrace","floor":14},{"not_picked":["Fiend Fire","Exhume"],"picked":"Corruption","floor":16},{"not_picked":["Disarm","Hemokinesis+1"],"picked":"Flame Barrier","floor":18},{"not_picked":["Clothesline+1","Thunderclap"],"picked":"True Grit","floor":22},{"not_picked":["Flex","Cleave"],"picked":"Barricade","floor":23},{"not_picked":["Flex","Ghostly Armor"],"picked":"Iron Wave+1","floor":25},{"not_picked":["Armaments","Headbutt+1"],"picked":"Flame Barrier+1","floor":27},{"not_picked":["Havoc+1","Dropkick"],"picked":"Spot Weakness","floor":29},{"not_picked":["Second Wind","Combust","Armaments"],"picked":"SKIP","floor":30},{"not_picked":["Corruption","Wild Strike","Anger"],"picked":"SKIP","floor":31},{"not_picked":["Immolate","Barricade"],"picked":"Berserk","floor":33},{"not_picked":["Body Slam+1","Twin Strike+1","Hemokinesis"],"picked":"SKIP","floor":35},{"not_picked":["Headbutt+1","Flex+1","Clash"],"picked":"SKIP","floor":38},{"not_picked":["Anger+1","Shrug It Off"],"picked":"Dropkick+1","floor":39},{"not_picked":["Sword Boomerang+1","Havoc","Perfected Strike"],"picked":"SKIP","floor":40},{"not_picked":["Second Wind","Heavy Blade"],"picked":"Combust+1","floor":42},{"not_picked":["Infernal Blade+1","Wild Strike","Intimidate+1"],"picked":"SKIP","floor":48},{"not_picked":["Warcry","Cleave","Reckless Charge"],"picked":"SKIP","floor":54}],"player_experience":185369,"relics_obtained":[{"floor":8,"key":"MealTicket"},{"floor":9,"key":"Bag of Marbles"},{"floor":10,"key":"StrikeDummy"},{"floor":19,"key":"Nilry\u0027s Codex"},{"floor":23,"key":"Bottled Tornado"},{"floor":25,"key":"Gambling Chip"},{"floor":26,"key":"Pear"},{"floor":27,"key":"Boot"},{"floor":30,"key":"Juzu Bracelet"},{"floor":37,"key":"Pocketwatch"},{"floor":40,"key":"Akabeko"},{"floor":46,"key":"Anchor"},{"floor":54,"key":"Letter Opener"}],"event_choices":[{"damage_healed":0,"gold_gain":0,"player_choice":"Success","damage_taken":12,"relics_obtained":["Potion Belt"],"max_hp_gain":0,"max_hp_loss":0,"event_name":"Scrap Ooze","floor":4,"gold_loss":0},{"damage_healed":0,"gold_gain":0,"player_choice":"Obtained Book","damage_taken":16,"max_hp_gain":0,"max_hp_loss":0,"event_name":"Cursed Tome","floor":19,"gold_loss":0},{"damage_healed":0,"gold_gain":0,"player_choice":"Ignored","damage_taken":0,"max_hp_gain":0,"max_hp_loss":0,"event_name":"Vampires","floor":21,"gold_loss":0},{"damage_healed":0,"gold_gain":0,"cards_transformed":["Strike_R","Strike_R"],"player_choice":"Became Test Subject","damage_taken":0,"max_hp_gain":0,"max_hp_loss":0,"event_name":"Drug Dealer","floor":28,"gold_loss":0,"cards_obtained":["Warcry","Metallicize"]},{"damage_healed":0,"gold_gain":0,"player_choice":"Fight","damage_taken":0,"max_hp_gain":0,"max_hp_loss":0,"event_name":"MindBloom","floor":37,"gold_loss":0},{"damage_healed":0,"gold_gain":0,"player_choice":"Ignored","damage_taken":0,"max_hp_gain":0,"max_hp_loss":0,"event_name":"Mysterious Sphere","floor":44,"gold_loss":0}],"is_beta":true,"boss_relics":[{"not_picked":["Cursed Key","Velvet Choker"],"picked":"Snecko Eye"},{"not_picked":["Calling Bell","Runic Cube"],"picked":"SlaversCollar"}],"items_purged_floors":[20,36],"is_endless":false,"potions_floor_spawned":[2,3,10,13,16,23,25,27,30,35,37,40,48,54],"ascension_level":2}}