{"host":"hl3ams4am2ku5u4p","time":1611920990,"event":{"mods":["AchievementEnabler","Aspiration","BaseMod","Beaked The Cultist","BetterRewards","CatGirl Mod","Colored Map","Colored Powertips","Conspire","Downfall","Energized Spire","Halation","HornydragonMod","Hubris","Infinite Spire","Mad Scientist","Magitek Elite","Minty Spire (QoL Compilation)","READ ME - Guardian Mod","Replay The Spire","Spikes Relics","StSLib","SuperFastMode","The Blackbeard","The Bug Knight","The Construct","The Disciple","The Jungle","The Mystic","The Necromancer","The Senshi"],"gold_per_floor":[115,130,146,146,146,146,164,174,174,201,27,27,45,45,45,143,143,163,177,194,194,194,194,207,207,207,221,237,162,197,214,214,317,317,334,349,367,381,381,381,414,414,414,414,280,290,290,310,310,310],"floor_reached":51,"language":"FRA","playtime":2233,"items_purged":["Strike_G","Strike_G"],"score":998,"play_id":"ac4012da-a504-412b-abb9-c6ae5bd4b91d","local_time":"20210129124950","is_ascension_mode":true,"campfire_choices":[{"data":"hubris:Sniper","floor":6,"key":"SMITH"},{"data":"Infinite Blades","floor":12,"key":"SMITH"},{"data":"Calculated Gamble","floor":15,"key":"SMITH"},{"data":"Bandage Up","floor":23,"key":"SMITH"},{"data":"Crippling Poison","floor":25,"key":"SMITH"},{"floor":32,"key":"REST"},{"floor":40,"key":"REST"},{"floor":42,"key":"REST"},{"data":"Adrenaline","floor":44,"key":"SMITH"},{"data":"Blade Dance","floor":49,"key":"SMITH"}],"circlet_count":0,"master_deck":["Strike_G","Strike_G","Strike_G","Defend_G+1","Defend_G+1","Defend_G+1","Defend_G+1","Defend_G+1","Survivor","Neutralize","ReplayTheSpireMod:Scrap Shanks+1","All Out Attack+1","Bandage Up+1","Crippling Poison+1","hubris:Sniper+1","Leg Sweep","Corpse Explosion","Underhanded Strike","Infinite Blades+1","Flying Knee","Calculated Gamble+1","Adrenaline+1","Bane+1","Blade Dance+1","ReplayTheSpireMod:Scrap Shanks+1","Heel Hook","Acrobatics+1","Adrenaline+1","Dash+1","PiercingWail+1","Deadly Poison+1","ReplayTheSpireMod:Scrap Shanks","Dagger Throw+1","Blade Dance+1"],"relics":["Ring of the Snake","ClockworkSouvenir","Vajra","halation:EternalFortune","Quantum Egg","Painkiller Herb","aspiration:RitualStick","aspiration:HatOfInfinitePower","PreservedInsect","SlaversCollar","Ancient Tea Set","Replay:Bottled Eggs"],"acts_visited":["Exordium","TheCity","TheBeyond"],"potions_floor_usage":[10,18,28,28,33,50,50],"damage_taken":[{"damage":1,"enemies":"Cultist","floor":1,"turns":3},{"damage":0,"enemies":"Jaw Worm","floor":2,"turns":3},{"damage":0,"enemies":"Small Slimes","floor":3,"turns":3},{"damage":2,"enemies":"Blue Slaver","floor":7,"turns":3},{"damage":10,"enemies":"3 Louse","floor":8,"turns":3},{"damage":6,"enemies":"3 Sentries","floor":10,"turns":3},{"damage":0,"enemies":"Gremlin Gang","floor":13,"turns":2},{"damage":35,"enemies":"Hexaghost","floor":16,"turns":9},{"damage":12,"enemies":"2 Thieves","floor":18,"turns":3},{"damage":0,"enemies":"3 Byrds","floor":19,"turns":2},{"damage":4,"enemies":"Snake Plant","floor":20,"turns":4},{"damage":3,"enemies":"Snecko","floor":24,"turns":3},{"damage":10,"enemies":"Chosen and Byrds","floor":27,"turns":4},{"damage":15,"enemies":"Centurion and Healer","floor":28,"turns":2},{"damage":10,"enemies":"Slavers","floor":30,"turns":2},{"damage":2,"enemies":"Cultist and Chosen","floor":31,"turns":3},{"damage":22,"enemies":"conspire:MysteriousRune","floor":33,"turns":5},{"damage":10,"enemies":"Orb Walker","floor":35,"turns":2},{"damage":25,"enemies":"3 Shapes","floor":36,"turns":4},{"damage":0,"enemies":"Sphere and 2 Shapes","floor":37,"turns":3},{"damage":0,"enemies":"Spire Growth","floor":38,"turns":3},{"damage":30,"enemies":"Nemesis","floor":41,"turns":4},{"damage":0,"enemies":"Maw","floor":46,"turns":4},{"damage":0,"enemies":"Transient","floor":48,"turns":5},{"damage":12,"enemies":"hubris:GrandSnecko","floor":50,"turns":7}],"seed_played":"2943172868565287456","potions_obtained":[{"floor":1,"key":"LifebloodPotion"},{"floor":7,"key":"LiquidMemories"},{"floor":10,"key":"Energy Potion"},{"floor":13,"key":"ColorlessPotion"},{"floor":18,"key":"Energy Potion"},{"floor":19,"key":"Swift Potion"},{"floor":31,"key":"Death Potion"},{"floor":37,"key":"Dexterity Potion"},{"floor":38,"key":"Dexterity Potion"},{"floor":41,"key":"SteroidPotion"},{"floor":48,"key":"Block Potion"}],"is_trial":false,"path_per_floor":["M","M","M","?","?","R","M","M","T","E","$","R","M","$","R","B",null,"?","?","?","?","?","T","?","T","T","?","?","T","E","?","T","B",null,"?","?","?","?","?","T","E","T","T","T","T","?","?","?","T","B",null],"character_chosen":"THE_SILENT","items_purchased":["ClockworkSouvenir","Vajra","ReplayTheSpireMod:Scrap Shanks+1","All Out Attack","Bandage Up","Infinite Blades","Flying Knee","Calculated Gamble","ReplayTheSpireMod:Scrap Shanks"],"campfire_rested":3,"item_purchase_floors":[0,0,0,0,0,11,11,11,45],"current_hp_per_floor":[59,63,67,70,70,70,68,62,62,63,63,63,67,67,67,36,76,68,72,72,72,57,57,60,60,60,56,47,47,37,41,63,47,76,69,53,53,59,59,82,58,82,82,82,82,82,82,82,82,76],"gold":310,"neow_bonus":"","is_daily":false,"chose_seed":false,"campfire_upgraded":7,"win_rate":0.0,"timestamp":1611920990,"path_taken":["M","?","M","?","?","R","M","M","T","E","$","R","M","?","R","BOSS","?","?","?","?","?","T","?","T","T","?","?","T","E","?","T","BOSS","?","?","?","?","?","T","E","T","T","T","T","?","?","?","T","BOSS"],"items_purchased_type":["Relic","Relic","Card","Card","Card","Card","Card","Card","Card"],"build_version":"2020-12-22","purchased_purges":2,"victory":true,"max_hp_per_floor":[70,70,70,73,73,73,73,73,73,76,76,76,76,76,76,76,76,76,76,76,76,76,76,76,76,76,76,76,76,76,76,76,76,76,79,82,82,82,82,82,82,82,82,82,82,82,82,82,82,82],"card_choices":[{"not_picked":["Flying Knee","Outmaneuver"],"picked":"Crippling Poison","floor":1},{"not_picked":["Tactician","PiercingWail"],"picked":"hubris:Sniper","floor":2},{"not_picked":["Slice","Sneak Up"],"picked":"Leg Sweep","floor":3},{"not_picked":["Quick Slash","Terror"],"picked":"Corpse Explosion","floor":7},{"not_picked":["Slice","Dodge and Roll"],"picked":"Underhanded Strike","floor":8},{"not_picked":["hubris:Sniper","Escape Plan","Sucker Punch"],"picked":"SKIP","floor":10},{"not_picked":["Sneak Up","Deadly Poison","Flying Knee"],"picked":"SKIP","floor":13},{"not_picked":["Corpse Explosion","Glass Knife"],"picked":"Adrenaline","floor":16},{"not_picked":["Poisoned Stab","Deadly Poison"],"picked":"Bane+1","floor":18},{"not_picked":["Hidden Blade","Dodge and Roll"],"picked":"Blade Dance+1","floor":19},{"not_picked":["ReplayTheSpireMod:Exploit Weakness","Dagger Throw+1"],"picked":"ReplayTheSpireMod:Scrap Shanks+1","floor":20},{"not_picked":["Flying Knee","Toxin Wave"],"picked":"Heel Hook","floor":24},{"not_picked":["hubris:SlightOfHand","hubris:Counter+1","Flying Knee"],"picked":"SKIP","floor":27},{"not_picked":["ReplayTheSpireMod:From All Sides","Underhanded Strike","Flying Knee+1"],"picked":"SKIP","floor":28},{"not_picked":["PiercingWail+1","Flying Knee+1"],"picked":"Acrobatics+1","floor":30},{"not_picked":["Dodge and Roll","Underhanded Strike+1"],"picked":"Adrenaline","floor":31},{"not_picked":["PiercingWail","Dagger Spray"],"picked":"Dash+1","floor":35},{"not_picked":["Bane+1","Acrobatics+1","Sucker Punch"],"picked":"SKIP","floor":36},{"not_picked":["Bane","Deflect"],"picked":"PiercingWail+1","floor":37},{"not_picked":["ReplayTheSpireMod:Tripwire+1","Toxin Wave"],"picked":"Deadly Poison+1","floor":38},{"not_picked":["Flechettes","Wraith Form v2","Flying Knee+1"],"picked":"SKIP","floor":41},{"not_picked":["Prepared","Draining Mist"],"picked":"Dagger Throw+1","floor":46},{"not_picked":["Deadly Poison","Hidden Blade"],"picked":"Blade Dance","floor":48}],"player_experience":29726,"relics_obtained":[{"floor":10,"key":"halation:EternalFortune"},{"floor":10,"key":"Quantum Egg"},{"floor":26,"key":"aspiration:HatOfInfinitePower"},{"floor":30,"key":"PreservedInsect"},{"floor":35,"key":"halation:EternalFortune"},{"floor":36,"key":"halation:EternalFortune"},{"floor":41,"key":"Ancient Tea Set"},{"floor":43,"key":"Replay:Bottled Eggs"}],"event_choices":[{"damage_healed":0,"gold_gain":0,"player_choice":"Grow","damage_taken":0,"max_hp_gain":0,"max_hp_loss":0,"event_name":"Living Wall","floor":5,"gold_loss":0,"cards_upgraded":["All Out Attack"]},{"damage_healed":0,"gold_gain":0,"player_choice":"Leave","damage_taken":0,"max_hp_gain":0,"max_hp_loss":0,"event_name":"conspire:Investor","floor":39,"gold_loss":0}],"is_beta":false,"boss_relics":[{"not_picked":["Replay:Grab Bag","Replay:Ancient Bell"],"picked":"Painkiller Herb"},{"not_picked":["Astrolabe","Replay:Drink Me"],"picked":"SlaversCollar"}],"items_purged_floors":[29,45],"is_endless":false,"potions_floor_spawned":[1,7,10,13,18,19,20,31,37,38,41,48],"ascension_level":1}}