{"host":"jjunaul04msmo6r1","time":1611895340,"event":{"mods":["BaseMod","Better Third Choice","Booster Modes","Colored Map","Downfall","Minty Spire (QoL Compilation)","Relic Stats","StSLib","UnlockEverythingMod","everything is the same but u backflip on backflip"],"gold_per_floor":[99,110,110,125,125,142,142,127,145,145,176,190,205,230,242,242,242,242],"floor_reached":16,"language":"ENG","playtime":2462,"items_purged":[],"score":180,"play_id":"cea16cd2-9716-499f-8419-d6d1faefe54b","local_time":"20210128214220","is_ascension_mode":true,"campfire_choices":[{"floor":1,"key":"RECALL"}],"circlet_count":0,"master_deck":["Guardian:Strike_Guardian","Guardian:Strike_Guardian","Guardian:Strike_Guardian","Guardian:Strike_Guardian","Guardian:Defend_Guardian+1","Guardian:Defend_Guardian","Guardian:Defend_Guardian+1","Guardian:CurlUp","Guardian:TwinSlam","Guardian:BodySlam","DeceiveReality","Guardian:ArmoredProtocol","Guardian:BronzeOrb","Guardian:Gem_Cyan","Guardian:ChargeUp","Guardian:Gem_Green","Guardian:Gem_Cyan","Guardian:Gem_White","Guardian:Gem_White"],"relics":["Guardian:ModeShifter","Nunchaku","War Paint","HornCleat","Omamori","Orichalcum"],"acts_visited":["Exordium"],"potions_floor_usage":[14,16,16,16],"damage_taken":[{"damage":0,"enemies":"Small Slimes","floor":2,"turns":4},{"damage":0,"enemies":"2 Louse","floor":4,"turns":3},{"damage":0,"enemies":"Cultist","floor":6,"turns":4},{"damage":0,"enemies":"downfall:FleeingMerchant","floor":8,"turns":4},{"damage":2,"enemies":"Exordium Wildlife","floor":9,"turns":4},{"damage":0,"enemies":"Lagavulin","floor":11,"turns":6},{"damage":2,"enemies":"Gremlin Gang","floor":12,"turns":6},{"damage":0,"enemies":"Large Slime","floor":13,"turns":4},{"damage":0,"enemies":"3 Sentries","floor":14,"turns":11},{"damage":4,"enemies":"Exordium Wildlife","floor":15,"turns":5},{"damage":34,"enemies":"IC_STATUS_ARCHETYPE","floor":16,"turns":18}],"seed_played":"-7297410575394693972","potions_obtained":[{"floor":6,"key":"SkillPotion"},{"floor":9,"key":"EssenceOfSteel"},{"floor":12,"key":"Weak Potion"},{"floor":14,"key":"GamblersBrew"}],"is_trial":false,"path_per_floor":["R","M","?","M","?","M","T","$","M","?","E","M","M","E","M","B"],"character_chosen":"GUARDIAN","items_purchased":[],"campfire_rested":0,"item_purchase_floors":[],"current_hp_per_floor":[80,80,38,38,38,38,38,38,36,36,36,34,34,34,30,0,0,0],"gold":242,"neow_bonus":"RANDOM_COMMON_RELIC","is_daily":false,"chose_seed":false,"campfire_upgraded":0,"win_rate":0.0,"timestamp":1611895340,"path_taken":["R","M","?","M","?","M","T","$","M","?","E","?","M","E","M","BOSS"],"items_purchased_type":[],"build_version":"2020-12-22","purchased_purges":0,"victory":false,"max_hp_per_floor":[80,80,80,80,80,80,80,80,80,80,80,80,80,80,80,80,80,80],"relic_stats":{"Nunchaku":[10],"counters":[11,69],"War Paint":["Guardian:Defend_Guardian","Guardian:Defend_Guardian"],"Orichalcum":[6],"obtain_stats":[{"Nunchaku":0,"HornCleat":3,"Guardian:ModeShifter":0,"Omamori":11,"War Paint":3,"Orichalcum":14},{"Nunchaku":0,"HornCleat":1,"Guardian:ModeShifter":0,"Omamori":6,"War Paint":1,"Orichalcum":9},{"Nunchaku":0,"HornCleat":4,"Guardian:ModeShifter":0,"Omamori":25,"War Paint":4,"Orichalcum":46}]},"card_choices":[{"not_picked":["Guardian:Suspension","Guardian:VentSteam"],"picked":"Guardian:BodySlam","floor":2},{"not_picked":["Guardian:ChargeCore","Guardian:PrismaticBeam"],"picked":"Guardian:ArmoredProtocol","floor":4},{"not_picked":["Guardian:Reroute","Guardian:VentSteam"],"picked":"Guardian:BronzeOrb","floor":6},{"not_picked":["Guardian:DonusPower","Guardian:RollAttack"],"picked":"Guardian:Gem_Cyan","floor":8},{"not_picked":["Guardian:TemporalStrike","Guardian:SpikerProtocol"],"picked":"Guardian:ChargeUp","floor":9},{"not_picked":["Guardian:CrystalBeam","Guardian:Incinerate"],"picked":"Guardian:Gem_Green","floor":11},{"not_picked":["Guardian:FastForward","Guardian:Planning","Guardian:Emergency"],"picked":"SKIP","floor":12},{"not_picked":["Guardian:Gem_Green","Guardian:Gem_Lightblue"],"picked":"Guardian:Gem_Cyan","floor":13},{"not_picked":["Guardian:RevengeProtocol","Guardian:DecasProtection"],"picked":"Guardian:Gem_White","floor":14},{"not_picked":["Guardian:Harden","Guardian:PiercingHide"],"picked":"Guardian:Gem_White","floor":15}],"player_experience":475821,"relics_obtained":[{"floor":11,"key":"Omamori"},{"floor":14,"key":"Orichalcum"}],"event_choices":[{"damage_healed":0,"gold_gain":1,"player_choice":"Relic Relic Card ","damage_taken":42,"max_hp_gain":0,"max_hp_loss":0,"event_name":"betterThird:BetterScrap","floor":3,"gold_loss":0,"cards_obtained":["DeceiveReality","Thunder Strike"]}],"is_beta":false,"boss_relics":[],"items_purged_floors":[],"is_endless":false,"potions_floor_spawned":[6,9,12,13,14],"killed_by":"IC_STATUS_ARCHETYPE","ascension_level":2}}