{"host":"yx5rao87132cy5xq","time":1611894681,"event":{"mods":["2.2 Compatiblity","AchievementEnabler","BaseMod","Bestiary","Colored Map","Colored Powertips","Minty Spire (QoL Compilation)","Quick Restart","Relic Stats","Slay-I","SuperFastMode"],"gold_per_floor":[118,118,118,138,155,155,189,209,286,311,331,343,355,73,73,150,150,169,169,179,94,19,54,0,0,24,24,34,34,53,71,71,71,71],"floor_reached":33,"language":"ENG","playtime":1853,"items_purged":["Strike_R"],"score":460,"play_id":"b798e6d5-01b7-44a7-b7d0-b3a3a5250408","local_time":"20210129053121","is_ascension_mode":true,"campfire_choices":[{"data":"Uppercut","floor":6,"key":"SMITH"},{"floor":15,"key":"REST"},{"floor":27,"key":"REST"},{"floor":29,"key":"REST"},{"floor":32,"key":"REST"}],"circlet_count":0,"master_deck":["AscendersBane","Strike_R","Strike_R","Strike_R","Strike_R","Defend_R","Defend_R","Defend_R","Defend_R","Bash","Juggernaut","Armaments","Uppercut+1","Inflame","Infernal Blade","Headbutt","Whirlwind","Feel No Pain","Spot Weakness","Demon Form","Shrug It Off","Power Through","Feel No Pain","Evolve","Flame Barrier"],"relics":["Burning Blood","Gambling Chip","Mercury Hourglass","Toy Ornithopter","Shuriken","Philosopher\u0027s Stone","Mummified Hand","Bag of Preparation","Omamori"],"acts_visited":["Exordium","TheCity"],"potions_floor_usage":[12,16,20,23,30],"damage_taken":[{"damage":4,"enemies":"2 Louse","floor":1,"turns":4},{"damage":7,"enemies":"Small Slimes","floor":4,"turns":4},{"damage":0,"enemies":"Cultist","floor":5,"turns":3},{"damage":34,"enemies":"Gremlin Nob","floor":7,"turns":5},{"damage":31,"enemies":"Gremlin Gang","floor":8,"turns":6},{"damage":20,"enemies":"Lagavulin","floor":10,"turns":6},{"damage":13,"enemies":"Red Slaver","floor":11,"turns":3},{"damage":10,"enemies":"Blue Slaver","floor":12,"turns":4},{"damage":16,"enemies":"Exordium Wildlife","floor":13,"turns":4},{"damage":27,"enemies":"Slime Boss","floor":16,"turns":8},{"damage":3,"enemies":"3 Byrds","floor":18,"turns":3},{"damage":23,"enemies":"Shell Parasite","floor":20,"turns":4},{"damage":50,"enemies":"Slavers","floor":23,"turns":4},{"damage":18,"enemies":"Snake Plant","floor":28,"turns":4},{"damage":14,"enemies":"3 Cultists","floor":30,"turns":4},{"damage":20,"enemies":"Snecko","floor":31,"turns":5},{"damage":59,"enemies":"Collector","floor":33,"turns":3}],"seed_played":"8129194856962298247","potions_obtained":[{"floor":3,"key":"Weak Potion"},{"floor":3,"key":"Swift Potion"},{"floor":7,"key":"DuplicationPotion"},{"floor":10,"key":"BloodPotion"},{"floor":13,"key":"Weak Potion"},{"floor":18,"key":"EssenceOfSteel"},{"floor":28,"key":"Strength Potion"}],"is_trial":false,"path_per_floor":["M","?","?","M","M","R","E","M","T","E","M","M","M","$","R","B",null,"M","?","M","?","$","E","?","?","T","R","M","R","M","M","R","B"],"character_chosen":"IRONCLAD","items_purchased":["Shuriken","Spot Weakness"],"campfire_rested":4,"item_purchase_floors":[14,14],"current_hp_per_floor":[74,79,79,78,84,84,56,31,31,17,10,28,18,18,43,27,71,74,58,46,46,46,7,7,7,7,34,22,49,46,32,59,0,0],"gold":71,"neow_bonus":"ONE_RANDOM_RARE_CARD","is_daily":false,"chose_seed":false,"campfire_upgraded":1,"win_rate":0.0,"timestamp":1611894681,"path_taken":["M","?","?","M","M","R","E","?","T","E","M","?","M","?","R","BOSS","M","?","M","?","$","E","?","?","T","R","?","R","M","M","R","BOSS"],"items_purchased_type":["Relic","Card"],"build_version":"2020-12-22","purchased_purges":1,"victory":false,"max_hp_per_floor":[80,85,85,85,85,85,85,85,85,85,85,85,85,85,85,85,85,85,90,90,90,90,90,90,90,90,90,90,90,90,90,90,90,90],"relic_stats":{"counters":[17,73],"Shuriken":[3],"Mummified Hand":[10],"Gambling Chip":[30],"Bag of Preparation":[8],"obtain_stats":[{"Shuriken":14,"Mummified Hand":21,"Gambling Chip":7,"Philosopher\u0027s Stone":17,"Bag of Preparation":23,"Omamori":26,"Burning Blood":0,"Toy Ornithopter":10,"Mercury Hourglass":9},{"Shuriken":9,"Mummified Hand":12,"Gambling Chip":4,"Philosopher\u0027s Stone":10,"Bag of Preparation":13,"Omamori":13,"Burning Blood":0,"Toy Ornithopter":6,"Mercury Hourglass":5},{"Shuriken":39,"Mummified Hand":53,"Gambling Chip":16,"Philosopher\u0027s Stone":46,"Bag of Preparation":57,"Omamori":57,"Burning Blood":0,"Toy Ornithopter":28,"Mercury Hourglass":22}],"Burning Blood":96,"Toy Ornithopter":25,"Mercury Hourglass":[223]},"card_choices":[{"not_picked":["True Grit","Wild Strike"],"picked":"Armaments","floor":1},{"not_picked":["Clothesline","Metallicize"],"picked":"Uppercut","floor":4},{"not_picked":["Pommel Strike","Sever Soul"],"picked":"Inflame","floor":5},{"not_picked":["Heavy Blade","Armaments"],"picked":"Infernal Blade","floor":7},{"not_picked":["Warcry","Dropkick"],"picked":"Headbutt","floor":8},{"not_picked":["Twin Strike","Combust"],"picked":"Whirlwind","floor":10},{"not_picked":["Clash","Fiend Fire","Anger"],"picked":"SKIP","floor":11},{"not_picked":["Heavy Blade","True Grit"],"picked":"Feel No Pain","floor":12},{"not_picked":["Armaments","Warcry","Body Slam"],"picked":"SKIP","floor":13},{"not_picked":["Feed","Bludgeon"],"picked":"Demon Form","floor":16},{"not_picked":["Havoc","Rampage+1","Body Slam"],"picked":"SKIP","floor":18},{"not_picked":["Evolve","Iron Wave"],"picked":"Shrug It Off","floor":20},{"not_picked":["Pommel Strike","Havoc"],"picked":"Power Through","floor":23},{"not_picked":["Havoc","Pummel"],"picked":"Evolve","floor":28},{"not_picked":["Clothesline","Heavy Blade","Wild Strike"],"picked":"SKIP","floor":30},{"not_picked":["Clothesline","Twin Strike"],"picked":"Flame Barrier","floor":31}],"player_experience":894410,"relics_obtained":[{"floor":7,"key":"Gambling Chip"},{"floor":9,"key":"Mercury Hourglass"},{"floor":10,"key":"Toy Ornithopter"},{"floor":23,"key":"Bag of Preparation"},{"floor":26,"key":"Omamori"}],"event_choices":[{"damage_healed":0,"gold_gain":0,"player_choice":"Donut","damage_taken":0,"max_hp_gain":5,"max_hp_loss":0,"event_name":"Big Fish","floor":2,"gold_loss":0},{"damage_healed":0,"gold_gain":0,"player_choice":"Got Potions","damage_taken":0,"max_hp_gain":0,"max_hp_loss":0,"event_name":"Lab","floor":3,"gold_loss":0},{"damage_healed":0,"gold_gain":0,"player_choice":"Shed Blood","damage_taken":21,"max_hp_gain":5,"max_hp_loss":0,"event_name":"Forgotten Altar","floor":19,"gold_loss":0},{"damage_healed":0,"gold_gain":0,"player_choice":"Obtained Relic","damage_taken":0,"relics_obtained":["Mummified Hand"],"max_hp_gain":0,"max_hp_loss":0,"event_name":"Addict","floor":21,"gold_loss":85},{"damage_healed":0,"gold_gain":0,"player_choice":"Paid Fearfully","damage_taken":0,"max_hp_gain":0,"max_hp_loss":0,"event_name":"Masked Bandits","floor":24,"gold_loss":54},{"damage_healed":0,"gold_gain":0,"player_choice":"Copied","damage_taken":0,"max_hp_gain":0,"max_hp_loss":0,"event_name":"Duplicator","floor":25,"gold_loss":0,"cards_obtained":["Feel No Pain"]}],"is_beta":false,"boss_relics":[{"not_picked":["Pandora\u0027s Box","SlaversCollar"],"picked":"Philosopher\u0027s Stone"}],"items_purged_floors":[22],"is_endless":false,"potions_floor_spawned":[7,8,10,13,18,28],"killed_by":"Collector","ascension_level":13}}