{"host":"3y2rtlgteqp2nuo3","time":1611887922,"event":{"mods":["2.2 Compatiblity","AchievementEnabler","BaseMod","Colored Map","DeckTracker","Highlight Path","Keyboard Shortcuts","Minty Spire (QoL Compilation)","Permanent Neow","Quick Restart","StSLib","SuperFastMode","everything is the same but u backflip on backflip"],"gold_per_floor":[118,135,148,166,184,184,219,219,219,249,249,262,437,513,513,638,638,661,88,13,38,38,38,38,73,98,123,149,161,189,236,248,391,403,433,466,541,553,40,40,63,94,94,94,94,94,117,152,152,152],"floor_reached":51,"language":"KOR","playtime":1536,"items_purged":["Strike_R","Strike_R"],"score":1162,"play_id":"00b36c29-55ec-466a-9322-dac0aef1fc7c","local_time":"20210129113842","is_ascension_mode":true,"campfire_choices":[{"data":"Inflame","floor":6.0,"key":"SMITH"},{"data":"Heavy Blade","floor":8.0,"key":"SMITH"},{"data":"Sword Boomerang","floor":15.0,"key":"SMITH"},{"data":"Evolve","floor":23.0,"key":"SMITH"},{"data":"Inflame","floor":29.0,"key":"SMITH"},{"floor":32.0,"key":"REST"},{"floor":40.0,"key":"RECALL"},{"data":"1","floor":49,"key":"LIFT"}],"circlet_count":0,"master_deck":["Strike_R","Strike_R","Strike_R","Defend_R","Defend_R","Defend_R","Defend_R","Bash+1","Shrug It Off","Inflame+1","Heavy Blade+1","Sword Boomerang+1","Power Through","Impervious","Evolve+1","Limit Break+1","Second Wind+1","True Grit+1","Battle Trance+1","Pummel+1","Inflame+1","Shrug It Off+1","Infernal Blade+1","Clothesline+1","Exhume+1","Limit Break+1","Secret Technique+1","Demon Form"],"relics":["Burning Blood","Ornamental Fan","Toxic Egg 2","Eternal Feather","Golden Idol","Molten Egg 2","Mark of Pain","Lizard Tail","ClockworkSouvenir","Meat on the Bone","Gremlin Horn","MawBank","Juzu Bracelet","Fusion Hammer","StoneCalendar","Mummified Hand","Torii","Girya","Akabeko"],"acts_visited":["Exordium","TheCity","TheBeyond"],"potions_floor_usage":[42],"damage_taken":[{"damage":3.0,"enemies":"2 Louse","floor":1.0,"turns":3.0},{"damage":1.0,"enemies":"Small Slimes","floor":2.0,"turns":3.0},{"damage":8.0,"enemies":"Jaw Worm","floor":3.0,"turns":4.0},{"damage":24.0,"enemies":"Lots of Slimes","floor":4.0,"turns":5.0},{"damage":12.0,"enemies":"Exordium Wildlife","floor":5.0,"turns":4.0},{"damage":14.0,"enemies":"Gremlin Nob","floor":7.0,"turns":4.0},{"damage":19.0,"enemies":"Lagavulin","floor":10.0,"turns":6.0},{"damage":10.0,"enemies":"Gremlin Gang","floor":12.0,"turns":8.0},{"damage":49.0,"enemies":"Hexaghost","floor":16.0,"turns":11.0},{"damage":22.0,"enemies":"Spheric Guardian","floor":18.0,"turns":6.0},{"damage":0.0,"enemies":"Chosen","floor":21.0,"turns":4.0},{"damage":40.0,"enemies":"Slavers","floor":25.0,"turns":7.0},{"damage":13.0,"enemies":"Shelled Parasite and Fungi","floor":27.0,"turns":7.0},{"damage":25.0,"enemies":"Snake Plant","floor":28.0,"turns":7.0},{"damage":31.0,"enemies":"Chosen and Byrds","floor":30.0,"turns":5.0},{"damage":16.0,"enemies":"Gremlin Leader","floor":31.0,"turns":6.0},{"damage":0.0,"enemies":"Champ","floor":33.0,"turns":10.0},{"damage":0.0,"enemies":"Orb Walker","floor":35.0,"turns":3.0},{"damage":22.0,"enemies":"3 Shapes","floor":36.0,"turns":5.0},{"damage":7.0,"enemies":"Mind Bloom Boss Battle","floor":37.0,"turns":6.0},{"damage":5.0,"enemies":"Maw","floor":41.0,"turns":4.0},{"damage":0,"enemies":"Reptomancer","floor":42,"turns":4},{"damage":0,"enemies":"Sphere and 2 Shapes","floor":47,"turns":3},{"damage":36,"enemies":"Nemesis","floor":48,"turns":5},{"damage":46,"enemies":"Time Eater","floor":50,"turns":8}],"seed_played":"387238381603291908","potions_obtained":[{"floor":3.0,"key":"ElixirPotion"},{"floor":4.0,"key":"Block Potion"},{"floor":5.0,"key":"Block Potion"},{"floor":10.0,"key":"BloodPotion"},{"floor":18.0,"key":"SneckoOil"},{"floor":28.0,"key":"Explosive Potion"},{"floor":36.0,"key":"PowerPotion"},{"floor":37.0,"key":"LiquidBronze"},{"floor":42,"key":"LiquidBronze"},{"floor":48,"key":"Energy Potion"}],"is_trial":false,"path_per_floor":["M","M","M","M","M","R","E","R","T","E","?","M","?","T","R","B",null,"M","$","$","M","?","R","$","E","T","M","M","R","M","E","R","B",null,"M","M","?","?","$","R","M","E","T","$","$","?","M","E","R","B",null],"character_chosen":"IRONCLAD","items_purchased":["Lizard Tail","True Grit+1","ClockworkSouvenir","Battle Trance+1","Mummified Hand","Secret Technique+1"],"campfire_rested":1,"item_purchase_floors":[19,19,19,20,39,39],"current_hp_per_floor":[75,80,78,60,54,54,46,46,46,33,33,29,29,29,38,9,58,42,42,42,48,48,60,60,38,38,43,36,51,38,40,74,74,74,74,58,57,57,57,72,73,74,74,74,74,70,70,52,67,39],"gold":152,"neow_bonus":"UPGRADE_CARD","is_daily":false,"chose_seed":false,"campfire_upgraded":5,"win_rate":0.0,"timestamp":1611887922,"path_taken":["M","M","M","M","M","R","E","R","T","E","?","M","?","?","R","BOSS","M","?","$","M","?","R","?","E","T","?","M","R","M","E","R","BOSS","M","M","?","?","$","R","M","E","T","?","$","?","M","E","R","BOSS"],"items_purchased_type":["Relic","Card","Relic","Card","Relic","Card"],"build_version":"2020-12-22","purchased_purges":2,"victory":true,"max_hp_per_floor":[80,80,80,80,80,80,80,80,80,80,74,74,74,74,74,74,74,74,74,74,74,74,74,74,74,74,74,74,74,74,74,74,74,74,74,74,74,74,74,74,74,74,74,74,74,70,70,70,70,70],"card_choices":[{"not_picked":["Bloodletting","True Grit"],"picked":"Shrug It Off","floor":1.0},{"not_picked":["Thunderclap","Clothesline"],"picked":"Inflame","floor":2.0},{"not_picked":["Clothesline","Uppercut"],"picked":"Heavy Blade","floor":3.0},{"not_picked":["Uppercut","Dual Wield"],"picked":"Sword Boomerang","floor":4.0},{"not_picked":["Hemokinesis","Ghostly Armor"],"picked":"Power Through","floor":5.0},{"not_picked":["Iron Wave","Warcry"],"picked":"Impervious","floor":7.0},{"not_picked":["Body Slam","Pommel Strike"],"picked":"Evolve","floor":10.0},{"not_picked":["Sword Boomerang","Rupture","Iron Wave"],"picked":"SKIP","floor":12.0},{"not_picked":["Fiend Fire+1","Juggernaut"],"picked":"Limit Break+1","floor":16.0},{"not_picked":["Seeing Red+1","Clothesline+1"],"picked":"Second Wind+1","floor":18.0},{"not_picked":["Heavy Blade+1","Sword Boomerang+1"],"picked":"Pummel+1","floor":21.0},{"not_picked":["Havoc+1","Immolate+1"],"picked":"Inflame","floor":25.0},{"not_picked":["Wild Strike+1","Pommel Strike+1"],"picked":"Shrug It Off+1","floor":27.0},{"not_picked":["Inflame","Body Slam+1"],"picked":"Infernal Blade+1","floor":28.0},{"not_picked":["Shrug It Off+1","Seeing Red+1"],"picked":"Clothesline+1","floor":30.0},{"not_picked":["Flex+1","Thunderclap+1"],"picked":"Exhume+1","floor":31.0},{"not_picked":["Immolate+1","Exhume+1"],"picked":"Limit Break+1","floor":33.0},{"not_picked":["Anger+1","Warcry+1","Hemokinesis+1"],"picked":"SKIP","floor":35.0},{"not_picked":["Body Slam+1","Heavy Blade+1","Infernal Blade+1"],"picked":"SKIP","floor":36.0},{"not_picked":["Entrench+1","Sword Boomerang+1","Power Through+1"],"picked":"SKIP","floor":41.0},{"not_picked":["Iron Wave+1","Heavy Blade+1","Clash+1"],"picked":"SKIP","floor":42},{"not_picked":["Armaments+1","Second Wind+1","Battle Trance+1"],"picked":"SKIP","floor":47},{"not_picked":["Searing Blow+1","Inflame"],"picked":"Demon Form","floor":48}],"player_experience":725854,"relics_obtained":[{"floor":7.0,"key":"Ornamental Fan"},{"floor":9.0,"key":"Toxic Egg 2"},{"floor":10.0,"key":"Eternal Feather"},{"floor":14.0,"key":"Molten Egg 2"},{"floor":25.0,"key":"Gremlin Horn"},{"floor":26.0,"key":"MawBank"},{"floor":31.0,"key":"Juzu Bracelet"},{"floor":37.0,"key":"StoneCalendar"},{"floor":42,"key":"Torii"},{"floor":43,"key":"Girya"},{"floor":48,"key":"Akabeko"}],"event_choices":[{"damage_healed":0.0,"max_hp_gain":0.0,"max_hp_loss":6.0,"gold_gain":0.0,"event_name":"Golden Idol","player_choice":"Lose Max HP","floor":11.0,"gold_loss":0.0,"damage_taken":0.0,"relics_obtained":["Golden Idol"]},{"damage_healed":0.0,"max_hp_gain":0.0,"max_hp_loss":0.0,"gold_gain":175.0,"event_name":"Liars Game","player_choice":"AGREE","floor":13.0,"gold_loss":0.0,"damage_taken":0.0,"cards_obtained":["Doubt"]},{"damage_healed":0.0,"max_hp_gain":0.0,"max_hp_loss":0.0,"gold_gain":0.0,"event_name":"The Mausoleum","player_choice":"Opened","floor":22.0,"gold_loss":0.0,"damage_taken":0.0,"relics_obtained":["Meat on the Bone"],"cards_obtained":["Writhe"]},{"damage_healed":0.0,"max_hp_gain":0.0,"max_hp_loss":0.0,"gold_gain":0.0,"event_name":"MindBloom","player_choice":"Fight","floor":37.0,"gold_loss":0.0,"damage_taken":0.0},{"cards_removed":["Writhe","Doubt"],"damage_healed":0.0,"max_hp_gain":0.0,"max_hp_loss":0.0,"gold_gain":0.0,"event_name":"Fountain of Cleansing","player_choice":"Removed Curses","floor":38.0,"gold_loss":0.0,"damage_taken":0.0},{"damage_healed":0,"gold_gain":0,"player_choice":"Max HP","damage_taken":0,"max_hp_gain":0,"max_hp_loss":4,"event_name":"Winding Halls","floor":46,"gold_loss":0}],"is_beta":false,"boss_relics":[{"not_picked":["Busted Crown","SlaversCollar"],"picked":"Mark of Pain"},{"not_picked":["Calling Bell","Black Star"],"picked":"Fusion Hammer"}],"items_purged_floors":[19,39],"is_endless":false,"potions_floor_spawned":[3,4,5,10,18,28,36,37,42,48],"ascension_level":7}}