{"host":"dvpvhz1t6etneyb3","time":1611887005,"event":{"mods":["AchievementEnabler","BaseMod","Colored Map","Highlight Path","Minty Spire (QoL Compilation)","Permanent Neow","Quick Restart"],"gold_per_floor":[116,129,129,0,0,34,34,67,91,50,50,13,24,24,24,103,103,115,30,40,40,40,66,66,81,130,130,180,190,190,218,218,218,218],"floor_reached":33,"language":"ENG","playtime":1424,"items_purged":["Strike_B"],"score":603,"play_id":"6b80780c-8108-42a3-b447-6afd41f25623","local_time":"20210128212325","is_ascension_mode":true,"campfire_choices":[{"floor":7.0,"key":"REST"},{"floor":11.0,"key":"REST"},{"data":"Sunder","floor":15.0,"key":"SMITH"},{"data":"Loop","floor":24,"key":"SMITH"},{"data":"Self Repair","floor":27,"key":"SMITH"},{"floor":30,"key":"REST"},{"floor":32,"key":"REST"}],"circlet_count":0,"master_deck":["AscendersBane","Strike_B+1","Defend_B","Defend_B","Defend_B","Zap+1","Dualcast","Sweeping Beam","Ball Lightning","Ball Lightning","Cold Snap","Glacier","Loop+1","Sunder+1","Electrodynamics","Aggregate+1","Glacier+1","Undo+1","Chill+1","Hologram","Self Repair+1","Rainbow"],"relics":["Cracked Core","Juzu Bracelet","Toy Ornithopter","Nunchaku","Astrolabe","Unceasing Top","Calipers","Ornamental Fan","Art of War","Centennial Puzzle"],"acts_visited":["Exordium","TheCity"],"potions_floor_usage":[23,31,33],"damage_taken":[{"damage":7.0,"enemies":"Jaw Worm","floor":1.0,"turns":3.0},{"damage":5.0,"enemies":"Small Slimes","floor":2.0,"turns":3.0},{"damage":25.0,"enemies":"3 Sentries","floor":6.0,"turns":6.0},{"damage":20.0,"enemies":"Lagavulin","floor":8.0,"turns":5.0},{"damage":0.0,"enemies":"2 Louse","floor":13.0,"turns":3.0},{"damage":16.0,"enemies":"Slime Boss","floor":16.0,"turns":7.0},{"damage":12,"enemies":"Shell Parasite","floor":18,"turns":6},{"damage":9,"enemies":"Spheric Guardian","floor":20,"turns":5},{"damage":17,"enemies":"Gremlin Leader","floor":23,"turns":8},{"damage":4,"enemies":"Snecko","floor":25,"turns":4},{"damage":6,"enemies":"Chosen and Byrds","floor":29,"turns":7},{"damage":54,"enemies":"Book of Stabbing","floor":31,"turns":6},{"damage":76,"enemies":"Collector","floor":33,"turns":9}],"seed_played":"-4433644085277098915","potions_obtained":[{"floor":8.0,"key":"FearPotion"},{"floor":16.0,"key":"Energy Potion"},{"floor":18,"key":"FearPotion"},{"floor":31,"key":"ColorlessPotion"}],"is_trial":false,"path_per_floor":["M","M","?","$","?","E","R","E","T","$","R","$","M","?","R","B",null,"M","?","M","$","T","E","R","M","T","R","?","M","R","E","R","B"],"character_chosen":"DEFECT","items_purchased":["Weak Potion","Glacier","Loop"],"campfire_rested":4,"item_purchase_floors":[4,10,12],"current_hp_per_floor":[53,48,53,53,26,1,28,8,8,8,35,35,35,35,35,24,74,62,62,53,53,53,41,41,37,37,37,37,41,68,29,56,0,0],"gold":218,"neow_bonus":"TWENTY_PERCENT_HP_BONUS","is_daily":false,"chose_seed":false,"campfire_upgraded":3,"win_rate":0.0,"timestamp":1611887005,"path_taken":["M","M","?","$","?","E","R","E","T","$","R","$","M","?","R","BOSS","M","?","M","?","?","E","R","M","T","R","?","M","R","E","R","BOSS"],"items_purchased_type":["Potion","Card","Card"],"build_version":"2020-12-22","purchased_purges":1,"victory":false,"max_hp_per_floor":[85,85,90,90,90,90,90,90,90,90,90,90,90,90,90,90,90,90,90,90,90,90,90,90,90,90,90,90,90,90,90,90,90,90],"card_choices":[{"not_picked":["Hologram","Conserve Battery"],"picked":"Sweeping Beam","floor":1.0},{"not_picked":["Steam","Redo"],"picked":"Ball Lightning","floor":2.0},{"not_picked":["Seek","Hologram"],"picked":"Ball Lightning","floor":6.0},{"not_picked":["Redo","Leap"],"picked":"Cold Snap","floor":8.0},{"not_picked":["Conserve Battery","Ball Lightning"],"picked":"Sunder","floor":13.0},{"not_picked":["Buffer","Reboot"],"picked":"Electrodynamics","floor":16.0},{"not_picked":["Steam","Cold Snap"],"picked":"Chill+1","floor":18},{"not_picked":["Aggregate","Conserve Battery"],"picked":"Hologram","floor":20},{"not_picked":["Rebound","Stack","Doom and Gloom"],"picked":"SKIP","floor":23},{"not_picked":["Aggregate","Gash"],"picked":"Self Repair","floor":25},{"not_picked":["Darkness","Heatsinks+1","Sweeping Beam"],"picked":"SKIP","floor":29},{"not_picked":["Ball Lightning","Skim"],"picked":"Rainbow","floor":31}],"player_experience":2099227,"relics_obtained":[{"floor":6.0,"key":"Juzu Bracelet"},{"floor":8.0,"key":"Toy Ornithopter"},{"floor":9.0,"key":"Nunchaku"},{"floor":22,"key":"Calipers"},{"floor":23,"key":"Ornamental Fan"},{"floor":26,"key":"Art of War"},{"floor":31,"key":"Centennial Puzzle"}],"event_choices":[{"damage_healed":0.0,"max_hp_gain":5.0,"max_hp_loss":0.0,"gold_gain":0.0,"event_name":"Big Fish","player_choice":"Donut","floor":3.0,"gold_loss":0.0,"damage_taken":0.0},{"damage_healed":0.0,"max_hp_gain":0.0,"max_hp_loss":0.0,"gold_gain":0.0,"event_name":"Shining Light","player_choice":"Entered Light","floor":5.0,"gold_loss":0.0,"damage_taken":27.0,"cards_upgraded":["Zap","Strike_B"]},{"damage_healed":0.0,"max_hp_gain":0.0,"max_hp_loss":0.0,"gold_gain":0.0,"event_name":"Liars Game","player_choice":"Ignored","floor":14.0,"gold_loss":0.0,"damage_taken":0.0},{"damage_healed":0,"gold_gain":0,"player_choice":"Obtained Relic","damage_taken":0,"relics_obtained":["Unceasing Top"],"max_hp_gain":0,"max_hp_loss":0,"event_name":"Addict","floor":19,"gold_loss":85},{"damage_healed":0,"gold_gain":50,"player_choice":"Pray","damage_taken":0,"max_hp_gain":0,"max_hp_loss":0,"event_name":"Golden Shrine","floor":28,"gold_loss":0}],"is_beta":false,"boss_relics":[{"not_picked":["Tiny House","Calling Bell"],"picked":"Astrolabe"}],"items_purged_floors":[4],"is_endless":false,"potions_floor_spawned":[8,16,18,31],"killed_by":"Collector","ascension_level":20}}