{"host":"36zn1fhase90d3ns","time":1611950736,"event":{"mods":["2.2 Compatiblity","AchievementEnabler","Act Like it!","Aspiration","BaseMod","BetterRewards","Block Reminder","Colored Map","Colored Powertips","Conspire","Curses Come First","Custom Start","Energized Spire","Friendly Minions","Halation","Hermit","Hubris","Minty Spire (QoL Compilation)","Prisma Mod","Quick Restart","Relic Sorter","Replay The Spire","Shade Mod","Spicy Shops","StSLib","The Necromancer","Unceasing Turn Reminder","Yohane!"],"gold_per_floor":[111,130,142,157,157,157,157],"floor_reached":6,"language":"ENG","playtime":555,"items_purged":["Strike_G","Strike_G"],"score":43,"play_id":"85d064fc-166c-4057-8ee7-fd2e7338f86f","local_time":"20210129140536","is_ascension_mode":true,"campfire_choices":[],"circlet_count":0,"master_deck":["Strike_G","Strike_G","Strike_G","Defend_G","Defend_G","Defend_G","Defend_G","Defend_G","Survivor","Neutralize","Fluid Movement","Footwork","Envenom"],"relics":["Ring of the Snake","hubris:OldNail","Replay:Baseball","Juzu Bracelet","Vampiric Spirits"],"acts_visited":["Exordium"],"potions_floor_usage":[6],"damage_taken":[{"damage":0,"enemies":"Jaw Worm","floor":1,"turns":8},{"damage":0,"enemies":"2 Louse","floor":3,"turns":4},{"damage":4,"enemies":"Small Slimes","floor":4,"turns":5},{"damage":32,"enemies":"Gremlin Nob","floor":6,"turns":5}],"seed_played":"1379291506255342117","potions_obtained":[{"floor":3,"key":"ColorlessPotion"}],"is_trial":false,"path_per_floor":["M","?","M","M","?","E"],"character_chosen":"THE_SILENT","items_purchased":["Fluid Movement","Footwork","hubris:OldNail","Replay:Baseball","Juzu Bracelet"],"campfire_rested":0,"item_purchase_floors":[0,0,0,0,0],"current_hp_per_floor":[37,20,21,17,17,0,0],"gold":157,"neow_bonus":"","is_daily":false,"chose_seed":false,"campfire_upgraded":0,"win_rate":0.0,"timestamp":1611950736,"path_taken":["M","?","M","M","?","E"],"items_purchased_type":["Card","Card","Relic","Relic","Relic"],"build_version":"2020-12-22","purchased_purges":2,"victory":false,"max_hp_per_floor":[70,70,70,70,70,70,70],"card_choices":[{"not_picked":["Quick Slash","ReplayTheSpireMod:Scrap Shanks","Dagger Throw"],"picked":"SKIP","floor":1},{"not_picked":["PiercingWail","Sneak Up","Eviscerate"],"picked":"SKIP","floor":3},{"not_picked":["Blade Dance","Backflip"],"picked":"Envenom","floor":4}],"player_experience":476505,"relics_obtained":[{"floor":2,"key":"Vampiric Spirits"}],"event_choices":[{"damage_healed":0,"gold_gain":0,"player_choice":"Leave","damage_taken":0,"max_hp_gain":0,"max_hp_loss":0,"event_name":"conspire:Investor","floor":5,"gold_loss":0}],"is_beta":false,"boss_relics":[],"items_purged_floors":[0,0],"is_endless":false,"potions_floor_spawned":[3],"killed_by":"Gremlin Nob","ascension_level":4}}