{"host":"aukiz5jlacd3g5yc","time":1611883206,"event":{"mods":["2.2 Compatiblity","BaseMod","Bestiary","Colored Map","Colored Powertips","Downfall","GifTheSpireLib","Minty Spire (QoL Compilation)","Permanent Neow","Quick Restart","Random Character Button","Rare Cards Sparkle","Relic Sorter","Relic Stats","Replay The Spire","StSLib","everything is the same but u backflip on backflip","slay the spire mod where everything is the same but ironclad has a cowboy hat"],"gold_per_floor":[112,148,148,168,183,217,217,217,217,243,243,418,493,525,525,623,623,635,646,646,661,661,691,704,236,236,255,273,273,273,307,307,408,408,426,196,212,225,242,272,272,299,353,353,382,382,382,382],"floor_reached":49,"language":"ENG","playtime":2321,"items_purged":["Regret","downfall:Malfunctioning"],"score":1000,"play_id":"4c535c8c-9b30-4633-ae67-be135e860c0e","local_time":"20210128192006","is_ascension_mode":true,"campfire_choices":[{"data":"Spot Weakness","floor":7,"key":"SMITH"},{"data":"Inflame","floor":11,"key":"SMITH"},{"data":"Inflame","floor":15,"key":"SMITH"},{"data":"Limit Break","floor":30,"key":"SMITH"},{"data":"Slimebound:CheckThePlaybook","floor":32,"key":"SMITH"},{"data":"Spot Weakness","floor":41,"key":"SMITH"},{"data":"Impervious","floor":44,"key":"SMITH"},{"data":"Heavy Blade","floor":46,"key":"SMITH"}],"circlet_count":0,"master_deck":["Strike_R+1","Strike_R+1","Strike_R+1","Strike_R+1","Strike_R+1","Defend_R+1","Defend_R+1","Defend_R+1","Defend_R+1","Bash","Strike_P+1","Pommel Strike","Pommel Strike","Spot Weakness+1","Inflame+1","Impervious+1","Inflame+1","Limit Break+1","Sword Boomerang","Life Link+1","Heavy Blade+1","Slimebound:CheckThePlaybook+1","Iron Wave+1","Feed","Juggernaut+1","Burning Pact+1","Run Through+1","Spot Weakness+1","Headbutt","Spot Weakness+1","Flex+1","Wild Strike+1","downfall:Malfunctioning","Perfected Strike+1"],"relics":["Burning Blood","StoneCalendar","ReplayTheSpireMod:TigerMarble","Divine Protection","Anchor","FossilizedHelix","Eternal Feather","champ:DuelingGlove","White Beast Statue","Cursed Key","Mercury Hourglass","Mummified Hand","Brimstone","ReplayTheSpireMod:Ninjato","Paper Frog","Astrolabe","Shuriken","ReplayTheSpireMod:CursedCoin","Thread and Needle","StrikeDummy","Replay:Baseball","Slimebound:PreparedRelic"],"acts_visited":["Exordium","TheCity","TheBeyond"],"potions_floor_usage":[6,21,48],"damage_taken":[{"damage":1,"enemies":"2 Louse","floor":1,"turns":3},{"damage":2,"enemies":"Small Slimes","floor":4,"turns":3},{"damage":3,"enemies":"Jaw Worm","floor":5,"turns":2},{"damage":10,"enemies":"Lagavulin","floor":6,"turns":7},{"damage":6,"enemies":"Gremlin Nob","floor":10,"turns":4},{"damage":18,"enemies":"Lagavulin","floor":14,"turns":5},{"damage":0,"enemies":"Slime Boss","floor":16,"turns":7},{"damage":0,"enemies":"Chosen","floor":18,"turns":4},{"damage":0,"enemies":"3 Byrds","floor":19,"turns":4},{"damage":9,"enemies":"Shelled Parasite and Fungi","floor":21,"turns":3},{"damage":3,"enemies":"Book of Stabbing","floor":23,"turns":2},{"damage":9,"enemies":"3 Cultists","floor":24,"turns":4},{"damage":0,"enemies":"Centurion and Healer","floor":27,"turns":2},{"damage":0,"enemies":"Chosen and Byrds","floor":28,"turns":3},{"damage":0,"enemies":"Slavers","floor":31,"turns":3},{"damage":24,"enemies":"Pondfish","floor":33,"turns":5},{"damage":0,"enemies":"3 Darklings","floor":35,"turns":3},{"damage":6,"enemies":"3 Shapes","floor":37,"turns":2},{"damage":0,"enemies":"Spire Growth","floor":38,"turns":3},{"damage":0,"enemies":"3 Darklings","floor":39,"turns":4},{"damage":0,"enemies":"Giant Head","floor":40,"turns":4},{"damage":0,"enemies":"Reptomancer","floor":42,"turns":3},{"damage":0,"enemies":"R_Hoarder","floor":45,"turns":3},{"damage":21,"enemies":"Replay:Hell Engine","floor":48,"turns":4}],"seed_played":"-5489062004738338356","potions_obtained":[{"floor":2,"key":"Explosive Potion"},{"floor":4,"key":"FearPotion"},{"floor":6,"key":"LiquidMemories"},{"floor":16,"key":"ColorlessPotion"},{"floor":18,"key":"SpeedPotion"},{"floor":21,"key":"Death Potion"},{"floor":23,"key":"Strength Potion"},{"floor":27,"key":"SteroidPotion"},{"floor":38,"key":"SteroidPotion"},{"floor":40,"key":"FairyPotion"}],"is_trial":false,"path_per_floor":["M","?","?","M","M","E","R","?","T","E","R","?","?","E","R","B",null,"M","M","?","M","?","E","M","$","T","M","M","?","R","E","R","B",null,"M","$","M","M","M","E","R","E","T","R","E","R","?","B",null],"character_chosen":"IRONCLAD","items_purchased":["Mummified Hand","Brimstone","Shuriken","ReplayTheSpireMod:CursedCoin","Headbutt"],"campfire_rested":0,"item_purchase_floors":[25,25,36,36,36],"current_hp_per_floor":[80,60,60,64,67,63,63,63,63,63,75,75,64,52,64,80,80,80,80,80,77,72,72,69,69,69,72,72,72,72,72,72,54,72,72,72,75,75,75,75,75,78,78,78,78,78,78,63],"gold":382,"neow_bonus":"ONE_RARE_RELIC","is_daily":false,"chose_seed":false,"campfire_upgraded":8,"win_rate":0.0,"timestamp":1611883206,"path_taken":["M","?","?","?","M","E","R","?","T","E","R","?","?","E","R","BOSS","M","M","?","M","?","E","M","$","T","M","M","?","R","E","R","BOSS","M","$","M","?","M","E","R","E","T","R","E","R","?","BOSS"],"items_purchased_type":["Relic","Relic","Relic","Relic","Card"],"build_version":"2020-12-22","purchased_purges":2,"victory":true,"max_hp_per_floor":[80,80,80,80,80,80,80,80,80,80,80,80,80,80,80,80,80,80,80,80,80,72,72,72,72,72,72,72,72,72,72,72,72,72,72,72,75,75,75,75,75,78,78,78,78,78,78,78],"relic_stats":{"counters":[24,87],"Mummified Hand":[27],"Shuriken":[16],"Astrolabe":["Juggernaut","Burning Pact","Run Through"],"StoneCalendar":[30],"Eternal Feather":24,"Cursed Key":2,"obtain_stats":[{"Divine Protection":3,"champ:DuelingGlove":10,"ReplayTheSpireMod:Ninjato":26,"ReplayTheSpireMod:CursedCoin":36,"Astrolabe":34,"StoneCalendar":0,"Eternal Feather":9,"Thread and Needle":40,"Cursed Key":17,"Burning Blood":0,"White Beast Statue":14,"Mercury Hourglass":23,"Anchor":6,"Replay:Baseball":43,"Mummified Hand":25,"Brimstone":25,"Shuriken":36,"Slimebound:PreparedRelic":45,"ReplayTheSpireMod:TigerMarble":2,"StrikeDummy":42,"FossilizedHelix":8,"Paper Frog":31},{"Divine Protection":1,"champ:DuelingGlove":5,"ReplayTheSpireMod:Ninjato":12,"ReplayTheSpireMod:CursedCoin":17,"Astrolabe":16,"StoneCalendar":0,"Eternal Feather":4,"Thread and Needle":21,"Cursed Key":7,"Burning Blood":0,"White Beast Statue":6,"Mercury Hourglass":11,"Anchor":4,"Replay:Baseball":22,"Mummified Hand":12,"Brimstone":12,"Shuriken":17,"Slimebound:PreparedRelic":23,"ReplayTheSpireMod:TigerMarble":1,"StrikeDummy":22,"FossilizedHelix":4,"Paper Frog":15},{"Divine Protection":3,"champ:DuelingGlove":19,"ReplayTheSpireMod:Ninjato":48,"ReplayTheSpireMod:CursedCoin":64,"Astrolabe":61,"StoneCalendar":0,"Eternal Feather":15,"Thread and Needle":77,"Cursed Key":31,"Burning Blood":0,"White Beast Statue":24,"Mercury Hourglass":44,"Anchor":15,"Replay:Baseball":80,"Mummified Hand":48,"Brimstone":48,"Shuriken":64,"Slimebound:PreparedRelic":83,"ReplayTheSpireMod:TigerMarble":3,"StrikeDummy":80,"FossilizedHelix":15,"Paper Frog":56}],"Burning Blood":67,"Mercury Hourglass":[209]},"card_choices":[{"not_picked":["Headbutt","Intimidate"],"picked":"Pommel Strike","floor":1},{"not_picked":["Heavy Blade","Clothesline"],"picked":"Pommel Strike","floor":2},{"not_picked":["Rupture","Body Slam"],"picked":"Thunderclap","floor":2},{"not_picked":["True Grit","ReplayTheSpireMod:Limb From Limb"],"picked":"Spot Weakness","floor":4},{"not_picked":["Iron Wave","Feel No Pain"],"picked":"Inflame","floor":5},{"not_picked":["Wild Strike","Defy Death"],"picked":"Impervious","floor":6},{"not_picked":["Spot Weakness","Flex"],"picked":"Inflame","floor":10},{"not_picked":["Run Through","Ghostly Armor"],"picked":"ReplayTheSpireMod:Strike From Hell","floor":14},{"not_picked":["Reaper","Exhume"],"picked":"Limit Break","floor":16},{"not_picked":["ReplayTheSpireMod:Strike From Hell","Cleave"],"picked":"Sword Boomerang","floor":18},{"not_picked":["Rupture","Reckless Charge"],"picked":"Life Link+1","floor":19},{"not_picked":["Flame Barrier","Cleave"],"picked":"Heavy Blade","floor":21},{"not_picked":["ReplayTheSpireMod:Stacked","Shrug It Off","Massacre"],"picked":"SKIP","floor":23},{"not_picked":["ReplayTheSpireMod:LeadingStrike","Abandon"],"picked":"Iron Wave+1","floor":24},{"not_picked":["Clothesline","Combust","Body Slam"],"picked":"SKIP","floor":27},{"not_picked":["Clothesline","Combust","Body Slam"],"picked":"SKIP","floor":27},{"not_picked":["Run Through","Headbutt"],"picked":"Feed","floor":28},{"not_picked":["Heavy Blade","Armaments","Havoc"],"picked":"SKIP","floor":31},{"not_picked":["Body Slam","Replay:Undeath\u0027s Touch"],"picked":"Spot Weakness+1","floor":35},{"not_picked":["Warcry","Body Slam"],"picked":"Spot Weakness","floor":37},{"not_picked":["True Grit+1","Burning Pact+1"],"picked":"Flex+1","floor":38},{"not_picked":["Burning Pact","Flex","Run Through"],"picked":"SKIP","floor":39},{"not_picked":["Impervious","Thunderclap","Clothesline"],"picked":"SKIP","floor":40},{"not_picked":["Evolve+1","Searing Blow"],"picked":"Wild Strike+1","floor":42},{"not_picked":["Sword Boomerang","Wild Strike"],"picked":"Perfected Strike+1","floor":45}],"player_experience":367264,"relics_obtained":[{"floor":2,"key":"ReplayTheSpireMod:TigerMarble"},{"floor":6,"key":"Anchor"},{"floor":9,"key":"Eternal Feather"},{"floor":10,"key":"champ:DuelingGlove"},{"floor":14,"key":"White Beast Statue"},{"floor":23,"key":"Mercury Hourglass"},{"floor":26,"key":"ReplayTheSpireMod:Ninjato"},{"floor":31,"key":"Paper Frog"},{"floor":40,"key":"Thread and Needle"},{"floor":42,"key":"StrikeDummy"},{"floor":43,"key":"Replay:Baseball"},{"floor":45,"key":"Slimebound:PreparedRelic"}],"event_choices":[{"damage_healed":0,"gold_gain":0,"player_choice":"Gave Potion","damage_taken":0,"relics_obtained":["Divine Protection"],"max_hp_gain":0,"max_hp_loss":0,"event_name":"WeMeetAgain","floor":3,"gold_loss":0},{"damage_healed":0,"gold_gain":0,"player_choice":"Box","damage_taken":0,"relics_obtained":["FossilizedHelix"],"max_hp_gain":0,"max_hp_loss":0,"event_name":"Big Fish","floor":8,"gold_loss":0,"cards_obtained":["Regret"]},{"damage_healed":0,"gold_gain":175,"player_choice":"AGREE","damage_taken":0,"max_hp_gain":0,"max_hp_loss":0,"event_name":"Liars Game","floor":12,"gold_loss":0,"cards_obtained":["Doubt"]},{"damage_healed":0,"gold_gain":75,"player_choice":"Gather Gold","damage_taken":11,"max_hp_gain":0,"max_hp_loss":0,"event_name":"World of Goop","floor":13,"gold_loss":0},{"damage_healed":0,"gold_gain":0,"player_choice":"Simplicity","damage_taken":0,"max_hp_gain":0,"max_hp_loss":0,"event_name":"Back to Basics","floor":20,"gold_loss":0,"cards_upgraded":["Strike_R","Strike_R","Strike_R","Strike_R","Strike_R","Defend_R","Defend_R","Defend_R","Defend_R","Strike_P"]},{"cards_removed":["Languid","Doubt"],"damage_healed":0,"gold_gain":0,"player_choice":"Removed Curses","damage_taken":0,"max_hp_gain":0,"max_hp_loss":0,"event_name":"Fountain of Cleansing","floor":29,"gold_loss":0},{"damage_healed":0,"gold_gain":0,"player_choice":"Took Portal","damage_taken":0,"max_hp_gain":0,"max_hp_loss":0,"event_name":"SecretPortal","floor":47,"gold_loss":0}],"is_beta":false,"boss_relics":[{"not_picked":["Ectoplasm","Black Star"],"picked":"Cursed Key"},{"not_picked":["Replay:Bronze Core","Black Blood"],"picked":"Astrolabe"}],"items_purged_floors":[25,36],"is_endless":false,"potions_floor_spawned":[4,6,16,18,19,21,23,24,27,28,31,33,35,37,38,39,40,42,45],"ascension_level":1}}