{"host":"xo3bvwoo3g0exv0i","time":1611898560,"event":{"mods":["BaseMod","Marisa????????","Minty Spire (QoL Compilation)"],"gold_per_floor":[119,134,134,148,167,167,197,197,250,279,299,329,341,371,371,473,473,488,506,134,134,154,186,186,186,186,213,227,238,238,269,269,373,373,383,12,28,38,53,79,0,0,0,29,29,40,75,86,86,86,86,86,36,68,68],"floor_reached":56,"language":"ENG","playtime":3654,"items_purged":["Pain"],"score":1619,"play_id":"163c3e1d-4dcc-47e2-a7ff-20b23b370a40","local_time":"20210129003600","is_ascension_mode":true,"campfire_choices":[{"data":"ForeignInfluence","floor":6,"key":"SMITH"},{"data":"SandsOfTime","floor":15,"key":"SMITH"},{"floor":24,"key":"RECALL"},{"data":"LessonLearned","floor":32,"key":"SMITH"},{"data":"Vault","floor":42,"key":"SMITH"},{"data":"Eruption","floor":45,"key":"SMITH"},{"data":"TalkToTheHand","floor":49,"key":"SMITH"},{"data":"ConjureBlade","floor":52,"key":"SMITH"}],"circlet_count":0,"master_deck":["Strike_P+1","Eruption+1","Vigilance","InnerPeace","Protect+1","ReachHeaven","ForeignInfluence+1","Conclude","Perseverance","SandsOfTime+1","Tantrum","Vault+1","LessonLearned+1","Evaluate+1","Perseverance+1","ThirdEye+1","ReachHeaven+1","Sanctity+1","CutThroughFate","Tantrum+1","TalkToTheHand+1","ConjureBlade+1","Consecrate+1","WheelKick+1","InnerPeace+1","WheelKick+1","FollowUp+1","TalkToTheHand+1"],"relics":["PureWater","WarpedTongs","Pantograph","Oddly Smooth Stone","Bronze Scales","Happy Flower","Astrolabe","Vajra","Pen Nib","Turnip","Potion Belt","Lizard Tail","Shuriken","MealTicket","Coffee Dripper","Unceasing Top","Blood Vial","Red Mask","Mummified Hand","Damaru","PreservedInsect","Art of War"],"acts_visited":["Exordium","TheCity","TheBeyond","TheEnding"],"potions_floor_usage":[12,12,18,29,37,38,39,44,48,48,50,50,55,55],"damage_taken":[{"damage":0,"enemies":"2 Louse","floor":1,"turns":2},{"damage":0,"enemies":"Cultist","floor":2,"turns":3},{"damage":0,"enemies":"Jaw Worm","floor":4,"turns":4},{"damage":3,"enemies":"Red Slaver","floor":5,"turns":4},{"damage":7,"enemies":"3 Sentries","floor":7,"turns":3},{"damage":2,"enemies":"Gremlin Nob","floor":10,"turns":5},{"damage":2,"enemies":"Looter","floor":11,"turns":4},{"damage":11,"enemies":"3 Sentries","floor":12,"turns":5},{"damage":0,"enemies":"Blue Slaver","floor":13,"turns":3},{"damage":6,"enemies":"Gremlin Nob","floor":14,"turns":4},{"damage":3,"enemies":"Slime Boss","floor":16,"turns":5},{"damage":0,"enemies":"Chosen","floor":18,"turns":6},{"damage":5,"enemies":"Spheric Guardian","floor":19,"turns":5},{"damage":0,"enemies":"Centurion and Healer","floor":22,"turns":4},{"damage":0,"enemies":"Slavers","floor":23,"turns":3},{"damage":0,"enemies":"Gremlin Leader","floor":27,"turns":4},{"damage":0,"enemies":"Snake Plant","floor":28,"turns":4},{"damage":0,"enemies":"Snecko","floor":29,"turns":8},{"damage":0,"enemies":"Book of Stabbing","floor":31,"turns":5},{"damage":0,"enemies":"Automaton","floor":33,"turns":5},{"damage":0,"enemies":"3 Shapes","floor":35,"turns":4},{"damage":0,"enemies":"3 Darklings","floor":37,"turns":4},{"damage":3,"enemies":"Sphere and 2 Shapes","floor":38,"turns":3},{"damage":44,"enemies":"4 Shapes","floor":39,"turns":4},{"damage":11,"enemies":"Giant Head","floor":40,"turns":7},{"damage":0,"enemies":"Reptomancer","floor":44,"turns":3},{"damage":0,"enemies":"Transient","floor":46,"turns":6},{"damage":0,"enemies":"Giant Head","floor":47,"turns":5},{"damage":7,"enemies":"Sphere and 2 Shapes","floor":48,"turns":3},{"damage":45,"enemies":"Awakened One","floor":50,"turns":8},{"damage":20,"enemies":"Shield and Spear","floor":54,"turns":2},{"damage":146,"enemies":"The Heart","floor":55,"turns":7}],"seed_played":"8716808599500753318","potions_obtained":[{"floor":5,"key":"DistilledChaos"},{"floor":7,"key":"Weak Potion"},{"floor":10,"key":"SteroidPotion"},{"floor":14,"key":"FearPotion"},{"floor":18,"key":"SneckoOil"},{"floor":22,"key":"AttackPotion"},{"floor":28,"key":"GamblersBrew"},{"floor":29,"key":"Strength Potion"},{"floor":33,"key":"Dexterity Potion"},{"floor":37,"key":"SkillPotion"},{"floor":40,"key":"Explosive Potion"},{"floor":46,"key":"Weak Potion"},{"floor":54,"key":"DistilledChaos"}],"is_trial":false,"path_per_floor":["M","M","?","M","M","R","E","?","T","E","M","E","M","E","R","B",null,"M","M","$","?","M","E","R","?","T","E","M","M","?","E","R","B",null,"M","$","M","M","M","E","?","R","T","E","R","M","E","M","R","B",null,"R","$","E","B",null],"character_chosen":"WATCHER","items_purchased":["Vajra","Pen Nib","Unceasing Top","WheelKick","PowerPotion"],"campfire_rested":0,"item_purchase_floors":[20,20,36,36,53],"current_hp_per_floor":[72,72,72,72,69,69,62,62,62,60,58,47,47,41,41,63,72,72,67,67,67,67,67,67,67,67,67,67,67,67,67,67,72,72,72,72,72,69,25,72,72,72,72,72,72,72,72,72,72,72,72,72,72,72,42],"gold":68,"neow_bonus":"TRANSFORM_CARD","is_daily":false,"chose_seed":false,"campfire_upgraded":7,"win_rate":0.0,"timestamp":1611898560,"path_taken":["M","M","?","?","M","R","E","?","T","E","?","E","M","E","R","BOSS","M","M","$","?","M","E","R","?","T","E","?","M","?","E","R","BOSS","M","$","M","M","M","E","?","R","T","E","R","M","E","M","R","BOSS","R","$","E","BOSS"],"items_purchased_type":["Relic","Relic","Relic","Card","Potion"],"build_version":"2020-12-22","purchased_purges":1,"victory":true,"max_hp_per_floor":[72,72,72,72,72,72,72,72,72,72,72,72,72,72,72,72,72,72,72,72,72,72,72,72,72,72,72,72,72,72,72,72,72,72,72,72,72,72,72,72,72,72,72,72,72,72,72,72,72,72,72,72,72,72,72],"card_choices":[{"not_picked":["JustLucky","FlyingSleeves"],"picked":"Protect","floor":1},{"not_picked":["LikeWater","FlyingSleeves"],"picked":"ReachHeaven","floor":2},{"not_picked":["BowlingBash","Protect"],"picked":"ForeignInfluence","floor":4},{"not_picked":["Prostrate","FollowUp"],"picked":"Conclude","floor":5},{"not_picked":["Judgement","BowlingBash","Evaluate"],"picked":"SKIP","floor":7},{"not_picked":["CrushJoints","BowlingBash"],"picked":"SandsOfTime","floor":10},{"not_picked":["MentalFortress","Study"],"picked":"Tantrum","floor":11},{"not_picked":["SandsOfTime","Crescendo","Halt"],"picked":"SKIP","floor":12},{"not_picked":["Prostrate","Worship","FlyingSleeves"],"picked":"SKIP","floor":13},{"not_picked":["Wireheading","LikeWater"],"picked":"Vault","floor":14},{"not_picked":["DeusExMachina","DevaForm"],"picked":"LessonLearned","floor":16},{"not_picked":["Prostrate","WreathOfFlame","ThirdEye"],"picked":"SKIP","floor":18},{"not_picked":["LikeWater","BattleHymn","ClearTheMind"],"picked":"SKIP","floor":19},{"not_picked":["SashWhip","CrushJoints"],"picked":"ReachHeaven","floor":22},{"not_picked":["FlyingSleeves","Meditate"],"picked":"Sanctity+1","floor":23},{"not_picked":["SpiritShield","Weave","Consecrate"],"picked":"SKIP","floor":27},{"not_picked":["PathToVictory","Prostrate"],"picked":"CutThroughFate","floor":28},{"not_picked":["EmptyBody","PathToVictory"],"picked":"Tantrum+1","floor":29},{"not_picked":["ThirdEye","MentalFortress"],"picked":"TalkToTheHand+1","floor":31},{"not_picked":["Omniscience","Scrawl"],"picked":"ConjureBlade","floor":33},{"not_picked":["PathToVictory+1","SignatureMove"],"picked":"Consecrate+1","floor":35},{"not_picked":["WaveOfTheHand+1","FollowUp"],"picked":"InnerPeace+1","floor":37},{"not_picked":["FollowUp","BattleHymn+1","FlyingSleeves"],"picked":"SKIP","floor":38},{"not_picked":["Swivel+1","Protect"],"picked":"WheelKick+1","floor":39},{"not_picked":["Prostrate+1","JustLucky+1","DeusExMachina"],"picked":"SKIP","floor":40},{"not_picked":["ClearTheMind","CutThroughFate"],"picked":"FollowUp+1","floor":44},{"not_picked":["CutThroughFate","PathToVictory+1","WreathOfFlame"],"picked":"SKIP","floor":46},{"not_picked":["SashWhip","Wallop"],"picked":"TalkToTheHand","floor":47},{"not_picked":["FlyingSleeves","FollowUp","WindmillStrike"],"picked":"SKIP","floor":48},{"not_picked":["Scrawl","JustLucky","WaveOfTheHand"],"picked":"SKIP","floor":54}],"player_experience":67531,"relics_obtained":[{"floor":7,"key":"Pantograph"},{"floor":10,"key":"Oddly Smooth Stone"},{"floor":12,"key":"Bronze Scales"},{"floor":14,"key":"Happy Flower"},{"floor":23,"key":"Potion Belt"},{"floor":26,"key":"Lizard Tail"},{"floor":27,"key":"Shuriken"},{"floor":31,"key":"MealTicket"},{"floor":40,"key":"Blood Vial"},{"floor":43,"key":"Mummified Hand"},{"floor":44,"key":"Damaru"},{"floor":47,"key":"PreservedInsect"},{"floor":54,"key":"Art of War"}],"event_choices":[{"damage_healed":0,"gold_gain":0,"player_choice":"Rummage","damage_taken":0,"relics_obtained":["WarpedTongs"],"max_hp_gain":0,"max_hp_loss":0,"event_name":"Accursed Blacksmith","floor":3,"gold_loss":0,"cards_obtained":["Pain"]},{"damage_healed":0,"gold_gain":0,"cards_transformed":["Defend_P"],"player_choice":"Transformed","damage_taken":0,"max_hp_gain":0,"max_hp_loss":0,"event_name":"Transmorgrifier","floor":8,"gold_loss":0,"cards_obtained":["Perseverance"]},{"damage_healed":0,"gold_gain":0,"player_choice":"Opened","damage_taken":0,"relics_obtained":["Turnip"],"max_hp_gain":0,"max_hp_loss":0,"event_name":"The Mausoleum","floor":21,"gold_loss":0},{"cards_removed":["Strike_P"],"damage_healed":0,"gold_gain":0,"player_choice":"Purged","damage_taken":0,"max_hp_gain":0,"max_hp_loss":0,"event_name":"Purifier","floor":25,"gold_loss":0},{"cards_removed":["Strike_P"],"damage_healed":0,"gold_gain":0,"player_choice":"Elegance","damage_taken":0,"max_hp_gain":0,"max_hp_loss":0,"event_name":"Back to Basics","floor":30,"gold_loss":0},{"damage_healed":0,"gold_gain":0,"player_choice":"Paid","damage_taken":0,"relics_obtained":["Red Mask"],"max_hp_gain":0,"max_hp_loss":0,"event_name":"Tomb of Lord Red Mask","floor":41,"gold_loss":79}],"is_beta":false,"boss_relics":[{"not_picked":["Snecko Eye","SlaversCollar"],"picked":"Astrolabe"},{"not_picked":["Busted Crown","HolyWater"],"picked":"Coffee Dripper"}],"items_purged_floors":[20],"is_endless":false,"potions_floor_spawned":[5,7,10,11,14,18,22,28,29,33,37,40,46,54],"ascension_level":1}}