{"host":"2qv44oxt58ptq59r","time":1611948373,"event":{"mods":["AchievementEnabler","BaseMod","Colored Powertips","Highlight Path","Minty Spire (QoL Compilation)","Permanent Neow","StSLib"],"gold_per_floor":[118,0,10,22,39,64,64,8,8,8,20,31,47,0,0,100,100,118,132,132,32,32,32,52,52,52,66,79,79,93,107,107,202,202,220,237,237,237,27,27,38,73,73,73,91,106,16,32,32,32,32],"floor_reached":50,"language":"ENG","playtime":12081,"items_purged":[],"score":529,"play_id":"a1dc199f-dba7-4b08-b690-88d7227dab63","local_time":"20210129192613","is_ascension_mode":true,"campfire_choices":[{"data":"Eruption","floor":7.0,"key":"SMITH"},{"data":"Vigilance","floor":10.0,"key":"SMITH"},{"data":"TalkToTheHand","floor":15.0,"key":"SMITH"},{"floor":23.0,"key":"RECALL"},{"floor":25.0,"key":"REST"},{"floor":29.0,"key":"REST"},{"data":"SandsOfTime","floor":32.0,"key":"SMITH"},{"data":"Devotion","floor":40,"key":"SMITH"},{"floor":44,"key":"REST"},{"floor":49,"key":"REST"}],"circlet_count":0,"master_deck":["Defend_P","Defend_P","Defend_P","Eruption+1","Vigilance+1","ThirdEye+1","BattleHymn","ClearTheMind","JustLucky","Crescendo","TalkToTheHand+1","WaveOfTheHand+1","ReachHeaven","TalkToTheHand","Halt+1","ConjureBlade+1","ClearTheMind+1","Indignation+1","FollowUp+1","Prostrate+1","JustLucky","PathToVictory+1","Protect+1","PathToVictory+1","SandsOfTime+1","ConjureBlade+1","EmptyBody+1","EmptyFist+1","Madness+1","Madness+1","Devotion+1","TalkToTheHand+1","Halt+1","Worship+1","JustLucky+1","Evaluate+1"],"relics":["PureWater","Yang","Toxic Egg 2","Kunai","Astrolabe","Mummified Hand","SlaversCollar","Boot"],"acts_visited":["Exordium","TheCity","TheBeyond"],"potions_floor_usage":[35,36,45,46],"damage_taken":[{"damage":0.0,"enemies":"2 Louse","floor":1.0,"turns":2.0},{"damage":0.0,"enemies":"Cultist","floor":3.0,"turns":3.0},{"damage":0.0,"enemies":"Small Slimes","floor":4.0,"turns":3.0},{"damage":0.0,"enemies":"Gremlin Gang","floor":5.0,"turns":6.0},{"damage":11.0,"enemies":"3 Sentries","floor":6.0,"turns":5.0},{"damage":3.0,"enemies":"3 Louse","floor":11.0,"turns":3.0},{"damage":0.0,"enemies":"Large Slime","floor":12.0,"turns":4.0},{"damage":0.0,"enemies":"Exordium Thugs","floor":13.0,"turns":3.0},{"damage":19.0,"enemies":"Slime Boss","floor":16.0,"turns":9.0},{"damage":0.0,"enemies":"2 Thieves","floor":18.0,"turns":3.0},{"damage":12.0,"enemies":"Spheric Guardian","floor":19.0,"turns":4.0},{"damage":12.0,"enemies":"Centurion and Healer","floor":24.0,"turns":6.0},{"damage":6.0,"enemies":"Sentry and Sphere","floor":27.0,"turns":6.0},{"damage":27.0,"enemies":"Snecko","floor":28.0,"turns":6.0},{"damage":0.0,"enemies":"Centurion and Healer","floor":30.0,"turns":7.0},{"damage":6.0,"enemies":"Shelled Parasite and Fungi","floor":31.0,"turns":5.0},{"damage":26.0,"enemies":"Collector","floor":33.0,"turns":8.0},{"damage":3,"enemies":"Orb Walker","floor":35,"turns":6},{"damage":0,"enemies":"3 Darklings","floor":36,"turns":3},{"damage":16,"enemies":"Spire Growth","floor":41,"turns":4},{"damage":3,"enemies":"Giant Head","floor":42,"turns":9},{"damage":0,"enemies":"Jaw Worm Horde","floor":45,"turns":6},{"damage":30,"enemies":"3 Darklings","floor":46,"turns":6},{"damage":16,"enemies":"Maw","floor":48,"turns":8},{"damage":77,"enemies":"Time Eater","floor":50,"turns":9}],"seed_played":"4218959703718463639","potions_obtained":[{"floor":1.0,"key":"BlessingOfTheForge"},{"floor":3.0,"key":"Block Potion"},{"floor":12.0,"key":"AttackPotion"},{"floor":13.0,"key":"SteroidPotion"},{"floor":16.0,"key":"SkillPotion"},{"floor":28.0,"key":"BlessingOfTheForge"},{"floor":35,"key":"FairyPotion"},{"floor":42,"key":"SkillPotion"},{"floor":45,"key":"BottledMiracle"}],"is_trial":false,"path_per_floor":["M","$","M","M","M","E","R","?","T","R","M","M","M","$","R","B",null,"M","M","?","$","?","R","M","R","T","M","M","R","M","M","R","B",null,"M","M","?","?","$","R","M","E","T","R","M","M","?","M","R","B"],"character_chosen":"WATCHER","items_purchased":["BattleHymn","Dexterity Potion","Halt+1","Protect+1","Energy Potion","Devotion","PowerPotion"],"campfire_rested":4,"item_purchase_floors":[2,2,14,21,21,39,39],"current_hp_per_floor":[79,79,79,79,79,68,68,68,68,68,65,65,65,65,65,46,79,79,67,67,67,67,67,55,78,78,72,45,68,68,62,62,36,79,76,76,76,66,66,66,50,47,47,70,70,40,40,24,47,0,0],"gold":32,"neow_bonus":"TEN_PERCENT_HP_BONUS","is_daily":false,"chose_seed":false,"campfire_upgraded":5,"win_rate":0.0,"timestamp":1611948373,"path_taken":["M","$","M","M","M","E","R","?","T","R","M","M","M","$","R","BOSS","M","M","?","$","?","R","?","R","T","M","M","R","M","?","R","BOSS","M","M","?","?","$","R","M","E","T","R","M","M","?","M","R","BOSS"],"items_purchased_type":["Card","Potion","Card","Card","Potion","Card","Potion"],"build_version":"2020-12-22","purchased_purges":0,"victory":false,"max_hp_per_floor":[79,79,79,79,79,79,79,79,79,79,79,79,79,79,79,79,79,79,79,79,79,79,79,79,79,79,79,79,79,79,79,79,79,79,79,79,79,79,79,79,79,79,79,79,79,79,79,79,79,79,79],"card_choices":[{"not_picked":["WaveOfTheHand","BowlingBash"],"picked":"ThirdEye","floor":1.0},{"not_picked":["BattleHymn","SashWhip"],"picked":"ClearTheMind","floor":3.0},{"not_picked":["SashWhip","ThirdEye"],"picked":"JustLucky","floor":4.0},{"not_picked":["FlyingSleeves","JustLucky"],"picked":"Crescendo","floor":5.0},{"not_picked":["Perseverance","FollowUp"],"picked":"TalkToTheHand","floor":6.0},{"not_picked":["CutThroughFate","BattleHymn"],"picked":"WaveOfTheHand+1","floor":11.0},{"not_picked":["WreathOfFlame+1","Indignation+1"],"picked":"ReachHeaven","floor":12.0},{"not_picked":["FearNoEvil","FlyingSleeves"],"picked":"TalkToTheHand","floor":13.0},{"not_picked":["Judgement+1","Blasphemy+1"],"picked":"ConjureBlade+1","floor":16.0},{"not_picked":["SignatureMove","Adaptation"],"picked":"Prostrate+1","floor":18.0},{"not_picked":["CarveReality","ClearTheMind+1"],"picked":"JustLucky","floor":19.0},{"not_picked":["JustLucky","CutThroughFate+1","ForeignInfluence+1"],"picked":"SKIP","floor":24.0},{"not_picked":["JustLucky+1","BowlingBash"],"picked":"PathToVictory+1","floor":27.0},{"not_picked":["CrushJoints","FollowUp","Halt+1"],"picked":"SKIP","floor":28.0},{"not_picked":["InnerPeace+1","Nirvana","Scrawl+1"],"picked":"SKIP","floor":30.0},{"not_picked":["Study+1","EmptyBody+1"],"picked":"SandsOfTime","floor":31.0},{"not_picked":["Omniscience+1","Vault+1"],"picked":"ConjureBlade+1","floor":33.0},{"not_picked":["Consecrate","Vengeance+1"],"picked":"EmptyBody+1","floor":35},{"not_picked":["Evaluate+1","Crescendo+1"],"picked":"EmptyFist+1","floor":36},{"not_picked":["Halt+1","SashWhip"],"picked":"TalkToTheHand+1","floor":41},{"not_picked":["ThirdEye+1","Alpha+1"],"picked":"Halt+1","floor":42},{"not_picked":["CrushJoints+1","FlyingSleeves+1"],"picked":"Worship+1","floor":45},{"not_picked":["Halt+1","Crescendo+1"],"picked":"JustLucky+1","floor":46},{"not_picked":["Vengeance+1","Crescendo+1"],"picked":"Evaluate+1","floor":48}],"player_experience":5501908,"relics_obtained":[{"floor":6.0,"key":"Yang"},{"floor":9.0,"key":"Kunai"},{"floor":26.0,"key":"Mummified Hand"},{"floor":42,"key":"Boot"}],"event_choices":[{"damage_healed":0.0,"max_hp_gain":0.0,"max_hp_loss":0.0,"gold_gain":0.0,"event_name":"WeMeetAgain","player_choice":"Paid Gold","floor":8.0,"gold_loss":56.0,"damage_taken":0.0,"relics_obtained":["Toxic Egg 2"]},{"damage_healed":0.0,"max_hp_gain":0.0,"max_hp_loss":0.0,"gold_gain":0.0,"event_name":"The Library","player_choice":"Read","floor":20.0,"gold_loss":0.0,"damage_taken":0.0,"cards_obtained":["PathToVictory"]},{"cards_removed":["Strike_P"],"damage_healed":0.0,"max_hp_gain":0.0,"max_hp_loss":0.0,"gold_gain":0.0,"event_name":"Bonfire Elementals","player_choice":"Offered Basic","floor":22.0,"gold_loss":0.0,"damage_taken":0.0},{"damage_healed":0,"gold_gain":0,"player_choice":"Ignored","damage_taken":0,"max_hp_gain":0,"max_hp_loss":0,"event_name":"Tomb of Lord Red Mask","floor":37,"gold_loss":0},{"damage_healed":0,"gold_gain":0,"player_choice":"Embrace Madness","damage_taken":10,"max_hp_gain":0,"max_hp_loss":0,"event_name":"Winding Halls","floor":38,"gold_loss":0,"cards_obtained":["Madness","Madness"]},{"cards_removed":["Defend_P"],"damage_healed":0,"gold_gain":0,"player_choice":"Upgrade and Remove","damage_taken":0,"max_hp_gain":0,"max_hp_loss":0,"event_name":"Designer","floor":47,"gold_loss":90,"cards_upgraded":["ThirdEye"]}],"is_beta":false,"boss_relics":[{"not_picked":["Black Star","Philosopher\u0027s Stone"],"picked":"Astrolabe"},{"not_picked":["Coffee Dripper","Snecko Eye"],"picked":"SlaversCollar"}],"items_purged_floors":[],"is_endless":false,"potions_floor_spawned":[1,3,12,13,16,24,28,31,35,42,45],"killed_by":"Time Eater","ascension_level":1}}