{"host":"3tyeyqdkopu0dn2g","time":1611918593,"event":{"mods":["AchievementEnabler","BaseMod","BetterRewards","Minty Spire (QoL Compilation)","Quick Restart","Shop Mod","Slay-I"],"gold_per_floor":[113,127,146,161,179,179,193,193,240,275,275,350,360,386,386,484,484,500,510,510,207,117,117,133,133,159,188,38,38,38,55,55,153,153,165,215,228,241,66,66,116,116,116,132,132,132,142,153,153,153],"floor_reached":51,"language":"ZHS","playtime":2346,"items_purged":["Strike_R","Strike_R","Strike_R","Strike_R","Parasite"],"score":794,"play_id":"e722fef3-76d3-4be4-93af-aae3b02b4930","local_time":"20210129190953","is_ascension_mode":false,"campfire_choices":[{"data":"Searing Blow","floor":6.0,"key":"SMITH"},{"data":"Searing Blow+1","floor":8.0,"key":"SMITH"},{"data":"Searing Blow+2","floor":11.0,"key":"SMITH"},{"data":"Searing Blow+3","floor":15.0,"key":"SMITH"},{"data":"Searing Blow+4","floor":23.0,"key":"SMITH"},{"data":"Searing Blow+5","floor":29.0,"key":"SMITH"},{"data":"Searing Blow+6","floor":32.0,"key":"SMITH"},{"data":"Searing Blow+7","floor":40.0,"key":"SMITH"},{"data":"Searing Blow+8","floor":42.0,"key":"SMITH"},{"data":"Searing Blow+9","floor":45.0,"key":"SMITH"},{"data":"Searing Blow+10","floor":49.0,"key":"SMITH"}],"circlet_count":0,"master_deck":["Defend_R","Bash","Inflame","Searing Blow+11","Battle Trance","Cleave","Seeing Red","Apotheosis+1","Offering","Fiend Fire+1","Perfected Strike+1","Sever Soul+1","True Grit+1","Power Through","Barricade"],"relics":["Burning Blood","PreservedInsect","Lantern","Red Skull","Philosopher\u0027s Stone","Strawberry","Question Card","Astrolabe","TungstenRod","Bird Faced Urn","HornCleat"],"acts_visited":["Exordium","TheCity","TheBeyond"],"potions_floor_usage":[50,50],"damage_taken":[{"damage":3.0,"enemies":"Cultist","floor":1.0,"turns":5.0},{"damage":1.0,"enemies":"Jaw Worm","floor":2.0,"turns":5.0},{"damage":2.0,"enemies":"Small Slimes","floor":3.0,"turns":5.0},{"damage":11.0,"enemies":"Blue Slaver","floor":4.0,"turns":4.0},{"damage":25.0,"enemies":"Exordium Thugs","floor":5.0,"turns":6.0},{"damage":8.0,"enemies":"Lots of Slimes","floor":7.0,"turns":4.0},{"damage":14.0,"enemies":"Gremlin Nob","floor":10.0,"turns":3.0},{"damage":6.0,"enemies":"Large Slime","floor":13.0,"turns":6.0},{"damage":19.0,"enemies":"Slime Boss","floor":16.0,"turns":6.0},{"damage":20.0,"enemies":"Shell Parasite","floor":18.0,"turns":4.0},{"damage":9.0,"enemies":"3 Byrds","floor":19.0,"turns":4.0},{"damage":0.0,"enemies":"Centurion and Healer","floor":24.0,"turns":3.0},{"damage":37.0,"enemies":"Slavers","floor":27.0,"turns":4.0},{"damage":6.0,"enemies":"Snecko","floor":31.0,"turns":1.0},{"damage":19.0,"enemies":"Champ","floor":33.0,"turns":4.0},{"damage":14.0,"enemies":"3 Darklings","floor":35.0,"turns":2.0},{"damage":6.0,"enemies":"Mind Bloom Boss Battle","floor":36.0,"turns":1.0},{"damage":13.0,"enemies":"3 Shapes","floor":37.0,"turns":3.0},{"damage":14.0,"enemies":"Writhing Mass","floor":38.0,"turns":3.0},{"damage":5.0,"enemies":"2 Orb Walkers","floor":41.0,"turns":2.0},{"damage":15.0,"enemies":"Transient","floor":44.0,"turns":5.0},{"damage":7.0,"enemies":"Spire Growth","floor":47.0,"turns":2.0},{"damage":6.0,"enemies":"3 Darklings","floor":48.0,"turns":2.0},{"damage":19,"enemies":"Donu and Deca","floor":50,"turns":7}],"seed_played":"3183109447741530190","potions_obtained":[{"floor":1.0,"key":"Block Potion"},{"floor":4.0,"key":"DuplicationPotion"},{"floor":7.0,"key":"LiquidMemories"},{"floor":10.0,"key":"ColorlessPotion"},{"floor":19.0,"key":"ElixirPotion"},{"floor":27.0,"key":"Regen Potion"},{"floor":33.0,"key":"Energy Potion"},{"floor":35.0,"key":"LiquidBronze"},{"floor":38.0,"key":"Explosive Potion"}],"is_trial":false,"path_per_floor":["M","M","M","M","M","R","M","R","T","E","R","?","M","T","R","B",null,"M","M","?","$","?","R","M","$","T","E","$","R","?","M","R","B",null,"M","?","M","M","$","R","?","R","T","M","R","?","M","M","R","B",null],"character_chosen":"IRONCLAD","items_purchased":["Inflame","Searing Blow","Battle Trance","Apotheosis"],"campfire_rested":0,"item_purchase_floors":[0,0,0,21],"current_hp_per_floor":[67,72,76,71,52,52,50,50,50,42,42,31,31,31,31,18,80,66,63,48,48,48,48,54,54,61,30,30,30,30,30,30,29,92,84,84,77,69,69,69,70,70,70,65,65,65,66,66,66,55],"gold":153,"neow_bonus":"","is_daily":false,"chose_seed":false,"campfire_upgraded":11,"win_rate":0.0,"timestamp":1611918593,"path_taken":["M","M","?","M","M","R","M","R","T","E","R","?","M","?","R","BOSS","M","M","?","$","?","R","?","?","T","E","$","R","?","M","R","BOSS","M","?","M","M","$","R","?","R","T","M","R","?","?","M","R","BOSS"],"items_purchased_type":["Card","Card","Card","Card"],"build_version":"2020-12-22","purchased_purges":5,"victory":true,"max_hp_per_floor":[80,80,80,80,80,80,80,80,80,80,80,80,80,80,80,80,80,80,80,85,85,85,85,85,85,92,92,92,92,92,92,92,92,92,92,92,92,92,89,89,89,89,89,89,89,89,89,89,89,89],"card_choices":[{"not_picked":["Anger","Ghostly Armor","Warcry"],"picked":"SKIP","floor":1.0},{"not_picked":["Pummel","Combust","Havoc"],"picked":"SKIP","floor":2.0},{"not_picked":["Perfected Strike","Entrench"],"picked":"Cleave","floor":3.0},{"not_picked":["Dropkick","Heavy Blade","Power Through"],"picked":"SKIP","floor":4.0},{"not_picked":["Perfected Strike","Pummel","Heavy Blade"],"picked":"SKIP","floor":5.0},{"not_picked":["Clothesline","Reckless Charge","Uppercut"],"picked":"SKIP","floor":7.0},{"not_picked":["Dual Wield","Iron Wave"],"picked":"Seeing Red","floor":10.0},{"not_picked":["Body Slam","Uppercut","Warcry"],"picked":"SKIP","floor":13.0},{"not_picked":["Clothesline+1","Warcry","Battle Trance"],"picked":"SKIP","floor":18.0},{"not_picked":["Headbutt","Cleave+1","Heavy Blade"],"picked":"SKIP","floor":19.0},{"not_picked":["Sentinel","Shrug It Off","Thunderclap"],"picked":"SKIP","floor":24.0},{"not_picked":["Searing Blow+1","Headbutt"],"picked":"Offering","floor":27.0},{"not_picked":["Shrug It Off","Seeing Red","Flex","Clash"],"picked":"SKIP","floor":31.0},{"not_picked":["Carnage+1","True Grit+1","Dark Embrace+1","Flame Barrier+1"],"picked":"SKIP","floor":35.0},{"not_picked":["Carnage+1","Dark Embrace+1","Flame Barrier+1"],"picked":"True Grit+1","floor":35.0},{"not_picked":["True Grit+1","Warcry","Thunderclap"],"picked":"Power Through","floor":37.0},{"not_picked":["Warcry+1","Flex","Seeing Red+1","Rage+1"],"picked":"SKIP","floor":38.0},{"not_picked":["Body Slam+1","Spot Weakness","Clash+1"],"picked":"Barricade","floor":41.0},{"not_picked":["Shrug It Off","Twin Strike","Havoc","Power Through"],"picked":"SKIP","floor":44.0},{"not_picked":["Thunderclap","Perfected Strike+1","Rupture+1","Headbutt+1"],"picked":"SKIP","floor":47.0},{"not_picked":["Disarm+1","Headbutt+1","Ghostly Armor+1","Armaments+1"],"picked":"SKIP","floor":48.0}],"player_experience":99045,"relics_obtained":[{"floor":9.0,"key":"PreservedInsect"},{"floor":10.0,"key":"Lantern"},{"floor":14.0,"key":"Red Skull"},{"floor":26.0,"key":"Strawberry"},{"floor":27.0,"key":"Question Card"},{"floor":36.0,"key":"TungstenRod"},{"floor":41.0,"key":"Bird Faced Urn"},{"floor":43.0,"key":"HornCleat"}],"event_choices":[{"damage_healed":0.0,"max_hp_gain":0.0,"max_hp_loss":0.0,"gold_gain":75.0,"event_name":"World of Goop","player_choice":"Gather Gold","floor":12.0,"gold_loss":0.0,"damage_taken":11.0},{"damage_healed":0.0,"max_hp_gain":5.0,"max_hp_loss":0.0,"gold_gain":0.0,"event_name":"Forgotten Altar","player_choice":"Shed Blood","floor":20.0,"gold_loss":0.0,"damage_taken":20.0},{"cards_removed":["Strike_R"],"damage_healed":0.0,"max_hp_gain":0.0,"max_hp_loss":0.0,"gold_gain":0.0,"event_name":"Designer","player_choice":"Upgrade and Remove","floor":22.0,"gold_loss":90.0,"damage_taken":0.0,"cards_upgraded":["Apotheosis"]},{"damage_healed":0.0,"max_hp_gain":0.0,"max_hp_loss":0.0,"gold_gain":0.0,"event_name":"Duplicator","player_choice":"Ignored","floor":30.0,"gold_loss":0.0,"damage_taken":0.0},{"damage_healed":0.0,"max_hp_gain":0.0,"max_hp_loss":0.0,"gold_gain":0.0,"event_name":"MindBloom","player_choice":"Fight","floor":36.0,"gold_loss":0.0,"damage_taken":0.0},{"damage_healed":0.0,"max_hp_gain":0.0,"max_hp_loss":0.0,"gold_gain":0.0,"event_name":"Mysterious Sphere","player_choice":"Fight","floor":41.0,"gold_loss":0.0,"damage_taken":0.0},{"damage_healed":0.0,"max_hp_gain":0.0,"max_hp_loss":0.0,"gold_gain":0.0,"event_name":"SecretPortal","player_choice":"Ignored","floor":46.0,"gold_loss":0.0,"damage_taken":0.0}],"is_beta":false,"boss_relics":[{"not_picked":["Runic Pyramid","Ectoplasm"],"picked":"Philosopher\u0027s Stone"},{"not_picked":["Runic Cube","Runic Dome"],"picked":"Astrolabe"}],"items_purged_floors":[0,0,21,28,39],"is_endless":false,"potions_floor_spawned":[1,4,7,10,19,27,33,35,38,41],"ascension_level":0}}