{"host":"awsx6hu75lh7tsqd","time":1611884341,"event":{"mods":["AchievementEnabler","BaseMod","BetterRewards","Colored Map","Evolution","Minty Spire (QoL Compilation)","Shop Mod","StSLib"],"gold_per_floor":[114,124,142,67,242,242,192,219,219,219,234,234,36,51,51,153,153,172,192,209,223,24,24,24,59,59,69,69,69],"floor_reached":28,"language":"ENG","playtime":1246,"items_purged":["Defend_B","Defend_B","Defend_B"],"score":305,"play_id":"e2b471d7-148d-464f-aa72-998846a42837","local_time":"20210128183901","is_ascension_mode":true,"campfire_choices":[{"data":"Zap","floor":6,"key":"SMITH"},{"data":"White Noise","floor":10,"key":"SMITH"},{"floor":15,"key":"REST"}],"circlet_count":0,"master_deck":["Rebound+1","Rebound","Strike_B","Strike_B","Zap+1","Dualcast+1","Glacier","Hologram","Doubt","White Noise+1","Blizzard","Cold Snap","Hologram+1","Fission+1","Redo+1","Redo+1","Chaos+1","Capacitor","Decay","Clumsy"],"relics":["Cracked Core","EVO:Axolotl","NeowsBlessing","Du-Vu Doll","Toxic Egg 2","Cursed Key","Happy Flower","Cables"],"acts_visited":["Exordium","TheCity"],"potions_floor_usage":[],"damage_taken":[{"damage":0,"enemies":"2 Louse","floor":1,"turns":1},{"damage":0,"enemies":"Jaw Worm","floor":2,"turns":1},{"damage":0,"enemies":"Small Slimes","floor":3,"turns":1},{"damage":55,"enemies":"Gremlin Nob","floor":8,"turns":7},{"damage":1,"enemies":"Blue Slaver","floor":11,"turns":3},{"damage":0,"enemies":"Looter","floor":14,"turns":3},{"damage":0,"enemies":"Slime Boss","floor":16,"turns":6},{"damage":8,"enemies":"3 Byrds","floor":18,"turns":5},{"damage":1,"enemies":"Shell Parasite","floor":19,"turns":4},{"damage":7,"enemies":"Shelled Parasite and Fungi","floor":20,"turns":4},{"damage":3,"enemies":"Snecko","floor":21,"turns":3},{"damage":39,"enemies":"Book of Stabbing","floor":25,"turns":4},{"damage":12,"enemies":"Snake Plant","floor":27,"turns":3},{"damage":17,"enemies":"Slavers","floor":28,"turns":1}],"seed_played":"1232120659833558318","potions_obtained":[{"floor":1,"key":"Ancient Potion"},{"floor":3,"key":"Block Potion"},{"floor":8,"key":"Strength Potion"},{"floor":11,"key":"PotionOfCapacity"}],"is_trial":false,"path_per_floor":["M","M","M","$","?","R","?","E","T","R","M","?","$","M","R","B",null,"M","M","M","M","$","?","?","E","T","M","E"],"character_chosen":"DEFECT","items_purchased":["Cold Snap","Hologram+1","Capacitor"],"campfire_rested":1,"item_purchase_floors":[13,13,22],"current_hp_per_floor":[75,75,75,75,75,75,75,20,20,20,19,4,4,4,26,26,75,67,66,59,56,56,56,56,17,17,5,0,0],"gold":69,"neow_bonus":"THREE_ENEMY_KILL","is_daily":false,"chose_seed":false,"campfire_upgraded":2,"win_rate":0.0,"timestamp":1611884341,"path_taken":["M","M","M","$","?","R","?","E","T","R","M","?","?","M","R","BOSS","M","M","M","M","$","?","?","E","T","M","E"],"items_purchased_type":["Card","Card","Card"],"build_version":"2020-12-22","purchased_purges":3,"victory":false,"max_hp_per_floor":[75,75,75,75,75,75,75,75,75,75,75,75,75,75,75,75,75,75,75,75,75,75,75,75,75,75,75,75,75],"card_choices":[{"not_picked":["Heatsinks","Fusion"],"picked":"Glacier","floor":1},{"not_picked":["Rebound","Self Repair","Go for the Eyes"],"picked":"SKIP","floor":2},{"not_picked":["BootSequence","Lockon"],"picked":"Hologram","floor":3},{"not_picked":["Recycle","Self Repair"],"picked":"White Noise","floor":8},{"not_picked":["Cold Snap","Beam Cell"],"picked":"Blizzard","floor":11},{"not_picked":["Melter","Turbo+1","Ball Lightning"],"picked":"SKIP","floor":14},{"not_picked":["Meteor Strike","Biased Cognition"],"picked":"Fission+1","floor":16},{"not_picked":["FTL+1","Loop"],"picked":"Redo+1","floor":18},{"not_picked":["Coolheaded+1","Hello World"],"picked":"Redo+1","floor":19},{"not_picked":["Tempest+1","Darkness+1"],"picked":"Chaos+1","floor":20},{"not_picked":["Stack+1","Reprogram+1","Rip and Tear"],"picked":"SKIP","floor":21},{"not_picked":["Lockon","Hologram+1","Undo+1"],"picked":"SKIP","floor":25},{"not_picked":["Stack+1","Steam+1","Beam Cell"],"picked":"SKIP","floor":27}],"player_experience":108017,"relics_obtained":[{"floor":8,"key":"Du-Vu Doll"},{"floor":9,"key":"Toxic Egg 2"},{"floor":25,"key":"Happy Flower"},{"floor":26,"key":"Cables"}],"event_choices":[{"damage_healed":0,"gold_gain":175,"player_choice":"AGREE","damage_taken":0,"max_hp_gain":0,"max_hp_loss":0,"event_name":"Liars Game","floor":5,"gold_loss":0,"cards_obtained":["Doubt"]},{"cards_removed":["Defend_B"],"damage_healed":0,"gold_gain":0,"player_choice":"Card Removal","damage_taken":0,"max_hp_gain":0,"max_hp_loss":0,"event_name":"The Cleric","floor":7,"gold_loss":50},{"damage_healed":0,"gold_gain":0,"player_choice":"Entered Light","damage_taken":15,"max_hp_gain":0,"max_hp_loss":0,"event_name":"Shining Light","floor":12,"gold_loss":0,"cards_upgraded":["Dualcast","Rebound"]},{"damage_healed":0,"gold_gain":0,"player_choice":"Ignored","damage_taken":0,"max_hp_gain":0,"max_hp_loss":0,"event_name":"Ghosts","floor":23,"gold_loss":0},{"damage_healed":0,"gold_gain":0,"player_choice":"Smashed Altar","damage_taken":0,"max_hp_gain":0,"max_hp_loss":0,"event_name":"Forgotten Altar","floor":24,"gold_loss":0,"cards_obtained":["Decay"]}],"is_beta":false,"boss_relics":[{"not_picked":["Ectoplasm","Empty Cage"],"picked":"Cursed Key"}],"items_purged_floors":[4,13,22],"is_endless":false,"potions_floor_spawned":[1,3,8,11,18,19,20,27],"killed_by":"Slavers","ascension_level":1}}