{"host":"0fro2zsghd18gsf6","time":1611944905,"event":{"mods":["Act Like it!","Arknights The Spire","BaseMod","Better Third Choice","CapriCore","Gensokyo","Minty Spire (QoL Compilation)","StSLib"],"gold_per_floor":[212,92,107,118,129,141,141,170,220,220,220],"floor_reached":10,"language":"ZHS","playtime":371,"items_purged":["ats:Strike C"],"score":70,"play_id":"3f8113a3-efa5-4df2-a4f7-d2be02c1cf7d","local_time":"20210130022825","is_ascension_mode":false,"campfire_choices":[{"floor":7,"key":"REST"}],"circlet_count":0,"master_deck":["ats:Strike G","ats:Strike S","ats:Strike V","ats:Armor Crushing Shot","ats:Defend","ats:Defend","ats:Defend","ats:Defend","ats:Emotion Absorption","ats:Poison Spread","ats:Consecutive Shot Auto","ats:Neurotoxin","ats:Closed Bolt Burst Fire","ats:Roar Of Ursus","ats:Curse Doll","ats:Hammer On"],"relics":["ats:Sanity","ats:Originium","Blue Candle","Bronze Scales"],"acts_visited":["Exordium"],"potions_floor_usage":[],"damage_taken":[{"damage":1,"enemies":"Cultist","floor":1,"turns":4},{"damage":6,"enemies":"Jaw Worm","floor":3,"turns":3},{"damage":6,"enemies":"2 Louse","floor":4,"turns":3},{"damage":10,"enemies":"Looter","floor":5,"turns":2},{"damage":28,"enemies":"Large Slime","floor":6,"turns":5},{"damage":26,"enemies":"Lagavulin","floor":8,"turns":5},{"damage":12,"enemies":"Gremlin Nob","floor":10,"turns":3}],"seed_played":"-7711856551254464282","potions_obtained":[{"floor":6,"key":"SpeedPotion"}],"is_trial":false,"path_per_floor":["M","$","M","M","M","M","R","E","T","E"],"character_chosen":"DOCTOR_CLASS","items_purchased":["ats:Consecutive Shot Auto"],"campfire_rested":1,"item_purchase_floors":[2],"current_hp_per_floor":[71,71,65,59,49,21,42,16,16,4,4],"gold":220,"neow_bonus":"HUNDRED_GOLD","is_daily":false,"chose_seed":false,"campfire_upgraded":0,"win_rate":0.0,"timestamp":1611944905,"path_taken":["M","$","M","?","M","M","R","E","T","E"],"items_purchased_type":["Card"],"build_version":"2020-12-22","purchased_purges":1,"victory":false,"max_hp_per_floor":[72,72,72,72,72,72,72,72,72,72,72],"card_choices":[{"not_picked":["ats:Absolute Focus","ats:Blood Oath"],"picked":"ats:Poison Spread","floor":1},{"not_picked":["ats:Poison Spread","ats:Absolute Focus"],"picked":"ats:Neurotoxin","floor":3},{"not_picked":["ats:Sashimi Platter","ats:Directed Diagnosis"],"picked":"ats:Closed Bolt Burst Fire","floor":4},{"not_picked":["ats:Absolute Focus","ats:Cat Scratch"],"picked":"ats:Roar Of Ursus","floor":5},{"not_picked":["ats:Cat Scratch","ats:Very Hot Blade"],"picked":"ats:Curse Doll","floor":6},{"not_picked":["ats:Blood Oath","ats:Literary Storm"],"picked":"ats:Hammer On","floor":8}],"player_experience":197414,"relics_obtained":[{"floor":8,"key":"ats:Originium"},{"floor":8,"key":"Blue Candle"},{"floor":9,"key":"Bronze Scales"}],"event_choices":[],"is_beta":false,"boss_relics":[],"items_purged_floors":[2],"is_endless":false,"potions_floor_spawned":[6],"killed_by":"Gremlin Nob","ascension_level":0}}