{"host":"w7dhjqgqsib0c3vt","time":1611925071,"event":{"mods":["ATMod(°¢èªMod)","BaseMod","Dota2Spire","Downfall","Minty Spire (QoL Compilation)","Shop Mod","Spicy Shops","StSLib"],"gold_per_floor":[99,99,155,155,155,55,102,277,277,727,727,761,773,788,802,802,802,802],"floor_reached":16,"language":"ZHS","playtime":394,"items_purged":[],"score":96,"play_id":"4b3f0cc2-d9e2-4b9b-85d3-05a0ff981474","local_time":"20210129205751","is_ascension_mode":false,"campfire_choices":[{"floor":1,"key":"RECALL"},{"data":"champ:Haymaker","floor":6,"key":"SMITH"},{"data":"AT_FamilyPortrait","floor":9,"key":"SMITH"},{"data":"champ:Taunt","floor":11,"key":"SMITH"}],"circlet_count":0,"master_deck":["champ:Strike","champ:Strike","champ:Strike","champ:Strike","champ:Defend","champ:Defend","champ:Defend","champ:Defend","champ:Execute","champ:Taunt+1","AT_FamilyPortrait+1","champ:BerserkersShout","champ:Haymaker+1","champ:Backstep","Doubt","downfall:Icky","downfall:Icky","downfall:Icky","champ:IgnorePain","champ:RecklessLeap","champ:CrownThrow","champ:FanOfKnives"],"relics":["champ:ChampionCrown","AT_ATBox","downfall:HeartsMalice","Art of War","downfall:HeartBlessingRed","Potion Belt","Dota2Spire:UrnOfShadows"],"acts_visited":["Exordium"],"potions_floor_usage":[13,13,15,16],"damage_taken":[{"damage":0,"enemies":"Jaw Worm","floor":2,"turns":1},{"damage":0,"enemies":"3 Sentries","floor":3,"turns":1},{"damage":0,"enemies":"Small Slimes","floor":5,"turns":1},{"damage":45,"enemies":"Lagavulin","floor":12,"turns":7},{"damage":6,"enemies":"Cultist","floor":13,"turns":3},{"damage":6,"enemies":"2 Fungi Beasts","floor":14,"turns":4},{"damage":23,"enemies":"3 Louse","floor":15,"turns":4},{"damage":62,"enemies":"DF_ARCHETYPE_STREAMLINE","floor":16,"turns":6}],"seed_played":"-1411695456882098419","potions_obtained":[{"floor":3,"key":"Energy Potion"},{"floor":12,"key":"Swift Potion"},{"floor":13,"key":"Block Potion"},{"floor":15,"key":"EssenceOfSteel"}],"is_trial":false,"path_per_floor":["R","M","?","?","M","R","T","?","R","?","R","E","M","M","M","B"],"character_chosen":"THE_CHAMP","items_purchased":[],"campfire_rested":0,"item_purchase_floors":[],"current_hp_per_floor":[90,90,90,90,90,90,90,90,90,90,90,45,44,38,36,0,0,0],"gold":802,"neow_bonus":"THREE_ENEMY_KILL","is_daily":false,"chose_seed":false,"campfire_upgraded":3,"win_rate":0.0,"timestamp":1611925071,"path_taken":["R","M","?","?","?","R","T","?","R","?","R","E","M","M","M","BOSS"],"items_purchased_type":[],"build_version":"2020-12-22","purchased_purges":0,"victory":false,"max_hp_per_floor":[90,90,90,90,90,90,90,90,90,90,90,90,90,90,90,90,90,90],"card_choices":[{"not_picked":["champ:FlashCut","champ:ShieldSlam"],"picked":"champ:BerserkersShout","floor":2},{"not_picked":["champ:BringItOn","champ:CalledShot"],"picked":"champ:Haymaker","floor":3},{"not_picked":["champ:RapidStrikes","champ:DefensiveShout"],"picked":"champ:Backstep","floor":5},{"not_picked":["champ:PreemptiveStrike","champ:DefensiveShout"],"picked":"champ:IgnorePain","floor":12},{"not_picked":["champ:EnGarde","champ:Shatter"],"picked":"champ:RecklessLeap","floor":13},{"not_picked":["champ:AdrenalArmor","champ:IronFortress"],"picked":"champ:CrownThrow","floor":14},{"not_picked":["champ:FlashCut","champ:BringItOn"],"picked":"champ:FanOfKnives","floor":15}],"player_experience":647810,"relics_obtained":[{"floor":3,"key":"Art of War"},{"floor":7,"key":"Potion Belt"},{"floor":12,"key":"Dota2Spire:UrnOfShadows"}],"event_choices":[{"damage_healed":0,"gold_gain":0,"player_choice":"Ignored","damage_taken":0,"max_hp_gain":0,"max_hp_loss":0,"event_name":"NoteForYourself","floor":4,"gold_loss":0}],"is_beta":false,"boss_relics":[],"items_purged_floors":[],"is_endless":false,"potions_floor_spawned":[3,12,13,15],"killed_by":"DF_ARCHETYPE_STREAMLINE","ascension_level":0}}