{"host":"niv6bi8ufjzyofbf","time":1611929131,"event":{"mods":["ATMod(∞¢Ë™Mod)","Act Like it!","BaseMod","Colored Powertips","Conspire","Gensokyo","Hermit","Mad Scientist","Marisa£®ÏF”Í°°ƒß¿Ì…≥£©","Minty Spire (QoL Compilation)","Quick Restart","Rare Cards Sparkle","Reimu£®≤©¿ˆ¡È√Œ£©","Relic Filter Mod","Reliquary","Replay The Spire","Shop Mod","Spicy Shops","StSLib","SuperFastMode","The Cursed","The Servant 0.9.4","Youmu£®ªÍ∆«—˝√Œ£©","°æ“≈ŒÔø®≈∆°øREMEMod","≤–¡Ù÷ÆŒÔ"],"gold_per_floor":[23333,23343,23343,23343,21738,21738,21738,21738,21789,21799,21815,20431,20450,20480,20480,20554,20554,20570,20589,20589,19442,19461,19461,19351,19351,19376,19376,19408,19419,19437,18065,18065,18143,18143,18163,16717,16727,16727,16806,16838,15213,15238,15238,14605,14621,14637,14637,14688,14688,14688,14688],"floor_reached":52,"language":"ZHS","playtime":1932,"items_purged":["Defend_G","Defend_G","Defend_G+1","Strike_G","Strike_G","Strike_G","Strike_G+1"],"score":2971,"play_id":"10bffff7-0076-4fe4-bd58-abddf18f74b7","local_time":"20210129220531","is_ascension_mode":true,"campfire_choices":[{"data":"Apotheosis","floor":6,"key":"SMITH"},{"data":"conspire:DoublingDagger","floor":8,"key":"SMITH"},{"data":"AT_EmpoweredMortalDraw","floor":15,"key":"SMITH"},{"data":"Catalyst","floor":23,"key":"SMITH"},{"data":"Burst","floor":25,"key":"SMITH"},{"data":"Draining Mist","floor":27,"key":"SMITH"},{"data":"Violence","floor":32,"key":"SMITH"},{"data":"AT_EmpoweredMortalDraw","floor":49,"key":"SMITH"}],"circlet_count":0,"master_deck":["AscendersBane","Survivor+1","Neutralize","Bane","Apotheosis+1","Caltrops+1","Draining Mist+1","conspire:DoublingDagger+1","conspire:DoublingDagger","ReplayTheSpireMod:Scrap Shanks+1","AT_EmpoweredMortalDraw+1","Skewer+1","Reflex+1","Finisher","Burst+1","Infinite Blades+1","Catalyst+1","Adrenaline","Violence+1","Poison Darts+1","AT_EmpoweredMortalDraw+1","AT_Desolate","REME_ShadowStrike+1","REME_ShortnessOfBreath+1","Concentrate+1","Well Laid Plans+1","Choke+1","REME_ShadowStrike+1","Wraith"],"relics":["Ring of the Snake","REME_ComplimentaryCards","Torii","BargainBundle","Gremlin Food","Gambling Chip","DollysMirror","reliquary:Aerogel","Blue Doll","MerchantsRug","Bag of Marbles","reliquary:TatteredRug","reliquary:RadioactivePellet","TentaclePot:ReiMu","Bronze Scales","Turnip","Happy Flower","REME_LowDesire","Simple Rune","Potion Belt","Nloth\u0027s Gift","PreservedInsect","TwistedFunnel","Mastiff:ReiMu","OrangePellets","reliquary:Stiletto","ReplayTheSpireMod:Lightbulb","Omamori","HandDrill","reliquary:RoseTintedGlasses","PlaceholderMod:SoulofChaos","AT_BellDemon","Question Card","PlaceholderMod:FlatBlood","Toxic Egg 2","AT_MortalBlade","Pocketwatch","reliquary:TridentHead","Calipers","Frozen Eye","Regal Pillow","Molten Egg 2","War Paint","REME_HandOfSuture","Replay:Accelerometer","Lee\u0027s Waffle","Ginger","Garlic","REME_PoisonedDagger","Dream Catcher","Juzu Bracelet","conspire:BottledYoYo","Membership Card","reliquary:Bookmark","reliquary:Buckler","Replay:Baseball","AT_BellowingDragoncrestRing","conspire:TopHat","AT_RedTearstoneRing","Replay:Multitool","Oddly Smooth Stone"],"acts_visited":["Exordium","TheCity","TheBeyond"],"potions_floor_usage":[5,5,51],"damage_taken":[{"damage":29,"enemies":"Jaw Worm","floor":1,"turns":4},{"damage":3,"enemies":"conspire:RoseBush","floor":2,"turns":3},{"damage":0,"enemies":"Cultist","floor":10,"turns":1},{"damage":0,"enemies":"Looter","floor":11,"turns":1},{"damage":0,"enemies":"Exordium Thugs","floor":13,"turns":2},{"damage":0,"enemies":"Lagavulin","floor":14,"turns":1},{"damage":1,"enemies":"Fading Forest","floor":16,"turns":13},{"damage":0,"enemies":"2 Thieves","floor":18,"turns":1},{"damage":0,"enemies":"Chosen","floor":19,"turns":1},{"damage":14,"enemies":"conspire:HollyBat","floor":22,"turns":5},{"damage":0,"enemies":"Slavers","floor":28,"turns":1},{"damage":1,"enemies":"Centurion and Healer","floor":29,"turns":2},{"damage":0,"enemies":"Snake Plant","floor":30,"turns":1},{"damage":0,"enemies":"Collector","floor":33,"turns":1},{"damage":0,"enemies":"3 Darklings","floor":35,"turns":1},{"damage":0,"enemies":"Orb Walker","floor":37,"turns":1},{"damage":0,"enemies":"R_Hoarder","floor":40,"turns":2},{"damage":0,"enemies":"Sphere and 2 Shapes","floor":45,"turns":1},{"damage":0,"enemies":"Maw","floor":46,"turns":1},{"damage":0,"enemies":"2 Orb Walkers","floor":48,"turns":1},{"damage":0,"enemies":"Donu and Deca","floor":50,"turns":1},{"damage":0,"enemies":"Awakened One","floor":51,"turns":2}],"seed_played":"-4328957707111170085","potions_obtained":[{"floor":19,"key":"BlessingOfTheForge"}],"is_trial":false,"path_per_floor":["M","M","?","?","$","R","?","R","T","M","M","$","M","E","R","B",null,"M","M","?","$","M","R","?","R","T","R","E","M","M","$","R","B",null,"M","$","M","?","?","E","$","T","T","$","M","M","?","?","R","B","B",null],"character_chosen":"THE_SILENT","items_purchased":["BargainBundle","Gremlin Food","Gambling Chip","Apotheosis","Caltrops","Draining Mist","conspire:DoublingDagger","DollysMirror","reliquary:Aerogel","Blue Doll","SkillPotion","REME_GoldPotion","SteroidPotion","MerchantsRug","reliquary:TatteredRug","reliquary:RadioactivePellet","TentaclePot:ReiMu","Bronze Scales","Turnip","AT_EmpoweredMortalDraw","Skewer+1","PreservedInsect","TwistedFunnel","Mastiff:ReiMu","OrangePellets","reliquary:Stiletto","Infinite Blades+1","Catalyst","Swift Potion","HandDrill","reliquary:RoseTintedGlasses","PlaceholderMod:SoulofChaos","AT_BellDemon","Question Card","PlaceholderMod:FlatBlood","Violence","reliquary:TridentHead","Calipers","Frozen Eye","Regal Pillow","Molten Egg 2","AT_Desolate","Lee\u0027s Waffle","Ginger","Garlic","REME_PoisonedDagger","Dream Catcher","Membership Card","reliquary:Bookmark","reliquary:Buckler","Replay:Baseball","AT_BellowingDragoncrestRing","conspire:TopHat"],"campfire_rested":0,"item_purchase_floors":[5,5,5,5,5,5,5,5,5,5,5,5,5,5,12,12,12,12,12,12,12,21,21,21,21,21,21,21,21,31,31,31,31,31,31,31,36,36,36,36,36,36,41,41,41,41,41,44,44,44,44,44,44],"current_hp_per_floor":[30,27,20,20,20,20,20,20,20,20,20,20,20,20,20,27,52,52,52,52,52,38,38,38,38,38,38,38,37,37,37,37,37,54,54,54,54,57,60,60,76,79,79,79,79,79,82,85,85,85,85],"gold":14688,"neow_bonus":"ONE_RARE_RELIC","is_daily":false,"chose_seed":false,"campfire_upgraded":8,"win_rate":0.0,"timestamp":1611929131,"path_taken":["M","M","?","?","$","R","?","R","T","?","M","$","M","E","R","BOSS","M","M","?","$","?","R","?","R","T","R","E","?","M","$","R","BOSS","M","$","M","?","?","E","?","?","T","$","M","M","?","?","R","BOSS","BOSS"],"items_purchased_type":["Relic","Relic","Relic","Card","Card","Card","Card","Relic","Relic","Relic","Potion","Potion","Potion","Relic","Relic","Relic","Relic","Relic","Relic","Card","Card","Relic","Relic","Relic","Relic","Relic","Card","Card","Potion","Relic","Relic","Relic","Relic","Relic","Relic","Card","Relic","Relic","Relic","Relic","Relic","Card","Relic","Relic","Relic","Relic","Relic","Relic","Relic","Relic","Relic","Relic","Relic"],"build_version":"2020-12-22","purchased_purges":7,"victory":true,"max_hp_per_floor":[60,60,60,60,60,60,60,60,60,60,60,60,60,60,60,60,60,60,60,60,60,60,60,60,60,60,60,60,60,60,60,60,60,60,60,60,60,63,66,66,76,79,79,79,79,79,82,85,85,85,85],"card_choices":[{"not_picked":["Dodge and Roll","Setup"],"picked":"Bane","floor":1},{"not_picked":["Dash","Dagger Spray","Predator"],"picked":"SKIP","floor":2},{"not_picked":["Underhanded Strike","Backflip","Cloak And Dagger"],"picked":"SKIP","floor":10},{"not_picked":["Deflect","Underhanded Strike"],"picked":"ReplayTheSpireMod:Scrap Shanks","floor":11},{"not_picked":["AT_ShadowStep","Hidden Blade"],"picked":"Reflex","floor":13},{"not_picked":["Deflect","ReplayTheSpireMod:Scrap Shanks","Grand Finale"],"picked":"SKIP","floor":14},{"not_picked":["Backflip","Replay:Poison Smokescreen","REME_BuildACard"],"picked":"Finisher","floor":18},{"not_picked":["Deadly Poison","Replay:Poison Smokescreen+1","Masterful Stab","AT_Homeward+1"],"picked":"SKIP","floor":19},{"not_picked":["Distraction","Footwork","Blade Dance","REME_Flogging"],"picked":"SKIP","floor":22},{"not_picked":["Bullet Time","Cloak And Dagger","ReplayTheSpireMod:Brewmster"],"picked":"Adrenaline","floor":28},{"not_picked":["Deflect","Flechettes","Underhanded Strike","AT_TearsDenial"],"picked":"SKIP","floor":29},{"not_picked":["Slice+1","Dodge and Roll+1","Dagger Throw","REME_ProfessionalPlagiarism"],"picked":"SKIP","floor":30},{"not_picked":["Glass Knife","Corpse Explosion+1","Burst+1","Deep Breath+1"],"picked":"Poison Darts+1","floor":33},{"not_picked":["Dagger Spray+1","Sucker Punch","Quick Slash","Blade Dance+1","Deep Breath+1"],"picked":"SKIP","floor":35},{"not_picked":["PiercingWail+1","Dagger Spray+1","Flying Knee+1","Mind Blast+1"],"picked":"REME_ShadowStrike+1","floor":37},{"not_picked":["Noxious Fumes","Underhanded Strike+1","REME_CopyPotion+1","Dagger Spray+1"],"picked":"REME_ShortnessOfBreath+1","floor":39},{"not_picked":["Cloak And Dagger+1","Distraction+1","Bane+1","Blind+1"],"picked":"Concentrate+1","floor":39},{"not_picked":["AT_WindFlip+1","Bane+1","Dagger Spray+1","Madness+1"],"picked":"Well Laid Plans","floor":39},{"not_picked":["AT_ShadowStep+1","Dodge and Roll+1","Envenom","AT_TearsDenial+1"],"picked":"Choke+1","floor":40},{"not_picked":["Poisoned Stab+1","AT_WindRun+1","Cloak And Dagger+1","AT_FamilyPortrait+1"],"picked":"REME_ShadowStrike+1","floor":45},{"not_picked":["Riddle With Holes+1","Caltrops","Backstab+1","Poisoned Stab+1","Bandage Up+1"],"picked":"SKIP","floor":46}],"player_experience":595389,"relics_obtained":[{"floor":9,"key":"Bag of Marbles"},{"floor":14,"key":"Happy Flower"},{"floor":17,"key":"Simple Rune"},{"floor":17,"key":"Potion Belt"},{"floor":26,"key":"ReplayTheSpireMod:Lightbulb"},{"floor":28,"key":"Omamori"},{"floor":33,"key":"Toxic Egg 2"},{"floor":35,"key":"Pocketwatch"},{"floor":37,"key":"War Paint"},{"floor":40,"key":"REME_HandOfSuture"},{"floor":40,"key":"Replay:Accelerometer"},{"floor":42,"key":"Juzu Bracelet"},{"floor":43,"key":"conspire:BottledYoYo"},{"floor":45,"key":"AT_RedTearstoneRing"},{"floor":48,"key":"Replay:Multitool"},{"floor":48,"key":"Oddly Smooth Stone"}],"event_choices":[{"cards_removed":["Defend_G"],"damage_healed":0,"gold_gain":0,"player_choice":"Card Removal","damage_taken":7,"max_hp_gain":0,"max_hp_loss":0,"event_name":"Golden Wing","floor":3,"gold_loss":0},{"damage_healed":0,"gold_gain":0,"player_choice":"Ignored","damage_taken":0,"max_hp_gain":0,"max_hp_loss":0,"event_name":"Liars Game","floor":4,"gold_loss":0},{"cards_removed":["Defend_G"],"damage_healed":0,"gold_gain":0,"player_choice":"Offered Basic","damage_taken":0,"max_hp_gain":0,"max_hp_loss":0,"event_name":"Bonfire Elementals","floor":7,"gold_loss":0},{"damage_healed":0,"gold_gain":0,"player_choice":"Traded Relic","damage_taken":0,"relics_obtained":["Nloth\u0027s Gift"],"max_hp_gain":0,"max_hp_loss":0,"event_name":"N\u0027loth","floor":20,"relics_lost":["AT_ATBox"],"gold_loss":0},{"cards_removed":["Strike_G"],"damage_healed":0,"gold_gain":0,"player_choice":"Upgrade and Remove","damage_taken":0,"max_hp_gain":0,"max_hp_loss":0,"event_name":"Designer","floor":24,"gold_loss":110,"cards_upgraded":["ReplayTheSpireMod:Scrap Shanks"]},{"damage_healed":0,"gold_gain":0,"player_choice":"Ignored","damage_taken":0,"max_hp_gain":0,"max_hp_loss":0,"event_name":"OrinTheCat","floor":47,"gold_loss":0},{"damage_healed":0,"gold_gain":0,"player_choice":"Fight","damage_taken":0,"max_hp_gain":0,"max_hp_loss":0,"event_name":"Mysterious Sphere","floor":48,"gold_loss":0}],"is_beta":false,"boss_relics":[{"not_picked":["ChewingGum","Replay:Grab Bag"],"picked":"REME_LowDesire"},{"not_picked":["HoveringKite","Fusion Hammer"],"picked":"AT_MortalBlade"}],"items_purged_floors":[5,12,21,31,36,41,41],"is_endless":false,"potions_floor_spawned":[10,11,13,19,28,30,33,35,40,46,48],"ascension_level":20}}