{"host":"yqkaigvm5ejtkgd3","time":1611959458,"event":{"mods":["AlwaysNeverKeys","Aspiration","BaseMod","BetterRewards","Colored Powertips","Conspire","Custom Start","Defuse TimeMaze Blight","Energized Spire","GifTheSpireLib","Minty Spire (QoL Compilation)","Permanent Neow","Reliquary","Replay The Spire","Reworked Bosses","SacredBarkPlus","Shop Mod","StSLib","The Forsaken","The IronCluck","Transform Curses"],"gold_per_floor":[118,393,408,420,420,450,473,493,547,302,336,356,368,396,396,497,497,514,298,309,309,165,190,190,190,190],"floor_reached":25,"language":"ENG","playtime":1759,"items_purged":["Regret"],"score":255,"play_id":"28a4c865-6e28-48bc-b773-1979128318a6","local_time":"20210129233058","is_ascension_mode":true,"campfire_choices":[{"data":"Armaments","floor":24,"key":"SMITH"}],"circlet_count":0,"master_deck":["Strike_R","Strike_R","Strike_R","Strike_R","Strike_R","Defend_R+1","Defend_R","Defend_R+1","Defend_R","Bash","Rampage","Dropkick","Clothesline+1","Sword Boomerang","Replay:Undeath\u0027s Touch","Replay:Undeath\u0027s Touch","Headbutt","Pommel Strike","Sword Boomerang","Double Tap","Thunderclap","Armaments+1","Heavy Blade","Seeing Red+1","Spot Weakness+1"],"relics":["Burning Blood","Replay:Bottled Snecko","Anchor","MawBank","Gremlin Food","reliquary:Knoch","Mummified Hand","conspire:SpecialSausage","aspiration:Lifesprig","MealTicket","Strawberry"],"acts_visited":["Exordium","TheCity"],"potions_floor_usage":[16,16,20,21,23],"damage_taken":[{"damage":3.0,"enemies":"Small Slimes","floor":1.0,"turns":3.0},{"damage":3.0,"enemies":"Cultist","floor":3.0,"turns":3.0},{"damage":9.0,"enemies":"Jaw Worm","floor":4.0,"turns":4.0},{"damage":27.0,"enemies":"3 Sentries","floor":6.0,"turns":10.0},{"damage":3.0,"enemies":"Blue Slaver","floor":8.0,"turns":3.0},{"damage":14.0,"enemies":"Gremlin Nob","floor":11.0,"turns":3.0},{"damage":0.0,"enemies":"Exordium Thugs","floor":12.0,"turns":4.0},{"damage":10.0,"enemies":"Lots of Slimes","floor":13.0,"turns":5.0},{"damage":13,"enemies":"Lagavulin","floor":14,"turns":5},{"damage":26,"enemies":"The Guardian","floor":16,"turns":11},{"damage":0,"enemies":"Chosen","floor":18,"turns":3},{"damage":0,"enemies":"2 Thieves","floor":20,"turns":3},{"damage":0,"enemies":"3 Cultists","floor":21,"turns":1},{"damage":12,"enemies":"conspire:SneckoGhost","floor":23,"turns":4},{"damage":6,"enemies":"Snake Plant","floor":25,"turns":3}],"seed_played":"-867295280185488494","potions_obtained":[{"floor":4.0,"key":"Languid Potion"},{"floor":11.0,"key":"DuplicationPotion"},{"floor":12.0,"key":"GamblersBrew"},{"floor":15,"key":"conspire:TimeTravelPotion"},{"floor":15,"key":"SmokeBomb"},{"floor":16,"key":"Dexterity Potion"},{"floor":18,"key":"PowerPotion"},{"floor":20,"key":"Reflective Coating"}],"is_trial":false,"path_per_floor":["M","?","M","M","?","E","T","M","T","$","E","M","M","E","R","B",null,"M","$","M","M","$","E","R","M"],"character_chosen":"IRONCLAD","items_purchased":["Gremlin Food","Replay:Undeath\u0027s Touch","aspiration:Lifesprig","Armaments","Heavy Blade","MealTicket"],"campfire_rested":0,"item_purchase_floors":[10,10,19,19,19,22],"current_hp_per_floor":[80,80,80,77,61,40,40,43,43,43,35,41,37,30,30,17,80,80,80,80,80,80,81,81,75,75],"gold":190,"neow_bonus":"RANDOM_EVENT","is_daily":false,"chose_seed":false,"campfire_upgraded":1,"win_rate":0.0,"timestamp":1611959458,"path_taken":["M","?","M","?","?","E","?","M","T","$","E","?","M","E","R","BOSS","M","?","?","M","$","E","R","M"],"items_purchased_type":["Relic","Card","Relic","Card","Card","Relic"],"build_version":"2020-12-22","purchased_purges":1,"victory":false,"max_hp_per_floor":[80,80,80,80,80,80,80,80,80,80,80,80,80,80,80,80,80,80,80,80,80,80,87,87,87,87],"card_choices":[{"not_picked":["Twin Strike","Abandon"],"picked":"Rampage","floor":1.0},{"not_picked":["Power Through","Havoc"],"picked":"Dropkick","floor":3.0},{"not_picked":["Rage","Cleave"],"picked":"Clothesline","floor":4.0},{"not_picked":["Run Through","Fiend Fire"],"picked":"Sword Boomerang","floor":6.0},{"not_picked":["Clash","Fire Breathing"],"picked":"Replay:Undeath\u0027s Touch","floor":8.0},{"not_picked":["ReplayTheSpireMod:Strike From Hell","Body Slam","Reckless Charge"],"picked":"SKIP","floor":11.0},{"not_picked":["Wild Strike","ReplayTheSpireMod:Muscle Training"],"picked":"Headbutt","floor":12.0},{"not_picked":["Anger","ReplayTheSpireMod:Limb From Limb"],"picked":"Pommel Strike","floor":13.0},{"not_picked":["Burning Pact","Intimidate"],"picked":"Sword Boomerang","floor":14},{"not_picked":["Brutality","Fiend Fire"],"picked":"Double Tap","floor":16},{"not_picked":["Whirlwind","True Grit+1"],"picked":"Thunderclap","floor":18},{"not_picked":["Replay:Undeath\u0027s Touch","Havoc"],"picked":"Seeing Red+1","floor":20},{"not_picked":["Replay:Undeath\u0027s Touch","Wild Strike+1"],"picked":"Spot Weakness+1","floor":23}],"player_experience":305715,"relics_obtained":[{"floor":6.0,"key":"Replay:Bottled Snecko"},{"floor":7.0,"key":"Anchor"},{"floor":9.0,"key":"MawBank"},{"floor":11.0,"key":"reliquary:Knoch"},{"floor":14,"key":"Mummified Hand"},{"floor":23,"key":"Strawberry"}],"event_choices":[{"damage_healed":0.0,"max_hp_gain":0.0,"max_hp_loss":0.0,"gold_gain":275.0,"event_name":"Golden Shrine","player_choice":"Desecrate","floor":2.0,"gold_loss":0.0,"damage_taken":0.0,"cards_obtained":["Regret"]},{"damage_healed":0.0,"max_hp_gain":0.0,"max_hp_loss":0.0,"gold_gain":0.0,"event_name":"Shining Light","player_choice":"Entered Light","floor":5.0,"gold_loss":0.0,"damage_taken":16.0,"cards_upgraded":["Clothesline","Defend_R"]}],"is_beta":false,"boss_relics":[{"not_picked":["energizedSpire:MagnifyingGlass","Velvet Choker"],"picked":"conspire:SpecialSausage"}],"items_purged_floors":[10],"is_endless":false,"potions_floor_spawned":[4,11,12,16,18,20,21],"killed_by":"Snake Plant","ascension_level":1}}