{"host":"vv4pm74vrxtrj1uw","time":1611924482,"event":{"mods":["Act Like it!","BaseMod","Minty Spire (QoL Compilation)","Rare Cards Sparkle","Spicy Shops","StSLib"],"gold_per_floor":[110,35,50,70,70,70,99,112,112,112,126,137,167,125,125,220,220,231,231,241,24,35,35,67,67,67,67,81,81,101,101,101,101,101],"floor_reached":33,"language":"ZHS","playtime":1513,"items_purged":["Strike_R"],"score":291,"play_id":"6988b1c9-4e72-4034-abe2-9dc8de3d506e","local_time":"20210129204802","is_ascension_mode":true,"campfire_choices":[{"data":"Searing Blow","floor":6.0,"key":"SMITH"},{"floor":10.0,"key":"REST"},{"data":"Searing Blow+1","floor":15.0,"key":"SMITH"},{"floor":23.0,"key":"REST"},{"data":"Searing Blow+2","floor":25.0,"key":"SMITH"},{"data":"Searing Blow+3","floor":29.0,"key":"SMITH"},{"floor":32,"key":"REST"}],"circlet_count":0,"master_deck":["Strike_R+1","Defend_R+1","Defend_R+1","Defend_R+1","Defend_R+1","Bash","Searing Blow+4","Pummel","Headbutt","Shrug It Off","Pommel Strike","Evolve","Headbutt","Double Tap","CurseOfTheBell","Metallicize","Impervious","Double Tap","Warcry+1"],"relics":["Burning Blood","NeowsBlessing","Lantern","Kunai","White Beast Statue","Calling Bell","Red Skull","Matryoshka","Lizard Tail","Membership Card","MealTicket","Vajra","Paper Frog","Mummified Hand"],"acts_visited":["Exordium","TheCity"],"potions_floor_usage":[33,33,33],"damage_taken":[{"damage":0.0,"enemies":"Cultist","floor":1.0,"turns":1.0},{"damage":0.0,"enemies":"Jaw Worm","floor":3.0,"turns":1.0},{"damage":0.0,"enemies":"Small Slimes","floor":4.0,"turns":1.0},{"damage":49.0,"enemies":"Lagavulin","floor":7.0,"turns":6.0},{"damage":10.0,"enemies":"Looter","floor":8.0,"turns":3.0},{"damage":0.0,"enemies":"2 Fungi Beasts","floor":11.0,"turns":4.0},{"damage":5.0,"enemies":"3 Louse","floor":12.0,"turns":4.0},{"damage":28.0,"enemies":"3 Sentries","floor":13.0,"turns":8.0},{"damage":10.0,"enemies":"Slime Boss","floor":16.0,"turns":8.0},{"damage":40.0,"enemies":"Shell Parasite","floor":18.0,"turns":9.0},{"damage":29.0,"enemies":"2 Thieves","floor":20.0,"turns":4.0},{"damage":18.0,"enemies":"Snake Plant","floor":22.0,"turns":3.0},{"damage":53.0,"enemies":"Book of Stabbing","floor":24.0,"turns":7.0},{"damage":2.0,"enemies":"Snecko","floor":28.0,"turns":6.0},{"damage":16.0,"enemies":"Shelled Parasite and Fungi","floor":30.0,"turns":4.0},{"damage":65,"enemies":"Automaton","floor":33,"turns":6}],"seed_played":"-4962289136917685368","potions_obtained":[{"floor":4.0,"key":"Ancient Potion"},{"floor":7.0,"key":"Weak Potion"},{"floor":11.0,"key":"SkillPotion"},{"floor":16.0,"key":"Weak Potion"},{"floor":18.0,"key":"BlessingOfTheForge"},{"floor":20.0,"key":"Dexterity Potion"},{"floor":22.0,"key":"EssenceOfSteel"},{"floor":24.0,"key":"DistilledChaos"},{"floor":28.0,"key":"BlessingOfTheForge"},{"floor":30.0,"key":"Fire Potion"}],"is_trial":false,"path_per_floor":["M","$","M","M","?","R","E","M","T","R","M","M","E","?","R","B",null,"M","?","M","$","M","R","E","R","T","?","M","R","M","?","R","B"],"character_chosen":"IRONCLAD","items_purchased":["Membership Card","MealTicket"],"campfire_rested":3,"item_purchase_floors":[21,21],"current_hp_per_floor":[80,80,80,80,73,73,30,26,26,50,56,57,35,35,35,31,80,46,46,23,23,11,35,28,28,28,28,32,32,22,22,46,0,0],"gold":101,"neow_bonus":"THREE_ENEMY_KILL","is_daily":false,"chose_seed":false,"campfire_upgraded":4,"win_rate":0.0,"timestamp":1611924482,"path_taken":["M","$","?","?","?","R","E","M","T","R","M","M","E","?","R","BOSS","M","?","M","$","M","R","E","R","T","?","M","R","M","?","R","BOSS"],"items_purchased_type":["Relic","Relic"],"build_version":"2020-12-22","purchased_purges":1,"victory":false,"max_hp_per_floor":[80,80,80,80,80,80,80,80,80,80,80,80,80,80,80,80,80,80,80,80,80,80,80,80,80,80,80,80,80,80,80,80,80,80],"card_choices":[{"not_picked":["Body Slam","Pummel"],"picked":"Searing Blow","floor":1.0},{"not_picked":["Cleave","Clash"],"picked":"Pummel","floor":3.0},{"not_picked":["Juggernaut","Intimidate"],"picked":"Headbutt","floor":4.0},{"not_picked":["Heavy Blade","Twin Strike"],"picked":"Shrug It Off","floor":7.0},{"not_picked":["Seeing Red","Clothesline"],"picked":"Pommel Strike","floor":8.0},{"not_picked":["Whirlwind","Warcry"],"picked":"Evolve","floor":11.0},{"not_picked":["Uppercut","Warcry"],"picked":"Headbutt","floor":12.0},{"not_picked":["Carnage","Iron Wave","Searing Blow"],"picked":"SKIP","floor":13.0},{"not_picked":["Reaper","Bludgeon"],"picked":"Double Tap","floor":16.0},{"not_picked":["Feel No Pain","Perfected Strike"],"picked":"Metallicize","floor":18.0},{"not_picked":["Cleave","Sever Soul","Wild Strike"],"picked":"SKIP","floor":20.0},{"not_picked":["Flex","Havoc","Clothesline"],"picked":"SKIP","floor":22.0},{"not_picked":["Infernal Blade","Anger","Shockwave"],"picked":"SKIP","floor":24.0},{"not_picked":["Headbutt+1","Clash+1"],"picked":"Warcry+1","floor":28.0},{"not_picked":["Flex","Headbutt","Heavy Blade"],"picked":"SKIP","floor":30.0}],"player_experience":153216,"relics_obtained":[{"floor":7.0,"key":"Lantern"},{"floor":9.0,"key":"Kunai"},{"floor":13.0,"key":"White Beast Statue"},{"floor":17.0,"key":"Red Skull"},{"floor":17.0,"key":"Matryoshka"},{"floor":17.0,"key":"Lizard Tail"},{"floor":24.0,"key":"Vajra"},{"floor":26.0,"key":"Paper Frog"},{"floor":26.0,"key":"Mummified Hand"}],"event_choices":[{"cards_removed":["Strike_R"],"damage_healed":0.0,"max_hp_gain":0.0,"max_hp_loss":0.0,"gold_gain":0.0,"event_name":"Golden Wing","player_choice":"Card Removal","floor":5.0,"gold_loss":0.0,"damage_taken":7.0},{"damage_healed":0.0,"max_hp_gain":0.0,"max_hp_loss":0.0,"gold_gain":0.0,"event_name":"World of Goop","player_choice":"Left Gold","floor":14.0,"gold_loss":42.0,"damage_taken":0.0},{"damage_healed":0.0,"max_hp_gain":0.0,"max_hp_loss":0.0,"gold_gain":0.0,"event_name":"Vampires","player_choice":"Ignored","floor":19.0,"gold_loss":0.0,"damage_taken":0.0},{"damage_healed":0.0,"max_hp_gain":0.0,"max_hp_loss":0.0,"gold_gain":0.0,"cards_transformed":["Strike_R","Strike_R"],"event_name":"Drug Dealer","player_choice":"Became Test Subject","floor":27.0,"gold_loss":0.0,"damage_taken":0.0,"cards_obtained":["Impervious","Double Tap"]},{"damage_healed":0,"gold_gain":0,"player_choice":"Simplicity","damage_taken":0,"max_hp_gain":0,"max_hp_loss":0,"event_name":"Back to Basics","floor":31,"gold_loss":0,"cards_upgraded":["Strike_R","Defend_R","Defend_R","Defend_R","Defend_R"]}],"is_beta":false,"boss_relics":[{"not_picked":["SlaversCollar","Astrolabe"],"picked":"Calling Bell"}],"items_purged_floors":[2],"is_endless":false,"potions_floor_spawned":[4,7,11,16,18,20,22,24,28,30],"killed_by":"Automaton","ascension_level":1}}