{"host":"9qk11wtevf51xvhl","time":1611959829,"event":{"mods":["BaseMod","Minty Spire (QoL Compilation)"],"gold_per_floor":[118,118,130,153,125,168,180,220,257,269,269],"floor_reached":10,"language":"ENG","playtime":562,"items_purged":[],"score":107,"play_id":"fdede316-dbf8-4108-a11f-9dd8b992d5ee","local_time":"20210129233709","is_ascension_mode":true,"campfire_choices":[{"floor":7,"key":"REST"}],"circlet_count":0,"master_deck":["Strike_G","Strike_G","Strike_G","Strike_G","Strike_G","Defend_G","Defend_G","Defend_G","Defend_G","Defend_G","Survivor","Neutralize","Poisoned Stab","Regret","Blade Dance","Dagger Spray","Concentrate","Crippling Poison"],"relics":["Ring of the Snake","Bronze Scales","MawBank","Dream Catcher","Omamori","Mummified Hand","Toy Ornithopter"],"acts_visited":["Exordium"],"potions_floor_usage":[6,6,8],"damage_taken":[{"damage":1,"enemies":"2 Louse","floor":1,"turns":3},{"damage":2,"enemies":"Small Slimes","floor":4,"turns":3},{"damage":19,"enemies":"3 Sentries","floor":6,"turns":7},{"damage":23,"enemies":"Lagavulin","floor":8,"turns":5},{"damage":28,"enemies":"Gremlin Nob","floor":10,"turns":3}],"seed_played":"8115396449862381725","potions_obtained":[{"floor":5,"key":"Explosive Potion"},{"floor":5,"key":"Block Potion"},{"floor":5,"key":"SpeedPotion"},{"floor":6,"key":"SteroidPotion"}],"is_trial":false,"path_per_floor":["M","?","?","M","?","E","R","E","T","E"],"character_chosen":"THE_SILENT","items_purchased":[],"campfire_rested":1,"item_purchase_floors":[],"current_hp_per_floor":[62,62,44,42,42,23,44,21,21,0,0],"gold":269,"neow_bonus":"RANDOM_COMMON_RELIC","is_daily":false,"chose_seed":false,"campfire_upgraded":0,"win_rate":0.0,"timestamp":1611959829,"path_taken":["M","?","?","M","?","E","R","E","T","E"],"items_purchased_type":[],"build_version":"2020-12-22","purchased_purges":0,"victory":false,"max_hp_per_floor":[70,70,70,70,70,70,70,70,70,70,70],"card_choices":[{"not_picked":["Bane","Eviscerate"],"picked":"Poisoned Stab","floor":1},{"not_picked":["Acrobatics","Predator"],"picked":"Blade Dance","floor":4},{"not_picked":["Blade Dance","Eviscerate"],"picked":"Dagger Spray","floor":6},{"not_picked":["Cloak And Dagger","Quick Slash"],"picked":"Concentrate","floor":7},{"not_picked":["Backflip","Bane"],"picked":"Crippling Poison","floor":8}],"player_experience":548321,"relics_obtained":[{"floor":6,"key":"Omamori"},{"floor":8,"key":"Mummified Hand"},{"floor":9,"key":"Toy Ornithopter"}],"event_choices":[{"damage_healed":0,"gold_gain":0,"player_choice":"Box","damage_taken":0,"relics_obtained":["MawBank"],"max_hp_gain":0,"max_hp_loss":0,"event_name":"Big Fish","floor":2,"gold_loss":0,"cards_obtained":["Regret"]},{"damage_healed":0,"gold_gain":0,"player_choice":"Success","damage_taken":18,"relics_obtained":["Dream Catcher"],"max_hp_gain":0,"max_hp_loss":0,"event_name":"Scrap Ooze","floor":3,"gold_loss":0},{"damage_healed":0,"gold_gain":0,"player_choice":"Bought 3 Potions","damage_taken":0,"max_hp_gain":0,"max_hp_loss":0,"event_name":"The Woman in Blue","floor":5,"gold_loss":0}],"is_beta":false,"boss_relics":[],"items_purged_floors":[],"is_endless":false,"potions_floor_spawned":[6],"killed_by":"Gremlin Nob","ascension_level":9}}