{"host":"yiuxawbvzhpm7ctb","time":1611889700,"event":{"mods":["AchievementEnabler","Act Like it!","Aspiration","BaseMod","Better Altar","Better Match","Better Note","Better Sensory Stone","Better Skull","Better Third Choice","Better Vampires","Colored Map","Conspire","Downfall","Emptier Cage","Halation","Hubris","Infinite Spire","Jedi Mod","Marisa????????","Minty Spire (QoL Compilation)","Pale of the Ancients","Reliquary","Replay The Spire","StSLib","The Jungle","Wandering Minibosses"],"gold_per_floor":[0,19,37,55,74,74,74,174,174,187,187,198,225,245,259,361,361,361,371,381,381,398,414,440,440,440,440,460,472,472,489,502,601,601,601,619,54,74,74,86,112,112,124,124,143,158,193,53,66,66],"floor_reached":51,"language":"ENG","playtime":3497,"items_purged":["downfall:Malfunctioning","Sickly","Delirium","Parasite"],"score":841,"play_id":"555a0dd2-689f-4504-bcd8-531df796c747","local_time":"20210128220820","is_ascension_mode":false,"campfire_choices":[{"data":"bronze:SpaghettiCode","floor":1.0,"key":"SMITH"},{"data":"bronze:AlphaBuild","floor":11.0,"key":"SMITH"},{"data":"bronze:Repulsor","floor":18.0,"key":"SMITH"},{"floor":25.0,"key":"REST"},{"data":"bronze:Verify","floor":30.0,"key":"SMITH"},{"data":"bronze:HardenedForm","floor":35,"key":"SMITH"},{"data":"bronze:BugBarrage","floor":44,"key":"SMITH"}],"circlet_count":0,"master_deck":["bronze:Strike","bronze:Strike+1","bronze:Strike","bronze:Strike+1","bronze:Defend","bronze:Defend","bronze:Defend","bronze:Defend","bronze:Replicate","bronze:Goto","bronze:SpaghettiCode+1","bronze:BronzeOrb+1","bronze:CutThrough","bronze:WildBeam+1","bronze:Backtrace","bronze:AlphaBuild+1","bronze:Repulsor+1","bronze:BuggyMess","bronze:BugBarrage+1","bronze:Shield+1","bronze:Boost+1","Flying Knee","bronze:Iterate+1","bronze:MaxOutput+1","bronze:Frontload+1","bronze:HardenedForm+1","Overencumbered","bronze:GetLatest+1","bronze:DelayedGuard+1","expansioncontent:DashGenerateEvil+1","bronze:ChildClass+1","bronze:HardenedForm","bronze:Branch+1","bronze:MaxOutput+1","bronze:Repulsor+1"],"relics":["bronze:BronzeCore","infinitespire:BottledMercury","reliquary:Aerogel","Garlic","ChewingGum","reliquary:RosewoodLute","Dead Branch","Replay:Ancient Bell","jedi:shrinkray","conspire:BottledYoYo","Incense Burner","wanderingMiniBosses:AbyssPearl","Guide Book","Bronze Scales","Boot","Mirror","Bag of Marbles","reliquary:PurpleTingedLeaf"],"acts_visited":["Exordium","TheCity","TheBeyond"],"potions_floor_usage":[46,46,50,50],"damage_taken":[{"damage":0.0,"enemies":"infinitespire:Voidling","floor":2.0,"turns":1.0},{"damage":3.0,"enemies":"conspire:RoseBush","floor":3.0,"turns":1.0},{"damage":11.0,"enemies":"2 Louse","floor":4.0,"turns":6.0},{"damage":2.0,"enemies":"Lots of Slimes","floor":5.0,"turns":3.0},{"damage":0.0,"enemies":"Large Slime","floor":10.0,"turns":1.0},{"damage":0.0,"enemies":"2 Fungi Beasts","floor":12.0,"turns":1.0},{"damage":14.0,"enemies":"3 Sentries","floor":13.0,"turns":8.0},{"damage":3.0,"enemies":"conspire:2 RoseBushes","floor":14.0,"turns":4.0},{"damage":0.0,"enemies":"Lots of Slimes","floor":15.0,"turns":3.0},{"damage":35.0,"enemies":"IC_STATUS_ARCHETYPE","floor":16.0,"turns":13.0},{"damage":12.0,"enemies":"3 Byrds","floor":19.0,"turns":7.0},{"damage":0.0,"enemies":"Spheric Guardian","floor":20.0,"turns":1.0},{"damage":1.0,"enemies":"Centurion and Healer","floor":22.0,"turns":4.0},{"damage":22.0,"enemies":"Snake Plant","floor":23.0,"turns":7.0},{"damage":0.0,"enemies":"Cultist and Chosen","floor":28.0,"turns":3.0},{"damage":5.0,"enemies":"Chosen and Byrds","floor":29.0,"turns":6.0},{"damage":0.0,"enemies":"Sentry and Sphere","floor":31.0,"turns":6.0},{"damage":0.0,"enemies":"Shelled Parasite and Fungi","floor":32.0,"turns":2.0},{"damage":0.0,"enemies":"DF_ARCHETYPE_CLAW","floor":33.0,"turns":6.0},{"damage":0,"enemies":"3 Darklings","floor":36,"turns":6},{"damage":0,"enemies":"downfall:FleeingMerchant","floor":37,"turns":4},{"damage":0,"enemies":"3 Shapes","floor":38,"turns":3},{"damage":7,"enemies":"Spire Growth","floor":40,"turns":3},{"damage":0,"enemies":"Jaw Worm Horde","floor":43,"turns":3},{"damage":0,"enemies":"Writhing Mass","floor":45,"turns":4},{"damage":0,"enemies":"Transient","floor":46,"turns":5},{"damage":0,"enemies":"Nemesis","floor":47,"turns":5},{"damage":0,"enemies":"downfall:FleeingMerchant","floor":48,"turns":1},{"damage":0,"enemies":"Jaw Worm Horde","floor":49,"turns":1},{"damage":0,"enemies":"WA_ARCHETYPE_DIVINITY","floor":50,"turns":7}],"seed_played":"2635834742066902967","potions_obtained":[{"floor":3.0,"key":"AttackPotion"},{"floor":12.0,"key":"ColorlessPotion"},{"floor":14.0,"key":"Weak Potion"},{"floor":16.0,"key":"Weak Potion"},{"floor":20.0,"key":"SteroidPotion"},{"floor":22.0,"key":"PowerPotion"},{"floor":23.0,"key":"DuplicationPotion"},{"floor":32.0,"key":"champ:CounterPotion"},{"floor":33.0,"key":"hexamod:SoulburnPotion"},{"floor":36,"key":"sneckomod:MuddlingPotion"},{"floor":40,"key":"Adrenaline Potion"},{"floor":45,"key":"Block Potion"},{"floor":46,"key":"LifebloodPotion"}],"is_trial":false,"path_per_floor":["R","M","M","M","M","?","T","?","T","M","R","M","E","M","M","B",null,"R","M","M","?","M","M","T","R","AVR","?","M","M","R","M","M","B",null,"R","M","$","M","?","M","T","AVR","M","R","M","M","E","$","M","B",null],"character_chosen":"THE_AUTOMATON","items_purchased":["expansioncontent:DashGenerateEvil","Guide Book","Bronze Scales","bronze:Repulsor+1","reliquary:PurpleTingedLeaf","BlessingOfTheForge"],"campfire_rested":1,"item_purchase_floors":[37,37,37,48,48,48],"current_hp_per_floor":[70,70,67,56,54,54,54,54,54,54,54,54,40,37,37,2,70,70,58,58,58,57,35,35,56,56,56,56,51,51,51,51,51,70,70,70,70,70,80,73,73,73,73,73,73,73,73,73,74,75],"gold":66,"neow_bonus":"THREE_RARE_CARDS","is_daily":false,"chose_seed":false,"campfire_upgraded":6,"win_rate":0.0,"timestamp":1611889700,"path_taken":["R","M","M","M","?","?","T","?","?","?","R","?","E","M","M","BOSS","R","M","M","?","M","M","T","R","AVR","?","M","?","R","M","M","BOSS","R","M","$","M","?","M","T","AVR","M","R","?","M","E","?","M","BOSS"],"items_purchased_type":["Card","Relic","Relic","Card","Relic","Potion"],"build_version":"2020-12-22","purchased_purges":4,"victory":true,"max_hp_per_floor":[70,70,70,70,70,70,70,70,70,70,70,70,70,70,70,70,70,70,70,70,70,70,70,70,70,70,70,70,70,70,70,70,70,70,70,70,70,70,80,80,80,80,80,80,80,80,80,77,77,77],"card_choices":[{"not_picked":["bronze:HyperBeam","bronze:Assembly"],"picked":"bronze:SpaghettiCode","floor":0.0},{"not_picked":["bronze:Overheat","bronze:BitShift"],"picked":"bronze:BronzeOrb","floor":2.0},{"not_picked":["bronze:Deprecate","bronze:BitShift"],"picked":"bronze:CutThrough","floor":3.0},{"not_picked":["bronze:Deprecate","bronze:CutThrough"],"picked":"bronze:WildBeam","floor":4.0},{"not_picked":["bronze:Philosophize","bronze:Safeguard"],"picked":"bronze:Backtrace","floor":5.0},{"not_picked":["bronze:Shield","bronze:ChosenStrike"],"picked":"bronze:AlphaBuild","floor":10.0},{"not_picked":["bronze:Return","bronze:Turbo","bronze:Philosophize"],"picked":"SKIP","floor":12.0},{"not_picked":["bronze:ChosenStrike","bronze:ForceShield"],"picked":"bronze:Repulsor","floor":13.0},{"not_picked":["bronze:WhirlingStrike","bronze:Frontload","bronze:Overheat"],"picked":"SKIP","floor":14.0},{"not_picked":["bronze:WhirlingStrike","bronze:BronzeArmor","bronze:Invalidate"],"picked":"SKIP","floor":15.0},{"not_picked":["bronze:Virus","bronze:HyperBeam"],"picked":"bronze:Verify","floor":16.0},{"not_picked":["bronze:Turbo","bronze:DelayedSlice"],"picked":"bronze:BuggyMess","floor":19.0},{"not_picked":["bronze:Turbo","bronze:NullPointer+1"],"picked":"bronze:BugBarrage","floor":20.0},{"not_picked":["bronze:Return","bronze:Backtrace"],"picked":"bronze:Shield+1","floor":22.0},{"not_picked":["bronze:Overload","bronze:BronzeArmor+1"],"picked":"bronze:Boost+1","floor":23.0},{"not_picked":["bronze:BuggyMess","bronze:DarkDash+1","bronze:Turbo"],"picked":"SKIP","floor":28.0},{"not_picked":["bronze:BugBarrage","bronze:FineTuning"],"picked":"bronze:Iterate+1","floor":29.0},{"not_picked":["bronze:ForceShield+1","bronze:ChosenStrike"],"picked":"bronze:MaxOutput+1","floor":31.0},{"not_picked":["bronze:Shield","bronze:WildBeam"],"picked":"bronze:Frontload+1","floor":32.0},{"not_picked":["bronze:Assembly","bronze:RecursiveStrike"],"picked":"bronze:HardenedForm","floor":33.0},{"not_picked":["Spreading Infection","Parasite"],"picked":"Overencumbered","floor":34},{"not_picked":["Amnesia","hubris:Compulsion"],"picked":"Sickly","floor":34},{"not_picked":["ReplayTheSpireMod:Doomed","Sickly"],"picked":"Delirium","floor":34},{"not_picked":["bronze:Frontload","bronze:Invalidate+1"],"picked":"bronze:GetLatest+1","floor":36},{"not_picked":["bronze:ChildClass","bronze:ChosenStrike+1"],"picked":"bronze:DelayedGuard+1","floor":37},{"not_picked":["bronze:BronzeOrb","bronze:OilSpill+1"],"picked":"bronze:ChildClass+1","floor":38},{"not_picked":["bronze:DelayedGuard","bronze:AlphaBuild","bronze:CutThrough+1"],"picked":"SKIP","floor":40},{"not_picked":["bronze:BronzeOrb","bronze:FineTuning+1","bronze:BugBarrage"],"picked":"SKIP","floor":43},{"not_picked":["bronze:CutThrough+1","bronze:Iterate","bronze:Frontload+1"],"picked":"SKIP","floor":45},{"not_picked":["bronze:Philosophize+1","bronze:DigitalCarnage"],"picked":"bronze:HardenedForm","floor":46},{"not_picked":["bronze:BurnOut","bronze:Shield+1"],"picked":"bronze:Branch+1","floor":47},{"not_picked":["bronze:Shield","bronze:ForceShield+1"],"picked":"bronze:MaxOutput+1","floor":48},{"not_picked":["bronze:DelayedSlice","bronze:BugBarrage","bronze:Invalidate"],"picked":"SKIP","floor":49}],"player_experience":604866,"relics_obtained":[{"floor":7.0,"key":"infinitespire:BottledMercury"},{"floor":9.0,"key":"reliquary:Aerogel"},{"floor":13.0,"key":"Garlic"},{"floor":24.0,"key":"reliquary:RosewoodLute"},{"floor":37,"key":"wanderingMiniBosses:AbyssPearl"},{"floor":41,"key":"Boot"},{"floor":47,"key":"Bag of Marbles"}],"event_choices":[{"damage_healed":0.0,"max_hp_gain":0.0,"max_hp_loss":0.0,"gold_gain":0.0,"event_name":"betterNote:BetterNote","player_choice":"Ignored","floor":21.0,"gold_loss":0.0,"damage_taken":0.0,"cards_obtained":["Seek"]},{"damage_healed":0.0,"max_hp_gain":0.0,"max_hp_loss":0.0,"gold_gain":0.0,"event_name":"The Library","player_choice":"Read","floor":27.0,"gold_loss":0.0,"damage_taken":0.0,"cards_obtained":["Flying Knee"]},{"cards_removed":["bronze:Verify"],"damage_healed":0,"gold_gain":0,"player_choice":"Offered Rare","damage_taken":0,"max_hp_gain":10,"max_hp_loss":0,"event_name":"Bonfire Elementals","floor":39,"gold_loss":0}],"is_beta":false,"boss_relics":[{"not_picked":["Kintsugi","Replay:Bronze Core"],"picked":"ChewingGum"},{"not_picked":["aspiration:RunicSpoon","hubris:BlackHole"],"picked":"Replay:Ancient Bell"},{"not_picked":["reliquary:PorcupineQuills","ReplayFunnel"],"picked":"jedi:shrinkray"},{"not_picked":["infinitespire:Bottled Soul","hubris:TinFlute"],"picked":"conspire:BottledYoYo"},{"not_picked":["hubris:AstralHammer","infinitespire:Joker Card"],"picked":"Incense Burner"}],"items_purged_floors":[26,37,42,48],"is_endless":false,"potions_floor_spawned":[3,12,14,15,16,20,22,23,32,33,36,40,45,46],"ascension_level":0}}