{"host":"i0avyit1s6jb1siw","time":1611925405,"event":{"mods":["BaseMod","DeckTracker","Dota2Spire","Highlight Path","Minty Spire (QoL Compilation)","Quick Restart","StSLib","SuperFastMode"],"gold_per_floor":[113,113,25,40,50,50,70,95,118,118,130,165,185,185,185,197,212,212,289,289,289,361,361,423,423,423,434,473,531,531,590,590,590,615,670,670,670,708,746,921,921,996,996,996,1098,1098,1138,1138,1182,791,826,877,877,935,935,961,961,1051,1051,1110,1171,1240,1240,1240,1270,1300,1300,1300,356,390,390],"floor_reached":72,"language":"ENG","playtime":2489,"items_purged":["Conclude","Eruption+1"],"score":5142,"play_id":"7bc5bc1b-aafb-4e70-82d3-4e8e6b9fb218","local_time":"20210129140325","is_ascension_mode":true,"campfire_choices":[{"data":"Eruption","floor":6,"key":"SMITH"},{"floor":14,"key":"REST"},{"data":"DevaForm","floor":18,"key":"SMITH"},{"data":"Omniscience","floor":21,"key":"SMITH"},{"data":"Ragnarok","floor":30,"key":"SMITH"},{"data":"Ghostly","floor":37,"key":"SMITH"},{"data":"Ghostly","floor":41,"key":"SMITH"},{"data":"Ghostly","floor":44,"key":"SMITH"},{"floor":53,"key":"RECALL"},{"data":"Evaluate","floor":63,"key":"PURGE"},{"floor":64,"key":"REST"},{"data":"Halt","floor":68,"key":"PURGE"}],"circlet_count":0,"master_deck":["AscendersBane","Vigilance","EmptyFist","DevaForm+1","TalkToTheHand+1","FearNoEvil","Vault","InnerPeace","Omniscience+1","Ragnarok+1","ThirdEye","Wish","Sanctity","Pray","JustLucky","CrushJoints","Ghostly+1","Ghostly+1","Ghostly+1","Study+1","SpiritShield","Swivel","Vault","Vault","Omniscience","Tantrum","Apotheosis","SandsOfTime","Worship+1","Vault","Worship","SandsOfTime","MentalFortress","Scrawl"],"relics":["Runic Pyramid","Boot","Toy Ornithopter","Yang","Damaru","Dota2Spire:RefresherOrb","Pandora\u0027s Box","Peace Pipe","Letter Opener","Orichalcum","Strawberry","Incense Burner","Dota2Spire:LinkenSphere","Snecko Eye","Dota2Spire:Bloodstone","Toolbox","Oddly Smooth Stone","Art of War","Dota2Spire:MonkeyKingBar","GoldenEye","Happy Flower","Dota2Spire:EchoSabre","Pantograph","Orrery","Nunchaku"],"acts_visited":["Exordium","TheCity","TheBeyond","TheEnding"],"potions_floor_usage":[31,40,71],"damage_taken":[{"damage":0,"enemies":"Cultist","floor":1,"turns":2},{"damage":1,"enemies":"Small Slimes","floor":4,"turns":4},{"damage":13,"enemies":"2 Louse","floor":5,"turns":3},{"damage":0,"enemies":"Large Slime","floor":7,"turns":3},{"damage":0,"enemies":"Lagavulin","floor":8,"turns":4},{"damage":1,"enemies":"Red Slaver","floor":11,"turns":4},{"damage":28,"enemies":"Gremlin Nob","floor":12,"turns":4},{"damage":14,"enemies":"Exordium Wildlife","floor":13,"turns":5},{"damage":0,"enemies":"Blue Slaver","floor":16,"turns":4},{"damage":0,"enemies":"3 Louse","floor":17,"turns":3},{"damage":0,"enemies":"Hexaghost","floor":19,"turns":10},{"damage":0,"enemies":"Hexaghost","floor":22,"turns":9},{"damage":22,"enemies":"2 Thieves","floor":24,"turns":3},{"damage":0,"enemies":"Spheric Guardian","floor":27,"turns":2},{"damage":0,"enemies":"Chosen and Byrds","floor":28,"turns":7},{"damage":4,"enemies":"Book of Stabbing","floor":29,"turns":4},{"damage":4,"enemies":"Gremlin Leader","floor":31,"turns":5},{"damage":2,"enemies":"Book of Stabbing","floor":35,"turns":6},{"damage":0,"enemies":"Centurion and Healer","floor":38,"turns":4},{"damage":0,"enemies":"Snake Plant","floor":39,"turns":5},{"damage":0,"enemies":"Colosseum Slavers","floor":40,"turns":5},{"damage":4,"enemies":"Colosseum Nobs","floor":40,"turns":4},{"damage":7,"enemies":"Automaton","floor":42,"turns":7},{"damage":6,"enemies":"Automaton","floor":45,"turns":8},{"damage":0,"enemies":"Orb Walker","floor":47,"turns":2},{"damage":0,"enemies":"3 Darklings","floor":49,"turns":6},{"damage":0,"enemies":"4 Shapes","floor":51,"turns":4},{"damage":0,"enemies":"Reptomancer","floor":52,"turns":4},{"damage":0,"enemies":"Giant Head","floor":54,"turns":4},{"damage":0,"enemies":"Reptomancer","floor":58,"turns":2},{"damage":0,"enemies":"Giant Head","floor":60,"turns":3},{"damage":0,"enemies":"Writhing Mass","floor":61,"turns":4},{"damage":0,"enemies":"Jaw Worm Horde","floor":62,"turns":6},{"damage":0,"enemies":"Donu and Deca","floor":65,"turns":5},{"damage":0,"enemies":"Awakened One","floor":66,"turns":6},{"damage":0,"enemies":"Shield and Spear","floor":70,"turns":2},{"damage":36,"enemies":"The Heart","floor":71,"turns":9}],"seed_played":"-7205580666908783602","potions_obtained":[{"floor":7,"key":"Strength Potion"},{"floor":11,"key":"Dexterity Potion"},{"floor":17,"key":"PowerPotion"},{"floor":29,"key":"EntropicBrew"},{"floor":39,"key":"Swift Potion"},{"floor":40,"key":"GamblersBrew"},{"floor":42,"key":"Swift Potion"}],"is_trial":false,"path_per_floor":["M","?","$","M","M","R","M","E","T","T","M","E","M","R","?","M","M","R","B",null,"R","B",null,"M","$","?","M","M","E","R","E","?","T","T","E","?","R","M","M","?","R","B",null,"R","B",null,"M","?","M","$","M","E","R","E","?","T","T","E","?","E","M","M","R","R","B","B",null,"R","$","E","B",null],"character_chosen":"WATCHER","items_purchased":["DevaForm","Omniscience","Toolbox","Dota2Spire:EchoSabre","Pantograph","Orrery","MentalFortress","Scrawl"],"campfire_rested":2,"item_purchase_floors":[3,50,50,69,69,69,69,69],"current_hp_per_floor":[61,61,61,60,47,47,47,47,47,47,46,18,4,24,24,24,24,24,24,24,24,24,57,35,35,34,34,34,30,30,30,30,30,37,35,35,35,35,35,36,36,29,29,29,23,37,37,37,37,37,37,37,37,37,27,27,27,27,27,27,27,27,27,39,39,39,41,41,41,41,10],"gold":390,"neow_bonus":"BOSS_RELIC","is_daily":false,"chose_seed":false,"campfire_upgraded":7,"win_rate":0.0,"timestamp":1611925405,"path_taken":["M","?","$","?","M","R","M","E","T","T","?","E","M","R","?","M","M","R","BOSS","R","BOSS","M","$","?","M","M","E","R","E","?","T","T","E","?","R","?","M","?","R","BOSS","R","BOSS","M","?","M","$","M","E","R","E","?","T","T","E","?","E","M","M","R","R","BOSS","BOSS","R","$","E","BOSS"],"items_purchased_type":["Card","Card","Relic","Relic","Relic","Relic","Card","Card"],"build_version":"2020-12-22","purchased_purges":2,"victory":true,"max_hp_per_floor":[68,68,68,68,68,68,68,68,68,68,68,68,68,68,68,68,68,68,68,68,68,68,68,68,68,34,34,34,34,34,34,34,34,41,41,41,41,41,41,41,41,41,41,41,41,41,41,41,41,41,41,41,41,41,41,41,41,41,41,41,41,41,41,41,41,41,41,41,41,41,41],"card_choices":[{"not_picked":["CutThroughFate","Fasting2"],"picked":"EmptyFist","floor":1},{"not_picked":["ReachHeaven","Evaluate"],"picked":"TalkToTheHand","floor":4},{"not_picked":["EmptyFist","Swivel"],"picked":"Conclude","floor":5},{"not_picked":["CutThroughFate","Crescendo"],"picked":"FearNoEvil","floor":7},{"not_picked":["Halt","WaveOfTheHand"],"picked":"Vault","floor":8},{"not_picked":["WaveOfTheHand","FollowUp"],"picked":"Halt","floor":11},{"not_picked":["Evaluate","WindmillStrike","Halt"],"picked":"SKIP","floor":12},{"not_picked":["ThirdEye","JustLucky","SignatureMove"],"picked":"SKIP","floor":13},{"not_picked":["JustLucky","WheelKick"],"picked":"InnerPeace","floor":16},{"not_picked":["FlurryOfBlows","InnerPeace","Conclude"],"picked":"SKIP","floor":17},{"not_picked":["DevaForm","Judgement"],"picked":"Omniscience","floor":19},{"not_picked":["Establishment","Omniscience"],"picked":"Ragnarok","floor":22},{"not_picked":["ThirdEye","Wireheading","InnerPeace"],"picked":"SKIP","floor":24},{"not_picked":["CutThroughFate","FlyingSleeves","CrushJoints"],"picked":"SKIP","floor":27},{"not_picked":["Swivel+1","CarveReality"],"picked":"Study+1","floor":28},{"not_picked":["CarveReality","CutThroughFate","Consecrate"],"picked":"SKIP","floor":29},{"not_picked":["LikeWater","ThirdEye"],"picked":"SpiritShield","floor":31},{"not_picked":["Sanctity+1","FearNoEvil","FollowUp"],"picked":"SKIP","floor":35},{"not_picked":["Swivel","CutThroughFate","CrushJoints"],"picked":"SKIP","floor":38},{"not_picked":["JustLucky","SashWhip","EmptyBody"],"picked":"SKIP","floor":39},{"not_picked":["Meditate","DeceiveReality"],"picked":"Swivel","floor":40},{"not_picked":["DeusExMachina","MasterReality"],"picked":"Vault","floor":42},{"not_picked":["Scrawl","Ragnarok"],"picked":"Vault","floor":45},{"not_picked":["ForeignInfluence","Conclude+1","Crescendo"],"picked":"SKIP","floor":47},{"not_picked":["Evaluate","CrushJoints","FlyingSleeves+1"],"picked":"SKIP","floor":49},{"not_picked":["ThirdEye","Prostrate","InnerPeace"],"picked":"SKIP","floor":51},{"not_picked":["Halt","WindmillStrike"],"picked":"Tantrum","floor":52},{"not_picked":["FlyingSleeves+1","BowlingBash","SignatureMove"],"picked":"SKIP","floor":54},{"not_picked":["Panacea","Bandage Up"],"picked":"Apotheosis","floor":55},{"not_picked":["InnerPeace","JustLucky"],"picked":"SandsOfTime","floor":58},{"not_picked":["WaveOfTheHand","Crescendo+1","Prostrate"],"picked":"SKIP","floor":60},{"not_picked":["PathToVictory","FlurryOfBlows","FollowUp"],"picked":"SKIP","floor":61},{"not_picked":["ConjureBlade","FlyingSleeves"],"picked":"Worship+1","floor":62},{"not_picked":["Halt","Worship+1"],"picked":"Vault","floor":69},{"not_picked":["FlurryOfBlows","WindmillStrike+1"],"picked":"Worship","floor":69},{"not_picked":["TalkToTheHand+1","Halt"],"picked":"SandsOfTime","floor":69},{"not_picked":["ThirdEye+1","EmptyBody","EmptyFist"],"picked":"SKIP","floor":70}],"player_experience":2372589,"relics_obtained":[{"floor":8,"key":"Boot"},{"floor":9,"key":"Toy Ornithopter"},{"floor":10,"key":"Yang"},{"floor":12,"key":"Damaru"},{"floor":29,"key":"Peace Pipe"},{"floor":31,"key":"Letter Opener"},{"floor":33,"key":"Orichalcum"},{"floor":34,"key":"Strawberry"},{"floor":40,"key":"Incense Burner"},{"floor":40,"key":"Dota2Spire:LinkenSphere"},{"floor":52,"key":"Oddly Smooth Stone"},{"floor":54,"key":"Art of War"},{"floor":57,"key":"Dota2Spire:MonkeyKingBar"},{"floor":58,"key":"GoldenEye"},{"floor":60,"key":"Happy Flower"},{"floor":70,"key":"Nunchaku"}],"event_choices":[{"damage_healed":0,"gold_gain":0,"player_choice":"0 cards matched","damage_taken":0,"max_hp_gain":0,"max_hp_loss":0,"event_name":"Match and Keep!","floor":2,"gold_loss":0,"cards_obtained":[]},{"damage_healed":0,"gold_gain":0,"player_choice":"Ignored","damage_taken":0,"max_hp_gain":0,"max_hp_loss":0,"event_name":"Liars Game","floor":15,"gold_loss":0},{"damage_healed":0,"gold_gain":0,"player_choice":"Became a Ghost","damage_taken":0,"max_hp_gain":0,"max_hp_loss":34,"event_name":"Ghosts","floor":26,"gold_loss":0,"cards_obtained":["Ghostly","Ghostly","Ghostly"]},{"cards_removed":["Crescendo"],"damage_healed":0,"gold_gain":0,"player_choice":"Elegance","damage_taken":0,"max_hp_gain":0,"max_hp_loss":0,"event_name":"Back to Basics","floor":32,"gold_loss":0},{"damage_healed":0,"gold_gain":0,"player_choice":"Upgraded","damage_taken":0,"max_hp_gain":0,"max_hp_loss":0,"event_name":"Upgrade Shrine","floor":36,"gold_loss":0,"cards_upgraded":["TalkToTheHand"]},{"damage_healed":0,"gold_gain":0,"player_choice":"Fight","damage_taken":0,"max_hp_gain":0,"max_hp_loss":0,"event_name":"Colosseum","floor":40,"gold_loss":0},{"damage_healed":0,"gold_gain":0,"player_choice":"Fought Nobs","damage_taken":0,"max_hp_gain":0,"max_hp_loss":0,"event_name":"Colosseum","floor":40,"gold_loss":0},{"damage_healed":0,"gold_gain":0,"player_choice":"Ignored","damage_taken":0,"max_hp_gain":0,"max_hp_loss":0,"event_name":"Tomb of Lord Red Mask","floor":48,"gold_loss":0},{"damage_healed":0,"gold_gain":0,"player_choice":"Memory 3","damage_taken":10,"max_hp_gain":0,"max_hp_loss":0,"event_name":"SensoryStone","floor":55,"gold_loss":0},{"damage_healed":0,"gold_gain":0,"player_choice":"Ignored","damage_taken":0,"max_hp_gain":0,"max_hp_loss":0,"event_name":"SecretPortal","floor":59,"gold_loss":0}],"is_beta":false,"boss_relics":[{"not_picked":["Tiny House","Philosopher\u0027s Stone"],"picked":"Dota2Spire:RefresherOrb"},{"not_picked":["Velvet Choker","Fusion Hammer"],"picked":"Pandora\u0027s Box"},{"not_picked":["SlaversCollar","Empty Cage"],"picked":"Snecko Eye"},{"not_picked":["Astrolabe","Cursed Key"],"picked":"Dota2Spire:Bloodstone"}],"items_purged_floors":[50,69],"is_endless":false,"potions_floor_spawned":[7,11,12,16,17,19,24,27,29,39,40,42,49,51,61,62],"ascension_level":20}}