{"host":"5gc11emcm5chfr5t","time":1611954892,"event":{"mods":["2.2 Compatiblity","AchievementEnabler","BaseMod","Bestiary","Better Note","Colored Map","Colored Powertips","Downfall","Googly Eyes","Minty Spire (QoL Compilation)","Rare Cards Sparkle","StSLib"],"gold_per_floor":[99,115,125,425,55,114,114,134,34,34,67,79,79,104,115,186,186,186,204,219,47,58,58,108,108,108,308,338,351,380,398,417,491,491,391,402,412,412,431,450,450,483,483,539,591,637,380,398,416,498],"floor_reached":51,"language":"ENG","playtime":1971,"items_purged":[],"score":2528,"play_id":"014c2eb7-0a6e-49ba-8343-2e6d6be0c9ef","local_time":"20210129161452","daily_mods":["Draft","Hoarder","Heirloom","DeadlyEvents","Cursed Run","Elite Swarm"],"is_ascension_mode":true,"campfire_choices":[{"floor":1,"key":"RECALL"},{"data":"sneckomod:UnknownRarePower","floor":9,"key":"SMITH"},{"data":"sneckomod:MorePower","floor":13,"key":"SMITH"},{"data":"sneckomod:MorePower","floor":18,"key":"SMITH"},{"data":"sneckomod:SnakeSap","floor":26,"key":"SMITH"},{"data":"sneckomod:SoulCleanse","floor":35,"key":"SMITH"},{"data":"sneckomod:DiceCrush","floor":43,"key":"SMITH"}],"circlet_count":0,"master_deck":["AscendersBane","sneckomod:UnknownClassRED","sneckomod:UnknownClassRED","sneckomod:UnknownClassRED","sneckomod:UnknownExhaust","sneckomod:UnknownExhaust","sneckomod:UnknownExhaust","sneckomod:UnknownDexterity","sneckomod:UnknownDexterity","sneckomod:UnknownDexterity","sneckomod:UnknownWeak","sneckomod:UnknownWeak","sneckomod:UnknownWeak","sneckomod:UnknownClassRED","sneckomod:UnknownClassRED","sneckomod:UnknownClassRED","sneckomod:DiceBlock","sneckomod:DiceBlock","sneckomod:DiceBlock","sneckomod:UnknownBlock","sneckomod:UnknownBlock","sneckomod:UnknownBlock","sneckomod:SoulCleanse","sneckomod:SoulCleanse","sneckomod:SoulCleanse+1","sneckomod:QuickMove","sneckomod:QuickMove","sneckomod:QuickMove","sneckomod:Unknown2Cost","sneckomod:Unknown2Cost","sneckomod:Unknown2Cost","sneckomod:ImprovisedAttack","sneckomod:ImprovisedAttack","sneckomod:ImprovisedAttack","sneckomod:WideSting","sneckomod:WideSting","sneckomod:WideSting","sneckomod:UnknownClassPURPLE","sneckomod:UnknownClassPURPLE","sneckomod:UnknownClassPURPLE","sneckomod:UnknownClassGREEN","sneckomod:UnknownClassGREEN","sneckomod:UnknownClassGREEN","sneckomod:UnknownWeak","sneckomod:UnknownWeak","sneckomod:UnknownWeak","sneckomod:UnknownClassRED","sneckomod:UnknownClassRED","sneckomod:UnknownClassRED","downfall:Icky","downfall:Icky","downfall:Icky","downfall:Icky","downfall:Icky","downfall:Icky","downfall:Icky","downfall:Icky","downfall:Icky","Panache","Panache","Panache","sneckomod:UnknownRarePower+1","sneckomod:UnknownRarePower","sneckomod:UnknownRarePower","Parasite","Parasite","Parasite","Shame","Shame","Shame","Shame","Shame","Shame","Shame","Shame","Shame","sneckomod:MorePower+1","sneckomod:MorePower+1","sneckomod:MorePower","sneckomod:UnknownBoss+1","sneckomod:UnknownBoss+1","sneckomod:UnknownBoss+1","sneckomod:UnknownWeak+1","sneckomod:UnknownWeak+1","sneckomod:UnknownWeak+1","sneckomod:UnknownDexterity+1","sneckomod:UnknownDexterity+1","sneckomod:UnknownDexterity+1","sneckomod:SoulRoll+1","sneckomod:SoulRoll+1","sneckomod:SoulRoll+1","sneckomod:SerpentIdol+1","sneckomod:SerpentIdol+1","sneckomod:SerpentIdol+1","sneckomod:Unknown3Cost+1","sneckomod:Unknown3Cost+1","sneckomod:Unknown3Cost+1","sneckomod:TrashToTreasure+1","sneckomod:TrashToTreasure+1","sneckomod:TrashToTreasure+1","Pain","Pain","Pain","sneckomod:UnknownRareSkill+1","sneckomod:UnknownRareSkill+1","sneckomod:UnknownRareSkill+1","sneckomod:SnakeSap","sneckomod:SnakeSap+1","sneckomod:SnakeSap","sneckomod:UnknownStrength+1","sneckomod:UnknownStrength+1","sneckomod:UnknownStrength+1","sneckomod:UnknownColorless+1","sneckomod:UnknownColorless+1","sneckomod:UnknownColorless+1","Apotheosis+1","Apotheosis+1","Apotheosis+1","sneckomod:DangerNoodle+1","sneckomod:DangerNoodle","sneckomod:DangerNoodle","expansioncontent:InvincibleStrength","expansioncontent:InvincibleStrength","expansioncontent:InvincibleStrength","sneckomod:UnknownClassGREEN+1","sneckomod:UnknownClassGREEN+1","sneckomod:UnknownClassGREEN+1","Doubt","Doubt","Doubt","downfall:Haunted","downfall:Haunted","downfall:Haunted","sneckomod:UnknownRareSkill+1","sneckomod:UnknownRareSkill+1","sneckomod:UnknownRareSkill+1","sneckomod:UnknownRareAttack","sneckomod:UnknownRareAttack","sneckomod:UnknownRareAttack","downfall:Icky","downfall:Icky","downfall:Icky","sneckomod:SoulExchange+1","sneckomod:SoulExchange+1","sneckomod:SoulExchange+1","sneckomod:UnknownWeak+1","sneckomod:UnknownWeak+1","sneckomod:UnknownWeak+1","Apotheosis+1","Apotheosis+1","Apotheosis+1","downfall:Icky","downfall:Icky","downfall:Icky","Normality","Normality","Normality","sneckomod:UnknownRarePower","sneckomod:UnknownRarePower","sneckomod:UnknownRarePower","sneckomod:DiceCrush","sneckomod:DiceCrush","sneckomod:DiceCrush+1","Decay","Decay","Decay","sneckomod:GlitteringGambit+1","sneckomod:GlitteringGambit+1","sneckomod:GlitteringGambit+1","sneckomod:CheapStock+1","sneckomod:CheapStock+1","sneckomod:CheapStock+1","sneckomod:UnlimitedRolls","sneckomod:UnlimitedRolls","sneckomod:UnlimitedRolls","sneckomod:UnknownCommonSkill+1","sneckomod:UnknownCommonSkill+1","sneckomod:UnknownCommonSkill+1","sneckomod:UnknownRarePower","sneckomod:UnknownRarePower","sneckomod:UnknownRarePower","expansioncontent:HyperBeam","expansioncontent:HyperBeam","expansioncontent:HyperBeam","sneckomod:UnknownVulnerable+1","sneckomod:UnknownVulnerable+1","sneckomod:UnknownVulnerable+1","sneckomod:DiceBlock+1","sneckomod:DiceBlock+1","sneckomod:DiceBlock+1","downfall:Icky","downfall:Icky","downfall:Icky","sneckomod:DangerNoodle","sneckomod:DangerNoodle","sneckomod:DangerNoodle"],"relics":["Cursed Key","Darkstone Periapt","Du-Vu Doll","Bird Faced Urn","Strange Spoon","sneckomod:BlankCard","Toxic Egg 2","downfall:HeartBlessingRed","Lantern","Question Card","SacredBark","downfall:RedIOU","Mercury Hourglass","sneckomod:LoadedDie","Snecko Eye","downfall:HeartBlessingGreen","hexamod:CandleOfCauterizing","Sundial","Bag of Marbles","hexamod:Sixitude","champ:DuelingGlove","Centennial Puzzle"],"acts_visited":["Exordium","TheCity","TheBeyond"],"potions_floor_usage":[5,11,16,30,33,50],"damage_taken":[{"damage":0,"enemies":"Small Slimes","floor":2,"turns":3},{"damage":18,"enemies":"Jaw Worm","floor":3,"turns":2},{"damage":10,"enemies":"downfall:FleeingMerchant","floor":5,"turns":4},{"damage":0,"enemies":"Gremlin Nob","floor":6,"turns":2},{"damage":0,"enemies":"Cultist","floor":8,"turns":1},{"damage":32,"enemies":"Gremlin Nob","floor":11,"turns":4},{"damage":13,"enemies":"Exordium Thugs","floor":12,"turns":4},{"damage":12,"enemies":"3 Sentries","floor":14,"turns":5},{"damage":0,"enemies":"Large Slime","floor":15,"turns":3},{"damage":20,"enemies":"DF_ARCHETYPE_STREAMLINE","floor":16,"turns":5},{"damage":0,"enemies":"Shell Parasite","floor":19,"turns":1},{"damage":0,"enemies":"Spheric Guardian","floor":20,"turns":1},{"damage":18,"enemies":"downfall:FleeingMerchant","floor":21,"turns":4},{"damage":18,"enemies":"Snake Plant","floor":22,"turns":2},{"damage":62,"enemies":"Slavers","floor":28,"turns":5},{"damage":0,"enemies":"Sentry and Sphere","floor":29,"turns":2},{"damage":41,"enemies":"Gremlin Leader","floor":30,"turns":2},{"damage":24,"enemies":"Shelled Parasite and Fungi","floor":31,"turns":3},{"damage":0,"enemies":"Snake Plant","floor":32,"turns":1},{"damage":18,"enemies":"SI_MIRROR_ARCHETYPE","floor":33,"turns":4},{"damage":0,"enemies":"Orb Walker","floor":36,"turns":1},{"damage":0,"enemies":"3 Darklings","floor":37,"turns":3},{"damage":5,"enemies":"Maw","floor":39,"turns":4},{"damage":24,"enemies":"Transient","floor":40,"turns":6},{"damage":0,"enemies":"Nemesis","floor":42,"turns":1},{"damage":25,"enemies":"Giant Head","floor":44,"turns":3},{"damage":0,"enemies":"2 Orb Walkers","floor":45,"turns":1},{"damage":79,"enemies":"Nemesis","floor":46,"turns":4},{"damage":1,"enemies":"Jaw Worm Horde","floor":48,"turns":3},{"damage":20,"enemies":"4 Shapes","floor":49,"turns":2},{"damage":24,"enemies":"IC_BLOCK_ARCHETYPE","floor":50,"turns":4}],"seed_played":"670472120957061518","potions_obtained":[{"floor":2,"key":"Regen Potion"},{"floor":3,"key":"hexamod:SoulburnPotion"},{"floor":12,"key":"Guardian:BlockOnCardUsePotion"},{"floor":14,"key":"Strength Potion"},{"floor":16,"key":"Regen Potion"},{"floor":37,"key":"PowerPotion"},{"floor":40,"key":"DuplicationPotion"},{"floor":48,"key":"Strength Potion"}],"is_trial":true,"path_per_floor":["R","M","M","?","$","?","T","M","R","?","E","M","R","E","M","B",null,"R","M","M","$","M","$","T","?","R","?","E","M","E","M","M","B",null,"R","M","M","?","M","M","T","E","R","E","?","E","$","M","M","B",null],"character_chosen":"THE_SNECKO","items_purchased":["Strange Spoon","Panache","Apotheosis+1","sneckomod:DangerNoodle","expansioncontent:InvincibleStrength","Centennial Puzzle","expansioncontent:HyperBeam"],"campfire_rested":0,"item_purchase_floors":[5,5,21,21,21,47,47],"current_hp_per_floor":[75,75,59,113,105,107,125,127,127,199,176,177,177,169,171,175,228,228,230,232,220,210,210,228,228,228,246,198,200,161,139,139,151,262,262,264,272,308,313,297,315,317,317,315,319,246,246,259,249,255],"gold":498,"neow_bonus":"","is_daily":false,"chose_seed":false,"campfire_upgraded":6,"win_rate":0.0,"timestamp":1611954892,"path_taken":["R","M","M","?","$","?","T","M","R","?","?","?","R","E","M","BOSS","R","M","M","$","M","$","T","?","R","?","E","M","E","M","M","BOSS","R","M","M","?","M","M","T","E","R","?","?","E","$","?","M","BOSS"],"items_purchased_type":["Relic","Card","Card","Card","Card","Relic","Card"],"build_version":"2020-12-22","purchased_purges":0,"victory":true,"max_hp_per_floor":[83,83,83,137,137,137,155,155,155,227,227,227,227,227,227,245,245,245,245,245,245,245,245,263,263,263,281,281,281,281,281,281,299,299,299,299,299,335,335,335,353,353,353,353,353,353,353,353,353,371],"card_choices":[{"not_picked":["sneckomod:Nope","sneckomod:QuickBite"],"picked":"sneckomod:UnknownClassRED","floor":0},{"not_picked":["sneckomod:UnknownBlock","sneckomod:Unknown1Cost"],"picked":"sneckomod:UnknownExhaust","floor":0},{"not_picked":["sneckomod:UnknownClassGUARDIAN","sneckomod:SoulRoll"],"picked":"sneckomod:UnknownDexterity","floor":0},{"not_picked":["sneckomod:UnknownDexterity","sneckomod:UnknownClassSLIMEBOUND"],"picked":"sneckomod:UnknownWeak","floor":0},{"not_picked":["sneckomod:Memorize","sneckomod:Unknown1Cost"],"picked":"sneckomod:UnknownClassRED","floor":0},{"not_picked":["sneckomod:QuickBite","sneckomod:SnekBeam"],"picked":"sneckomod:DiceBlock","floor":0},{"not_picked":["sneckomod:Nope","sneckomod:UnknownClassTHE_CHAMP_GRAY"],"picked":"sneckomod:UnknownBlock","floor":0},{"not_picked":["sneckomod:UnknownStrike","sneckomod:UnknownClassGUARDIAN"],"picked":"sneckomod:SoulCleanse","floor":0},{"not_picked":["sneckomod:UnendingSupply","sneckomod:UnknownClassGUARDIAN"],"picked":"sneckomod:QuickMove","floor":0},{"not_picked":["sneckomod:UnknownClassTHE_BRONZE_AUTOMATON","sneckomod:UnendingSupply"],"picked":"sneckomod:Unknown2Cost","floor":0},{"not_picked":["sneckomod:UnknownClassTHE_CHAMP_GRAY","sneckomod:SoulDraw"],"picked":"sneckomod:ImprovisedAttack","floor":0},{"not_picked":["sneckomod:UnknownClassBLUE","sneckomod:UnknownCommonAttack"],"picked":"sneckomod:WideSting","floor":0},{"not_picked":["sneckomod:UnknownClassTHE_CHAMP_GRAY","sneckomod:ImprovisedAttack"],"picked":"sneckomod:UnknownClassPURPLE","floor":0},{"not_picked":["sneckomod:UnknownClassSLIMEBOUND","sneckomod:DiceBlock"],"picked":"sneckomod:UnknownClassGREEN","floor":0},{"not_picked":["sneckomod:UnknownStrike","sneckomod:UnknownClassHEXA_GHOST_PURPLE"],"picked":"sneckomod:UnknownWeak","floor":0},{"not_picked":["sneckomod:IronFang","sneckomod:UnendingSupply","sneckomod:Rotation"],"picked":"SKIP","floor":2},{"not_picked":["sneckomod:UnknownX","sneckomod:UnknownClassTHE_BRONZE_AUTOMATON"],"picked":"sneckomod:UnknownClassRED","floor":3},{"not_picked":["sneckomod:DiceCrush","sneckomod:RainOfDice","sneckomod:UnknownClassTHE_BRONZE_AUTOMATON"],"picked":"SKIP","floor":5},{"not_picked":["sneckomod:UnknownCommonAttack","sneckomod:UnknownClassTHE_BRONZE_AUTOMATON+1"],"picked":"sneckomod:UnknownRarePower","floor":8},{"not_picked":["sneckomod:Cheat+1","sneckomod:UnlimitedRolls"],"picked":"sneckomod:MorePower","floor":11},{"not_picked":["sneckomod:Unknown1Cost+1","sneckomod:UnknownDexterity+1"],"picked":"sneckomod:UnknownBoss+1","floor":12},{"not_picked":["sneckomod:QuickMove+1","sneckomod:DiceBlock+1"],"picked":"sneckomod:UnknownWeak+1","floor":12},{"not_picked":["sneckomod:Transmogrify+1","sneckomod:RainOfDice+1"],"picked":"sneckomod:UnknownDexterity+1","floor":12},{"not_picked":["sneckomod:UnknownCommonSkill+1","sneckomod:UnknownClassRED+1"],"picked":"sneckomod:SoulRoll+1","floor":12},{"not_picked":["sneckomod:SoulExchange+1","sneckomod:SerpentMind+1"],"picked":"sneckomod:SerpentIdol+1","floor":14},{"not_picked":["sneckomod:UnlimitedRolls","sneckomod:UnknownRareAttack"],"picked":"sneckomod:Unknown3Cost+1","floor":14},{"not_picked":["sneckomod:Unknown0Cost+1","sneckomod:UnknownClassRED+1"],"picked":"sneckomod:TrashToTreasure+1","floor":15},{"not_picked":["sneckomod:UnknownClassGUARDIAN+1","sneckomod:DefensiveFlair+1","sneckomod:UnknownClassHEXA_GHOST_PURPLE+1","sneckomod:UnknownUncommonPower"],"picked":"SKIP","floor":15},{"not_picked":["sneckomod:Mudshield","sneckomod:UnknownRareAttack","sneckomod:UnknownBoss+1"],"picked":"sneckomod:UnknownRareSkill+1","floor":16},{"not_picked":["sneckomod:UnknownUncommonPower","sneckomod:Nope+1","sneckomod:UnknownStrike"],"picked":"sneckomod:SnakeSap","floor":19},{"not_picked":["sneckomod:Unknown2Cost+1","sneckomod:IronFang","sneckomod:WideSting"],"picked":"sneckomod:UnknownStrength+1","floor":20},{"not_picked":["sneckomod:UnknownClassPURPLE+1","sneckomod:UnknownClassGREEN+1","sneckomod:UnknownDraw+1"],"picked":"sneckomod:UnknownColorless+1","floor":21},{"not_picked":["sneckomod:UnknownCommonAttack","sneckomod:Unknown1Cost+1","sneckomod:UnknownBlock+1"],"picked":"sneckomod:UnknownClassGREEN+1","floor":22},{"not_picked":["sneckomod:Mudshield","sneckomod:Transmogrify+1","sneckomod:SerpentMind"],"picked":"sneckomod:UnknownRareSkill+1","floor":28},{"not_picked":["sneckomod:DiceCrush","sneckomod:SoulDraw+1","sneckomod:UnknownClassRED+1","sneckomod:UnknownClassBLUE+1"],"picked":"SKIP","floor":29},{"not_picked":["sneckomod:Unknown3Cost+1","sneckomod:UnlimitedRolls","sneckomod:UnknownRareSkill+1"],"picked":"sneckomod:UnknownRareAttack","floor":30},{"not_picked":["sneckomod:UnknownClassTHE_CHAMP_GRAY+1","sneckomod:UnknownCommonAttack","sneckomod:UnknownCommonSkill+1","sneckomod:UnknownClassPURPLE+1"],"picked":"SKIP","floor":31},{"not_picked":["sneckomod:DiceBoulder+1","sneckomod:Nope+1","sneckomod:UnknownClassHEXA_GHOST_PURPLE+1","sneckomod:QuickMove+1"],"picked":"SKIP","floor":32},{"not_picked":["sneckomod:MorePower","sneckomod:UnknownBoss+1","sneckomod:Mudshield"],"picked":"sneckomod:SoulExchange+1","floor":33},{"not_picked":["sneckomod:UnknownCommonAttack+1","sneckomod:RainOfDice","sneckomod:UnknownCommonSkill+1"],"picked":"sneckomod:UnknownWeak+1","floor":36},{"not_picked":["sneckomod:QuickBite","sneckomod:Unknown1Cost+1","sneckomod:Unknown0Cost+1","sneckomod:UnknownCommonSkill+1"],"picked":"SKIP","floor":37},{"not_picked":["sneckomod:Nope+1","sneckomod:UnknownUncommonPower","sneckomod:DiceBlock+1"],"picked":"sneckomod:UnknownRarePower","floor":39},{"not_picked":["sneckomod:UnknownClassSLIMEBOUND+1","sneckomod:UnknownClassPURPLE+1","sneckomod:UnknownDraw+1"],"picked":"sneckomod:DiceCrush","floor":40},{"not_picked":["sneckomod:SerpentMind","sneckomod:Transmogrify+1","sneckomod:Cheat+1"],"picked":"sneckomod:GlitteringGambit+1","floor":42},{"not_picked":["sneckomod:UnknownClassPURPLE+1","sneckomod:UnknownBlock+1"],"picked":"sneckomod:CheapStock+1","floor":44},{"not_picked":["sneckomod:SoulExchange+1","sneckomod:Restock+1","sneckomod:Mudshield"],"picked":"sneckomod:UnlimitedRolls","floor":44},{"not_picked":["sneckomod:RainOfDice","sneckomod:DiceCrush","sneckomod:QuickMove+1"],"picked":"sneckomod:UnknownCommonSkill+1","floor":45},{"not_picked":["sneckomod:Unknown3Cost+1","sneckomod:SerpentMind","sneckomod:SoulExchange+1"],"picked":"sneckomod:UnknownRarePower","floor":46},{"not_picked":["sneckomod:UnendingSupply","sneckomod:UnknownUncommonPower","sneckomod:UnknownClassGUARDIAN+1","sneckomod:UnknownDraw+1"],"picked":"SKIP","floor":48},{"not_picked":["sneckomod:SoulCleanse+1","sneckomod:UnknownExhaust+1"],"picked":"sneckomod:UnknownVulnerable+1","floor":49},{"not_picked":["sneckomod:Unknown1Cost+1","sneckomod:WideSting","sneckomod:UnknownClassTHE_CHAMP_GRAY+1"],"picked":"sneckomod:DiceBlock+1","floor":49},{"not_picked":["sneckomod:UnknownRareSkill+1","sneckomod:UnlimitedRolls","sneckomod:UnknownBoss+1"],"picked":"sneckomod:DangerNoodle","floor":50}],"player_experience":579155,"relics_obtained":[{"floor":6,"key":"sneckomod:BlankCard"},{"floor":7,"key":"Toxic Egg 2"},{"floor":11,"key":"Lantern"},{"floor":14,"key":"Question Card"},{"floor":24,"key":"Bag of Preparation"},{"floor":28,"key":"Mercury Hourglass"},{"floor":30,"key":"sneckomod:LoadedDie"},{"floor":41,"key":"hexamod:CandleOfCauterizing"},{"floor":42,"key":"Sundial"},{"floor":44,"key":"Bag of Marbles"},{"floor":45,"key":"hexamod:Sixitude"},{"floor":46,"key":"champ:DuelingGlove"}],"event_choices":[{"damage_healed":0,"gold_gain":0,"player_choice":"Fight","damage_taken":0,"max_hp_gain":0,"max_hp_loss":0,"event_name":"Mysterious Sphere","floor":45,"gold_loss":0}],"is_beta":false,"boss_relics":[{"not_picked":["Runic Pyramid","Tiny House"],"picked":"SacredBark"},{"not_picked":["Coffee Dripper","Black Star"],"picked":"Snecko Eye"}],"items_purged_floors":[],"is_endless":true,"potions_floor_spawned":[2,3,12,14,16,19,20,28,29,37,40,44,45,48],"ascension_level":20}}