{"host":"oehe2dxjvdgux73m","time":1611939404,"event":{"mods":["AchievementEnabler","BaseMod","Colored Map","Colored Powertips","DeckTracker","Keyboard Shortcuts","Minty Spire (QoL Compilation)","Permanent Neow","Quick Restart","StSLib","SuperFastMode"],"gold_per_floor":[112,126,143,160,160,160,174,185,185,185,213,86,99,116,116,187,187,202,214,214,225,67,67,98,117,143,143,143,163,179,189,189,189,189],"floor_reached":33,"language":"KOR","playtime":896,"items_purged":["Defend_R"],"score":495,"play_id":"636d2a6e-24f2-45c9-bf28-039625197613","local_time":"20210130015644","is_ascension_mode":true,"campfire_choices":[{"data":"Perfected Strike","floor":6.0,"key":"SMITH"},{"data":"True Grit","floor":10.0,"key":"SMITH"},{"data":"Pommel Strike","floor":15.0,"key":"SMITH"},{"data":"Corruption","floor":23.0,"key":"SMITH"},{"data":"Warcry","floor":28.0,"key":"SMITH"},{"data":"Shockwave","floor":32.0,"key":"SMITH"}],"circlet_count":0,"master_deck":["AscendersBane","Strike_R","Strike_R","Strike_R","Strike_R","Strike_R","Defend_R","Defend_R","Defend_R","Bash","Pommel Strike+1","Perfected Strike+1","True Grit+1","Corruption+1","Flame Barrier","Shrug It Off","Twin Strike+1","Twin Strike+1","Brutality","Dark Embrace+1","Wild Strike+1","Perfected Strike+1","Power Through","Warcry+1","Wild Strike+1","Second Wind","Shrug It Off+1","Shrug It Off","Battle Trance","Shockwave+1"],"relics":["Burning Blood","NeowsBlessing","Molten Egg 2","Bag of Preparation","Velvet Choker","Nilry\u0027s Codex","DollysMirror","Prayer Wheel","Blood Vial","Nloth\u0027s Gift"],"acts_visited":["Exordium","TheCity"],"potions_floor_usage":[33],"damage_taken":[{"damage":0.0,"enemies":"Cultist","floor":1.0,"turns":1.0},{"damage":0.0,"enemies":"Small Slimes","floor":2.0,"turns":1.0},{"damage":0.0,"enemies":"Jaw Worm","floor":3.0,"turns":1.0},{"damage":3.0,"enemies":"3 Louse","floor":4.0,"turns":4.0},{"damage":7.0,"enemies":"Blue Slaver","floor":7.0,"turns":4.0},{"damage":10.0,"enemies":"2 Fungi Beasts","floor":8.0,"turns":4.0},{"damage":26.0,"enemies":"3 Sentries","floor":11.0,"turns":8.0},{"damage":3.0,"enemies":"Looter","floor":13.0,"turns":3.0},{"damage":4.0,"enemies":"Exordium Thugs","floor":14.0,"turns":4.0},{"damage":39.0,"enemies":"The Guardian","floor":16.0,"turns":12.0},{"damage":0.0,"enemies":"3 Byrds","floor":18.0,"turns":3.0},{"damage":14.0,"enemies":"Spheric Guardian","floor":19.0,"turns":5.0},{"damage":0.0,"enemies":"Snake Plant","floor":21.0,"turns":2.0},{"damage":30.0,"enemies":"Book of Stabbing","floor":24.0,"turns":4.0},{"damage":0.0,"enemies":"Centurion and Healer","floor":25.0,"turns":5.0},{"damage":3.0,"enemies":"Snecko","floor":29.0,"turns":3.0},{"damage":9.0,"enemies":"Snake Plant","floor":30.0,"turns":4.0},{"damage":0.0,"enemies":"3 Cultists","floor":31.0,"turns":4.0},{"damage":49,"enemies":"Automaton","floor":33,"turns":6}],"seed_played":"-8301887061902200322","potions_obtained":[{"floor":3.0,"key":"AttackPotion"},{"floor":8.0,"key":"Block Potion"},{"floor":13.0,"key":"AttackPotion"},{"floor":14.0,"key":"SkillPotion"},{"floor":16.0,"key":"EssenceOfSteel"},{"floor":19.0,"key":"Strength Potion"},{"floor":21.0,"key":"Block Potion"},{"floor":30.0,"key":"Swift Potion"}],"is_trial":false,"path_per_floor":["M","M","M","M","T","R","M","M","T","R","E","$","M","M","R","B",null,"M","M","?","M","$","R","E","M","T","?","R","M","M","M","R","B"],"character_chosen":"IRONCLAD","items_purchased":["Shrug It Off","DollysMirror"],"campfire_rested":0,"item_purchase_floors":[12,22],"current_hp_per_floor":[74,75,75,75,75,75,74,70,70,70,50,50,53,55,55,22,62,68,60,39,45,45,45,21,27,27,27,27,32,31,39,39,0,0],"gold":189,"neow_bonus":"THREE_ENEMY_KILL","is_daily":false,"chose_seed":false,"campfire_upgraded":6,"win_rate":0.0,"timestamp":1611939404,"path_taken":["M","M","?","?","?","R","M","M","T","R","E","?","M","?","R","BOSS","M","M","?","M","$","R","E","M","T","?","R","M","M","M","R","BOSS"],"items_purchased_type":["Card","Relic"],"build_version":"2020-12-22","purchased_purges":1,"victory":false,"max_hp_per_floor":[75,75,75,75,75,75,75,75,75,75,75,75,75,75,75,75,75,75,75,75,75,75,75,75,75,75,75,75,75,75,75,75,75,75],"card_choices":[{"not_picked":["Armaments","Anger"],"picked":"Pommel Strike","floor":1.0},{"not_picked":["Flex","Twin Strike"],"picked":"Perfected Strike","floor":2.0},{"not_picked":["Cleave","Flex"],"picked":"True Grit","floor":3.0},{"not_picked":["Sentinel","Armaments","Thunderclap"],"picked":"SKIP","floor":4.0},{"not_picked":["Combust","Havoc"],"picked":"Corruption","floor":7.0},{"not_picked":["True Grit","Clash+1","Evolve"],"picked":"SKIP","floor":8.0},{"not_picked":["Shrug It Off","Anger+1"],"picked":"Flame Barrier","floor":11.0},{"not_picked":["Rupture","Thunderclap+1"],"picked":"Twin Strike+1","floor":13.0},{"not_picked":["Barricade","True Grit"],"picked":"Twin Strike+1","floor":14.0},{"not_picked":["Limit Break","Barricade"],"picked":"Brutality","floor":16.0},{"not_picked":["Flex+1","Heavy Blade+1"],"picked":"Dark Embrace+1","floor":18.0},{"not_picked":["Anger+1","Cleave+1","Corruption"],"picked":"SKIP","floor":19.0},{"not_picked":["Rage","Iron Wave+1"],"picked":"Wild Strike+1","floor":21.0},{"not_picked":["Havoc","Immolate+1"],"picked":"Power Through","floor":24.0},{"not_picked":["Ghostly Armor","Anger+1"],"picked":"Warcry","floor":25.0},{"not_picked":["Flame Barrier","Havoc"],"picked":"Wild Strike+1","floor":25.0},{"not_picked":["Blood for Blood+1","Iron Wave+1"],"picked":"Second Wind","floor":29.0},{"not_picked":["Armaments","Sentinel"],"picked":"Shrug It Off+1","floor":29.0},{"not_picked":["Bloodletting","Sever Soul+1"],"picked":"Shrug It Off","floor":30.0},{"not_picked":["Intimidate","Dropkick+1"],"picked":"Battle Trance","floor":30.0},{"not_picked":["Rage","Iron Wave+1"],"picked":"Shockwave","floor":31.0},{"not_picked":["Battle Trance","True Grit","Blood for Blood+1"],"picked":"SKIP","floor":31.0}],"player_experience":329329,"relics_obtained":[{"floor":5.0,"key":"Molten Egg 2"},{"floor":9.0,"key":"Bag of Preparation"},{"floor":11.0,"key":"Oddly Smooth Stone"},{"floor":20.0,"key":"Nilry\u0027s Codex"},{"floor":24.0,"key":"Prayer Wheel"},{"floor":26.0,"key":"Blood Vial"}],"event_choices":[{"damage_healed":0.0,"max_hp_gain":0.0,"max_hp_loss":0.0,"gold_gain":0.0,"event_name":"Cursed Tome","player_choice":"Obtained Book","floor":20.0,"gold_loss":0.0,"damage_taken":21.0},{"damage_healed":0.0,"max_hp_gain":0.0,"max_hp_loss":0.0,"gold_gain":0.0,"event_name":"N\u0027loth","player_choice":"Traded Relic","floor":27.0,"relics_lost":["Oddly Smooth Stone"],"gold_loss":0.0,"damage_taken":0.0,"relics_obtained":["Nloth\u0027s Gift"]}],"is_beta":false,"boss_relics":[{"not_picked":["Black Star","Runic Dome"],"picked":"Velvet Choker"}],"items_purged_floors":[12],"is_endless":false,"potions_floor_spawned":[3,8,13,14,16,19,21,30],"killed_by":"Automaton","ascension_level":16}}