{"host":"fkig9nrckec4xsh0","time":1611961438,"event":{"mods":["Act Like it!","BaseMod","Colored Map","Gensokyo","Hermit","Marisa????????","Minty Spire (QoL Compilation)","Quick Restart","Replay The Spire","StSLib"],"gold_per_floor":[113,113,288,139,152,178,178,212,212,287,287,316,316,371,371,455,455,506,506,89,153,205,205,276,276,276,29,29,29,29,112,112,229,229,280,280,325,325,379,482,533,611,638,913,1004,1004,262,345,345,421],"floor_reached":51,"language":"ENG","playtime":3373,"items_purged":["Doubt","Shame","Wraith"],"score":1555,"play_id":"263079ac-d994-438b-817b-e25d31bf615b","local_time":"20210129180358","is_ascension_mode":true,"campfire_choices":[{"data":"Footwork","floor":7,"key":"SMITH"},{"data":"Storm of Steel","floor":15,"key":"SMITH"},{"data":"Adrenaline","floor":23,"key":"SMITH"},{"data":"Venomology","floor":25,"key":"SMITH"},{"data":"Blade Dance","floor":29,"key":"SMITH"},{"data":"Acrobatics","floor":32,"key":"SMITH"},{"data":"After Image","floor":46,"key":"SMITH"},{"data":"A Thousand Cuts","floor":49,"key":"SMITH"}],"circlet_count":0,"master_deck":["AscendersBane","Strike_G","Strike_G","Strike_G","Strike_G","Strike_G","Defend_G","Defend_G","Defend_G","Defend_G","Survivor","Neutralize","Deadly Poison","Footwork+1","Backflip","Backflip","Dagger Spray","Pot Of Greed+1","Pot Of Greed+1","ReplayTheSpireMod:From All Sides","Storm of Steel+1","Adrenaline+1","Blade Dance+1","Venomology+1","ReplayTheSpireMod:The Works+1","Pot Of Greed+1","Writhe","Acrobatics+1","Burst","Hidden Blade","Reflex","Blade Dance+1","After Image+1","Sucker Punch+1","Envenom","Backflip+1","ReplayTheSpireMod:The Works","Pot Of Greed+1","A Thousand Cuts+1"],"relics":["Ring of the Snake","NeowsBlessing","Vajra","ReplayTheSpireMod:CursedCoin","Replay:Ringing Soul","Replay:Bandana","Grinning Jar","Snack Pack","Juzu Bracelet","Philosopher\u0027s Stone","Replay:Bottled Eggs","Byrd Skull","Replay:Bottled Flurry","Bottled Lightning","Regal Pillow","Ancient Tea Set","Coffee Dripper","Anchor","Omamori","Replay:Baseball","Meat on the Bone","Replay:Accelerometer","Pet Ghost","Orrery"],"acts_visited":["Exordium","TheCity","TheBeyond"],"potions_floor_usage":[8,8,16,24,31,33,33,35,35,37,37,40,41,41,41,42,45,50,50],"damage_taken":[{"damage":0,"enemies":"Small Slimes","floor":1,"turns":1},{"damage":0,"enemies":"2 Louse","floor":5,"turns":1},{"damage":0,"enemies":"3 Sentries","floor":6,"turns":2},{"damage":9,"enemies":"Lagavulin","floor":8,"turns":10},{"damage":0,"enemies":"Jaw Worm","floor":12,"turns":4},{"damage":29,"enemies":"3 Sentries","floor":14,"turns":6},{"damage":13,"enemies":"The Guardian","floor":16,"turns":15},{"damage":0,"enemies":"Chosen","floor":18,"turns":3},{"damage":0,"enemies":"3 Byrds","floor":21,"turns":3},{"damage":13,"enemies":"Centurion and Healer","floor":22,"turns":4},{"damage":15,"enemies":"Slavers","floor":24,"turns":5},{"damage":23,"enemies":"Gremlin Leader","floor":31,"turns":5},{"damage":26,"enemies":"Champ","floor":33,"turns":9},{"damage":0,"enemies":"Orb Walker","floor":35,"turns":3},{"damage":27,"enemies":"3 Darklings","floor":37,"turns":4},{"damage":40,"enemies":"4 Shapes","floor":39,"turns":5},{"damage":48,"enemies":"Reptomancer","floor":40,"turns":4},{"damage":46,"enemies":"Writhing Mass","floor":41,"turns":8},{"damage":0,"enemies":"Giant Head","floor":42,"turns":5},{"damage":20,"enemies":"Reptomancer","floor":45,"turns":5},{"damage":0,"enemies":"Transient","floor":48,"turns":5},{"damage":6,"enemies":"Donu and Deca","floor":50,"turns":4}],"seed_played":"3895278538466509251","potions_obtained":[{"floor":1,"key":"EssenceOfSteel"},{"floor":6,"key":"AttackPotion"},{"floor":8,"key":"SkillPotion"},{"floor":31,"key":"PowerPotion"},{"floor":33,"key":"Venom Potion"},{"floor":35,"key":"Toxic Potion"},{"floor":45,"key":"Fire Potion"}],"is_trial":false,"path_per_floor":["M","?","?","$","M","E","R","E","T","?","?","M","T","E","R","B",null,"M","?","$","M","M","R","E","R","T","$","?","R","?","E","R","B",null,"M","?","M","?","M","E","M","E","T","?","E","R","$","M","R","B",null],"character_chosen":"THE_SILENT","items_purchased":["Vajra","ReplayTheSpireMod:CursedCoin","Footwork","Replay:Bottled Eggs","Venomology","Bottled Lightning","Replay:Accelerometer","Pet Ghost","Orrery","DistilledChaos"],"campfire_rested":0,"item_purchase_floors":[4,4,4,20,20,27,47,47,47,47],"current_hp_per_floor":[59,52,52,52,52,55,55,49,52,41,46,49,49,25,25,25,73,80,80,83,89,88,88,81,81,81,81,84,84,87,76,76,81,101,108,108,90,93,62,31,8,27,27,27,29,29,32,66,66,74],"gold":421,"neow_bonus":"THREE_ENEMY_KILL","is_daily":false,"chose_seed":false,"campfire_upgraded":8,"win_rate":0.0,"timestamp":1611961438,"path_taken":["M","?","?","?","?","E","R","E","T","?","?","M","?","E","R","BOSS","M","?","$","M","M","R","E","R","T","$","?","R","?","E","R","BOSS","M","?","M","?","M","E","M","E","T","?","E","R","$","M","R","BOSS"],"items_purchased_type":["Relic","Relic","Card","Relic","Card","Relic","Relic","Relic","Relic","Potion"],"build_version":"2020-12-22","purchased_purges":3,"victory":true,"max_hp_per_floor":[66,66,66,66,66,69,69,72,75,75,80,83,83,86,86,89,89,92,92,95,95,98,98,98,98,98,98,101,101,104,104,104,107,107,110,110,113,116,119,122,125,128,128,128,128,128,131,131,131,131],"card_choices":[{"not_picked":["Toxin Wave","Deflect"],"picked":"Deadly Poison","floor":1},{"not_picked":["Concentrate","Flying Knee"],"picked":"Backflip","floor":5},{"not_picked":["Well Laid Plans","Sucker Punch"],"picked":"Backflip","floor":6},{"not_picked":["Deadly Poison","Dodge and Roll"],"picked":"Dagger Spray","floor":8},{"not_picked":["Deadly Poison","Dagger Spray"],"picked":"ReplayTheSpireMod:From All Sides","floor":12},{"not_picked":["PiercingWail","Bouncing Flask"],"picked":"Storm of Steel","floor":14},{"not_picked":["Die Die Die","Venomology"],"picked":"Adrenaline","floor":16},{"not_picked":["Choke","Hidden Blade"],"picked":"Blade Dance","floor":18},{"not_picked":["Underhanded Strike","PiercingWail","Prepared"],"picked":"SKIP","floor":21},{"not_picked":["Sucker Punch","Dagger Throw"],"picked":"ReplayTheSpireMod:The Works+1","floor":22},{"not_picked":["All Out Attack","ReplayTheSpireMod:Tripwire","Poison Darts"],"picked":"SKIP","floor":24},{"not_picked":["PiercingWail","Flying Knee","ReplayTheSpireMod:Shiv Toss"],"picked":"SKIP","floor":31},{"not_picked":["Doppelganger","Venomology"],"picked":"Burst","floor":33},{"not_picked":["Draining Mist","Quick Slash+1"],"picked":"Hidden Blade","floor":35},{"not_picked":["Quick Slash+1","Deflect"],"picked":"Reflex","floor":37},{"not_picked":["Flying Knee","Dagger Spray"],"picked":"Blade Dance+1","floor":39},{"not_picked":["Calculated Gamble","Blade Dance"],"picked":"After Image","floor":40},{"not_picked":["Dagger Spray+1","Dagger Throw"],"picked":"Sucker Punch+1","floor":41},{"not_picked":["Slice+1","Cloak And Dagger"],"picked":"Envenom","floor":42},{"not_picked":["Fluid Movement+1","Dodge and Roll+1","Bane"],"picked":"SKIP","floor":45},{"not_picked":["After Image","Accuracy"],"picked":"Backflip+1","floor":47},{"not_picked":["Crippling Poison","Cloak And Dagger"],"picked":"ReplayTheSpireMod:The Works","floor":47},{"not_picked":["Poisoned Stab+1","Deflect+1"],"picked":"A Thousand Cuts","floor":47},{"not_picked":["Dagger Spray","Quick Slash+1","Flying Knee"],"picked":"SKIP","floor":48}],"player_experience":411900,"relics_obtained":[{"floor":6,"key":"Replay:Ringing Soul"},{"floor":8,"key":"Replay:Bandana"},{"floor":9,"key":"Grinning Jar"},{"floor":13,"key":"Snack Pack"},{"floor":14,"key":"Juzu Bracelet"},{"floor":24,"key":"Byrd Skull"},{"floor":26,"key":"Replay:Bottled Flurry"},{"floor":31,"key":"Ancient Tea Set"},{"floor":40,"key":"Anchor"},{"floor":42,"key":"Omamori"},{"floor":43,"key":"Replay:Baseball"},{"floor":45,"key":"Meat on the Bone"}],"event_choices":[{"cards_removed":["Defend_G"],"damage_healed":0,"gold_gain":0,"player_choice":"Card Removal","damage_taken":7,"max_hp_gain":0,"max_hp_loss":0,"event_name":"Golden Wing","floor":2,"gold_loss":0},{"damage_healed":0,"gold_gain":175,"player_choice":"AGREE","damage_taken":0,"max_hp_gain":0,"max_hp_loss":0,"event_name":"Liars Game","floor":3,"gold_loss":0,"cards_obtained":["Doubt"]},{"damage_healed":0,"gold_gain":75,"player_choice":"Gather Gold","damage_taken":11,"max_hp_gain":0,"max_hp_loss":0,"event_name":"World of Goop","floor":10,"gold_loss":0},{"damage_healed":0,"gold_gain":0,"player_choice":"Donut","damage_taken":0,"max_hp_gain":5,"max_hp_loss":0,"event_name":"Big Fish","floor":11,"gold_loss":0},{"damage_healed":0,"gold_gain":0,"player_choice":"Ignored","damage_taken":0,"max_hp_gain":0,"max_hp_loss":0,"event_name":"Ghosts","floor":19,"gold_loss":0},{"damage_healed":0,"gold_gain":0,"player_choice":"Opened","damage_taken":0,"relics_obtained":["Regal Pillow"],"max_hp_gain":0,"max_hp_loss":0,"event_name":"The Mausoleum","floor":28,"gold_loss":0,"cards_obtained":["Writhe"]},{"damage_healed":0,"gold_gain":0,"player_choice":"Read","damage_taken":0,"max_hp_gain":0,"max_hp_loss":0,"event_name":"The Library","floor":30,"gold_loss":0,"cards_obtained":["Acrobatics"]},{"damage_healed":0,"gold_gain":0,"player_choice":"Bought 0 Potions","damage_taken":0,"max_hp_gain":0,"max_hp_loss":0,"event_name":"The Woman in Blue","floor":36,"gold_loss":0},{"damage_healed":0,"gold_gain":0,"player_choice":"Ignored","damage_taken":0,"max_hp_gain":0,"max_hp_loss":0,"event_name":"OrinTheCat","floor":38,"gold_loss":0},{"damage_healed":0,"gold_gain":275,"player_choice":"Desecrate","damage_taken":0,"max_hp_gain":0,"max_hp_loss":0,"event_name":"Golden Shrine","floor":44,"gold_loss":0,"cards_obtained":["Regret"]}],"is_beta":false,"boss_relics":[{"not_picked":["ChewingGum","Velvet Choker"],"picked":"Philosopher\u0027s Stone"},{"not_picked":["Empty Cage","Sozu"],"picked":"Coffee Dripper"}],"items_purged_floors":[4,20,47],"is_endless":false,"potions_floor_spawned":[1,6,8,31,33,35,39,45,48],"ascension_level":14}}