{"host":"xz7n3qy1zq36rzpg","time":1611960230,"event":{"mods":["BaseMod","Colored Map","Colored Powertips","Highlight Path","Minty Spire (QoL Compilation)","Quick Restart","Shop Mod"],"gold_per_floor":[114,114,129,229,244,274,274,289,289,289,304,319,23,38,38,38,38],"floor_reached":16,"language":"ENG","playtime":1075,"items_purged":[],"score":104,"play_id":"965b2525-7dd5-48dc-a271-1db8892a705d","local_time":"20210129234350","daily_mods":["Shiny","ControlledChaos","Lethality"],"is_ascension_mode":false,"campfire_choices":[{"floor":7,"key":"REST"},{"data":"After Image","floor":10,"key":"SMITH"},{"floor":15,"key":"REST"}],"circlet_count":0,"master_deck":["Venomology","Corpse Explosion","Malaise","Phantasmal Killer","Die Die Die","Adrenaline","Envenom","Doppelganger","Burst","Wraith Form v2","Tools of the Trade","Night Terror","Unload","After Image+1","Bullet Time","Storm of Steel","Glass Knife","A Thousand Cuts","Cloak And Dagger","Endless Agony","Bane","Leg Sweep","Footwork","Calculated Gamble","Blade Dance","Accuracy","Riddle With Holes"],"relics":["Ring of the Snake","Frozen Eye","Akabeko","Nunchaku","ClockworkSouvenir"],"acts_visited":["Exordium"],"potions_floor_usage":[5,6,6,11,16,16],"damage_taken":[{"damage":14,"enemies":"Jaw Worm","floor":1,"turns":3},{"damage":0,"enemies":"Small Slimes","floor":3,"turns":2},{"damage":0,"enemies":"Cultist","floor":5,"turns":2},{"damage":26,"enemies":"Gremlin Nob","floor":6,"turns":4},{"damage":0,"enemies":"Exordium Thugs","floor":8,"turns":2},{"damage":16,"enemies":"Large Slime","floor":11,"turns":4},{"damage":0,"enemies":"Looter","floor":12,"turns":2},{"damage":4,"enemies":"Exordium Wildlife","floor":14,"turns":3},{"damage":55,"enemies":"Hexaghost","floor":16,"turns":5}],"seed_played":"1138922244981197753","potions_obtained":[{"floor":5,"key":"Fruit Juice"},{"floor":14,"key":"DuplicationPotion"}],"is_trial":false,"path_per_floor":["M","?","M","?","M","E","R","M","T","R","M","M","$","M","R","B"],"character_chosen":"THE_SILENT","items_purchased":["ClockworkSouvenir","CunningPotion","Accuracy"],"campfire_rested":2,"item_purchase_floors":[13,13,13],"current_hp_per_floor":[56,49,49,49,54,28,50,50,50,50,34,34,34,30,52,0,0],"gold":38,"neow_bonus":"","is_daily":true,"chose_seed":false,"campfire_upgraded":1,"win_rate":0.0,"timestamp":1611960230,"path_taken":["M","?","M","?","?","E","R","M","T","R","M","M","?","M","R","BOSS"],"items_purchased_type":["Relic","Potion","Card"],"build_version":"2020-12-22","purchased_purges":0,"victory":false,"max_hp_per_floor":[70,70,70,70,75,75,75,75,75,75,75,75,75,75,75,75,75],"card_choices":[{"not_picked":["Masterful Stab","Infinite Blades"],"picked":"Cloak And Dagger","floor":1},{"not_picked":["Slice","Acrobatics"],"picked":"Endless Agony","floor":3},{"not_picked":["Finisher","PiercingWail"],"picked":"Bane","floor":5},{"not_picked":["Quick Slash","Dodge and Roll"],"picked":"Leg Sweep","floor":6},{"not_picked":["Dagger Throw","Flying Knee"],"picked":"Footwork","floor":8},{"not_picked":["Reflex","Endless Agony"],"picked":"Calculated Gamble","floor":11},{"not_picked":["Prepared","Dash"],"picked":"Blade Dance","floor":12},{"not_picked":["Dodge and Roll","Deflect"],"picked":"Riddle With Holes","floor":14}],"player_experience":357466,"relics_obtained":[{"floor":6,"key":"Akabeko"},{"floor":9,"key":"Nunchaku"}],"event_choices":[{"cards_removed":["Grand Finale"],"damage_healed":0,"gold_gain":0,"player_choice":"Card Removal","damage_taken":7,"max_hp_gain":0,"max_hp_loss":0,"event_name":"Golden Wing","floor":2,"gold_loss":0},{"damage_healed":0,"gold_gain":100,"player_choice":"Gold","damage_taken":0,"max_hp_gain":0,"max_hp_loss":0,"event_name":"Wheel of Change","floor":4,"gold_loss":0}],"is_beta":false,"boss_relics":[],"items_purged_floors":[],"is_endless":false,"potions_floor_spawned":[5,14],"killed_by":"Hexaghost","ascension_level":0}}