{"host":"phy652c7lim9lcu2","time":1611919337,"event":{"mods":["BaseMod","BetterRewards","Colored Powertips","Downfall","Googly Eyes","Hubris","Minty Spire (QoL Compilation)","Relic Stats","Spicy Shops","StSLib","everything is the same but u backflip on backflip"],"gold_per_floor":[119,131,148,67,27,27,42,68,68,84,84,84,184,196,196,298,298,318,333,344,361,377,377,408,423,423,4,20,37,61,81,81,182,182,199,213,113,128,128,128,128,8,8,8,8,18,18,44,44,44,44,44,5,38,38,38],"floor_reached":55,"language":"ENG","playtime":3272,"items_purged":["Strike_R+1","Defend_R","Strike_R+1","Strike_R+1"],"score":940,"play_id":"87d39527-e0be-46e7-8b16-eff78693914b","local_time":"20210129212217","is_ascension_mode":true,"campfire_choices":[{"data":"Searing Blow","floor":6.0,"key":"SMITH"},{"data":"Searing Blow+3","floor":12.0,"key":"SMITH"},{"data":"Searing Blow+4","floor":15.0,"key":"SMITH"},{"data":"Searing Blow+6","floor":23.0,"key":"SMITH"},{"data":"Entrench","floor":32.0,"key":"SMITH"},{"data":"Searing Blow+7","floor":40.0,"key":"SMITH"},{"floor":44.0,"key":"RECALL"},{"data":"Searing Blow+8","floor":49.0,"key":"SMITH"},{"data":"Searing Blow+9","floor":52.0,"key":"SMITH"}],"circlet_count":0,"master_deck":["LessonLearned+1","Strike_R+1","Defend_R+1","Bash+1","Body Slam+1","Pommel Strike","Battle Trance+1","Searing Blow+10","Shrug It Off+1","Body Slam+1","Reaper+1","Shrug It Off+1","Entrench+1","Metallicize+1","Metallicize","Juggernaut+1","Master of Strategy+1","Juggernaut"],"relics":["Burning Blood","hubris:GlazedTorus","The Courier","Empty Cage","Question Card","hubris:Spice","hubris:BottledRain","hubris:Icosahedron","Incense Burner","TungstenRod"],"acts_visited":["Exordium","TheCity","TheBeyond","TheEnding"],"potions_floor_usage":[55,55],"damage_taken":[{"damage":6.0,"enemies":"2 Louse","floor":1.0,"turns":3.0},{"damage":1.0,"enemies":"Cultist","floor":2.0,"turns":4.0},{"damage":7.0,"enemies":"Jaw Worm","floor":3.0,"turns":3.0},{"damage":5.0,"enemies":"2 Fungi Beasts","floor":7.0,"turns":3.0},{"damage":18.0,"enemies":"Gremlin Nob","floor":8.0,"turns":4.0},{"damage":13.0,"enemies":"Lots of Slimes","floor":10.0,"turns":3.0},{"damage":7.0,"enemies":"Gremlin Gang","floor":14.0,"turns":4.0},{"damage":35.0,"enemies":"Hexaghost","floor":16.0,"turns":7.0},{"damage":20.0,"enemies":"Shell Parasite","floor":18.0,"turns":5.0},{"damage":20.0,"enemies":"3 Byrds","floor":19.0,"turns":5.0},{"damage":0.0,"enemies":"Snecko","floor":20.0,"turns":3.0},{"damage":1.0,"enemies":"Centurion and Healer","floor":21.0,"turns":7.0},{"damage":9.0,"enemies":"Chosen and Byrds","floor":22.0,"turns":8.0},{"damage":32.0,"enemies":"Slavers","floor":24.0,"turns":6.0},{"damage":2.0,"enemies":"3 Cultists","floor":25.0,"turns":5.0},{"damage":13.0,"enemies":"Shelled Parasite and Fungi","floor":28.0,"turns":5.0},{"damage":6.0,"enemies":"Snake Plant","floor":29.0,"turns":4.0},{"damage":4.0,"enemies":"Centurion and Healer","floor":31.0,"turns":5.0},{"damage":50.0,"enemies":"Collector","floor":33.0,"turns":9.0},{"damage":9.0,"enemies":"Orb Walker","floor":35.0,"turns":3.0},{"damage":7.0,"enemies":"3 Shapes","floor":36.0,"turns":6.0},{"damage":8.0,"enemies":"Transient","floor":38.0,"turns":5.0},{"damage":0.0,"enemies":"Jaw Worm Horde","floor":46.0,"turns":4.0},{"damage":28.0,"enemies":"Giant Head","floor":48.0,"turns":7.0},{"damage":15.0,"enemies":"hubris:GrandSnecko","floor":50.0,"turns":9.0},{"damage":0.0,"enemies":"Shield and Spear","floor":54.0,"turns":3.0},{"damage":93,"enemies":"The Heart","floor":55,"turns":5}],"seed_played":"-3601831519317476501","potions_obtained":[{"floor":1.0,"key":"ColorlessPotion"},{"floor":5.0,"key":"DistilledChaos"},{"floor":5.0,"key":"Energy Potion"},{"floor":10.0,"key":"Swift Potion"},{"floor":18.0,"key":"SkillPotion"},{"floor":20.0,"key":"SkillPotion"},{"floor":21.0,"key":"Weak Potion"},{"floor":54.0,"key":"DistilledChaos"}],"is_trial":false,"path_per_floor":["M","M","M","$","?","R","M","E","T","M","?","R","?","M","R","B",null,"M","M","M","M","M","R","E","M","T","$","M","M","T","M","R","B",null,"M","M","$","M","?","R","?","$","T","R","?","M","?","E","R","B",null,"R","$","E","B"],"character_chosen":"IRONCLAD","items_purchased":["Body Slam","Searing Blow","Metallicize","hubris:Spice","hubris:BottledRain","Fire Potion","Swift Potion"],"campfire_rested":0,"item_purchase_floors":[0,4,27,27,27,27,53],"current_hp_per_floor":[72,77,76,76,76,76,77,65,65,58,58,58,58,57,57,28,67,53,45,51,61,64,64,38,49,57,65,70,76,76,86,86,42,77,74,81,81,79,79,79,79,79,79,79,79,85,85,63,63,54,80,80,80,86,0,0],"gold":38,"neow_bonus":"","is_daily":false,"chose_seed":false,"campfire_upgraded":8,"win_rate":0.0,"timestamp":1611919337,"path_taken":["M","M","M","$","?","R","M","E","T","?","?","R","?","M","R","BOSS","M","M","M","M","?","R","E","M","T","$","?","M","?","M","R","BOSS","M","M","$","M","?","R","?","$","T","R","?","?","?","E","R","BOSS","R","$","E","BOSS"],"items_purchased_type":["Card","Card","Card","Relic","Relic","Potion","Potion"],"build_version":"2020-12-22","purchased_purges":4,"victory":false,"max_hp_per_floor":[80,80,80,80,80,80,80,80,80,80,80,80,80,80,80,80,80,80,80,80,80,80,80,80,80,88,96,96,96,88,88,88,88,88,88,88,88,88,88,88,88,88,88,88,88,88,88,88,88,88,88,88,88,88,88,88],"relic_stats":{"counters":[85,396],"Question Card":12,"obtain_stats":[{"Tiny House":34,"Gremlin Horn":17,"CeramicFish":31,"Runic Capacitor":0,"Whetstone":54,"Centennial Puzzle":8,"Strawberry":6,"downfall:ExtraCursedKey":13,"Kunai":53,"Toxic Egg 2":11,"hubris:TinFlute":7,"Pear":24,"Happy Flower":27,"hubris:DuctTape":47,"Astrolabe":17,"Blue Candle":36,"Oddly Smooth Stone":0,"Pen Nib":26,"Letter Opener":41,"Question Card":24,"Akabeko":14,"Shuriken":45,"hubris:PeanutButter":9,"hubris:ToyBattleship":30,"Juzu Bracelet":6,"Incense Burner":48,"hubris:EmptyBottle":12,"Smiling Mask":14,"Ancient Tea Set":0,"Empty Cage":17,"Burning Blood":0,"ClockworkSouvenir":19,"Nunchaku":26,"hubris:Icosahedron":41,"Gambling Chip":21,"Tiny Chest":17,"Red Mask":0,"Chemical X":0,"Cracked Core":0,"hubris:GlazedTorus":8,"PreservedInsect":0,"The Courier":9,"Orichalcum":0,"hubris:Towel":22,"Calling Bell":17,"Strange Spoon":36,"hubris:Spice":26,"Turnip":17,"Membership Card":4,"hubris:CrackedHourglass":17,"PureWater":0,"TungstenRod":0,"Toy Ornithopter":11,"hubris:BottledRain":27},{"Tiny House":47,"Gremlin Horn":41,"CeramicFish":46,"Runic Capacitor":5,"Whetstone":57,"Centennial Puzzle":22,"Strawberry":20,"downfall:ExtraCursedKey":12,"Kunai":56,"Toxic Egg 2":24,"hubris:TinFlute":36,"Pear":44,"Happy Flower":45,"hubris:DuctTape":54,"Astrolabe":14,"Blue Candle":48,"Oddly Smooth Stone":32,"Pen Nib":31,"Letter Opener":52,"Question Card":72,"Akabeko":40,"Shuriken":53,"hubris:PeanutButter":11,"hubris:ToyBattleship":45,"Juzu Bracelet":10,"Incense Burner":82,"hubris:EmptyBottle":24,"Smiling Mask":12,"Ancient Tea Set":32,"Empty Cage":66,"Burning Blood":0,"ClockworkSouvenir":42,"Nunchaku":44,"hubris:Icosahedron":80,"Gambling Chip":29,"Tiny Chest":41,"Red Mask":0,"Chemical X":0,"Cracked Core":0,"hubris:GlazedTorus":63,"PreservedInsect":0,"The Courier":63,"Orichalcum":14,"hubris:Towel":29,"Calling Bell":41,"Strange Spoon":48,"hubris:Spice":73,"Turnip":41,"Membership Card":8,"hubris:CrackedHourglass":27,"PureWater":0,"TungstenRod":0,"Toy Ornithopter":37,"hubris:BottledRain":73},{"Tiny House":200,"Gremlin Horn":169,"CeramicFish":191,"Runic Capacitor":13,"Whetstone":252,"Centennial Puzzle":80,"Strawberry":73,"downfall:ExtraCursedKey":43,"Kunai":247,"Toxic Egg 2":86,"hubris:TinFlute":151,"Pear":181,"Happy Flower":183,"hubris:DuctTape":234,"Astrolabe":56,"Blue Candle":203,"Oddly Smooth Stone":131,"Pen Nib":122,"Letter Opener":222,"Question Card":326,"Akabeko":165,"Shuriken":229,"hubris:PeanutButter":38,"hubris:ToyBattleship":183,"Juzu Bracelet":34,"Incense Burner":379,"hubris:EmptyBottle":86,"Smiling Mask":43,"Ancient Tea Set":131,"Empty Cage":292,"Burning Blood":0,"ClockworkSouvenir":172,"Nunchaku":181,"hubris:Icosahedron":368,"Gambling Chip":115,"Tiny Chest":169,"Red Mask":0,"Chemical X":0,"Cracked Core":0,"hubris:GlazedTorus":278,"PreservedInsect":0,"The Courier":278,"Orichalcum":56,"hubris:Towel":115,"Calling Bell":169,"Strange Spoon":203,"hubris:Spice":331,"Turnip":169,"Membership Card":24,"hubris:CrackedHourglass":107,"PureWater":0,"TungstenRod":0,"Toy Ornithopter":156,"hubris:BottledRain":331}],"Burning Blood":156,"TungstenRod":29},"card_choices":[{"not_picked":["Clothesline","Flex"],"picked":"Pommel Strike","floor":1.0},{"not_picked":["Hemokinesis","Burning Pact"],"picked":"Battle Trance","floor":2.0},{"not_picked":["Thunderclap","Twin Strike","True Grit"],"picked":"SKIP","floor":3.0},{"not_picked":["Dropkick","Anger"],"picked":"Shrug It Off","floor":7.0},{"not_picked":["Body Slam","Twin Strike","Bludgeon"],"picked":"SKIP","floor":8.0},{"not_picked":["Twin Strike","Bludgeon"],"picked":"Body Slam","floor":8.0},{"not_picked":["Headbutt","Cleave","Warcry"],"picked":"SKIP","floor":10.0},{"not_picked":["Disarm","Pommel Strike","Clothesline"],"picked":"SKIP","floor":14.0},{"not_picked":["Immolate","Impervious"],"picked":"Reaper","floor":16.0},{"not_picked":["Entrench","Anger","Armaments+1"],"picked":"SKIP","floor":18.0},{"not_picked":["Flex+1","Rampage","Havoc"],"picked":"SKIP","floor":19.0},{"not_picked":["Blood for Blood+1","Demon Form"],"picked":"Shrug It Off+1","floor":20.0},{"not_picked":["Sword Boomerang","Body Slam+1"],"picked":"Entrench","floor":21.0},{"not_picked":["Pommel Strike","Body Slam","Thunderclap"],"picked":"SKIP","floor":22.0},{"not_picked":["Searing Blow","Havoc","Infernal Blade"],"picked":"SKIP","floor":24.0},{"not_picked":["Feel No Pain","Clash","Pommel Strike","Shockwave"],"picked":"SKIP","floor":25.0},{"not_picked":["hubris:ReadiedAction+1","Clothesline","Sword Boomerang"],"picked":"Metallicize","floor":28.0},{"not_picked":["Flex+1","Headbutt","Feel No Pain+1","Perfected Strike"],"picked":"SKIP","floor":29.0},{"not_picked":["Perfected Strike","hubris:SpiceAddiction","Clash+1","Bloodletting+1"],"picked":"SKIP","floor":31.0},{"not_picked":["Berserk","Immolate","Fiend Fire"],"picked":"Juggernaut","floor":33.0},{"not_picked":["hubris:SpiceAddiction","Clothesline","Armaments+1","Twin Strike+1"],"picked":"SKIP","floor":35.0},{"not_picked":["Shrug It Off+1","Iron Wave+1","hubris:SpiceAddiction","Whirlwind"],"picked":"SKIP","floor":36.0},{"not_picked":["Body Slam+1","Twin Strike","Sword Boomerang+1","Shockwave+1"],"picked":"SKIP","floor":38.0},{"not_picked":["Violence","Flash of Steel","Discovery"],"picked":"Master of Strategy","floor":39.0},{"not_picked":["Twin Strike","Clothesline+1","hubris:SpiceAddiction","hubris:ReadiedAction+1"],"picked":"SKIP","floor":46.0},{"not_picked":["Anger","Twin Strike+1","hubris:SpiceAddiction"],"picked":"Juggernaut","floor":48.0},{"not_picked":["hubris:SpiceAddiction","Headbutt","Feel No Pain+1","hubris:SpiceAddiction"],"picked":"SKIP","floor":54.0}],"player_experience":276422,"relics_obtained":[{"floor":8.0,"key":"hubris:GlazedTorus"},{"floor":9.0,"key":"The Courier"},{"floor":24.0,"key":"Question Card"},{"floor":26.0,"key":"hubris:Spice"},{"floor":30.0,"key":"hubris:Spice"},{"floor":48.0,"key":"Incense Burner"},{"floor":54.0,"key":"TungstenRod"}],"event_choices":[{"damage_healed":0.0,"max_hp_gain":0.0,"max_hp_loss":0.0,"gold_gain":0.0,"event_name":"The Woman in Blue","player_choice":"Bought 3 Potions","floor":5.0,"gold_loss":0.0,"damage_taken":0.0},{"damage_healed":0.0,"max_hp_gain":0.0,"max_hp_loss":0.0,"gold_gain":100.0,"event_name":"Golden Shrine","player_choice":"Pray","floor":13.0,"gold_loss":0.0,"damage_taken":0.0},{"damage_healed":0.0,"max_hp_gain":0.0,"max_hp_loss":0.0,"gold_gain":0.0,"event_name":"SensoryStone","player_choice":"Memory 1","floor":39.0,"gold_loss":0.0,"damage_taken":0.0},{"cards_removed":["Defend_R"],"damage_healed":0.0,"max_hp_gain":0.0,"max_hp_loss":0.0,"gold_gain":0.0,"event_name":"Bonfire Elementals","player_choice":"Offered Basic","floor":45.0,"gold_loss":0.0,"damage_taken":0.0}],"is_beta":false,"boss_relics":[{"not_picked":["Cursed Key","Black Blood"],"picked":"Empty Cage"},{"not_picked":["hubris:Spice","hubris:Spice","Sozu"]}],"items_purged_floors":[27,27,37,42],"is_endless":false,"potions_floor_spawned":[1,10,16,18,20,21,28,33,36,48,54],"killed_by":"The Heart","ascension_level":6}}