{"host":"d30a110yzuqvj3hw","time":1611903690,"event":{"mods":["Alarm Clock","Aspiration","BaseMod","Downfall","Energized Spire","Googly Eyes","Highlight Path","KomeijiMod","Minty Spire (QoL Compilation)","Quarter Circle Forward PUNCH!","Quick Restart","Replay The Spire","Spicy Shops","Spire Arcade","StSLib","The Disciple","The Jungle","[GremlinLeader]The Maniac"],"gold_per_floor":[109,109,109,128,141,175,175,175,175],"floor_reached":8,"language":"ZHS","playtime":184,"items_purged":[],"score":78,"play_id":"118968c7-ce1f-4500-a4be-a23ef9a522a0","local_time":"20210129150130","is_ascension_mode":true,"campfire_choices":[{"floor":7,"key":"REST"}],"circlet_count":0,"master_deck":["Strike_G+1","Strike_G+1","Strike_G","Strike_G","Strike_G","Defend_G","Defend_G","Defend_G","Defend_G","Survivor","Neutralize","Hidden Blade","Blade Dance","ReplayTheSpireMod:Scrap Shanks","Blade Dance"],"relics":["Ring of the Snake","NeowsBlessing","aspiration:SeaSaltIceCream","aspiration:Nostalgia","Slimebound:AbsorbEndCombat","Whetstone"],"acts_visited":["Exordium"],"potions_floor_usage":[6,8],"damage_taken":[{"damage":0,"enemies":"Jaw Worm","floor":1,"turns":1},{"damage":0,"enemies":"2 Louse","floor":4,"turns":1},{"damage":0,"enemies":"Cultist","floor":5,"turns":1},{"damage":47,"enemies":"Lagavulin","floor":6,"turns":8},{"damage":28,"enemies":"Gremlin Nob","floor":8,"turns":3}],"seed_played":"-6158714555400986083","potions_obtained":[{"floor":5,"key":"Adrenaline Potion"},{"floor":6,"key":"LiquidMemories"}],"is_trial":false,"path_per_floor":["M","?","?","M","M","E","R","E"],"character_chosen":"THE_SILENT","items_purchased":[],"campfire_rested":1,"item_purchase_floors":[],"current_hp_per_floor":[63,51,51,51,51,4,25,0,0],"gold":175,"neow_bonus":"THREE_ENEMY_KILL","is_daily":false,"chose_seed":false,"campfire_upgraded":0,"win_rate":0.0,"timestamp":1611903690,"path_taken":["M","?","?","?","M","E","R","E"],"items_purchased_type":[],"build_version":"2020-12-22","purchased_purges":0,"victory":false,"max_hp_per_floor":[70,70,70,70,70,70,70,70,70],"card_choices":[{"not_picked":["Sneak Up","ReplayTheSpireMod:Speed Training"],"picked":"Hidden Blade","floor":1},{"not_picked":["Dagger Spray","Bane"],"picked":"Blade Dance","floor":4},{"not_picked":["Bane","Backflip"],"picked":"ReplayTheSpireMod:Scrap Shanks","floor":5},{"not_picked":["Poisoned Stab","Well Laid Plans"],"picked":"Blade Dance","floor":6}],"player_experience":495955,"relics_obtained":[{"floor":6,"key":"Whetstone"}],"event_choices":[{"damage_healed":0,"gold_gain":0,"player_choice":"Success","damage_taken":12,"relics_obtained":["aspiration:SeaSaltIceCream"],"max_hp_gain":0,"max_hp_loss":0,"event_name":"Scrap Ooze","floor":2,"gold_loss":0},{"cards_removed":["Defend_G"],"damage_healed":0,"gold_gain":0,"player_choice":"Purged","damage_taken":0,"max_hp_gain":0,"max_hp_loss":0,"event_name":"Purifier","floor":3,"gold_loss":0}],"is_beta":false,"boss_relics":[],"items_purged_floors":[],"is_endless":false,"potions_floor_spawned":[5,6],"killed_by":"Gremlin Nob","ascension_level":8}}