{"host":"u7y6mp3waw4jt65j","time":1611914264,"event":{"mods":["ATMod(°¢èªMod)","Aspiration","BaseMod","Conspire","Dota2Spire","Jedi Mod","Minty Spire (QoL Compilation)","Reliquary","Replay The Spire","StSLib","¡¾ÒÅÎï¿¨ÅÆ¡¿REMEMod"],"gold_per_floor":[115,115,115,128,139,139,171,182,182,228,145,167,167,194,194,268,268,287,287,93,93,109,109,109],"floor_reached":23,"language":"ZHS","playtime":1338,"items_purged":[],"score":348,"play_id":"1d274c32-d776-4245-8a38-ce7d664ef80d","local_time":"20210129175744","is_ascension_mode":true,"campfire_choices":[{"data":"AT_EmpoweredMortalDraw","floor":6.0,"key":"SMITH"},{"data":"Brutality","floor":13.0,"key":"SMITH"},{"floor":15.0,"key":"REST"}],"circlet_count":0,"master_deck":["AscendersBane","Strike_R","Strike_R","Strike_R","Strike_R","Strike_R","Defend_R","Defend_R","Defend_R","Defend_R","Bash","Reaper","AT_EmpoweredMortalDraw+1","Armaments","Sentinel","Power Through","Havoc","Headbutt","Thunderclap","Thunderclap","Brutality+1","Infernal Blade","jedi:strikingstrike","Replay:Undeath\u0027s Touch","Seeing Red","jedi:strikingstrike","Wild Strike"],"relics":["Burning Blood","AT_ATBox","REME_ComplimentaryCards","NeowsBlessing","Replay:Wax Seal","CultistMask","Dota2Spire:PowerTreads","Lizard Tail","Odd Mushroom","reliquary:BallBearing","Honey Jar","jedi:maincommand"],"acts_visited":["Exordium","TheCity"],"potions_floor_usage":[23,23],"damage_taken":[{"damage":3.0,"enemies":"conspire:RoseBush","floor":1.0,"turns":1.0},{"damage":0.0,"enemies":"Cultist","floor":4.0,"turns":1.0},{"damage":0.0,"enemies":"Small Slimes","floor":5.0,"turns":1.0},{"damage":10.0,"enemies":"3 Sentries","floor":7.0,"turns":4.0},{"damage":0.0,"enemies":"2 Fungi Beasts","floor":8.0,"turns":1.0},{"damage":2.0,"enemies":"3 Louse","floor":11.0,"turns":4.0},{"damage":2.0,"enemies":"The Mushroom Lair","floor":12.0,"turns":2.0},{"damage":49.0,"enemies":"Replay:BlueRogue","floor":14.0,"turns":5.0},{"damage":66.0,"enemies":"Fading Forest","floor":16.0,"turns":11.0},{"damage":13,"enemies":"Shell Parasite","floor":18,"turns":2},{"damage":14,"enemies":"Chosen","floor":22,"turns":3},{"damage":29,"enemies":"conspire:Head Lice","floor":23,"turns":9}],"seed_played":"8200783270136252786","potions_obtained":[{"floor":1.0,"key":"EssenceOfSteel"},{"floor":11.0,"key":"CultistPotion"},{"floor":16.0,"key":"LiquidBronze"},{"floor":22,"key":"HeartOfIron"}],"is_trial":false,"path_per_floor":["M","?","?","M","M","R","E","M","T","$","M","?","R","E","R","B",null,"M","?","$","?","M","E"],"character_chosen":"IRONCLAD","items_purchased":["Thunderclap","Seeing Red","jedi:strikingstrike"],"campfire_rested":1,"item_purchase_floors":[10,20,20],"current_hp_per_floor":[72,67,67,73,75,75,71,75,75,75,75,75,75,35,57,32,64,57,72,72,37,29,2,2],"gold":109,"neow_bonus":"THREE_ENEMY_KILL","is_daily":false,"chose_seed":false,"campfire_upgraded":2,"win_rate":0.0,"timestamp":1611914264,"path_taken":["M","?","?","M","?","R","E","M","T","$","?","?","R","E","R","BOSS","M","?","$","?","M","E"],"items_purchased_type":["Card","Card","Card"],"build_version":"2020-12-22","purchased_purges":0,"victory":false,"max_hp_per_floor":[75,75,75,75,75,75,75,75,75,75,75,75,75,75,75,75,75,75,75,75,75,75,75,75],"card_choices":[{"not_picked":["Anger","Thunderclap"],"picked":"Armaments","floor":1.0},{"not_picked":["Warcry","Anger"],"picked":"Sentinel","floor":4.0},{"not_picked":["Armaments","REME_FearOfPain"],"picked":"Power Through","floor":5.0},{"not_picked":["jedi:controlledanger","ReplayTheSpireMod:Stacked"],"picked":"Havoc","floor":7.0},{"not_picked":["Shrug It Off","Dual Wield"],"picked":"Headbutt","floor":8.0},{"not_picked":["REME_FearOfPain","Wild Strike"],"picked":"Thunderclap","floor":11.0},{"not_picked":["Anger","Twin Strike"],"picked":"Brutality","floor":12.0},{"not_picked":["jedi:collectorstrike","Warcry"],"picked":"Infernal Blade","floor":14.0},{"not_picked":["Demon Form","Hemogenesis"],"picked":"jedi:strikingstrike","floor":16.0},{"not_picked":["ReplayTheSpireMod:Strike From Hell","Iron Wave","jedi:fear"],"picked":"Replay:Undeath\u0027s Touch","floor":18},{"not_picked":["Armaments","AT_BodySlamDance","Life Link"],"picked":"Wild Strike","floor":22}],"player_experience":149230,"relics_obtained":[{"floor":7.0,"key":"Dota2Spire:PowerTreads"},{"floor":9.0,"key":"Lizard Tail"},{"floor":12.0,"key":"Odd Mushroom"},{"floor":14.0,"key":"reliquary:BallBearing"}],"event_choices":[{"damage_healed":0.0,"max_hp_gain":0.0,"max_hp_loss":0.0,"gold_gain":0.0,"event_name":"Scrap Ooze","player_choice":"Success","floor":2.0,"gold_loss":0.0,"damage_taken":5.0,"relics_obtained":["Replay:Wax Seal"]},{"damage_healed":0.0,"max_hp_gain":0.0,"max_hp_loss":0.0,"gold_gain":0.0,"event_name":"FaceTrader","player_choice":"Trade","floor":3.0,"gold_loss":0.0,"damage_taken":0.0,"relics_obtained":["CultistMask"]},{"damage_healed":0.0,"max_hp_gain":0.0,"max_hp_loss":0.0,"gold_gain":0.0,"event_name":"Mushrooms","player_choice":"Fought Mushrooms","floor":12.0,"gold_loss":0.0,"damage_taken":0.0},{"damage_healed":15,"gold_gain":0,"player_choice":"Heal","damage_taken":0,"max_hp_gain":0,"max_hp_loss":0,"event_name":"The Library","floor":19,"gold_loss":0}],"is_beta":false,"boss_relics":[{"not_picked":["conspire:SeveredTorchhead","aspiration:FutureDiary"],"picked":"Honey Jar"}],"items_purged_floors":[],"is_endless":false,"potions_floor_spawned":[1,11,16,22],"killed_by":"conspire:Head Lice","ascension_level":15}}