{"host":"vrsxkkch9ccrec7k","time":1611908195,"event":{"mods":["Act Like it!","BaseMod","Bestiary","Better Altar","Better Match","Better Note","Better Sensory Stone","Better Skull","Better Third Choice","Better Vampires","Downfall","Minty Spire (QoL Compilation)","Permanent Neow","Relic Stats","Spicy Shops","StSLib"],"gold_per_floor":[99,115,115,128,128,141,141,170,170,9,9,23,23,40,59,162,162,162,174,174,192,292,232,279,290,320,336,336,370,384,384,396,491,491,491,511,511,521,147,147,220,248,248,248,248,27,43,6,20,20],"floor_reached":51,"language":"ENG","playtime":4404,"items_purged":["bronze:Strike","Pain"],"score":1137,"play_id":"19993572-ea4a-4b05-a94b-b895f68be84a","local_time":"20210129031635","is_ascension_mode":true,"campfire_choices":[{"data":"bronze:CloningBeam","floor":1.0,"key":"SMITH"},{"data":"bronze:Goto","floor":9.0,"key":"SMITH"},{"data":"bronze:Repair","floor":11.0,"key":"SMITH"},{"floor":13.0,"key":"REST"},{"data":"bronze:Library","floor":18.0,"key":"SMITH"},{"data":"bronze:ItsAFeature","floor":28.0,"key":"SMITH"},{"floor":35.0,"key":"RECALL"},{"data":"bronze:Shell","floor":40.0,"key":"SMITH"},{"data":"bronze:Boost","floor":45,"key":"SMITH"}],"circlet_count":0,"master_deck":["bronze:Defend","bronze:Defend","bronze:Defend","bronze:Defend","bronze:Replicate","bronze:Goto+1","bronze:CloningBeam+1","bronze:FollowUp","bronze:DelayedSlice","bronze:Frontload","bronze:BugBarrage","bronze:Repair+1","bronze:Boost+1","bronze:Shell+1","bronze:BugBarrage","bronze:Library+1","bronze:ItsAFeature+1","bronze:WhirlingStrike+1","bronze:FineTuning+1","bronze:Frontload+1","bronze:Deprecate+1","bronze:FineTuning+1","bronze:BronzeArmor+1","bronze:InfiniteBeams","bronze:Assembly+1","bronze:ItsAFeature","bronze:FindAndReplace+1","bronze:ItsAFeature","bronze:FineTuning+1","downfall:Bewildered","bronze:MaxOutput","bronze:Allocate+1","bronze:Repulsor","bronze:Shell+1"],"relics":["bronze:BronzeCore","downfall:ShatteredFragment","Bronze Scales","Guardian:PocketSentry","Bag of Preparation","bronze:MakeshiftBattery","Pocketwatch","Toxic Egg 2","ClockworkSouvenir","Orrery","bronze:SilverBullet","hexamod:CandleOfCauterizing","Darkstone Periapt","bronze:BottledCode","Cursed Key","bronze:Timepiece","Medical Kit","sneckomod:BlankCard","Question Card","TungstenRod"],"acts_visited":["Exordium","TheCity","TheBeyond"],"potions_floor_usage":[],"damage_taken":[{"damage":2.0,"enemies":"Jaw Worm","floor":2.0,"turns":3.0},{"damage":3.0,"enemies":"Small Slimes","floor":4.0,"turns":3.0},{"damage":0.0,"enemies":"2 Louse","floor":6.0,"turns":1.0},{"damage":3.0,"enemies":"3 Sentries","floor":8.0,"turns":6.0},{"damage":0.0,"enemies":"downfall:FleeingMerchant","floor":10.0,"turns":4.0},{"damage":0.0,"enemies":"Exordium Thugs","floor":12.0,"turns":3.0},{"damage":0.0,"enemies":"3 Louse","floor":14.0,"turns":3.0},{"damage":1.0,"enemies":"2 Fungi Beasts","floor":15.0,"turns":3.0},{"damage":10.0,"enemies":"IC_STATUS_ARCHETYPE","floor":16.0,"turns":9.0},{"damage":0.0,"enemies":"Spheric Guardian","floor":19.0,"turns":3.0},{"damage":1.0,"enemies":"Shell Parasite","floor":21.0,"turns":3.0},{"damage":0.0,"enemies":"Colosseum Nobs","floor":22.0,"turns":4.0},{"damage":0.0,"enemies":"downfall:FleeingMerchant","floor":23.0,"turns":4.0},{"damage":5.0,"enemies":"Snake Plant","floor":25.0,"turns":5.0},{"damage":0.0,"enemies":"Gremlin Leader","floor":26.0,"turns":3.0},{"damage":0.0,"enemies":"Shelled Parasite and Fungi","floor":27.0,"turns":3.0},{"damage":0.0,"enemies":"Book of Stabbing","floor":29.0,"turns":5.0},{"damage":0.0,"enemies":"Centurion and Healer","floor":30.0,"turns":4.0},{"damage":0.0,"enemies":"Snecko","floor":32.0,"turns":3.0},{"damage":0.0,"enemies":"WA_ARCHETYPE_CALM","floor":33.0,"turns":7.0},{"damage":0.0,"enemies":"Orb Walker","floor":36.0,"turns":3.0},{"damage":11.0,"enemies":"3 Darklings","floor":38.0,"turns":3.0},{"damage":5.0,"enemies":"Nemesis","floor":42.0,"turns":7.0},{"damage":0,"enemies":"Writhing Mass","floor":47,"turns":6},{"damage":9,"enemies":"Jaw Worm Horde","floor":49,"turns":4},{"damage":9,"enemies":"DF_ARCHETYPE_ORBS","floor":50,"turns":9}],"seed_played":"5583684571360852803","potions_obtained":[{"floor":6.0,"key":"Dexterity Potion"},{"floor":8.0,"key":"EntropicBrew"},{"floor":22.0,"key":"Fire Potion"},{"floor":25.0,"key":"Energy Potion"},{"floor":26.0,"key":"ColorlessPotion"},{"floor":29.0,"key":"FairyPotion"},{"floor":32.0,"key":"Guardian:BlockOnCardUsePotion"},{"floor":33.0,"key":"GamblersBrew"},{"floor":36.0,"key":"LiquidMemories"},{"floor":47,"key":"hexamod:SoulburnPotion"}],"is_trial":false,"path_per_floor":["R","M","?","M","?","M","T","E","R","$","R","M","R","M","M","B",null,"R","M","?","M","?","$","T","M","E","M","R","E","M","?","M","B",null,"R","M","?","M","$","R","T","E","?","?","R","$","M","$","M","B",null],"character_chosen":"THE_AUTOMATON","items_purchased":["Bag of Preparation","ClockworkSouvenir","Orrery","bronze:Timepiece","Medical Kit","bronze:MaxOutput","TungstenRod","bronze:Repulsor"],"campfire_rested":1,"item_purchase_floors":[10,23,23,39,39,46,46,48],"current_hp_per_floor":[63,61,40,37,37,37,37,34,34,34,34,44,65,70,70,60,68,68,68,68,67,70,70,70,70,70,70,70,70,70,60,60,60,60,60,60,60,60,60,60,66,61,61,67,67,67,67,67,68,69],"gold":20,"neow_bonus":"TRANSFORM_CARD","is_daily":false,"chose_seed":false,"campfire_upgraded":7,"win_rate":0.0,"timestamp":1611908195,"path_taken":["R","M","?","M","?","M","T","E","R","?","R","M","R","M","M","BOSS","R","M","?","M","?","$","T","M","E","M","R","E","M","?","M","BOSS","R","M","?","M","?","R","T","E","?","?","R","$","M","?","M","BOSS"],"items_purchased_type":["Relic","Relic","Relic","Relic","Relic","Card","Relic","Card"],"build_version":"2020-12-22","purchased_purges":2,"victory":true,"max_hp_per_floor":[70,70,70,70,70,70,70,70,70,70,70,70,70,70,70,70,70,70,70,70,70,70,70,70,70,70,70,70,70,70,60,60,60,60,60,60,60,60,60,60,66,66,66,72,72,72,72,72,72,72],"relic_stats":{"Darkstone Periapt":12,"counters":[26,109],"Bronze Scales":[291],"Bag of Preparation":[42],"Cursed Key":2,"Medical Kit":[13],"Question Card":2,"obtain_stats":[{"Darkstone Periapt":29,"hexamod:CandleOfCauterizing":26,"bronze:BronzeCore":0,"downfall:ShatteredFragment":3,"sneckomod:BlankCard":42,"Guardian:PocketSentry":8,"Bag of Preparation":10,"Cursed Key":34,"Medical Kit":39,"Question Card":44,"ClockworkSouvenir":23,"bronze:BottledCode":31,"Bronze Scales":7,"Orrery":23,"bronze:Timepiece":39,"Toxic Egg 2":22,"bronze:SilverBullet":24,"bronze:MakeshiftBattery":17,"TungstenRod":46,"Pocketwatch":22},{"Darkstone Periapt":17,"hexamod:CandleOfCauterizing":15,"bronze:BronzeCore":0,"downfall:ShatteredFragment":1,"sneckomod:BlankCard":23,"Guardian:PocketSentry":4,"Bag of Preparation":5,"Cursed Key":20,"Medical Kit":22,"Question Card":23,"ClockworkSouvenir":13,"bronze:BottledCode":18,"Bronze Scales":3,"Orrery":13,"bronze:Timepiece":22,"Toxic Egg 2":12,"bronze:SilverBullet":13,"bronze:MakeshiftBattery":9,"TungstenRod":23,"Pocketwatch":12},{"Darkstone Periapt":63,"hexamod:CandleOfCauterizing":55,"bronze:BronzeCore":0,"downfall:ShatteredFragment":3,"sneckomod:BlankCard":90,"Guardian:PocketSentry":13,"Bag of Preparation":17,"Cursed Key":77,"Medical Kit":83,"Question Card":90,"ClockworkSouvenir":47,"bronze:BottledCode":67,"Bronze Scales":7,"Orrery":47,"bronze:Timepiece":83,"Toxic Egg 2":43,"bronze:SilverBullet":47,"bronze:MakeshiftBattery":34,"TungstenRod":90,"Pocketwatch":43}],"TungstenRod":5,"Pocketwatch":[3]},"card_choices":[{"not_picked":["bronze:BitShift","bronze:BugBarrage"],"picked":"bronze:FollowUp","floor":2.0},{"not_picked":["bronze:OilSpill","bronze:Backtrace"],"picked":"bronze:DelayedSlice","floor":4.0},{"not_picked":["bronze:Return","bronze:WildBeam"],"picked":"bronze:Frontload","floor":6.0},{"not_picked":["bronze:Refactor","bronze:Separator"],"picked":"bronze:BugBarrage","floor":8.0},{"not_picked":["bronze:Refactor","bronze:CloningBeam"],"picked":"bronze:Repair","floor":10.0},{"not_picked":["bronze:CutThrough","bronze:Branch"],"picked":"bronze:Boost","floor":12.0},{"not_picked":["bronze:DelayedGuard","bronze:Overheat"],"picked":"bronze:Shell","floor":14.0},{"not_picked":["bronze:BuggyMess","bronze:Repulsor"],"picked":"bronze:BugBarrage","floor":15.0},{"not_picked":["bronze:Break","bronze:Mutator"],"picked":"bronze:Library","floor":16.0},{"not_picked":["bronze:Separator+1","bronze:CloningBeam","bronze:OilSpill"],"picked":"SKIP","floor":19.0},{"not_picked":["bronze:Frontload","bronze:Separator","bronze:DelayedSlice"],"picked":"SKIP","floor":21.0},{"not_picked":["bronze:OilSpill","bronze:Invalidate+1"],"picked":"bronze:ItsAFeature","floor":22.0},{"not_picked":["bronze:ForceShield+1","bronze:Invalidate+1"],"picked":"bronze:WhirlingStrike+1","floor":23.0},{"not_picked":["bronze:Overheat","bronze:BuggyMess+1"],"picked":"bronze:FineTuning+1","floor":23.0},{"not_picked":["bronze:Deprecate+1","bronze:WhirlingStrike"],"picked":"bronze:Frontload+1","floor":23.0},{"not_picked":["bronze:ForceShield+1","bronze:ChosenStrike"],"picked":"bronze:Deprecate+1","floor":23.0},{"not_picked":["bronze:Repair+1","bronze:WildBeam"],"picked":"bronze:FineTuning+1","floor":23.0},{"not_picked":["bronze:TinkerersToolbox+1","bronze:CutThrough"],"picked":"bronze:BronzeArmor+1","floor":23.0},{"not_picked":["bronze:Separator","bronze:BuggyMess+1"],"picked":"bronze:InfiniteBeams","floor":25.0},{"not_picked":["bronze:RecursiveStrike","bronze:Frontload+1"],"picked":"bronze:Assembly+1","floor":26.0},{"not_picked":["bronze:Backtrace","bronze:BugBarrage","bronze:Separator"],"picked":"SKIP","floor":27.0},{"not_picked":["bronze:BitShift+1","bronze:Allocate+1"],"picked":"bronze:ItsAFeature","floor":29.0},{"not_picked":["bronze:DigitalCarnage","bronze:WildBeam"],"picked":"bronze:BugBarrage+1","floor":30.0},{"not_picked":["bronze:GetLatest+1","bronze:Shield+1","bronze:Separator+1"],"picked":"SKIP","floor":32.0},{"not_picked":["bronze:Mutator","bronze:RecursiveStrike"],"picked":"bronze:FindAndReplace+1","floor":33.0},{"not_picked":["bronze:Frontload+1","bronze:BitShift+1"],"picked":"bronze:ItsAFeature","floor":36.0},{"not_picked":["bronze:BugBarrage+1","bronze:Iterate"],"picked":"bronze:FineTuning+1","floor":38.0},{"not_picked":["bronze:Repair+1","bronze:Frontload+1","bronze:Library"],"picked":"SKIP","floor":42.0},{"not_picked":["bronze:WhirlingStrike+1","bronze:Branch+1","bronze:Constructor+1"],"picked":"bronze:Allocate+1","floor":47},{"not_picked":["bronze:FineTuning+1","bronze:Overheat","bronze:DarkDash+1"],"picked":"bronze:Shell+1","floor":49}],"player_experience":1805426,"relics_obtained":[{"floor":7.0,"key":"Bronze Scales"},{"floor":8.0,"key":"Guardian:PocketSentry"},{"floor":22.0,"key":"Pocketwatch"},{"floor":22.0,"key":"Toxic Egg 2"},{"floor":24.0,"key":"bronze:SilverBullet"},{"floor":26.0,"key":"hexamod:CandleOfCauterizing"},{"floor":29.0,"key":"Darkstone Periapt"},{"floor":42.0,"key":"sneckomod:BlankCard"},{"floor":44.0,"key":"Question Card"}],"event_choices":[{"cards_removed":["bronze:Strike"],"damage_healed":0.0,"max_hp_gain":0.0,"max_hp_loss":0.0,"gold_gain":0.0,"event_name":"The Cleric","player_choice":"Card Removal","floor":5.0,"gold_loss":0.0,"damage_taken":0.0},{"cards_removed":["bronze:BugBarrage"],"damage_healed":0.0,"max_hp_gain":0.0,"max_hp_loss":0.0,"gold_gain":0.0,"event_name":"Falling","player_choice":"Removed Attack","floor":43.0,"gold_loss":0.0,"damage_taken":0.0}],"is_beta":false,"boss_relics":[{"not_picked":["expansioncontent:StudyCardRelic","Sozu"],"picked":"bronze:MakeshiftBattery"},{"not_picked":["SacredBark","Velvet Choker"],"picked":"Cursed Key"}],"items_purged_floors":[23,46],"is_endless":false,"potions_floor_spawned":[6,8,12,22,25,26,29,32,33,36,47],"ascension_level":9}}