{"host":"2wp95sdfrgw3k439","time":1611953651,"event":{"mods":["BaseMod","Better Altar","Better Skull","Better Third Choice","Curses Come First","Minty Spire (QoL Compilation)","Permanent Neow","StSLib"],"gold_per_floor":[120,142,170,170,170,170,205,205,251,251,275,301,330,369,369,482,482,509,76,76,88,115,144,144,169,169,194,219,219,219,240,240,240,240],"floor_reached":33,"language":"ENG","playtime":1566,"items_purged":["Strike_B"],"score":382,"play_id":"05d56c62-8fce-4e85-a3fa-d362414c8bcc","local_time":"20210129135411","is_ascension_mode":true,"campfire_choices":[{"data":"Recycle","floor":6,"key":"SMITH"},{"data":"Self Repair","floor":8,"key":"SMITH"},{"data":"Dualcast","floor":10,"key":"SMITH"},{"data":"Beam Cell","floor":15,"key":"SMITH"},{"data":"Loop","floor":24,"key":"SMITH"},{"data":"Hello World","floor":29,"key":"SMITH"},{"data":"Glacier","floor":32,"key":"SMITH"}],"circlet_count":0,"master_deck":["Strike_B","Strike_B","Strike_B","Defend_B","Defend_B","Defend_B","Defend_B","Zap","Dualcast+1","Recycle+1","Lockon","Self Repair+1","Ball Lightning","FTL","Seek","Undo","Beam Cell+1","Electrodynamics","Glacier+1","Self Repair","Loop+1","Conserve Battery+1","Chaos+1","Hello World+1","Multi-Cast"],"relics":["Cracked Core","CeramicFish","Ancient Tea Set","Mummified Hand","Akabeko","Odd Mushroom","Coffee Dripper","StoneCalendar","Regal Pillow","TungstenRod"],"acts_visited":["Exordium","TheCity"],"potions_floor_usage":[7,18,20,21,22,25,28,30,33],"damage_taken":[{"damage":2,"enemies":"Jaw Worm","floor":1,"turns":4},{"damage":4,"enemies":"2 Louse","floor":2,"turns":2},{"damage":1,"enemies":"Cultist","floor":3,"turns":3},{"damage":16,"enemies":"Gremlin Nob","floor":7,"turns":3},{"damage":15,"enemies":"Gremlin Gang","floor":11,"turns":4},{"damage":16,"enemies":"Lots of Slimes","floor":12,"turns":4},{"damage":7,"enemies":"Exordium Wildlife","floor":13,"turns":2},{"damage":0,"enemies":"The Mushroom Lair","floor":14,"turns":3},{"damage":50,"enemies":"Slime Boss","floor":16,"turns":8},{"damage":9,"enemies":"Shell Parasite","floor":18,"turns":4},{"damage":8,"enemies":"2 Thieves","floor":21,"turns":3},{"damage":19,"enemies":"Centurion and Healer","floor":22,"turns":5},{"damage":32,"enemies":"Gremlin Leader","floor":23,"turns":5},{"damage":19,"enemies":"Sentry and Sphere","floor":25,"turns":4},{"damage":24,"enemies":"Shelled Parasite and Fungi","floor":27,"turns":6},{"damage":36,"enemies":"Centurion and Healer","floor":28,"turns":4},{"damage":0,"enemies":"Snake Plant","floor":30,"turns":1},{"damage":15,"enemies":"3 Cultists","floor":31,"turns":4},{"damage":49,"enemies":"Automaton","floor":33,"turns":10}],"seed_played":"8639123590827175505","potions_obtained":[{"floor":3,"key":"AttackPotion"},{"floor":11,"key":"Ancient Potion"},{"floor":16,"key":"ColorlessPotion"},{"floor":20,"key":"Fruit Juice"},{"floor":20,"key":"SkillPotion"},{"floor":20,"key":"ColorlessPotion"},{"floor":22,"key":"SmokeBomb"},{"floor":23,"key":"DuplicationPotion"},{"floor":27,"key":"Swift Potion"},{"floor":28,"key":"Strength Potion"},{"floor":31,"key":"Fire Potion"}],"is_trial":false,"path_per_floor":["M","M","M","?","?","R","E","R","T","R","M","M","M","?","R","B",null,"M","$","?","M","M","E","R","M","T","M","M","R","M","M","R","B"],"character_chosen":"DEFECT","items_purchased":["StoneCalendar","Self Repair"],"campfire_rested":0,"item_purchase_floors":[19,19],"current_hp_per_floor":[66,62,61,75,68,68,59,59,59,59,54,48,51,61,61,21,62,63,63,68,77,75,60,60,58,58,51,32,32,32,34,34,0,0],"gold":240,"neow_bonus":"RANDOM_COMMON_RELIC","is_daily":false,"chose_seed":false,"campfire_upgraded":7,"win_rate":0.0,"timestamp":1611953651,"path_taken":["M","M","M","?","?","R","E","R","T","R","?","M","M","?","R","BOSS","M","$","?","?","M","E","R","M","T","?","M","R","M","M","R","BOSS"],"items_purchased_type":["Relic","Card"],"build_version":"2020-12-22","purchased_purges":1,"victory":false,"max_hp_per_floor":[75,75,75,75,75,75,75,75,75,75,75,75,75,75,75,75,75,75,75,80,80,80,80,80,80,80,80,80,80,80,80,80,80,80],"card_choices":[{"not_picked":["Stack","Cold Snap"],"picked":"Recycle","floor":1},{"not_picked":["Go for the Eyes","Hyperbeam"],"picked":"Lockon","floor":2},{"not_picked":["Reprogram","Rip and Tear"],"picked":"Self Repair","floor":3},{"not_picked":["Go for the Eyes","Redo"],"picked":"Ball Lightning","floor":7},{"not_picked":["Gash","Sweeping Beam"],"picked":"FTL","floor":11},{"not_picked":["Blizzard","Sunder"],"picked":"Seek","floor":12},{"not_picked":["Recycle","Stack"],"picked":"Undo","floor":13},{"not_picked":["Go for the Eyes","Genetic Algorithm"],"picked":"Beam Cell","floor":14},{"not_picked":["Meteor Strike","Core Surge"],"picked":"Electrodynamics","floor":16},{"not_picked":["Compile Driver","Hologram"],"picked":"Glacier","floor":18},{"not_picked":["Beam Cell","Coolheaded","Go for the Eyes"],"picked":"SKIP","floor":21},{"not_picked":["Steam Power","Conserve Battery"],"picked":"Loop","floor":22},{"not_picked":["Undo","Barrage","Conserve Battery"],"picked":"SKIP","floor":23},{"not_picked":["Coolheaded","Barrage"],"picked":"Conserve Battery+1","floor":25},{"not_picked":["Stack+1","Steam"],"picked":"Chaos+1","floor":27},{"not_picked":["Coolheaded","Turbo"],"picked":"Hello World","floor":28},{"not_picked":["Cold Snap","Beam Cell"],"picked":"Multi-Cast","floor":31}],"player_experience":496896,"relics_obtained":[{"floor":7,"key":"Mummified Hand"},{"floor":9,"key":"Akabeko"},{"floor":14,"key":"Odd Mushroom"},{"floor":23,"key":"Regal Pillow"},{"floor":26,"key":"TungstenRod"}],"event_choices":[{"damage_healed":25,"gold_gain":0,"player_choice":"Banana","damage_taken":0,"max_hp_gain":0,"max_hp_loss":0,"event_name":"Big Fish","floor":4,"gold_loss":0},{"damage_healed":0,"gold_gain":0,"player_choice":"Relic ","damage_taken":7,"max_hp_gain":0,"max_hp_loss":0,"event_name":"betterThird:BetterScrap","floor":5,"gold_loss":0,"cards_obtained":["Corruption"]},{"damage_healed":0,"gold_gain":0,"player_choice":"Fought Mushrooms","damage_taken":0,"max_hp_gain":0,"max_hp_loss":0,"event_name":"Mushrooms","floor":14,"gold_loss":0},{"damage_healed":0,"gold_gain":0,"player_choice":"Got Potions","damage_taken":0,"max_hp_gain":0,"max_hp_loss":0,"event_name":"Lab","floor":20,"gold_loss":0}],"is_beta":false,"boss_relics":[{"not_picked":["Velvet Choker","SacredBark"],"picked":"Coffee Dripper"}],"items_purged_floors":[19],"is_endless":false,"potions_floor_spawned":[3,11,16,22,23,27,28,31],"killed_by":"Automaton","ascension_level":8}}