{"host":"t9q14bihfoo75lsb","time":1611897507,"event":{"mods":["100% Spire Juice","Arknights The Spire","BaseMod","Better Third Choice","Challenge The Spire","Hermit","Infinite Spire","Koishi","Minty Spire (QoL Compilation)","Reworked Bosses","Shop Mod","Spicy Shops","StSLib","The Cursed","The Dragon Tamer","The Hierophant","The Runesmith"],"gold_per_floor":[114,114,114,289,309,343,343,343,343,371,27,27,40,66,66,171,171,184,76,76,76,76,129,149,149,196,210,90,102,102,2,2,101,101,117,129,142,187,187,67,11,11,63,363,374,401,412,412,412],"floor_reached":48,"language":"KOR","playtime":1576,"items_purged":["Doubt","Shame"],"score":629,"play_id":"41478c8c-9cef-489e-b459-8e4658fef829","local_time":"20210129141827","is_ascension_mode":true,"campfire_choices":[{"data":"Moonworks:TreasureThief","floor":7.0,"key":"SMITH"},{"data":"Moonworks:MiracleWalker","floor":12,"key":"SMITH"},{"floor":15,"key":"RECALL"},{"data":"Moonworks:RedAndBlue","floor":25,"key":"SMITH"},{"data":"Moonworks:LulusLuckyEgg","floor":28,"key":"SMITH"},{"data":"Moonworks:AwakeningOfTalent","floor":30,"key":"SMITH"},{"data":"Moonworks:FullSpeedAlicianrone","floor":32,"key":"SMITH"},{"data":"Moonworks:CastOff","floor":40,"key":"SMITH"},{"data":"Moonworks:StarBlastingFuse","floor":42,"key":"SMITH"}],"circlet_count":0,"master_deck":["Moonworks:Strike+1","Moonworks:Strike","Moonworks:Strike","Moonworks:Strike","Moonworks:Defend","Moonworks:Defend","Moonworks:Defend+1","Moonworks:Defend+1","Moonworks:Ambush+1","Moonworks:LongDistanceShot+1","Flash of Steel+1","Moonworks:SakisCookie","Moonworks:TreasureThief+1","Moonworks:FullSpeedAlicianrone+1","Moonworks:WindyEnchantment","Moonworks:MiracleWalker+1","Moonworks:AwakeningOfTalent+1","Moonworks:RedAndBlue+1","Moonworks:StarBlastingFuse+1","Moonworks:StiffCrystal","Necronomicurse","Moonworks:LulusLuckyEgg+1","Moonworks:AnotherUltimateWeapon","Moonworks:AwakeningOfTalent+1","Moonworks:CastOff+1","Moonworks:Gamble","Moonworks:Bloodlust+1"],"relics":["Moonworks:BrokenBomb","Moonworks:Homemark","Pantograph","GremlinMask","Tiny Chest","Lee\u0027s Waffle","infinitespire:Lucky Rock","Nunchaku","Runic Pyramid","infinitespire:Golems Mask","Necronomicon","Bronze Scales","War Paint","Sozu","infinitespire:CursedDice","Frozen Egg 2","Whetstone","Old Coin","Ornamental Fan"],"acts_visited":["Exordium","TheCity","TheBeyond"],"potions_floor_usage":[10,27,46],"damage_taken":[{"damage":5.0,"enemies":"Small Slimes","floor":1.0,"turns":2.0},{"damage":1.0,"enemies":"Jaw Worm","floor":5.0,"turns":3.0},{"damage":30.0,"enemies":"Gremlin Nob","floor":6.0,"turns":4.0},{"damage":16,"enemies":"Lagavulin","floor":10,"turns":6},{"damage":0,"enemies":"Cultist","floor":13,"turns":2},{"damage":6,"enemies":"3 Sentries","floor":14,"turns":5},{"damage":38,"enemies":"The Guardian","floor":16,"turns":10},{"damage":1,"enemies":"Spheric Guardian","floor":18,"turns":3},{"damage":5,"enemies":"Chosen","floor":19,"turns":3},{"damage":0,"enemies":"Centurion and Healer","floor":24,"turns":6},{"damage":6,"enemies":"Shelled Parasite and Fungi","floor":27,"turns":3},{"damage":5,"enemies":"Snake Plant","floor":29,"turns":3},{"damage":0,"enemies":"bossMod:newCollector","floor":33,"turns":1},{"damage":7,"enemies":"3 Darklings","floor":35,"turns":3},{"damage":0,"enemies":"Orb Walker","floor":36,"turns":3},{"damage":0,"enemies":"Jaw Worm Horde","floor":37,"turns":3},{"damage":24,"enemies":"2 Orb Walkers","floor":38,"turns":3},{"damage":1,"enemies":"Writhing Mass","floor":45,"turns":3},{"damage":1127,"enemies":"Reptomancer","floor":46,"turns":4},{"damage":0,"enemies":"4 Shapes","floor":47,"turns":3},{"damage":1003,"enemies":"Transient","floor":48,"turns":1}],"seed_played":"-6123712624873533749","potions_obtained":[{"floor":5.0,"key":"GamblersBrew"},{"floor":6.0,"key":"Explosive Potion"},{"floor":18,"key":"DistilledChaos"},{"floor":24,"key":"Fruit Juice"},{"floor":29,"key":"Block Potion"}],"is_trial":false,"path_per_floor":["M","?","?","?","M","E","R","?","T","E","$","R","M","E","R","B",null,"M","M","?","?","?","T","M","R","T","M","R","M","R","$","R","B",null,"M","M","M","?","T","R","$","R","T","?","M","E","M","M"],"character_chosen":"THE_STARBREAKER","items_purchased":["Lee\u0027s Waffle","Moonworks:MiracleWalker","infinitespire:Lucky Rock","Moonworks:Gamble"],"campfire_rested":0,"item_purchase_floors":[11,11,11,41],"current_hp_per_floor":[55,55,55,55,56,26,26,26,26,10,67,67,67,61,61,29,67,66,61,61,45,33,33,33,33,33,32,32,27,27,27,27,52,77,77,77,77,53,53,53,53,53,53,53,52,46,46,0,0],"gold":412,"neow_bonus":"RANDOM_COLORLESS","is_daily":false,"chose_seed":false,"campfire_upgraded":8,"win_rate":0.0,"timestamp":1611897507,"path_taken":["M","?","?","?","M","E","R","?","T","E","$","R","M","E","R","BOSS","M","M","?","?","?","?","M","R","T","M","R","M","R","?","R","BOSS","M","?","M","?","?","R","$","R","T","?","M","E","M","?"],"items_purchased_type":["Relic","Card","Relic","Card"],"build_version":"2020-12-22","purchased_purges":2,"victory":false,"max_hp_per_floor":[60,60,60,60,60,60,60,60,60,60,67,67,67,67,67,67,67,67,67,67,67,72,72,72,72,72,77,77,77,77,77,77,77,77,77,77,77,77,77,77,77,77,77,77,77,77,77,77,77],"card_choices":[{"not_picked":["Jack Of All Trades","Dark Shackles"],"picked":"Flash of Steel","floor":0.0},{"not_picked":["Moonworks:BigMagnum","Moonworks:IndiscriminateFireSupport"],"picked":"Moonworks:SakisCookie","floor":1.0},{"not_picked":["Moonworks:IndiscriminateFireSupport","Moonworks:Dinner"],"picked":"Moonworks:TreasureThief","floor":5.0},{"not_picked":["Moonworks:SakisCookie","Moonworks:Heat300Percent"],"picked":"Moonworks:FullSpeedAlicianrone","floor":6.0},{"not_picked":["Moonworks:ImOnFire","Moonworks:JonathanRush"],"picked":"Moonworks:WindyEnchantment","floor":10},{"not_picked":["Moonworks:IndiscriminateFireSupport","Moonworks:Assault"],"picked":"Moonworks:AwakeningOfTalent","floor":13},{"not_picked":["Moonworks:LulusLuckyEgg","Moonworks:NicePresent"],"picked":"Moonworks:RedAndBlue","floor":14},{"not_picked":["Moonworks:FinalBattle","Moonworks:Accelerator"],"picked":"Moonworks:StarBlastingFuse","floor":16},{"not_picked":["Moonworks:ImOnFire","Moonworks:IndiscriminateFireSupport+1"],"picked":"Moonworks:StiffCrystal","floor":18},{"not_picked":["Moonworks:IndiscriminateFireSupport","Moonworks:x16BigRocket","Moonworks:Assault"],"picked":"SKIP","floor":19},{"not_picked":["Moonworks:NicePresent","Moonworks:ScrambledEve+1","Moonworks:Heat300Percent"],"picked":"SKIP","floor":24},{"not_picked":["Moonworks:ImOnFire","Moonworks:SakisCookie"],"picked":"Moonworks:LulusLuckyEgg","floor":27},{"not_picked":["Moonworks:Assault","Moonworks:ImmovableObject","Moonworks:WindyEnchantment"],"picked":"SKIP","floor":29},{"not_picked":["Moonworks:StarBlastingFuse","Moonworks:MeltingMemories"],"picked":"Moonworks:AnotherUltimateWeapon","floor":33},{"not_picked":["Moonworks:NicePresent+1","Moonworks:ImOnFire+1"],"picked":"Moonworks:AwakeningOfTalent+1","floor":35},{"not_picked":["Moonworks:IndiscriminateFireSupport+1","Moonworks:DeployBits","Moonworks:SakisCookie"],"picked":"SKIP","floor":36},{"not_picked":["Moonworks:EvilSpyWorkPreparation","Moonworks:Assault+1","Moonworks:DeployBits"],"picked":"SKIP","floor":37},{"not_picked":["Moonworks:CloudOfSeagulls","Moonworks:IndiscriminateFireSupport"],"picked":"Moonworks:CastOff","floor":38},{"not_picked":["Moonworks:SakisCookie+1","Moonworks:JonathanRush+1","Moonworks:NicePresent+1"],"picked":"SKIP","floor":45},{"not_picked":["Moonworks:ImOnFire+1","Moonworks:NicePresent","Moonworks:JonathanRush+1"],"picked":"SKIP","floor":46},{"not_picked":["Moonworks:EvilMastermind","Moonworks:CloudOfSeagulls+1"],"picked":"Moonworks:Bloodlust+1","floor":47}],"player_experience":497745,"relics_obtained":[{"floor":6.0,"key":"Pantograph"},{"floor":10,"key":"Tiny Chest"},{"floor":14,"key":"Nunchaku"},{"floor":21,"key":"Necronomicon"},{"floor":23,"key":"Bronze Scales"},{"floor":26,"key":"War Paint"},{"floor":38,"key":"infinitespire:CursedDice"},{"floor":39,"key":"Frozen Egg 2"},{"floor":43,"key":"Whetstone"},{"floor":44,"key":"Old Coin"},{"floor":46,"key":"Ornamental Fan"}],"event_choices":[{"damage_healed":0.0,"max_hp_gain":0.0,"max_hp_loss":0.0,"gold_gain":0.0,"event_name":"Living Wall","player_choice":"Grow","floor":2.0,"gold_loss":0.0,"damage_taken":0.0,"cards_upgraded":["Flash of Steel"]},{"damage_healed":0.0,"max_hp_gain":0.0,"max_hp_loss":0.0,"gold_gain":175.0,"event_name":"betterThird:BetterSerpent","player_choice":"AGREE","floor":4.0,"gold_loss":0.0,"damage_taken":114.0},{"damage_healed":0.0,"max_hp_gain":0.0,"max_hp_loss":0.0,"gold_gain":0.0,"event_name":"FaceTrader","player_choice":"Trade","floor":8.0,"gold_loss":0.0,"damage_taken":0.0,"relics_obtained":["GremlinMask"]},{"damage_healed":0,"gold_gain":0,"player_choice":"Stole Relic","damage_taken":0,"relics_obtained":["infinitespire:Golems Mask"],"max_hp_gain":0,"max_hp_loss":0,"event_name":"Addict","floor":20,"gold_loss":0,"cards_obtained":["Shame"]},{"damage_healed":0,"gold_gain":0,"player_choice":"Obtained Book","damage_taken":16,"max_hp_gain":0,"max_hp_loss":0,"event_name":"Cursed Tome","floor":21,"gold_loss":0},{"damage_healed":0,"gold_gain":0,"player_choice":"Shed Blood","damage_taken":17,"max_hp_gain":5,"max_hp_loss":0,"event_name":"Forgotten Altar","floor":22,"gold_loss":0},{"damage_healed":0,"gold_gain":0,"player_choice":"Fight","damage_taken":0,"max_hp_gain":0,"max_hp_loss":0,"event_name":"Mysterious Sphere","floor":38,"gold_loss":0},{"damage_healed":0,"gold_gain":0,"player_choice":"Relic","damage_taken":0,"max_hp_gain":0,"max_hp_loss":0,"event_name":"Wheel of Change","floor":44,"gold_loss":0}],"is_beta":false,"boss_relics":[{"not_picked":["Astrolabe","Velvet Choker"],"picked":"Runic Pyramid"},{"not_picked":["Fusion Hammer","Calling Bell"],"picked":"Sozu"}],"items_purged_floors":[11,31],"is_endless":false,"potions_floor_spawned":[5,6,18,24,29,35,38,47],"killed_by":"Transient","ascension_level":1}}