{"host":"1p8eqzpvl5sxeu5t","time":1611901540,"event":{"mods":["BaseMod","Bestiary","Block Reminder","Colored Map","Colored Powertips","Curses Come First","Downfall","Highlight Path","Minty Spire (QoL Compilation)","Relic Stats","StSLib","The IronCluck","Waifu the Spire","everything is the same but u backflip on backflip","slay the spire mod where everything is the same but ironclad has a cowboy hat"],"gold_per_floor":[99,99,75,75,75,110,160,179,205,205,223,242,242,258,278,383,383,383,396,414,184,284,284,284,284],"floor_reached":23,"language":"ENG","playtime":1394,"items_purged":["champ:Strike"],"score":239,"play_id":"4a8e058b-5181-492f-bebd-135a014e9468","local_time":"20210129142540","is_ascension_mode":true,"campfire_choices":[{"data":"champ:Taunt","floor":1.0,"key":"SMITH"},{"data":"champ:BerserkerStyle","floor":13.0,"key":"SMITH"},{"floor":18.0,"key":"RECALL"}],"circlet_count":0,"master_deck":["champ:Strike","champ:Strike","champ:Defend","champ:Defend","champ:Defend","champ:Defend","champ:Execute","champ:Taunt+1","champ:Backstep","champ:GutPunch","champ:TornadoPunch","champ:AdrenalArmor","champ:IgnorePain","champ:BerserkerStyle+1","champ:BringItOn","champ:Shatter","champ:Devastate","champ:EnchantCrown","champ:Encircle","champ:FanOfKnives","champ:CalledShot+1","champ:Duel","Dark Shackles"],"relics":["champ:ChampionCrown","downfall:HeartsMalice","Vajra","Smiling Mask","Nunchaku","Philosopher\u0027s Stone","downfall:GremlinWheel"],"acts_visited":["Exordium","TheCity"],"potions_floor_usage":[23],"damage_taken":[{"damage":0.0,"enemies":"Jaw Worm","floor":2.0,"turns":1.0},{"damage":0.0,"enemies":"downfall:FleeingMerchant","floor":3.0,"turns":1.0},{"damage":0.0,"enemies":"Cultist","floor":5.0,"turns":1.0},{"damage":78.0,"enemies":"Lagavulin","floor":6.0,"turns":11.0},{"damage":20.0,"enemies":"Small Slimes","floor":8.0,"turns":3.0},{"damage":41.0,"enemies":"3 Sentries","floor":9.0,"turns":7.0},{"damage":24.0,"enemies":"Blue Slaver","floor":11.0,"turns":5.0},{"damage":26.0,"enemies":"Exordium Wildlife","floor":12.0,"turns":4.0},{"damage":0.0,"enemies":"2 Fungi Beasts","floor":14.0,"turns":3.0},{"damage":24.0,"enemies":"Large Slime","floor":15.0,"turns":5.0},{"damage":89.0,"enemies":"DF_ARCHETYPE_STREAMLINE","floor":16.0,"turns":14.0},{"damage":65.0,"enemies":"Chosen","floor":19.0,"turns":6.0},{"damage":17.0,"enemies":"Spheric Guardian","floor":20.0,"turns":4.0},{"damage":22.0,"enemies":"downfall:FleeingMerchant","floor":21.0,"turns":4.0},{"damage":46.0,"enemies":"downfall:FleeingMerchant","floor":22.0,"turns":4.0},{"damage":17,"enemies":"Snake Plant","floor":23,"turns":4}],"seed_played":"-5776220126783864650","potions_obtained":[{"floor":6.0,"key":"bronze:BurnAndBuffPotion"},{"floor":8.0,"key":"LiquidMemories"},{"floor":9.0,"key":"hexamod:SoulburnPotion"},{"floor":11.0,"key":"EssenceOfSteel"},{"floor":14.0,"key":"EssenceOfSteel"},{"floor":19.0,"key":"SpeedPotion"},{"floor":20.0,"key":"champ:CounterPotion"},{"floor":22.0,"key":"Energy Potion"}],"is_trial":false,"path_per_floor":["R","M","$","?","M","E","T","M","E","T","M","M","R","M","M","B",null,"R","M","M","$","?","M"],"character_chosen":"THE_CHAMP","items_purchased":["champ:TornadoPunch","champ:Duel","Dark Shackles"],"campfire_rested":0,"item_purchase_floors":[3,21,21],"current_hp_per_floor":[90,90,90,90,90,67,67,67,57,57,50,48,48,48,48,22,90,90,59,52,47,15,0,0,0],"gold":284,"neow_bonus":"THREE_ENEMY_KILL","is_daily":false,"chose_seed":false,"campfire_upgraded":2,"win_rate":0.0,"timestamp":1611901540,"path_taken":["R","M","$","?","M","E","T","M","E","?","M","M","R","?","M","BOSS","R","M","M","$","?","M"],"items_purchased_type":["Card","Card","Card"],"build_version":"2020-12-22","purchased_purges":1,"victory":false,"max_hp_per_floor":[90,90,90,90,90,90,90,90,90,90,90,90,90,90,90,90,90,90,90,90,90,90,90,90,90],"relic_stats":{"Nunchaku":[8],"counters":[16,74],"Smiling Mask":25,"obtain_stats":[{"Nunchaku":9,"downfall:GremlinWheel":22,"Vajra":6,"champ:ChampionCrown":0,"downfall:HeartsMalice":0,"Philosopher\u0027s Stone":17,"Smiling Mask":7},{"Nunchaku":6,"downfall:GremlinWheel":15,"Vajra":4,"champ:ChampionCrown":0,"downfall:HeartsMalice":0,"Philosopher\u0027s Stone":11,"Smiling Mask":4},{"Nunchaku":21,"downfall:GremlinWheel":70,"Vajra":11,"champ:ChampionCrown":0,"downfall:HeartsMalice":0,"Philosopher\u0027s Stone":52,"Smiling Mask":11}]},"card_choices":[{"not_picked":["champ:BladeFlurry","champ:ViciousMockery"],"picked":"champ:Backstep","floor":2.0},{"not_picked":["champ:FanOfKnives","champ:PerfectedStrike"],"picked":"champ:GutPunch","floor":3.0},{"not_picked":["champ:BerserkersShout","champ:StanceDance"],"picked":"champ:AdrenalArmor","floor":5.0},{"not_picked":["champ:EnGarde","champ:FanOfKnives"],"picked":"champ:IgnorePain","floor":6.0},{"not_picked":["champ:DefensiveShout","champ:SkillfulDodge"],"picked":"champ:BerserkerStyle","floor":8.0},{"not_picked":["champ:Circumvent","champ:FanOfKnives"],"picked":"champ:BringItOn","floor":9.0},{"not_picked":["champ:StanceDance","champ:PerfectedStrike"],"picked":"champ:Shatter","floor":11.0},{"not_picked":["champ:SetATrap","champ:PerfectedStrike","champ:DefensiveShout"],"picked":"SKIP","floor":12.0},{"not_picked":["champ:TornadoPunch","champ:HeartStrike"],"picked":"champ:Devastate","floor":14.0},{"not_picked":["champ:Haymaker","champ:CrownThrow","champ:DefensiveShout"],"picked":"SKIP","floor":15.0},{"not_picked":["champ:VampiricStrike","champ:HeavySlash"],"picked":"champ:EnchantCrown","floor":16.0},{"not_picked":["champ:TornadoPunch+1","champ:Shatter"],"picked":"champ:Encircle","floor":19.0},{"not_picked":["champ:FocusedBerserking","champ:TornadoPunch"],"picked":"champ:FanOfKnives","floor":20.0},{"not_picked":["champ:GutPunch","champ:EnchantShield"],"picked":"champ:CalledShot+1","floor":21.0}],"player_experience":869678,"relics_obtained":[{"floor":6.0,"key":"Vajra"},{"floor":7.0,"key":"Smiling Mask"},{"floor":9.0,"key":"Nunchaku"},{"floor":22.0,"key":"downfall:GremlinWheel"}],"event_choices":[{"cards_removed":["champ:Strike"],"damage_healed":0.0,"max_hp_gain":0.0,"max_hp_loss":0.0,"gold_gain":0.0,"event_name":"Bonfire Elementals","player_choice":"Offered Basic","floor":4.0,"gold_loss":0.0,"damage_taken":0.0}],"is_beta":false,"boss_relics":[{"not_picked":["Tiny House","Fusion Hammer"],"picked":"Philosopher\u0027s Stone"}],"items_purged_floors":[21],"is_endless":false,"potions_floor_spawned":[6,8,9,11,14,19,20,22],"killed_by":"Snake Plant","ascension_level":4}}