{"host":"e8qlq9m73szgw1mp","time":1611951790,"event":{"mods":["2.2 Compatiblity","AchievementEnabler","BaseMod","Colored Powertips","Downfall","Highlight Path","Minty Spire (QoL Compilation)","Quick Restart","StSLib"],"gold_per_floor":[99,99,99,99,199,234,234,134,164,219,236,272,291,326,354,354,354,354],"floor_reached":16,"language":"ENG","playtime":959,"items_purged":[],"score":159,"play_id":"16e7e5d2-4a51-4fdc-9cc0-958278aac3da","local_time":"20210129122310","is_ascension_mode":true,"campfire_choices":[{"data":"Slimebound:Split","floor":1.0,"key":"SMITH"},{"data":"Slimebound:RollThrough","floor":8.0,"key":"SMITH"}],"circlet_count":0,"master_deck":["Slimebound:Strike_Slimebound","Slimebound:Tackle+1","Slimebound:Defend_Slimebound","Slimebound:Defend_Slimebound","Slimebound:Defend_Slimebound","Slimebound:Split+1","Slimebound:CorrosiveSpit","Slimebound:ItLooksTasty","Slimebound:RollThrough+1","Slimebound:Gluttony","Slimebound:Repurpose","Slimebound:GoopTackle+1","Slimebound:HauntingLick","Slimebound:Prepare","Slimebound:Chomp+1","Slimebound:RollThrough+1","Slimebound:Grow"],"relics":["Slimebound:AbsorbEndCombat","downfall:HeartsMalice","Molten Egg 2","Bottled Lightning","downfall:HeartBlessingGreen","Question Card","hexamod:BolsterEngine","CeramicFish","Letter Opener"],"acts_visited":["Exordium"],"potions_floor_usage":[12,12,16],"damage_taken":[{"damage":0.0,"enemies":"Small Slimes","floor":2.0,"turns":1.0},{"damage":0.0,"enemies":"Jaw Worm","floor":3.0,"turns":1.0},{"damage":0.0,"enemies":"downfall:Heads","floor":5.0,"turns":1.0},{"damage":44.0,"enemies":"Gremlin Nob","floor":6.0,"turns":5.0},{"damage":18.0,"enemies":"Lagavulin","floor":9.0,"turns":5.0},{"damage":5,"enemies":"Gremlin Nob","floor":10,"turns":3},{"damage":0,"enemies":"2 Louse","floor":11,"turns":2},{"damage":0,"enemies":"3 Sentries","floor":12,"turns":3},{"damage":0,"enemies":"Blue Slaver","floor":13,"turns":3},{"damage":4,"enemies":"Lagavulin","floor":14,"turns":4},{"damage":6,"enemies":"3 Louse","floor":15,"turns":3},{"damage":21,"enemies":"SI_SHIV_ARCHETYPE","floor":16,"turns":3}],"seed_played":"1066560795063407905","potions_obtained":[{"floor":6.0,"key":"LiquidMemories"},{"floor":9.0,"key":"BlessingOfTheForge"},{"floor":10,"key":"LiquidMemories"},{"floor":12,"key":"PowerPotion"},{"floor":14,"key":"champ:CounterPotion"}],"is_trial":false,"path_per_floor":["R","M","M","?","?","E","T","R","E","?","M","E","M","E","M","B"],"character_chosen":"SLIMEBOUND","items_purchased":[],"campfire_rested":0,"item_purchase_floors":[],"current_hp_per_floor":[65,65,65,65,65,25,25,25,9,6,10,12,16,16,14,0,0,0],"gold":354,"neow_bonus":"THREE_ENEMY_KILL","is_daily":false,"chose_seed":false,"campfire_upgraded":2,"win_rate":0.0,"timestamp":1611951790,"path_taken":["R","M","M","?","?","E","T","R","E","?","M","E","M","E","M","BOSS"],"items_purchased_type":[],"build_version":"2020-12-22","purchased_purges":0,"victory":false,"max_hp_per_floor":[65,65,65,65,65,65,65,65,65,65,65,65,65,65,65,65,65,65],"card_choices":[{"not_picked":["Slimebound:SlimeSpikes","Slimebound:LeechEnergy"],"picked":"Slimebound:ItLooksTasty","floor":2.0},{"not_picked":["Slimebound:GoopSpray","Slimebound:Chomp"],"picked":"Slimebound:RollThrough","floor":3.0},{"not_picked":["Slimebound:GoopSpray","Slimebound:ItLooksTasty"],"picked":"Slimebound:Gluttony","floor":5.0},{"not_picked":["Slimebound:SlimeSpikes","Slimebound:HungryTackle+1"],"picked":"Slimebound:GoopTackle+1","floor":6.0},{"not_picked":["Slimebound:LivingWall","Slimebound:SpikyOuterGoop"],"picked":"Slimebound:HauntingLick","floor":9.0},{"not_picked":["Slimebound:ForwardTackle+1","Slimebound:RollThrough+1","Slimebound:DuplicatedForm"],"picked":"Slimebound:Prepare","floor":11},{"not_picked":["Slimebound:SamplingLick","Slimebound:LivingWall","Slimebound:Nibble+1"],"picked":"Slimebound:Chomp+1","floor":12},{"not_picked":["Slimebound:ViciousTackle+1","Slimebound:SplitBruiser","Slimebound:SplitAcid"],"picked":"Slimebound:RollThrough+1","floor":13},{"not_picked":["Slimebound:SplitLeeching","Slimebound:SplitAcid","Slimebound:TongueLash+1","Slimebound:MassFeed+1"],"picked":"SKIP","floor":14},{"not_picked":["Slimebound:SlimeBrawl","Slimebound:GoopSpray","Slimebound:LeechingTouch+1"],"picked":"Slimebound:Grow","floor":15}],"player_experience":1316237,"relics_obtained":[{"floor":6.0,"key":"Molten Egg 2"},{"floor":7.0,"key":"Bottled Lightning"},{"floor":9.0,"key":"Question Card"},{"floor":10,"key":"hexamod:BolsterEngine"},{"floor":12,"key":"CeramicFish"},{"floor":14,"key":"Letter Opener"}],"event_choices":[{"cards_removed":["Slimebound:Strike_Slimebound"],"damage_healed":0.0,"max_hp_gain":0.0,"max_hp_loss":0.0,"gold_gain":0.0,"event_name":"The Cleric","player_choice":"Card Removal","floor":4.0,"gold_loss":0.0,"damage_taken":0.0}],"is_beta":false,"boss_relics":[],"items_purged_floors":[],"is_endless":false,"potions_floor_spawned":[6,9,10,11,12,14],"killed_by":"SI_SHIV_ARCHETYPE","ascension_level":1}}