{"host":"89iuq2p5kwriuwfq","time":1611956847,"event":{"mods":["BaseMod","Curses Come First","Minty Spire (QoL Compilation)","Permanent Neow","StSLib"],"gold_per_floor":[119,134,209,223,283,283,318,318,318,351,433,459,476,493,493,596,596,611,622,266,365,377,406,419,419,419,419,435,453,471,501,501,606,606,618,634,652,664,55,84,98,129,154,185,33,33,63,82,82,82],"floor_reached":51,"language":"ENG","playtime":3480,"items_purged":["Defend_B","Strike_B","Zap"],"score":1312,"play_id":"7c51bd31-60b8-4ba1-a9a3-56e232d41d68","local_time":"20210129214727","is_ascension_mode":true,"campfire_choices":[{"data":"Darkness","floor":6.0,"key":"SMITH"},{"data":"Defragment","floor":8.0,"key":"SMITH"},{"data":"Self Repair","floor":15,"key":"SMITH"},{"data":"Fission","floor":25,"key":"SMITH"},{"data":"Static Discharge","floor":27,"key":"SMITH"},{"data":"Darkness","floor":32,"key":"SMITH"},{"data":"Amplify","floor":46,"key":"SMITH"},{"data":"Fission","floor":49,"key":"SMITH"}],"circlet_count":0,"master_deck":["Defend_B","Dualcast","Redo","Static Discharge+1","Doom and Gloom","Self Repair+1","Darkness+1","Defragment+1","Glacier","Echo Form+1","Undo","Fission+1","Chaos+1","Core Surge","Defragment+1","Cold Snap","Compile Driver+1","Darkness+1","Loop+1","Ball Lightning","Biased Cognition+1","Amplify+1","Double Energy+1","Double Energy+1","Steam Power+1","Heatsinks+1","Skim","Compile Driver","Self Repair+1","Cold Snap","Double Energy+1","Heatsinks+1","Capacitor+1","Fission+1","Redo+1"],"relics":["Cracked Core","Darkstone Periapt","Vajra","Frozen Egg 2","CaptainsWheel","Philosopher\u0027s Stone","Happy Flower","Ancient Tea Set","TungstenRod","Strawberry","Astrolabe","Cables","ClockworkSouvenir","Lantern","Toy Ornithopter","MawBank","Mummified Hand"],"acts_visited":["Exordium","TheCity","TheBeyond"],"potions_floor_usage":[30,31,40,50,50,50,50,50,50,50],"damage_taken":[{"damage":4.0,"enemies":"Small Slimes","floor":1.0,"turns":3.0},{"damage":8.0,"enemies":"2 Louse","floor":2.0,"turns":2.0},{"damage":9.0,"enemies":"Jaw Worm","floor":4.0,"turns":3.0},{"damage":15.0,"enemies":"Gremlin Nob","floor":7.0,"turns":3.0},{"damage":5.0,"enemies":"3 Sentries","floor":10.0,"turns":2.0},{"damage":16.0,"enemies":"Gremlin Nob","floor":12.0,"turns":3.0},{"damage":12,"enemies":"Exordium Thugs","floor":13,"turns":3},{"damage":1,"enemies":"Looter","floor":14,"turns":4},{"damage":3,"enemies":"Slime Boss","floor":16,"turns":6},{"damage":0,"enemies":"Spheric Guardian","floor":18,"turns":5},{"damage":29,"enemies":"Shell Parasite","floor":19,"turns":6},{"damage":20,"enemies":"Shelled Parasite and Fungi","floor":22,"turns":6},{"damage":13,"enemies":"Gremlin Leader","floor":23,"turns":6},{"damage":16,"enemies":"Snake Plant","floor":24,"turns":4},{"damage":23,"enemies":"Centurion and Healer","floor":28,"turns":5},{"damage":4,"enemies":"Chosen and Byrds","floor":29,"turns":4},{"damage":24,"enemies":"Snake Plant","floor":30,"turns":4},{"damage":24,"enemies":"Book of Stabbing","floor":31,"turns":5},{"damage":18,"enemies":"Champ","floor":33,"turns":7},{"damage":9,"enemies":"3 Darklings","floor":35,"turns":3},{"damage":7,"enemies":"Orb Walker","floor":36,"turns":3},{"damage":19,"enemies":"3 Darklings","floor":37,"turns":3},{"damage":24,"enemies":"Sphere and 2 Shapes","floor":38,"turns":3},{"damage":6,"enemies":"Giant Head","floor":40,"turns":7},{"damage":0,"enemies":"Maw","floor":41,"turns":5},{"damage":0,"enemies":"Reptomancer","floor":42,"turns":2},{"damage":36,"enemies":"Spire Growth","floor":44,"turns":5},{"damage":0,"enemies":"Giant Head","floor":47,"turns":2},{"damage":5,"enemies":"4 Shapes","floor":48,"turns":4},{"damage":25,"enemies":"Awakened One","floor":50,"turns":4}],"seed_played":"2639822276428551745","potions_obtained":[{"floor":2.0,"key":"AttackPotion"},{"floor":4.0,"key":"PotionOfCapacity"},{"floor":7.0,"key":"PowerPotion"},{"floor":14,"key":"Energy Potion"},{"floor":22,"key":"FocusPotion"},{"floor":28,"key":"Regen Potion"},{"floor":29,"key":"EntropicBrew"},{"floor":30,"key":"AttackPotion"},{"floor":37,"key":"Energy Potion"},{"floor":40,"key":"BlessingOfTheForge"},{"floor":42,"key":"PotionOfCapacity"}],"is_trial":false,"path_per_floor":["M","M","?","M","?","R","E","R","T","E","T","E","M","M","R","B",null,"M","M","$","?","M","E","M","R","T","R","M","M","M","E","R","B",null,"M","M","M","M","$","E","M","E","T","M","$","R","E","M","R","B",null],"character_chosen":"DEFECT","items_purchased":["Happy Flower","Core Surge","PowerPotion","Self Repair+1","Cables","Cold Snap","ClockworkSouvenir","Capacitor+1"],"campfire_rested":0,"item_purchase_floors":[20,20,20,39,39,39,39,45],"current_hp_per_floor":[64,56,45,43,43,43,35,35,35,37,37,28,23,29,29,36,60,68,59,59,59,59,66,60,60,60,60,47,53,51,34,34,36,65,66,69,60,46,46,70,75,75,75,75,75,75,75,75,75,70],"gold":82,"neow_bonus":"TRANSFORM_TWO_CARDS","is_daily":false,"chose_seed":false,"campfire_upgraded":8,"win_rate":0.0,"timestamp":1611956847,"path_taken":["M","M","?","M","?","R","E","R","T","E","?","E","M","M","R","BOSS","M","M","$","?","M","E","M","R","T","R","M","M","M","E","R","BOSS","M","M","M","M","$","E","M","E","T","M","$","R","E","M","R","BOSS"],"items_purchased_type":["Relic","Card","Potion","Card","Relic","Card","Relic","Card"],"build_version":"2020-12-22","purchased_purges":3,"victory":true,"max_hp_per_floor":[68,68,68,68,68,68,68,68,68,68,68,68,68,68,68,68,68,68,68,68,68,68,68,68,68,68,68,68,68,68,75,75,75,75,75,75,75,75,75,75,75,75,75,75,75,75,75,75,75,75],"card_choices":[{"not_picked":["Conserve Battery","Aggregate"],"picked":"Doom and Gloom","floor":1.0},{"not_picked":["Redo","Rebound"],"picked":"Self Repair","floor":2.0},{"not_picked":["Hologram","Steam"],"picked":"Darkness","floor":4.0},{"not_picked":["Hologram","Ball Lightning"],"picked":"Defragment","floor":7.0},{"not_picked":["Go for the Eyes","Scrape"],"picked":"Glacier","floor":10.0},{"not_picked":["Blizzard","Hologram"],"picked":"Echo Form+1","floor":12.0},{"not_picked":["Rip and Tear","Conserve Battery","Hologram"],"picked":"SKIP","floor":13},{"not_picked":["Gash","Double Energy"],"picked":"Undo","floor":14},{"not_picked":["Echo Form+1","Core Surge"],"picked":"Fission","floor":16},{"not_picked":["Barrage+1","BootSequence"],"picked":"Chaos+1","floor":18},{"not_picked":["Go for the Eyes","Double Energy","Beam Cell"],"picked":"SKIP","floor":19},{"not_picked":["Go for the Eyes","Sweeping Beam"],"picked":"Defragment+1","floor":22},{"not_picked":["Reprogram","Compile Driver"],"picked":"Cold Snap","floor":23},{"not_picked":["Gash","Go for the Eyes"],"picked":"Compile Driver+1","floor":24},{"not_picked":["Go for the Eyes+1","Hyperbeam"],"picked":"Darkness","floor":28},{"not_picked":["Turbo","Conserve Battery"],"picked":"Loop+1","floor":29},{"not_picked":["Sunder+1","Blizzard"],"picked":"Ball Lightning","floor":30},{"not_picked":["Leap","Steam Power+1"],"picked":"Biased Cognition+1","floor":31},{"not_picked":["Thunder Strike","Multi-Cast"],"picked":"Amplify","floor":33},{"not_picked":["Turbo+1","White Noise"],"picked":"Heatsinks+1","floor":35},{"not_picked":["Rebound","Streamline"],"picked":"Skim","floor":36},{"not_picked":["Go for the Eyes+1","Steam"],"picked":"Compile Driver","floor":37},{"not_picked":["Turbo","Lockon","Undo+1"],"picked":"SKIP","floor":38},{"not_picked":["Self Repair+1","Compile Driver"],"picked":"Double Energy+1","floor":40},{"not_picked":["Steam+1","Leap","Sweeping Beam"],"picked":"SKIP","floor":41},{"not_picked":["Streamline+1","Chaos","Go for the Eyes+1"],"picked":"SKIP","floor":42},{"not_picked":["Conserve Battery","Leap"],"picked":"Heatsinks+1","floor":44},{"not_picked":["Chaos+1","Go for the Eyes"],"picked":"Fission","floor":47},{"not_picked":["Undo","Coolheaded+1"],"picked":"Redo+1","floor":48}],"player_experience":595175,"relics_obtained":[{"floor":7.0,"key":"Darkstone Periapt"},{"floor":10.0,"key":"Vajra"},{"floor":11.0,"key":"Frozen Egg 2"},{"floor":12.0,"key":"CaptainsWheel"},{"floor":23,"key":"Ancient Tea Set"},{"floor":26,"key":"TungstenRod"},{"floor":31,"key":"Strawberry"},{"floor":40,"key":"Lantern"},{"floor":42,"key":"Toy Ornithopter"},{"floor":43,"key":"MawBank"},{"floor":47,"key":"Mummified Hand"}],"event_choices":[{"damage_healed":0.0,"max_hp_gain":0.0,"max_hp_loss":0.0,"gold_gain":75.0,"event_name":"World of Goop","player_choice":"Gather Gold","floor":3.0,"gold_loss":0.0,"damage_taken":11.0},{"damage_healed":0.0,"max_hp_gain":0.0,"max_hp_loss":0.0,"gold_gain":60.0,"event_name":"Golden Wing","player_choice":"Gained Gold","floor":5.0,"gold_loss":0.0,"damage_taken":0.0},{"damage_healed":0,"gold_gain":99,"player_choice":"Stole From Cult","damage_taken":0,"max_hp_gain":0,"max_hp_loss":0,"event_name":"Nest","floor":21,"gold_loss":0}],"is_beta":false,"boss_relics":[{"not_picked":["Black Star","Sozu"],"picked":"Philosopher\u0027s Stone"},{"not_picked":["Pandora\u0027s Box","Runic Pyramid"],"picked":"Astrolabe"}],"items_purged_floors":[20,39,45],"is_endless":false,"potions_floor_spawned":[2,4,7,14,22,24,28,29,30,37,40,41,42,44],"ascension_level":9}}