{"host":"6bsan6hkua32tfq7","time":1611902168,"event":{"mods":["BaseMod","Better Third Choice","Colored Map","Highlight Path","Minty Spire (QoL Compilation)","StSLib"],"gold_per_floor":[114,126,136,136,136,136,171,171,171,171,201,213,213,243,243,320,320,337,337,337,357,373,373,373],"floor_reached":23,"language":"ENG","playtime":621,"items_purged":[],"score":443,"play_id":"06eb3eca-050b-4872-8d36-f779af33c4af","local_time":"20210129073608","is_ascension_mode":true,"campfire_choices":[{"data":"Dagger Spray","floor":6,"key":"SMITH"},{"floor":8,"key":"REST"},{"floor":13,"key":"REST"},{"data":"Noxious Fumes","floor":15,"key":"SMITH"}],"circlet_count":0,"master_deck":["AscendersBane","Strike_G","Strike_G","Strike_G","Strike_G","Strike_G","Defend_G","Defend_G","Defend_G","Defend_G","Survivor","Neutralize","Dagger Spray+1","Noxious Fumes+1","Dagger Throw","Glass Knife+1","Machine Learning+1","Deflect","After Image","Underhanded Strike+1","Corpse Explosion","Terror","Cloak And Dagger+1"],"relics":["Runic Dome","Molten Egg 2","InkBottle","Toy Ornithopter","Mango","Nunchaku","Cursed Key"],"acts_visited":["Exordium","TheCity"],"potions_floor_usage":[7,11,13,22],"damage_taken":[{"damage":1,"enemies":"2 Louse","floor":1,"turns":3},{"damage":9,"enemies":"Jaw Worm","floor":2,"turns":5},{"damage":7,"enemies":"Small Slimes","floor":3,"turns":3},{"damage":17,"enemies":"3 Sentries","floor":7,"turns":6},{"damage":8,"enemies":"Gremlin Nob","floor":11,"turns":3},{"damage":1,"enemies":"2 Fungi Beasts","floor":12,"turns":3},{"damage":8,"enemies":"3 Sentries","floor":14,"turns":5},{"damage":30,"enemies":"Hexaghost","floor":16,"turns":10},{"damage":4,"enemies":"Chosen","floor":18,"turns":3},{"damage":16,"enemies":"Shell Parasite","floor":21,"turns":4},{"damage":29,"enemies":"Snake Plant","floor":22,"turns":4},{"damage":33,"enemies":"Snecko","floor":23,"turns":4}],"seed_played":"-7367181194459706274","potions_obtained":[{"floor":2,"key":"CunningPotion"},{"floor":3,"key":"AttackPotion"},{"floor":12,"key":"Fruit Juice"},{"floor":16,"key":"LiquidBronze"}],"is_trial":false,"path_per_floor":["M","M","M","?","?","R","E","R","T","?","E","M","R","E","R","B",null,"M","?","?","M","M","M"],"character_chosen":"THE_SILENT","items_purchased":[],"campfire_rested":2,"item_purchase_floors":[],"current_hp_per_floor":[58,49,42,47,40,40,23,44,44,11,22,21,58,50,50,20,73,69,87,60,44,20,0,0],"gold":373,"neow_bonus":"BOSS_RELIC","is_daily":false,"chose_seed":false,"campfire_upgraded":2,"win_rate":0.0,"timestamp":1611902168,"path_taken":["M","M","M","?","?","R","E","R","T","?","E","M","R","E","R","BOSS","M","?","?","M","M","M"],"items_purchased_type":[],"build_version":"2020-12-22","purchased_purges":0,"victory":false,"max_hp_per_floor":[66,66,66,71,71,71,71,71,71,71,85,85,90,90,90,90,90,90,90,95,95,95,95,95],"card_choices":[{"not_picked":["Acrobatics","Underhanded Strike"],"picked":"Dagger Spray","floor":1},{"not_picked":["PiercingWail","Deadly Poison"],"picked":"Noxious Fumes","floor":2},{"not_picked":["Endless Agony","Acrobatics"],"picked":"Dagger Throw","floor":3},{"not_picked":["Outmaneuver","Eviscerate+1"],"picked":"Glass Knife+1","floor":7},{"not_picked":["Deadly Poison","Sucker Punch+1"],"picked":"Deflect","floor":11},{"not_picked":["Acrobatics","Tactician"],"picked":"After Image","floor":12},{"not_picked":["Acrobatics","Bane+1"],"picked":"Underhanded Strike+1","floor":14},{"not_picked":["Bullet Time","Adrenaline"],"picked":"Corpse Explosion","floor":16},{"not_picked":["Flying Knee+1","Deadly Poison","Bane+1"],"picked":"SKIP","floor":18},{"not_picked":["PiercingWail","Acrobatics"],"picked":"Terror","floor":21},{"not_picked":["Backflip","Slice+1"],"picked":"Cloak And Dagger+1","floor":22}],"player_experience":5355881,"relics_obtained":[{"floor":7,"key":"Molten Egg 2"},{"floor":9,"key":"InkBottle"},{"floor":11,"key":"Mango"},{"floor":14,"key":"Nunchaku"}],"event_choices":[{"damage_healed":0,"gold_gain":0,"player_choice":"Donut","damage_taken":0,"max_hp_gain":5,"max_hp_loss":0,"event_name":"Big Fish","floor":4,"gold_loss":0},{"cards_removed":["Defend_G"],"damage_healed":0,"gold_gain":0,"player_choice":"Card Removal","damage_taken":7,"max_hp_gain":0,"max_hp_loss":0,"event_name":"Golden Wing","floor":5,"gold_loss":0},{"damage_healed":18,"gold_gain":0,"player_choice":"Heal","damage_taken":0,"max_hp_gain":0,"max_hp_loss":0,"event_name":"The Library","floor":19,"gold_loss":0},{"damage_healed":0,"gold_gain":0,"player_choice":"Shed Blood","damage_taken":32,"max_hp_gain":5,"max_hp_loss":0,"event_name":"Forgotten Altar","floor":20,"gold_loss":0}],"is_beta":false,"boss_relics":[{"not_picked":["Astrolabe","Velvet Choker"],"picked":"Cursed Key"}],"items_purged_floors":[],"is_endless":false,"potions_floor_spawned":[2,3,12,16],"killed_by":"Snecko","ascension_level":20}}