{"host":"5ty8fyb0ngp9gspj","time":1611888244,"event":{"mods":["2.2 Compatiblity","AchievementEnabler","Act Like it!","BaseMod","Colored Map","Downfall","Minty Spire (QoL Compilation)","Rare Cards Sparkle","Relic Stats","Reliquary","StSLib","The Jungle","slay the spire mod where everything is the same but ironclad has a cowboy hat"],"gold_per_floor":[112,112,37,37,47,47,57,76,76,106,123,152,164,193,193,193,193],"floor_reached":16,"language":"ENG","playtime":521,"items_purged":["Decay"],"score":146,"play_id":"643369b7-b0fd-4a3f-a282-7a3e7052ad89","local_time":"20210129134404","is_ascension_mode":true,"campfire_choices":[{"floor":6,"key":"RECALL"},{"data":"Apotheosis","floor":15,"key":"SMITH"}],"circlet_count":0,"master_deck":["Strike_B","Strike_B","Strike_B","Strike_B","Defend_B","Defend_B","Defend_B","Defend_B","Zap","Dualcast","Apotheosis+1","Defragment","Doom and Gloom","Turbo","Turbo","Stack","Reboot","Auto Shields"],"relics":["Cracked Core","reliquary:ShortFuse","Blood Vial","reliquary:TuningFork"],"acts_visited":["Exordium"],"potions_floor_usage":[8,8,10],"damage_taken":[{"damage":0,"enemies":"Small Slimes","floor":1,"turns":3},{"damage":0,"enemies":"Cultist","floor":5,"turns":3},{"damage":0,"enemies":"2 Louse","floor":7,"turns":2},{"damage":0,"enemies":"Lots of Slimes","floor":8,"turns":1},{"damage":4,"enemies":"Gremlin Nob","floor":10,"turns":3},{"damage":0,"enemies":"3 Louse","floor":11,"turns":2},{"damage":16,"enemies":"Lagavulin","floor":12,"turns":8},{"damage":11,"enemies":"Looter","floor":13,"turns":2},{"damage":20,"enemies":"Gremlin Nob","floor":14,"turns":4},{"damage":37,"enemies":"Hexaghost","floor":16,"turns":9}],"seed_played":"2788838617999472089","potions_obtained":[{"floor":1,"key":"AttackPotion"},{"floor":4,"key":"Slimebound:ThreeZeroPotion"},{"floor":4,"key":"FocusPotion"},{"floor":12,"key":"Guardian:BlockOnCardUsePotion"},{"floor":14,"key":"Dexterity Potion"}],"is_trial":false,"path_per_floor":["M","?","$","?","M","R","M","M","T","E","M","E","M","E","R","B"],"character_chosen":"DEFECT","items_purchased":[],"campfire_rested":0,"item_purchase_floors":[],"current_hp_per_floor":[75,80,80,80,80,80,80,80,80,76,76,60,51,33,33,0,0],"gold":193,"neow_bonus":"RANDOM_COLORLESS_2","is_daily":false,"chose_seed":false,"campfire_upgraded":1,"win_rate":0.0,"timestamp":1611888244,"path_taken":["M","?","$","?","M","R","M","M","T","E","?","E","M","E","R","BOSS"],"items_purchased_type":[],"build_version":"2020-12-22","purchased_purges":1,"victory":false,"max_hp_per_floor":[75,80,80,80,80,80,80,80,80,80,80,80,80,80,80,80,80],"relic_stats":{"Blood Vial":6,"counters":[10,37],"obtain_stats":[{"Blood Vial":12,"reliquary:TuningFork":14,"Cracked Core":0,"reliquary:ShortFuse":10},{"Blood Vial":7,"reliquary:TuningFork":9,"Cracked Core":0,"reliquary:ShortFuse":5},{"Blood Vial":22,"reliquary:TuningFork":28,"Cracked Core":0,"reliquary:ShortFuse":12}]},"card_choices":[{"not_picked":["Chrysalis","Transmutation"],"picked":"Apotheosis","floor":0},{"not_picked":["Recycle","Streamline"],"picked":"Defragment","floor":1},{"not_picked":["Steam Power","Steam"],"picked":"Doom and Gloom","floor":5},{"not_picked":["Recycle","BootSequence"],"picked":"Turbo","floor":7},{"not_picked":["Beam Cell","Undo"],"picked":"Turbo","floor":8},{"not_picked":["Leap","Streamline"],"picked":"Stack","floor":10},{"not_picked":["Stack","Undo","Glacier"],"picked":"SKIP","floor":11},{"not_picked":["Hello World","Lockon"],"picked":"Reboot","floor":12},{"not_picked":["Streamline","Turbo","Beam Cell"],"picked":"SKIP","floor":13},{"not_picked":["Barrage","FTL"],"picked":"Auto Shields","floor":14}],"player_experience":452376,"relics_obtained":[{"floor":10,"key":"reliquary:ShortFuse"},{"floor":12,"key":"Blood Vial"},{"floor":14,"key":"reliquary:TuningFork"}],"event_choices":[{"damage_healed":0,"gold_gain":0,"player_choice":"Donut","damage_taken":0,"max_hp_gain":5,"max_hp_loss":0,"event_name":"Big Fish","floor":2,"gold_loss":0},{"damage_healed":0,"gold_gain":0,"player_choice":"Got Potions","damage_taken":0,"max_hp_gain":0,"max_hp_loss":0,"event_name":"Lab","floor":4,"gold_loss":0}],"is_beta":false,"boss_relics":[],"items_purged_floors":[3],"is_endless":false,"potions_floor_spawned":[1,7,12,14],"killed_by":"Hexaghost","ascension_level":4}}