{"host":"96mkdadq58tkkbp8","time":1611920077,"event":{"mods":["BaseMod","Colored Map","Colored Powertips","Duelist Mod","Hermit","Minty Spire (QoL Compilation)","Replay The Spire","Shop Mod","StSLib","The Cursed","The Disciple","The Hierophant","The Necromancer","The Runesmith","The Servant 0.9.4","TheFirefly"],"gold_per_floor":[115,115,65,65,65,65,95,112,112,128,143,143,68,99,99,202,202,218,230,240,240,240,240,240,240],"floor_reached":24,"language":"ITA","playtime":1210,"items_purged":["Looming Evil"],"score":229,"play_id":"819e856c-9444-4e41-abc7-8e2bbdc29b61","local_time":"20210129123437","is_ascension_mode":false,"campfire_choices":[{"data":"hermit:Covet","floor":6.0,"key":"SMITH"},{"data":"hermit:FatalDesire","floor":12.0,"key":"SMITH"},{"data":"hermit:Strike_Hermit","floor":15.0,"key":"PURGE"},{"data":"RitualDagger","floor":23,"key":"SMITH"}],"circlet_count":0,"master_deck":["hermit:Strike_Hermit","hermit:Defend_Hermit","hermit:Snapshot","hermit:Covet+1","hermit:Grudge","hermit:Determination","hermit:FatalDesire+1","hermit:Brawl","hermit:EternalForm","hermit:Snipe","RitualDagger+1"],"relics":["hermit:Momento","NeowsBlessing","Ring of Searing","Ring of Misfortune","Happy Flower","Lizard Tail","Calipers","ReplayTheSpireMod:Ninjato","Replay:Drink Me","MutagenicStrength"],"acts_visited":["Exordium","TheCity"],"potions_floor_usage":[],"damage_taken":[{"damage":0.0,"enemies":"2 Louse","floor":1.0,"turns":1.0},{"damage":0.0,"enemies":"Lagavulin","floor":7.0,"turns":1.0},{"damage":0.0,"enemies":"Small Slimes","floor":8.0,"turns":1.0},{"damage":6.0,"enemies":"Jaw Worm","floor":10.0,"turns":3.0},{"damage":13.0,"enemies":"Red Slaver","floor":11.0,"turns":3.0},{"damage":4.0,"enemies":"3 Sentries","floor":14.0,"turns":4.0},{"damage":74.0,"enemies":"The Guardian","floor":16.0,"turns":9.0},{"damage":5.0,"enemies":"Spheric Guardian","floor":18.0,"turns":3.0},{"damage":6.0,"enemies":"Chosen","floor":19.0,"turns":5.0},{"damage":8,"enemies":"3 Cultists","floor":20,"turns":3},{"damage":32,"enemies":"Slavers","floor":24,"turns":1}],"seed_played":"-4681100067094641574","potions_obtained":[{"floor":7.0,"key":"SkillPotion"},{"floor":20,"key":"SmokeBomb"}],"is_trial":false,"path_per_floor":["M","?","?","?","T","R","E","M","T","M","M","R","$","E","R_BF","B",null,"M","M","M","?","?","R","E"],"character_chosen":"HERMIT","items_purchased":[],"campfire_rested":0,"item_purchase_floors":[],"current_hp_per_floor":[75,75,75,75,75,75,75,75,75,69,56,56,56,52,52,17,57,52,46,38,38,32,32,0,0],"gold":240,"neow_bonus":"THREE_ENEMY_KILL","is_daily":false,"chose_seed":false,"campfire_upgraded":3,"win_rate":0.0,"timestamp":1611920077,"path_taken":["M","?","?","?","?","R","E","?","T","M","M","R","?","E","R_BF","BOSS","M","M","M","?","?","R","E"],"items_purchased_type":[],"build_version":"2020-12-22","purchased_purges":1,"victory":false,"max_hp_per_floor":[75,75,75,75,75,75,75,75,75,75,75,75,75,75,75,75,57,57,57,57,57,57,57,57,57],"card_choices":[{"not_picked":["hermit:Desperado","hermit:HoleUp","hermit:TrackingShot"],"picked":"SKIP","floor":1.0},{"not_picked":["hermit:NoHoldsBarred","hermit:Headshot","hermit:Misfire"],"picked":"SKIP","floor":7.0},{"not_picked":["hermit:Headshot","hermit:Midnight"],"picked":"hermit:Grudge","floor":8.0},{"not_picked":["hermit:TrackingShot","hermit:Shortfuse"],"picked":"hermit:Determination","floor":10.0},{"not_picked":["hermit:BodyArmor","hermit:Feint"],"picked":"hermit:FatalDesire","floor":11.0},{"not_picked":["hermit:WideOpen","hermit:SprayPray"],"picked":"hermit:Brawl","floor":14.0},{"not_picked":["hermit:Purgatory","hermit:HeroicBravado"],"picked":"hermit:EternalForm","floor":16.0},{"not_picked":["hermit:Desperado+1","hermit:WideOpen+1","hermit:BodyArmor+1"],"picked":"SKIP","floor":18.0},{"not_picked":["hermit:Headshot","hermit:Spite","hermit:Virtue"],"picked":"SKIP","floor":19},{"not_picked":["hermit:BodyArmor+1","hermit:HoleUp"],"picked":"hermit:Snipe","floor":20}],"player_experience":154116,"relics_obtained":[{"floor":4.0,"key":"Ring of Searing"},{"floor":4.0,"key":"Ring of Misfortune"},{"floor":5.0,"key":"Happy Flower"},{"floor":7.0,"key":"Lizard Tail"},{"floor":9.0,"key":"Calipers"},{"floor":14.0,"key":"ReplayTheSpireMod:Ninjato"}],"event_choices":[{"cards_removed":["hermit:Strike_Hermit"],"damage_healed":0.0,"max_hp_gain":0.0,"max_hp_loss":0.0,"gold_gain":0.0,"event_name":"Living Wall","player_choice":"Forget","floor":2.0,"gold_loss":0.0,"damage_taken":0.0},{"cards_removed":["hermit:Defend_Hermit"],"damage_healed":0.0,"max_hp_gain":0.0,"max_hp_loss":0.0,"gold_gain":0.0,"event_name":"The Cleric","player_choice":"Card Removal","floor":3.0,"gold_loss":50.0,"damage_taken":0.0},{"damage_healed":0,"gold_gain":0,"player_choice":"Inject Mutagens","damage_taken":0,"relics_obtained":["MutagenicStrength"],"max_hp_gain":0,"max_hp_loss":0,"event_name":"Drug Dealer","floor":21,"gold_loss":0},{"damage_healed":0,"gold_gain":0,"player_choice":"Joined the Cult","damage_taken":6,"max_hp_gain":0,"max_hp_loss":0,"event_name":"Nest","floor":22,"gold_loss":0,"cards_obtained":["RitualDagger"]}],"is_beta":false,"boss_relics":[{"not_picked":["Runic Pyramid","Replay:Grab Bag"],"picked":"Replay:Drink Me"}],"items_purged_floors":[13],"is_endless":false,"potions_floor_spawned":[7,20],"killed_by":"Slavers","ascension_level":0}}