{"host":"Ian","time":1611921762,"event":{"mods":["BaseMod","Bestiary","Block Reminder","Colored Map","Highlight Path","Key Reminder","Minty Spire (QoL Compilation)","Relic Stats"],"gold_per_floor":[113,16,35,53,67,67,101,101,127,156,174,174,205,229,229,300,300,311,330,341,31,81,81,101,101,101,136,17,32,32,32,32],"floor_reached":31,"language":"ENG","playtime":1503,"items_purged":["Strike_R","Strike_R"],"score":590,"play_id":"56d7aae7-1259-44de-b7b8-f139a403a02b","local_time":"20210129120242","is_ascension_mode":true,"campfire_choices":[{"data":"Uppercut","floor":6.0,"key":"SMITH"},{"data":"Metallicize","floor":8.0,"key":"SMITH"},{"data":"Power Through","floor":12.0,"key":"SMITH"},{"floor":15.0,"key":"REST"},{"data":"True Grit","floor":23.0,"key":"SMITH"},{"data":"Limit Break","floor":30,"key":"SMITH"}],"circlet_count":0,"master_deck":["AscendersBane","Defend_R","Defend_R","Defend_R","Defend_R","Bash","Inflame","Spot Weakness","Anger","Uppercut+1","Feel No Pain","Headbutt","Metallicize+1","Disarm","Power Through+1","Rage","Shockwave","Reaper","Sentinel+1","Fiend Fire+1","Heavy Blade+1","Iron Wave+1","Shrug It Off","Pommel Strike","True Grit+1","Limit Break+1"],"relics":["Burning Blood","Du-Vu Doll","Potion Belt","Bag of Preparation","Smiling Mask","The Courier","Odd Mushroom","Astrolabe","Membership Card","Blue Candle","Paper Frog","TungstenRod"],"acts_visited":["Exordium","TheCity"],"potions_floor_usage":[29],"damage_taken":[{"damage":10.0,"enemies":"2 Louse","floor":1.0,"turns":2.0},{"damage":2.0,"enemies":"Small Slimes","floor":3.0,"turns":3.0},{"damage":1.0,"enemies":"Cultist","floor":4.0,"turns":3.0},{"damage":12.0,"enemies":"Exordium Thugs","floor":5.0,"turns":4.0},{"damage":29.0,"enemies":"Gremlin Nob","floor":7.0,"turns":4.0},{"damage":10.0,"enemies":"Lagavulin","floor":10.0,"turns":6.0},{"damage":0.0,"enemies":"Exordium Wildlife","floor":11.0,"turns":2.0},{"damage":33.0,"enemies":"Gremlin Nob","floor":13.0,"turns":4.0},{"damage":16.0,"enemies":"The Mushroom Lair","floor":14.0,"turns":4.0},{"damage":13.0,"enemies":"The Guardian","floor":16.0,"turns":11.0},{"damage":5.0,"enemies":"Chosen","floor":18.0,"turns":6.0},{"damage":19.0,"enemies":"Spheric Guardian","floor":19.0,"turns":6.0},{"damage":15.0,"enemies":"Centurion and Healer","floor":20.0,"turns":10.0},{"damage":12.0,"enemies":"3 Cultists","floor":24.0,"turns":7.0},{"damage":0.0,"enemies":"Slavers","floor":25.0,"turns":1.0},{"damage":18,"enemies":"Book of Stabbing","floor":27,"turns":5},{"damage":8,"enemies":"Shelled Parasite and Fungi","floor":29,"turns":7},{"damage":50,"enemies":"Slavers","floor":31,"turns":4}],"seed_played":"5050318002435571673","potions_obtained":[{"floor":4.0,"key":"EssenceOfSteel"},{"floor":10.0,"key":"GamblersBrew"},{"floor":11.0,"key":"FairyPotion"},{"floor":13.0,"key":"SmokeBomb"},{"floor":14.0,"key":"DuplicationPotion"},{"floor":20.0,"key":"Swift Potion"},{"floor":27,"key":"DistilledChaos"}],"is_trial":false,"path_per_floor":["M","$","M","M","M","R","E","R","T","E","M","R","E","?","R","B",null,"M","M","M","$","?","R","M","E","T","E","$","M","R","E"],"character_chosen":"IRONCLAD","items_purchased":["Spot Weakness","Anger","Membership Card","Blue Candle","True Grit","Limit Break"],"campfire_rested":1,"item_purchase_floors":[2,2,21,21,21,28],"current_hp_per_floor":[46,46,50,55,49,49,26,26,26,22,28,28,28,18,40,33,65,75,62,69,69,62,62,56,62,62,50,50,48,48,0,0],"gold":32,"neow_bonus":"ONE_RARE_RELIC","is_daily":false,"chose_seed":false,"campfire_upgraded":5,"win_rate":0.0,"timestamp":1611921762,"path_taken":["M","$","M","M","M","R","E","R","T","E","M","R","E","?","R","BOSS","M","M","M","$","?","R","M","E","T","E","?","M","R","E"],"items_purchased_type":["Card","Card","Relic","Relic","Card","Card"],"build_version":"2020-12-18","purchased_purges":2,"victory":false,"max_hp_per_floor":[75,75,75,75,75,75,75,75,75,75,75,75,75,75,75,75,75,75,75,75,75,75,75,75,75,75,75,75,75,75,75,75],"relic_stats":{"counters":[18,89],"Astrolabe":["Sentinel","Fiend Fire","Heavy Blade"],"Blue Candle":[0],"Bag of Preparation":[26],"Smiling Mask":-30,"obtain_stats":[{"Du-Vu Doll":0,"Potion Belt":7,"Astrolabe":17,"Blue Candle":21,"The Courier":13,"Bag of Preparation":9,"Membership Card":21,"Odd Mushroom":14,"Smiling Mask":10,"Burning Blood":0,"TungstenRod":27,"Paper Frog":26},{"Du-Vu Doll":0,"Potion Belt":5,"Astrolabe":10,"Blue Candle":13,"The Courier":8,"Bag of Preparation":5,"Membership Card":13,"Odd Mushroom":9,"Smiling Mask":6,"Burning Blood":0,"TungstenRod":16,"Paper Frog":15},{"Du-Vu Doll":0,"Potion Belt":16,"Astrolabe":43,"Blue Candle":65,"The Courier":28,"Bag of Preparation":16,"Membership Card":65,"Odd Mushroom":32,"Smiling Mask":22,"Burning Blood":0,"TungstenRod":78,"Paper Frog":73}],"Burning Blood":96,"TungstenRod":11},"card_choices":[{"not_picked":["Sword Boomerang","Body Slam"],"picked":"Inflame","floor":1.0},{"not_picked":["Hemokinesis","Headbutt"],"picked":"Uppercut","floor":3.0},{"not_picked":["Wild Strike","Thunderclap"],"picked":"Feel No Pain","floor":4.0},{"not_picked":["Clash","Hemokinesis"],"picked":"Headbutt","floor":5.0},{"not_picked":["Iron Wave","Pommel Strike"],"picked":"Metallicize","floor":7.0},{"not_picked":["Body Slam","Heavy Blade"],"picked":"Disarm","floor":10.0},{"not_picked":["Thunderclap","Immolate"],"picked":"Power Through","floor":11.0},{"not_picked":["Armaments","Clash"],"picked":"Rage","floor":13.0},{"not_picked":["True Grit","Headbutt"],"picked":"Shockwave","floor":14.0},{"not_picked":["Corruption","Juggernaut"],"picked":"Reaper","floor":16.0},{"not_picked":["Body Slam","Wild Strike"],"picked":"Iron Wave+1","floor":18.0},{"not_picked":["Dropkick","Clothesline"],"picked":"Shrug It Off","floor":19.0},{"not_picked":["Sword Boomerang","Iron Wave"],"picked":"Pommel Strike","floor":20.0},{"not_picked":["Rupture","Rage","Blood for Blood"],"picked":"SKIP","floor":24.0},{"not_picked":["Bludgeon","Clothesline","Ghostly Armor"],"picked":"SKIP","floor":27},{"not_picked":["Uppercut+1","Twin Strike","Flex"],"picked":"SKIP","floor":29}],"player_experience":2705342,"relics_obtained":[{"floor":7.0,"key":"Potion Belt"},{"floor":9.0,"key":"Bag of Preparation"},{"floor":10.0,"key":"Smiling Mask"},{"floor":13.0,"key":"The Courier"},{"floor":14.0,"key":"Odd Mushroom"},{"floor":26.0,"key":"Paper Frog"},{"floor":27,"key":"TungstenRod"}],"event_choices":[{"damage_healed":0.0,"max_hp_gain":0.0,"max_hp_loss":0.0,"gold_gain":0.0,"event_name":"Mushrooms","player_choice":"Fought Mushrooms","floor":14.0,"gold_loss":0.0,"damage_taken":0.0},{"damage_healed":0.0,"max_hp_gain":0.0,"max_hp_loss":0.0,"gold_gain":50.0,"event_name":"FaceTrader","player_choice":"Touch","floor":22.0,"gold_loss":0.0,"damage_taken":7.0}],"is_beta":true,"boss_relics":[{"not_picked":["Black Star","Sozu"],"picked":"Astrolabe"}],"items_purged_floors":[21,28],"is_endless":false,"potions_floor_spawned":[4,10,11,13,14,20,27],"killed_by":"Slavers","ascension_level":20}}