{"host":"6p0attdrtjqaih7v","time":1611895749,"event":{"mods":["2.2 Compatiblity","AchievementEnabler","Bard","BaseMod","Better Skull","Better Third Choice","Colored Powertips","Hermit","Highlight Path","Key Reminder","Mad Scientist","Marisa????????","Minty Spire (QoL Compilation)","Permanent Neow","Quick Restart","Random Character Button","Relic Stats","Replay The Spire","Robot Space Explorer","Shade Mod","StSLib","The Gatherer","The Hayseed","The Problem Sleuth","The Runesmith"],"gold_per_floor":[116,116,129,148,5,33,33,51,51,51,80,80,94,113,113,212,212,228,243,262,274,274,305,305,318,318,331,26,54,105,149,149,275,275,317,364,364,364,28,28,69,69,94,135,135,172,172,198,198,243,243],"floor_reached":50,"language":"ENG","playtime":3242,"items_purged":["TheSimpletonMod:Strike_TheSimpleton"],"score":581,"play_id":"5aae2175-0aac-4869-9a63-425782a74dcf","local_time":"20210128234909","is_ascension_mode":false,"campfire_choices":[{"data":"TheSimpletonMod:HitTheSack","floor":7,"key":"SMITH"},{"data":"TheSimpletonMod:Haymaker","floor":10,"key":"SMITH"},{"data":"TheSimpletonMod:Ferment","floor":15,"key":"SMITH"},{"floor":24,"key":"REST"},{"floor":32,"key":"REST"},{"floor":40,"key":"REST"},{"floor":42,"key":"REST"},{"floor":45,"key":"REST"},{"floor":47,"key":"REST"},{"floor":49,"key":"REST"}],"circlet_count":0,"master_deck":["TheSimpletonMod:Strike_TheSimpleton","TheSimpletonMod:Defend_TheSimpleton","TheSimpletonMod:Defend_TheSimpleton","TheSimpletonMod:Defend_TheSimpleton","TheSimpletonMod:Defend_TheSimpleton","TheSimpletonMod:Haymaker+1","TheSimpletonMod:ReapAndSow","TheSimpletonMod:HitTheSack+1","TheSimpletonMod:RootDown","TheSimpletonMod:CloseScrape","TheSimpletonMod:RootDown","TheSimpletonMod:SlashAndBurn","TheSimpletonMod:SlashAndBurn","TheSimpletonMod:CloseScrape","TheSimpletonMod:Ferment+1","TheSimpletonMod:Mulch","TheSimpletonMod:CrackOfDawn+1","TheSimpletonMod:StockTheCellar+1","TheSimpletonMod:Swelter","TheSimpletonMod:RootDown","TheSimpletonMod:StockTheCellar","TheSimpletonMod:SaltTheEarth","TheSimpletonMod:Potatoes+1","TheSimpletonMod:RootDown","TheSimpletonMod:ResearchGrant","TheSimpletonMod:Ferment+1","TheSimpletonMod:BumperCrop+1","TheSimpletonMod:Potatoes+1","TheSimpletonMod:CrackOfDawn+1","Panache+1","Iron Wave","TheSimpletonMod:Thresh"],"relics":["TheSimpletonMod:SpudOfTheInnocent","TheSimpletonMod:NightSoil","TheSimpletonMod:TheHarvester","Frozen Eye","Replay:Rubber Ducky","Frozen Egg 2","Du-Vu Doll","Runic Pyramid","theSleuth:SaltedMelon","theSleuth:SaltedMelon","Replay:Baseball","Smiling Mask","Replay:Bandana","Runesmith:UraniumAnvil","Mummified Hand","Iron Hammer","War Paint","Golden Egg"],"acts_visited":["Exordium","TheCity","TheBeyond"],"potions_floor_usage":[11,16,16,20,27,29,30,33,35,50],"damage_taken":[{"damage":1,"enemies":"Jaw Worm","floor":1,"turns":3},{"damage":6,"enemies":"Cultist","floor":3,"turns":3},{"damage":3,"enemies":"Small Slimes","floor":4,"turns":3},{"damage":26,"enemies":"Lagavulin","floor":6,"turns":5},{"damage":9,"enemies":"Blue Slaver","floor":8,"turns":3},{"damage":21,"enemies":"3 Sentries","floor":11,"turns":6},{"damage":7,"enemies":"3 Louse","floor":13,"turns":4},{"damage":1,"enemies":"2 Fungi Beasts","floor":14,"turns":2},{"damage":6,"enemies":"Hexaghost","floor":16,"turns":7},{"damage":37,"enemies":"2 Thieves","floor":18,"turns":3},{"damage":10,"enemies":"Chosen","floor":19,"turns":3},{"damage":25,"enemies":"3 Cultists","floor":20,"turns":4},{"damage":9,"enemies":"Chosen and Byrds","floor":21,"turns":4},{"damage":3,"enemies":"Gremlin Leader","floor":23,"turns":6},{"damage":7,"enemies":"Centurion and Healer","floor":25,"turns":5},{"damage":20,"enemies":"Sentry and Sphere","floor":27,"turns":4},{"damage":6,"enemies":"Replay:Snechameleon","floor":29,"turns":3},{"damage":7,"enemies":"Snecko","floor":30,"turns":3},{"damage":0,"enemies":"Cultist and Chosen","floor":31,"turns":5},{"damage":49,"enemies":"Collector","floor":33,"turns":10},{"damage":36,"enemies":"3 Darklings","floor":35,"turns":4},{"damage":16,"enemies":"3 Shapes","floor":36,"turns":4},{"damage":27,"enemies":"Nemesis","floor":41,"turns":5},{"damage":7,"enemies":"R_Hoarder","floor":44,"turns":9},{"damage":13,"enemies":"3 Darklings","floor":46,"turns":3},{"damage":6,"enemies":"Transient","floor":48,"turns":5},{"damage":93,"enemies":"Awakened One","floor":50,"turns":8}],"seed_played":"-1151945307695646096","potions_obtained":[{"floor":4,"key":"SneckoOil"},{"floor":8,"key":"GamblersBrew"},{"floor":11,"key":"Dexterity Potion"},{"floor":14,"key":"AttackPotion"},{"floor":25,"key":"Swift Potion"},{"floor":27,"key":"FearPotion"},{"floor":29,"key":"FearPotion"},{"floor":31,"key":"TheSimpletonMod:KindlingPotion"},{"floor":33,"key":"TheSimpletonMod:MoonshinePotion"},{"floor":36,"key":"SpeedPotion"},{"floor":41,"key":"Block Potion"},{"floor":46,"key":"Elixir"}],"is_trial":false,"path_per_floor":["M","?","M","M","$","E","R","M","T","R","E","?","M","M","R","B",null,"M","M","M","M","?","E","R","M","T","M","$","E","M","M","R","B",null,"M","M","?","?","$","R","E","R","T","E","R","M","R","M","R","B"],"character_chosen":"THE_SIMPLETON","items_purchased":["Frozen Eye","TheSimpletonMod:Potatoes+1","TheSimpletonMod:RootDown","TheSimpletonMod:ResearchGrant","Mummified Hand","TheSimpletonMod:Thresh"],"campfire_rested":7,"item_purchase_floors":[5,28,28,28,39,39],"current_hp_per_floor":[67,67,61,58,58,36,36,31,31,31,16,16,15,20,20,20,68,37,33,8,5,5,8,31,30,30,16,16,16,15,21,44,1,72,36,20,20,20,20,44,23,47,47,46,71,58,80,74,82,0,0],"gold":243,"neow_bonus":"THREE_RARE_CARDS","is_daily":false,"chose_seed":false,"campfire_upgraded":3,"win_rate":0.0,"timestamp":1611895749,"path_taken":["M","?","?","M","$","E","R","M","T","R","E","?","M","M","R","BOSS","M","M","?","M","?","E","R","M","T","M","$","E","M","M","R","BOSS","M","M","?","?","$","R","E","R","T","E","R","?","R","M","R","BOSS"],"items_purchased_type":["Relic","Card","Card","Card","Relic","Card"],"build_version":"2020-12-22","purchased_purges":1,"victory":false,"max_hp_per_floor":[68,68,68,68,68,68,68,68,68,68,68,68,68,68,68,68,68,68,68,68,68,68,68,70,70,70,70,70,70,70,70,72,72,72,72,72,72,72,72,74,74,76,76,76,78,78,80,80,82,82,82],"relic_stats":{"counters":[27,121],"Mummified Hand":[21],"War Paint":["TheSimpletonMod:Ferment","TheSimpletonMod:StockTheCellar"],"Smiling Mask":25,"obtain_stats":[{"theSleuth:SaltedMelon":22,"Golden Egg":44,"Frozen Egg 2":9,"War Paint":43,"Smiling Mask":26,"Replay:Rubber Ducky":6,"TheSimpletonMod:TheHarvester":0,"Du-Vu Doll":11,"Frozen Eye":5,"Replay:Baseball":23,"Replay:Bandana":29,"Mummified Hand":39,"Runesmith:UraniumAnvil":34,"Iron Hammer":41,"TheSimpletonMod:SpudOfTheInnocent":0,"TheSimpletonMod:NightSoil":0,"Runic Pyramid":17},{"theSleuth:SaltedMelon":13,"Golden Egg":24,"Frozen Egg 2":5,"War Paint":23,"Smiling Mask":15,"Replay:Rubber Ducky":4,"TheSimpletonMod:TheHarvester":0,"Du-Vu Doll":6,"Frozen Eye":3,"Replay:Baseball":14,"Replay:Bandana":17,"Mummified Hand":22,"Runesmith:UraniumAnvil":20,"Iron Hammer":23,"TheSimpletonMod:SpudOfTheInnocent":0,"TheSimpletonMod:NightSoil":0,"Runic Pyramid":9},{"theSleuth:SaltedMelon":47,"Golden Egg":105,"Frozen Egg 2":16,"War Paint":96,"Smiling Mask":58,"Replay:Rubber Ducky":13,"TheSimpletonMod:TheHarvester":0,"Du-Vu Doll":21,"Frozen Eye":9,"Replay:Baseball":53,"Replay:Bandana":65,"Mummified Hand":91,"Runesmith:UraniumAnvil":83,"Iron Hammer":96,"TheSimpletonMod:SpudOfTheInnocent":0,"TheSimpletonMod:NightSoil":0,"Runic Pyramid":33}]},"card_choices":[{"not_picked":["TheSimpletonMod:ResearchGrant","TheSimpletonMod:SaltTheEarth"],"picked":"TheSimpletonMod:HitTheSack","floor":0},{"not_picked":["TheSimpletonMod:Rototilling","TheSimpletonMod:Ferment"],"picked":"TheSimpletonMod:RootDown","floor":1},{"not_picked":["TheSimpletonMod:PestManagement","TheSimpletonMod:Rototilling"],"picked":"TheSimpletonMod:RootDown","floor":3},{"not_picked":["TheSimpletonMod:ToughenUp","TheSimpletonMod:DigIn"],"picked":"TheSimpletonMod:SlashAndBurn","floor":4},{"not_picked":["TheSimpletonMod:Innovate","TheSimpletonMod:SaltTheEarth"],"picked":"TheSimpletonMod:SlashAndBurn","floor":6},{"not_picked":["TheSimpletonMod:SeedCoat","TheSimpletonMod:CullingStrike"],"picked":"TheSimpletonMod:CloseScrape","floor":8},{"not_picked":["TheSimpletonMod:CloseScrape","TheSimpletonMod:SlashAndBurn","TheSimpletonMod:VineRipen"],"picked":"SKIP","floor":11},{"not_picked":["TheSimpletonMod:OnionBloom","TheSimpletonMod:Sunchoke"],"picked":"TheSimpletonMod:Ferment","floor":13},{"not_picked":["TheSimpletonMod:CloseScrape","TheSimpletonMod:CullingStrike"],"picked":"TheSimpletonMod:Mulch","floor":14},{"not_picked":["TheSimpletonMod:VolatileFumes+1","TheSimpletonMod:ErosionControl"],"picked":"TheSimpletonMod:CrackOfDawn+1","floor":16},{"not_picked":["TheSimpletonMod:OnionBloom","TheSimpletonMod:CullingStrike"],"picked":"TheSimpletonMod:StockTheCellar","floor":18},{"not_picked":["TheSimpletonMod:BumperCrop","TheSimpletonMod:ToughenUp+1"],"picked":"TheSimpletonMod:Swelter","floor":19},{"not_picked":["TheSimpletonMod:Germinate+1","TheSimpletonMod:CropRotation+1"],"picked":"TheSimpletonMod:RootDown","floor":20},{"not_picked":["TheSimpletonMod:VineRipen","TheSimpletonMod:Fertilaser"],"picked":"TheSimpletonMod:StockTheCellar","floor":21},{"not_picked":["TheSimpletonMod:CloseScrape","TheSimpletonMod:Pruning"],"picked":"TheSimpletonMod:SaltTheEarth","floor":23},{"not_picked":["TheSimpletonMod:ToughenUp","TheSimpletonMod:Germinate+1","TheSimpletonMod:StockTheCellar"],"picked":"SKIP","floor":25},{"not_picked":["TheSimpletonMod:Fertilaser","TheSimpletonMod:Mulch","TheSimpletonMod:PestManagement+1"],"picked":"SKIP","floor":27},{"not_picked":["TheSimpletonMod:CloseScrape","TheSimpletonMod:Pruning"],"picked":"TheSimpletonMod:Ferment","floor":29},{"not_picked":["TheSimpletonMod:Aerate","TheSimpletonMod:Pruning+1"],"picked":"TheSimpletonMod:BumperCrop+1","floor":30},{"not_picked":["TheSimpletonMod:PestManagement","TheSimpletonMod:BumperCrop"],"picked":"TheSimpletonMod:Potatoes+1","floor":31},{"not_picked":["TheSimpletonMod:Biorefinement+1","TheSimpletonMod:ResistantStrain+1"],"picked":"TheSimpletonMod:CrackOfDawn+1","floor":33},{"not_picked":["TheSimpletonMod:KeenEdge+1","TheSimpletonMod:DigIn","TheSimpletonMod:Aerate"],"picked":"SKIP","floor":35},{"not_picked":["TheSimpletonMod:Sunchoke","TheSimpletonMod:SoilSample+1","TheSimpletonMod:Sunseed"],"picked":"SKIP","floor":36},{"not_picked":["Purity","Jack Of All Trades"],"picked":"Panache+1","floor":37},{"not_picked":["TheSimpletonMod:KeenEdge","TheSimpletonMod:SlashAndBurn+1","TheSimpletonMod:Germinate"],"picked":"SKIP","floor":41},{"not_picked":["TheSimpletonMod:RootDown","TheSimpletonMod:Aerate","TheSimpletonMod:SoilSample+1"],"picked":"SKIP","floor":44},{"not_picked":["TheSimpletonMod:SeedCoat","TheSimpletonMod:BumperCrop","TheSimpletonMod:Fertilaser"],"picked":"SKIP","floor":46},{"not_picked":["TheSimpletonMod:CullingStrike","TheSimpletonMod:Sunchoke","TheSimpletonMod:OnionBloom+1"],"picked":"SKIP","floor":48}],"player_experience":926219,"relics_obtained":[{"floor":6,"key":"Replay:Rubber Ducky"},{"floor":9,"key":"Frozen Egg 2"},{"floor":11,"key":"Du-Vu Doll"},{"floor":23,"key":"Replay:Baseball"},{"floor":26,"key":"Smiling Mask"},{"floor":29,"key":"Replay:Bandana"},{"floor":41,"key":"Iron Hammer"},{"floor":43,"key":"War Paint"},{"floor":44,"key":"Golden Egg"}],"event_choices":[{"damage_healed":0,"gold_gain":0,"player_choice":"1 cards matched","damage_taken":0,"max_hp_gain":0,"max_hp_loss":0,"event_name":"Match and Keep!","floor":2,"gold_loss":0,"cards_obtained":["TheSimpletonMod:CloseScrape"]},{"cards_removed":["TheSimpletonMod:Strike_TheSimpleton"],"damage_healed":0,"gold_gain":0,"player_choice":"Purged","damage_taken":0,"max_hp_gain":0,"max_hp_loss":0,"event_name":"Purifier","floor":12,"gold_loss":0},{"damage_healed":0,"gold_gain":0,"player_choice":"Memory 1","damage_taken":0,"max_hp_gain":0,"max_hp_loss":0,"event_name":"SensoryStone","floor":37,"gold_loss":0},{"cards_removed":["TheSimpletonMod:Strike_TheSimpleton"],"damage_healed":0,"gold_gain":0,"player_choice":"Took Card","damage_taken":0,"max_hp_gain":0,"max_hp_loss":0,"event_name":"NoteForYourself","floor":38,"gold_loss":0,"cards_obtained":["Iron Wave"]}],"is_beta":false,"boss_relics":[{"not_picked":["TheSimpletonMod:GourdCharm","Tiny House"],"picked":"Runic Pyramid"},{"not_picked":["Replay:Ancient Bell","Coffee Dripper"],"picked":"Runesmith:UraniumAnvil"}],"items_purged_floors":[28],"is_endless":false,"potions_floor_spawned":[4,8,11,14,25,27,29,31,33,36,41,46],"killed_by":"Awakened One","ascension_level":0}}