{"host":"fflyk188z5ncxlup","time":1611921869,"event":{"mods":["AchievementEnabler","BaseMod","Bestiary","Better Third Choice","Block Reminder","Colored Map","Colored Powertips","DeckTracker","Googly Eyes","Minty Spire (QoL Compilation)","StSLib","SuperFastMode"],"gold_per_floor":[112,128,139,139,151,151,151,170,181,181,181,47,47,71,94,45,45,45,166,166,187,212,212,232,232,232,232],"floor_reached":26,"language":"ENG","playtime":887,"items_purged":[],"score":313,"play_id":"a2ab0701-8d32-4685-b6d3-1b054666f3f7","local_time":"20210129210429","is_ascension_mode":true,"campfire_choices":[{"data":"Noxious Fumes","floor":7.0,"key":"SMITH"},{"data":"Blade Dance","floor":17,"key":"SMITH"},{"data":"Accuracy","floor":18,"key":"SMITH"}],"circlet_count":0,"master_deck":["AscendersBane","Strike_G","Strike_G","Defend_G","Defend_G","Defend_G","Defend_G","Defend_G","Survivor","Neutralize","Burst","PiercingWail","Noxious Fumes+1","Bane","Deadly Poison","Cloak And Dagger","Malaise","Accuracy+1","Dagger Spray","Leg Sweep","Blade Dance+1","After Image","Tools of the Trade+1","Bullet Time+1","Accuracy+1","Outmaneuver+1"],"relics":["Ring of the Snake","Blood Vial","Ginger","Golden Idol","Astrolabe"],"acts_visited":["Exordium","TheCity"],"potions_floor_usage":[],"damage_taken":[{"damage":0.0,"enemies":"Cultist","floor":1.0,"turns":4.0},{"damage":1.0,"enemies":"Small Slimes","floor":2.0,"turns":4.0},{"damage":3.0,"enemies":"Jaw Worm","floor":3.0,"turns":5.0},{"damage":2.0,"enemies":"Blue Slaver","floor":5.0,"turns":4.0},{"damage":17,"enemies":"Exordium Thugs","floor":8,"turns":5},{"damage":3,"enemies":"Looter","floor":9,"turns":3},{"damage":5,"enemies":"Exordium Wildlife","floor":14,"turns":4},{"damage":0,"enemies":"Large Slime","floor":15,"turns":6},{"damage":8,"enemies":"Hexaghost","floor":19,"turns":10},{"damage":4,"enemies":"Shell Parasite","floor":21,"turns":6},{"damage":6,"enemies":"3 Byrds","floor":22,"turns":5},{"damage":27,"enemies":"Snake Plant","floor":24,"turns":5},{"damage":28,"enemies":"Gremlin Leader","floor":26,"turns":3}],"seed_played":"-1297918400296969347","potions_obtained":[{"floor":3.0,"key":"Ancient Potion"},{"floor":8,"key":"CunningPotion"},{"floor":15,"key":"Dexterity Potion"}],"is_trial":false,"path_per_floor":["M","M","M","?","M","?","R","M","M","T","T","$","?","M","M","$","R","R","B",null,"M","M","?","M","?","E"],"character_chosen":"THE_SILENT","items_purchased":["Accuracy","Dagger Spray","Blade Dance"],"campfire_rested":0,"item_purchase_floors":[12,12,16],"current_hp_per_floor":[63,62,59,64,62,62,62,45,42,42,42,42,42,39,41,41,41,41,35,61,59,55,55,30,30,4,4],"gold":232,"neow_bonus":"ONE_RANDOM_RARE_CARD","is_daily":false,"chose_seed":false,"campfire_upgraded":3,"win_rate":0.0,"timestamp":1611921869,"path_taken":["M","M","M","?","M","?","R","?","M","T","T","$","?","M","M","$","R","R","BOSS","M","M","?","M","?","E"],"items_purchased_type":["Card","Card","Card"],"build_version":"2020-12-22","purchased_purges":0,"victory":false,"max_hp_per_floor":[70,70,70,75,75,75,75,75,75,75,75,75,69,69,69,69,69,69,69,69,69,69,69,69,69,69,69],"card_choices":[{"not_picked":["Slice","Quick Slash"],"picked":"PiercingWail","floor":1.0},{"not_picked":["Prepared","Heel Hook"],"picked":"Noxious Fumes","floor":2.0},{"not_picked":["Masterful Stab","Predator"],"picked":"Bane","floor":3.0},{"not_picked":["Expertise","Masterful Stab"],"picked":"Deadly Poison","floor":5.0},{"not_picked":["Flechettes","Quick Slash"],"picked":"Cloak And Dagger","floor":8},{"not_picked":["Cloak And Dagger","Bane"],"picked":"Malaise","floor":9},{"not_picked":["Dagger Spray","Dash"],"picked":"Leg Sweep","floor":14},{"not_picked":["Deflect","Riddle With Holes","Dagger Spray"],"picked":"SKIP","floor":15},{"not_picked":["Deflect","Riddle With Holes","Dagger Spray"],"picked":"SKIP","floor":15},{"not_picked":["Malaise","Glass Knife"],"picked":"After Image","floor":19},{"not_picked":["Backflip","Flying Knee+1","Quick Slash"],"picked":"SKIP","floor":21},{"not_picked":["Deflect","Backflip","Tactician"],"picked":"SKIP","floor":22},{"not_picked":["Dodge and Roll","Deflect+1"],"picked":"Outmaneuver+1","floor":24}],"player_experience":405884,"relics_obtained":[{"floor":10,"key":"Blood Vial"},{"floor":11,"key":"Ginger"}],"event_choices":[{"damage_healed":0.0,"max_hp_gain":5.0,"max_hp_loss":0.0,"gold_gain":0.0,"event_name":"Big Fish","player_choice":"Donut","floor":4.0,"gold_loss":0.0,"damage_taken":0.0},{"damage_healed":0.0,"max_hp_gain":0.0,"max_hp_loss":0.0,"gold_gain":0.0,"event_name":"The Woman in Blue","player_choice":"Bought 0 Potions","floor":6.0,"gold_loss":0.0,"damage_taken":0.0},{"damage_healed":0,"gold_gain":0,"player_choice":"Lose Max HP","damage_taken":0,"relics_obtained":["Golden Idol"],"max_hp_gain":0,"max_hp_loss":6,"event_name":"Golden Idol","floor":13,"gold_loss":0},{"damage_healed":0,"gold_gain":0,"player_choice":"Ignored","damage_taken":0,"max_hp_gain":0,"max_hp_loss":0,"event_name":"Beggar","floor":23,"gold_loss":0},{"damage_healed":0,"gold_gain":0,"player_choice":"Ignored","damage_taken":0,"max_hp_gain":0,"max_hp_loss":0,"event_name":"Vampires","floor":25,"gold_loss":0}],"is_beta":false,"boss_relics":[{"not_picked":["Runic Dome","Empty Cage"],"picked":"Astrolabe"}],"items_purged_floors":[],"is_endless":false,"potions_floor_spawned":[3,8,15,21,24],"killed_by":"Gremlin Leader","ascension_level":11}}