{"host":"4qkvkh7pd9qr2mca","time":1611957834,"event":{"mods":["AchievementEnabler","Act Like it!","BaseMod","Colored Map","Colored Powertips","Highlight Path","Minty Spire (QoL Compilation)","Pale of the Ancients","Permanent Neow","Quick Restart","Relic Stats","StSLib","SuperFastMode"],"gold_per_floor":[],"floor_reached":34,"language":"ENG","playtime":1499,"items_purged":[],"score":998,"play_id":"4c6b4e15-f094-4e7e-9794-611934750a21","local_time":"20210129230354","is_ascension_mode":true,"campfire_choices":[],"circlet_count":0,"master_deck":["AscendersBane","Defend_G","Defend_G","Defend_G","Defend_G","Defend_G","Survivor","Neutralize","Apotheosis+1","Crippling Poison","Storm of Steel","All Out Attack","Dash","Footwork","Finisher","Accuracy+1","After Image+1","Wraith Form v2+1","Bullet Time","Crippling Poison","Blur","Backflip","Poisoned Stab","Well Laid Plans+1","Calculated Gamble","Corpse Explosion"],"relics":["Ring of the Snake","Juzu Bracelet","Frozen Egg 2","Odd Mushroom","Ninja Scroll","Letter Opener","Sozu","CeramicFish","Turnip","Ancient Tea Set","Strawberry","Ice Cream","ClockworkSouvenir","Regal Pillow"],"acts_visited":["Exordium","TheCity"],"potions_floor_usage":[],"damage_taken":[],"seed_played":"4816061761086850374","potions_obtained":[],"is_trial":false,"path_per_floor":[],"character_chosen":"THE_SILENT","items_purchased":[],"campfire_rested":4,"item_purchase_floors":[],"current_hp_per_floor":[],"gold":170,"neow_bonus":"RANDOM_COLORLESS_2","is_daily":false,"chose_seed":false,"campfire_upgraded":1,"win_rate":0.0,"timestamp":1611957834,"path_taken":[],"items_purchased_type":[],"build_version":"2020-12-22","purchased_purges":1,"victory":false,"max_hp_per_floor":[],"relic_stats":{"Sozu":2,"Regal Pillow":15,"counters":[16,93],"CeramicFish":72,"Turnip":[5],"Juzu Bracelet":3,"Letter Opener":[120],"obtain_stats":[{"Ice Cream":28,"Regal Pillow":31,"CeramicFish":21,"Juzu Bracelet":7,"Letter Opener":13,"Frozen Egg 2":9,"Odd Mushroom":10,"Ancient Tea Set":26,"ClockworkSouvenir":30,"Sozu":17,"Ninja Scroll":11,"Strawberry":27,"Turnip":23,"Ring of the Snake":0},{"Ice Cream":14,"Regal Pillow":15,"CeramicFish":12,"Juzu Bracelet":4,"Letter Opener":8,"Frozen Egg 2":4,"Odd Mushroom":5,"Ancient Tea Set":13,"ClockworkSouvenir":14,"Sozu":10,"Ninja Scroll":6,"Strawberry":13,"Turnip":13,"Ring of the Snake":0},{"Ice Cream":75,"Regal Pillow":81,"CeramicFish":60,"Juzu Bracelet":15,"Letter Opener":28,"Frozen Egg 2":15,"Odd Mushroom":18,"Ancient Tea Set":68,"ClockworkSouvenir":75,"Sozu":45,"Ninja Scroll":24,"Strawberry":68,"Turnip":68,"Ring of the Snake":0}],"Ring of the Snake":[32]},"card_choices":[],"player_experience":585409,"relics_obtained":[],"event_choices":[],"is_beta":false,"boss_relics":[],"items_purged_floors":[],"is_endless":false,"potions_floor_spawned":[],"ascension_level":20}}