{"host":"7tqog9fnhs0gxmti","time":1611882474,"event":{"mods":["AchievementEnabler","Act Like it!","Astrologer","BaseMod","Beaked The Cultist","CapriCore","Colored Map","Colored Powertips","Downfall","Hermit","Highlight Path","Koishi","Marisa????????","Minty Spire (QoL Compilation)","Quick Restart","Random Character Button","Rare Cards Sparkle","Robot Space Explorer","Somnambulant","StSLib","The Bug Knight","The Construct","The Cursed","The Disciple","The Gatherer","The Hayseed","The Marked","Wandering Minibosses","everything is the same but u backflip on backflip"],"gold_per_floor":[116,132,57,71,71,71,90,90,113,139,139,151,170,200,200,299,299,315,54,73,73,73,73,73,73],"floor_reached":24,"language":"ENG","playtime":968,"items_purged":["HollowMod:NailStrikeStart"],"score":206,"play_id":"cf794535-bdc3-4acf-ae39-f8f74db1d410","local_time":"20210129090754","is_ascension_mode":false,"campfire_choices":[{"data":"HollowMod:MothsMistake","floor":6.0,"key":"SMITH"},{"data":"HollowMod:HeavyBlow","floor":8.0,"key":"SMITH"},{"data":"HollowMod:SoulSplash","floor":15.0,"key":"SMITH"},{"data":"HollowMod:DashSlash","floor":23,"key":"SMITH"}],"circlet_count":0,"master_deck":["HollowMod:NailStrikeStart","HollowMod:NailStrikeStart","HollowMod:QuickDashStart","HollowMod:QuickDashStart","HollowMod:QuickDashStart","HollowMod:QuickDashStart","HollowMod:FocusHealStart+1","HollowMod:PogoStrike","HollowMod:MothsMistake+1","HollowMod:HeavyBlow+1","HollowMod:DashSlash+1","HollowMod:DescendingDark","HollowMod:SoulSplash+1","HollowMod:DashSlash"],"relics":["HollowMod:VesselMask","Vajra","Bronze Scales","HollowMod:QueensCombRelic","Black Star","beaked:ShinyBauble","Toxic Egg 2"],"acts_visited":["Exordium","TheCity"],"potions_floor_usage":[],"damage_taken":[{"damage":0.0,"enemies":"2 Louse","floor":1.0,"turns":3.0},{"damage":0.0,"enemies":"Cultist","floor":2.0,"turns":3.0},{"damage":8.0,"enemies":"Jaw Worm","floor":4.0,"turns":3.0},{"damage":2.0,"enemies":"Large Slime","floor":7.0,"turns":5.0},{"damage":27.0,"enemies":"3 Sentries","floor":10.0,"turns":8.0},{"damage":9.0,"enemies":"Lots of Slimes","floor":12.0,"turns":3.0},{"damage":9.0,"enemies":"Looter","floor":13.0,"turns":3.0},{"damage":10.0,"enemies":"Lagavulin","floor":14.0,"turns":6.0},{"damage":13.0,"enemies":"Hexaghost","floor":16.0,"turns":8.0},{"damage":11,"enemies":"Shell Parasite","floor":18,"turns":5},{"damage":20,"enemies":"2 Thieves","floor":20,"turns":4},{"damage":38,"enemies":"Slavers","floor":24,"turns":2}],"seed_played":"-799888081285608703","potions_obtained":[{"floor":1.0,"key":"SmokeBomb"},{"floor":7.0,"key":"GamblersBrew"},{"floor":10.0,"key":"Guardian:BlockOnCardUsePotion"},{"floor":16.0,"key":"bronze:BurnAndBuffPotion"},{"floor":18,"key":"hexamod:SoulburnPotion"}],"is_trial":false,"path_per_floor":["M","M","$","M","?","R","M","R","T","E","$","M","M","E","R","B",null,"M","$","M","?","T","R","E"],"character_chosen":"THE_BUGKNIGHT","items_purchased":["beaked:ShinyBauble"],"campfire_rested":0,"item_purchase_floors":[19],"current_hp_per_floor":[75,75,75,73,73,73,75,75,75,60,60,51,48,50,50,41,50,45,45,29,29,29,29,0,0],"gold":73,"neow_bonus":"UPGRADE_CARD","is_daily":false,"chose_seed":false,"campfire_upgraded":4,"win_rate":0.0,"timestamp":1611882474,"path_taken":["M","M","$","M","?","R","M","R","T","E","$","M","?","E","R","BOSS","M","$","M","?","?","R","E"],"items_purchased_type":["Relic"],"build_version":"2020-12-22","purchased_purges":1,"victory":false,"max_hp_per_floor":[75,75,75,75,75,75,75,75,75,75,75,75,75,50,50,50,50,50,50,50,50,50,50,50,50],"card_choices":[{"not_picked":["HollowMod:ShapeofUnn","HollowMod:RecoilStrike"],"picked":"HollowMod:MothsMistake","floor":1.0},{"not_picked":["HollowMod:AbyssShriek","HollowMod:DoubleDash"],"picked":"HollowMod:HeavyBlow","floor":2.0},{"not_picked":["HollowMod:VengefulVoid","HollowMod:LifebloodCocoon","HollowMod:SoulStrike"],"picked":"SKIP","floor":4.0},{"not_picked":["HollowMod:InfectedAttack","HollowMod:SoulVessel","HollowMod:BlackTendrils"],"picked":"SKIP","floor":7.0},{"not_picked":["HollowMod:InfectedCysts","HollowMod:MidwifesHunger"],"picked":"HollowMod:DashSlash","floor":10.0},{"not_picked":["HollowMod:SiblingsSouls","HollowMod:AbyssShriek"],"picked":"HollowMod:DescendingDark","floor":12.0},{"not_picked":["HollowMod:FastStrike","HollowMod:CoiledNail","HollowMod:SoulStrike"],"picked":"SKIP","floor":13.0},{"not_picked":["HollowMod:BaldurShell","HollowMod:ShadowDash"],"picked":"HollowMod:SoulSplash","floor":14.0},{"not_picked":["HollowMod:DescendingDark","HollowMod:ShadowDash"],"picked":"HollowMod:DashSlash","floor":18},{"not_picked":["HollowMod:ChannelNail","HollowMod:CloakDash+1","HollowMod:SiblingsSouls+1"],"picked":"SKIP","floor":20}],"player_experience":914681,"relics_obtained":[{"floor":9.0,"key":"Vajra"},{"floor":10.0,"key":"Bronze Scales"},{"floor":14.0,"key":"HollowMod:QueensCombRelic"},{"floor":22,"key":"Toxic Egg 2"}],"event_choices":[{"cards_removed":["HollowMod:NailStrikeStart"],"damage_healed":0.0,"max_hp_gain":0.0,"max_hp_loss":0.0,"gold_gain":0.0,"event_name":"Purifier","player_choice":"Purged","floor":5.0,"gold_loss":0.0,"damage_taken":0.0}],"is_beta":false,"boss_relics":[{"not_picked":["bronze:MakeshiftBattery","Tiny House"],"picked":"Black Star"}],"items_purged_floors":[3],"is_endless":false,"potions_floor_spawned":[1,7,10,16,18],"killed_by":"Slavers","ascension_level":0}}