{"host":"fiyb7gvx7tok3jeh","time":1611932933,"event":{"mods":["BaseMod","Colored Map","Colored Powertips","DeckTracker","Googly Eyes","Highlight Path","Minty Spire (QoL Compilation)"],"gold_per_floor":[109,124,140,140,65,65,19,19,73,73,102,120,120,120,120,223,223,239,64,64,163,177,177,206,206,256,290,303,49,49,60,60,158,158,170,170,183,193,209,209,209,227,252,283,243,90,90,107,107,107],"floor_reached":51,"language":"ENG","playtime":2995,"items_purged":["Defend_G","Strike_G"],"score":1078,"play_id":"f0e002d3-7279-4037-96d4-f6317613050b","local_time":"20210129170853","is_ascension_mode":true,"campfire_choices":[{"data":"Neutralize","floor":6,"key":"SMITH"},{"data":"Dash","floor":8,"key":"SMITH"},{"data":"Bouncing Flask","floor":10,"key":"SMITH"},{"data":"Backflip","floor":13,"key":"SMITH"},{"data":"Dagger Spray","floor":15,"key":"SMITH"},{"data":"After Image","floor":23,"key":"SMITH"},{"data":"Blur","floor":25,"key":"SMITH"},{"floor":32,"key":"DIG"},{"floor":40,"key":"DIG"},{"floor":47,"key":"REST"},{"floor":49,"key":"REST"}],"circlet_count":0,"master_deck":["AscendersBane","Strike_G","Strike_G","Strike_G","Defend_G","Defend_G","Defend_G","Defend_G","Survivor","Neutralize+1","Bouncing Flask+1","Dash+1","Dagger Spray+1","Backflip+1","After Image+1","Blur+1","After Image+1"],"relics":["Ring of the Snake","Art of War","Blue Candle","Busted Crown","Nilry\u0027s Codex","InkBottle","Centennial Puzzle","Shovel","Paper Crane","HornCleat","SlaversCollar","TungstenRod","Lantern","Nunchaku","DollysMirror"],"acts_visited":["Exordium","TheCity","TheBeyond"],"potions_floor_usage":[27,31,33,39,45,50],"damage_taken":[{"damage":3,"enemies":"Cultist","floor":1,"turns":4},{"damage":8,"enemies":"2 Louse","floor":2,"turns":3},{"damage":7,"enemies":"Jaw Worm","floor":3,"turns":3},{"damage":22,"enemies":"3 Sentries","floor":11,"turns":8},{"damage":1,"enemies":"Large Slime","floor":12,"turns":5},{"damage":14,"enemies":"The Guardian","floor":16,"turns":12},{"damage":0,"enemies":"Chosen","floor":18,"turns":4},{"damage":0,"enemies":"Shell Parasite","floor":22,"turns":5},{"damage":12,"enemies":"Book of Stabbing","floor":24,"turns":8},{"damage":2,"enemies":"Slavers","floor":27,"turns":5},{"damage":3,"enemies":"Centurion and Healer","floor":28,"turns":8},{"damage":2,"enemies":"Chosen and Byrds","floor":31,"turns":6},{"damage":26,"enemies":"Collector","floor":33,"turns":10},{"damage":0,"enemies":"Orb Walker","floor":35,"turns":4},{"damage":10,"enemies":"3 Darklings","floor":37,"turns":9},{"damage":5,"enemies":"Jaw Worm Horde","floor":38,"turns":8},{"damage":7,"enemies":"4 Shapes","floor":39,"turns":7},{"damage":11,"enemies":"Sphere and 2 Shapes","floor":42,"turns":13},{"damage":11,"enemies":"Reptomancer","floor":44,"turns":10},{"damage":0,"enemies":"Maw","floor":48,"turns":12},{"damage":26,"enemies":"Time Eater","floor":50,"turns":14}],"seed_played":"-2582416422720763708","potions_obtained":[{"floor":1,"key":"DuplicationPotion"},{"floor":11,"key":"Fire Potion"},{"floor":31,"key":"Fire Potion"},{"floor":38,"key":"ColorlessPotion"},{"floor":39,"key":"Strength Potion"},{"floor":42,"key":"Energy Potion"},{"floor":45,"key":"Fruit Juice"},{"floor":45,"key":"SpeedPotion"}],"is_trial":false,"path_per_floor":["M","M","M","?","$","R","$","R","T","R","E","M","R","?","R","B",null,"M","$","?","?","M","R","E","R","T","E","M","$","?","M","R","B",null,"M","?","M","M","M","R","?","M","T","E","?","$","R","M","R","B",null],"character_chosen":"THE_SILENT","items_purchased":["Dagger Spray","Blur","Paper Crane","DollysMirror"],"campfire_rested":2,"item_purchase_floors":[7,19,29,46],"current_hp_per_floor":[60,52,45,80,80,80,80,80,80,80,58,57,57,50,50,36,69,69,69,53,53,53,53,41,41,41,39,36,36,62,60,60,34,69,69,69,59,54,47,47,47,36,36,25,30,30,55,55,80,54],"gold":107,"neow_bonus":"ONE_RANDOM_RARE_CARD","is_daily":false,"chose_seed":false,"campfire_upgraded":7,"win_rate":0.0,"timestamp":1611932933,"path_taken":["M","M","M","?","$","R","?","R","T","R","E","M","R","?","R","BOSS","M","$","?","?","M","R","E","R","T","E","M","$","?","M","R","BOSS","M","?","M","M","M","R","?","M","T","E","?","$","R","M","R","BOSS"],"items_purchased_type":["Card","Card","Relic","Relic"],"build_version":"2020-12-22","purchased_purges":2,"victory":true,"max_hp_per_floor":[70,70,70,80,80,80,80,80,80,80,80,80,80,80,80,80,80,80,80,80,80,80,80,80,80,80,80,80,80,80,80,80,80,80,80,80,80,80,80,80,80,80,80,80,85,85,85,85,85,85],"card_choices":[{"not_picked":["Masterful Stab","Calculated Gamble"],"picked":"Bouncing Flask","floor":1},{"not_picked":["Cloak And Dagger","Endless Agony"],"picked":"Poisoned Stab","floor":2},{"not_picked":["Outmaneuver","Backflip"],"picked":"Dash","floor":3},{"not_picked":["Dagger Throw","Crippling Poison","Cloak And Dagger"],"picked":"SKIP","floor":11},{"not_picked":["Tools of the Trade","Blade Dance"],"picked":"Backflip","floor":12},{"not_picked":["A Thousand Cuts","Phantasmal Killer"],"picked":"After Image","floor":16},{"not_picked":["PiercingWail"],"picked":"SKIP","floor":18},{"not_picked":["Dash"],"picked":"SKIP","floor":22},{"not_picked":["PiercingWail"],"picked":"SKIP","floor":24},{"not_picked":["Backflip"],"picked":"SKIP","floor":27},{"not_picked":["Dagger Throw"],"picked":"SKIP","floor":28},{"not_picked":["Setup+1"],"picked":"SKIP","floor":31},{"not_picked":["Deflect"],"picked":"SKIP","floor":35},{"not_picked":["Dagger Spray"],"picked":"SKIP","floor":37},{"not_picked":["Dagger Throw"],"picked":"SKIP","floor":38},{"not_picked":["Choke"],"picked":"SKIP","floor":39},{"not_picked":["Dagger Throw+1"],"picked":"SKIP","floor":42},{"not_picked":["Quick Slash"],"picked":"SKIP","floor":44},{"not_picked":["Endless Agony"],"picked":"SKIP","floor":48}],"player_experience":278454,"relics_obtained":[{"floor":9,"key":"Art of War"},{"floor":11,"key":"Blue Candle"},{"floor":20,"key":"Nilry\u0027s Codex"},{"floor":24,"key":"InkBottle"},{"floor":26,"key":"Centennial Puzzle"},{"floor":27,"key":"Shovel"},{"floor":32,"key":"HornCleat"},{"floor":40,"key":"TungstenRod"},{"floor":43,"key":"Lantern"},{"floor":44,"key":"Nunchaku"}],"event_choices":[{"cards_removed":["Corpse Explosion"],"damage_healed":25,"gold_gain":0,"player_choice":"Offered Rare","damage_taken":0,"max_hp_gain":10,"max_hp_loss":0,"event_name":"Bonfire Elementals","floor":4,"gold_loss":0},{"cards_removed":["Strike_G"],"damage_healed":0,"gold_gain":0,"player_choice":"Card Removal","damage_taken":7,"max_hp_gain":0,"max_hp_loss":0,"event_name":"Golden Wing","floor":14,"gold_loss":0},{"damage_healed":0,"gold_gain":0,"player_choice":"Obtained Book","damage_taken":16,"max_hp_gain":0,"max_hp_loss":0,"event_name":"Cursed Tome","floor":20,"gold_loss":0},{"damage_healed":0,"gold_gain":99,"player_choice":"Stole From Cult","damage_taken":0,"max_hp_gain":0,"max_hp_loss":0,"event_name":"Nest","floor":21,"gold_loss":0},{"damage_healed":26,"gold_gain":0,"player_choice":"Heal","damage_taken":0,"max_hp_gain":0,"max_hp_loss":0,"event_name":"The Library","floor":30,"gold_loss":0},{"damage_healed":0,"gold_gain":0,"player_choice":"Ignored","damage_taken":0,"max_hp_gain":0,"max_hp_loss":0,"event_name":"Mysterious Sphere","floor":36,"gold_loss":0},{"cards_removed":["Poisoned Stab"],"damage_healed":0,"gold_gain":0,"player_choice":"Removed Attack","damage_taken":0,"max_hp_gain":0,"max_hp_loss":0,"event_name":"Falling","floor":41,"gold_loss":0},{"damage_healed":0,"gold_gain":0,"player_choice":"Bought 3 Potions","damage_taken":0,"max_hp_gain":0,"max_hp_loss":0,"event_name":"The Woman in Blue","floor":45,"gold_loss":0}],"is_beta":false,"boss_relics":[{"not_picked":["Coffee Dripper","Tiny House"],"picked":"Busted Crown"},{"not_picked":["Runic Dome","SacredBark"],"picked":"SlaversCollar"}],"items_purged_floors":[5,19],"is_endless":false,"potions_floor_spawned":[1,11,16,18,22,31,38,39,42],"ascension_level":11}}