{"host":"684z1xpuwaoqmmh1","time":1611920396,"event":{"mods":["BaseMod","Downfall","Hermit","Jorbs\u0027s Wanderer Trilogy","Marisa????????","Minty Spire (QoL Compilation)","Robot Space Explorer","Shade Mod","StSLib","The Bug Knight","The Cursed","The Dragon Tamer","The Hayseed","The Hierophant","The Marked","The Mystic","The Runesmith","The Senshi"],"gold_per_floor":[117,135,135,147,147,147,34,68,68,97,97,123,123,139,139,236,236,252,271,286,149,149,178,178,206,206,233,258,14,14,14],"floor_reached":30,"language":"ENG","playtime":1252,"items_purged":["theMarked:Strike","theMarked:Defend"],"score":505,"play_id":"798bc79d-c38d-4453-8bdc-431f29ecaa34","local_time":"20210129133956","is_ascension_mode":true,"campfire_choices":[{"data":"theMarked:TunnelVision","floor":6,"key":"SMITH"},{"data":"theMarked:SoldierOfQuellstein","floor":11,"key":"SMITH"},{"data":"theMarked:ComboAttacks","floor":13,"key":"SMITH"},{"data":"theMarked:Pokerface","floor":15,"key":"SMITH"},{"data":"theMarked:Defy","floor":24,"key":"SMITH"}],"circlet_count":0,"master_deck":["theMarked:Strike","theMarked:Strike","theMarked:Strike","theMarked:Strike","theMarked:Defend","theMarked:Defend","theMarked:Defend","theMarked:SoldierOfQuellstein+1","theMarked:TakeCover","theMarked:TunnelVision+1","theMarked:HeightenedSenses","theMarked:Seal","theMarked:Pokerface+1","theMarked:BanishingStrike","theMarked:ComboAttacks+1","theMarked:Determination","theMarked:Defy+1","theMarked:WastefulAttack+1","theMarked:Standoff","theMarked:BindingBlade","theMarked:Opportunist","theMarked:TwofoldDefense","theMarked:WardOff+1","downfall:Haunted","theMarked:TheMission+1","theMarked:Challenge","theMarked:MysticalArsenal"],"relics":["theMarked:ArtifactOfAir","Blue Candle","Meat on the Bone","HollowMod:LifeEnderRelic","Nunchaku","Bottled Lightning","Kunai","Cursed Key","Pocketwatch","Ornamental Fan","Gremlin Horn","WingedGreaves","Regal Pillow","PreservedInsect"],"acts_visited":["Exordium","TheCity"],"potions_floor_usage":[8,10,18,20,20,23,27,30],"damage_taken":[{"damage":0,"enemies":"2 Louse","floor":1,"turns":3},{"damage":0,"enemies":"Jaw Worm","floor":2,"turns":5},{"damage":1,"enemies":"Small Slimes","floor":4,"turns":2},{"damage":0,"enemies":"3 Sentries","floor":8,"turns":6},{"damage":0,"enemies":"Lagavulin","floor":10,"turns":6},{"damage":3,"enemies":"HollowMod:MossKnight","floor":12,"turns":6},{"damage":0,"enemies":"Exordium Wildlife","floor":14,"turns":3},{"damage":16,"enemies":"Slime Boss","floor":16,"turns":6},{"damage":16,"enemies":"Spheric Guardian","floor":18,"turns":4},{"damage":0,"enemies":"2 Thieves","floor":19,"turns":4},{"damage":22,"enemies":"Sentry and Sphere","floor":20,"turns":5},{"damage":10,"enemies":"Book of Stabbing","floor":23,"turns":5},{"damage":15,"enemies":"Slavers","floor":25,"turns":7},{"damage":3,"enemies":"HollowMod:Nosk","floor":27,"turns":7},{"damage":43,"enemies":"Book of Stabbing","floor":28,"turns":6},{"damage":25,"enemies":"HollowMod:Nosk","floor":30,"turns":3}],"seed_played":"7475088901275698511","potions_obtained":[{"floor":0,"key":"champ:CounterPotion"},{"floor":0,"key":"Weak Potion"},{"floor":0,"key":"SmokeBomb"},{"floor":1,"key":"SteroidPotion"},{"floor":12,"key":"Block Potion"},{"floor":16,"key":"SkillPotion"},{"floor":19,"key":"Swift Potion"},{"floor":23,"key":"BlessingOfTheForge"},{"floor":28,"key":"Strength Potion"}],"is_trial":false,"path_per_floor":["M","M","?","M","?","R","$","E","T","E","R","E","R","M","R","B",null,"M","M","M","$","?","E","R","E","T","E","E","$","E"],"character_chosen":"THE_DEFAULT","items_purchased":["theMarked:Seal","theMarked:Opportunist","theMarked:MysticalArsenal","PreservedInsect","SteroidPotion"],"campfire_rested":0,"item_purchase_floors":[7,21,29,29,29],"current_hp_per_floor":[63,63,58,57,45,45,45,45,45,45,45,42,42,42,42,38,62,46,46,36,36,36,38,38,35,35,44,13,13,0,0],"gold":14,"neow_bonus":"THREE_SMALL_POTIONS","is_daily":false,"chose_seed":false,"campfire_upgraded":5,"win_rate":0.0,"timestamp":1611920396,"path_taken":["M","M","?","M","?","R","?","E","T","E","R","E","R","M","R","BOSS","M","M","M","$","?","E","R","E","T","E","E","$","E"],"items_purchased_type":["Card","Card","Card","Relic","Potion"],"build_version":"2020-12-22","purchased_purges":2,"victory":false,"max_hp_per_floor":[70,70,70,70,70,70,70,70,70,70,70,70,70,70,70,70,70,70,70,70,70,70,70,70,70,70,70,70,70,70,70],"card_choices":[{"not_picked":["theMarked:Parkour","theMarked:HeightenedSenses"],"picked":"theMarked:TakeCover","floor":1},{"not_picked":["theMarked:ResourceFulStrike","theMarked:SwordAndMagic"],"picked":"theMarked:TunnelVision","floor":2},{"not_picked":["theMarked:TakeCover","theMarked:TwofoldDefense"],"picked":"theMarked:HeightenedSenses","floor":4},{"not_picked":["theMarked:Determination","theMarked:BanishingWave"],"picked":"theMarked:Pokerface","floor":8},{"not_picked":["theMarked:RepellingDischarge","theMarked:Improvise"],"picked":"theMarked:BanishingStrike","floor":10},{"not_picked":["theMarked:Improvise","theMarked:Static"],"picked":"theMarked:ComboAttacks","floor":12},{"not_picked":["theMarked:ComboAttacks","theMarked:Parkour"],"picked":"theMarked:Determination","floor":14},{"not_picked":["theMarked:DispelDoubt","theMarked:Vacuum"],"picked":"theMarked:Defy","floor":16},{"not_picked":["theMarked:EmpowerWeapon","theMarked:ChainLightning+1"],"picked":"theMarked:WastefulAttack+1","floor":18},{"not_picked":["theMarked:Electrocute","theMarked:ResourceFulStrike"],"picked":"theMarked:Standoff","floor":19},{"not_picked":["theMarked:TakeCover","theMarked:Indomitable"],"picked":"theMarked:BindingBlade","floor":20},{"not_picked":["theMarked:ChainLightning","theMarked:MuscleMemory"],"picked":"theMarked:TwofoldDefense","floor":23},{"not_picked":["theMarked:ChainLightning","theMarked:SwordAndMagic"],"picked":"theMarked:WardOff+1","floor":25},{"not_picked":["theMarked:Indomitable","theMarked:Frustration"],"picked":"theMarked:TheMission+1","floor":27},{"not_picked":["theMarked:ResourceFulStrike+1","theMarked:Polarize+1"],"picked":"theMarked:Challenge","floor":28}],"player_experience":2989780,"relics_obtained":[{"floor":8,"key":"HollowMod:LifeEnderRelic"},{"floor":9,"key":"Nunchaku"},{"floor":10,"key":"Bottled Lightning"},{"floor":12,"key":"Kunai"},{"floor":23,"key":"Pocketwatch"},{"floor":25,"key":"Ornamental Fan"},{"floor":26,"key":"Gremlin Horn"},{"floor":27,"key":"WingedGreaves"},{"floor":28,"key":"Regal Pillow"}],"event_choices":[{"damage_healed":0,"gold_gain":0,"player_choice":"Success","damage_taken":12,"relics_obtained":["Meat on the Bone"],"max_hp_gain":0,"max_hp_loss":0,"event_name":"Scrap Ooze","floor":5,"gold_loss":0},{"damage_healed":0,"gold_gain":0,"player_choice":"Ignored","damage_taken":0,"max_hp_gain":0,"max_hp_loss":0,"event_name":"Vampires","floor":22,"gold_loss":0}],"is_beta":false,"boss_relics":[{"not_picked":["sneckomod:SneckoTalon","Pandora\u0027s Box"],"picked":"Cursed Key"}],"items_purged_floors":[7,21],"is_endless":false,"potions_floor_spawned":[1,12,16,19,23,28],"killed_by":"HollowMod:Nosk","ascension_level":7}}