{"host":"3qkmyeoym75lj4wn","time":1611948284,"event":{"mods":["2.2 Compatiblity","BaseMod","Block Reminder","Colored Powertips","Highlight Path","Minty Spire (QoL Compilation)","Permanent Neow","Potion Indicator Mod","Rare Cards Sparkle","Relic Stats","StSLib","Unceasing Turn Reminder"],"gold_per_floor":[113,188,188,31,49,77,77,108,108,108,127,127,156,174,174,253,253,268,193,193,193,193,223,223,248,273,273,308,325,337,337,337],"floor_reached":31,"language":"ENG","playtime":1144,"items_purged":[],"score":693,"play_id":"0983f2d5-9a89-430c-b89e-883533be761a","local_time":"20210129192444","is_ascension_mode":true,"campfire_choices":[{"floor":10,"key":"REST"},{"data":"Zap","floor":12,"key":"SMITH"},{"floor":15,"key":"REST"},{"floor":24,"key":"REST"},{"data":"Fission","floor":27,"key":"SMITH"}],"circlet_count":0,"master_deck":["AscendersBane","Strike_B+1","Strike_B+1","Defend_B+1","Defend_B+1","Defend_B+1","Defend_B+1","Zap+1","Dualcast","Static Discharge","Streamline","BootSequence","Doom and Gloom","Cold Snap","Conserve Battery","Ball Lightning","Fission+1","Steam","Zap+1","Go for the Eyes","Biased Cognition","Consume"],"relics":["Cracked Core","Lee\u0027s Waffle","Orichalcum","Strawberry","Pantograph","Centennial Puzzle","Pear","Inserter","PreservedInsect","Incense Burner","Vajra","Omamori"],"acts_visited":["Exordium","TheCity"],"potions_floor_usage":[6,13,23,25,28],"damage_taken":[{"damage":5,"enemies":"2 Louse","floor":1,"turns":3},{"damage":7,"enemies":"Jaw Worm","floor":5,"turns":3},{"damage":23,"enemies":"3 Sentries","floor":6,"turns":8},{"damage":49,"enemies":"Gremlin Nob","floor":8,"turns":5},{"damage":0,"enemies":"Small Slimes","floor":11,"turns":3},{"damage":9,"enemies":"Lagavulin","floor":13,"turns":6},{"damage":0,"enemies":"3 Louse","floor":14,"turns":3},{"damage":10,"enemies":"The Guardian","floor":16,"turns":11},{"damage":34,"enemies":"Shell Parasite","floor":18,"turns":5},{"damage":36,"enemies":"Slavers","floor":23,"turns":5},{"damage":0,"enemies":"Gremlin Leader","floor":25,"turns":5},{"damage":6,"enemies":"Book of Stabbing","floor":28,"turns":4},{"damage":7,"enemies":"3 Byrds","floor":29,"turns":3},{"damage":9,"enemies":"Centurion and Healer","floor":30,"turns":5},{"damage":30,"enemies":"3 Cultists","floor":31,"turns":4}],"seed_played":"-5345073637442629405","potions_obtained":[{"floor":1,"key":"Block Potion"},{"floor":5,"key":"Dexterity Potion"},{"floor":14,"key":"FocusPotion"},{"floor":16,"key":"SteroidPotion"},{"floor":23,"key":"GamblersBrew"},{"floor":25,"key":"EssenceOfDarkness"}],"is_trial":false,"path_per_floor":["M","?","T","$","M","E","?","E","T","R","M","R","E","M","R","B",null,"M","?","?","?","?","E","R","E","T","R","E","M","M","M"],"character_chosen":"DEFECT","items_purchased":["Lee\u0027s Waffle"],"campfire_rested":3,"item_purchase_floors":[4],"current_hp_per_floor":[59,48,48,78,71,48,50,1,1,26,26,26,27,27,55,70,89,55,55,55,55,55,19,47,47,47,47,41,34,25,0,0],"gold":337,"neow_bonus":"TRANSFORM_CARD","is_daily":false,"chose_seed":false,"campfire_upgraded":2,"win_rate":0.0,"timestamp":1611948284,"path_taken":["M","?","?","$","M","E","?","E","T","R","M","R","E","M","R","BOSS","M","?","?","?","?","E","R","E","T","R","E","?","M","M"],"items_purchased_type":["Relic"],"build_version":"2020-12-22","purchased_purges":0,"victory":false,"max_hp_per_floor":[71,71,71,78,78,78,85,85,85,85,85,85,95,95,95,95,95,95,95,95,95,95,95,95,95,95,95,95,95,95,95,95],"relic_stats":{"Lee\u0027s Waffle":30,"Centennial Puzzle":[24],"Inserter":[15],"counters":[15,73],"Pantograph":25,"PreservedInsect":90,"Orichalcum":[84],"obtain_stats":[{"Lee\u0027s Waffle":4,"Centennial Puzzle":9,"Pear":13,"Inserter":17,"Strawberry":7,"Pantograph":8,"Vajra":26,"PreservedInsect":23,"Incense Burner":25,"Omamori":28,"Orichalcum":6,"Cracked Core":0},{"Lee\u0027s Waffle":1,"Centennial Puzzle":4,"Pear":6,"Inserter":8,"Strawberry":3,"Pantograph":4,"Vajra":11,"PreservedInsect":10,"Incense Burner":11,"Omamori":12,"Orichalcum":3,"Cracked Core":0},{"Lee\u0027s Waffle":3,"Centennial Puzzle":19,"Pear":28,"Inserter":42,"Strawberry":14,"Pantograph":19,"Vajra":57,"PreservedInsect":52,"Incense Burner":57,"Omamori":61,"Orichalcum":14,"Cracked Core":0}]},"card_choices":[{"not_picked":["Rebound","Compile Driver"],"picked":"Streamline","floor":1},{"not_picked":["Barrage","Stack"],"picked":"BootSequence","floor":5},{"not_picked":["Hyperbeam","Skim"],"picked":"Doom and Gloom","floor":6},{"not_picked":["Hyperbeam","Loop"],"picked":"Cold Snap","floor":8},{"not_picked":["Barrage","Doom and Gloom"],"picked":"Conserve Battery","floor":11},{"not_picked":["Barrage","Reprogram","Fusion"],"picked":"SKIP","floor":13},{"not_picked":["Leap","Steam"],"picked":"Ball Lightning","floor":14},{"not_picked":["Machine Learning","Creative AI"],"picked":"Fission","floor":16},{"not_picked":["Gash","Rip and Tear"],"picked":"Steam","floor":18},{"not_picked":["Melter","Turbo","Beam Cell"],"picked":"SKIP","floor":23},{"not_picked":["Static Discharge","Steam"],"picked":"Go for the Eyes","floor":25},{"not_picked":["Steam","Melter","Fusion"],"picked":"SKIP","floor":28},{"not_picked":["Rebound","Go for the Eyes"],"picked":"Biased Cognition","floor":29},{"not_picked":["Stack","Ball Lightning"],"picked":"Consume","floor":30}],"player_experience":1713790,"relics_obtained":[{"floor":6,"key":"Orichalcum"},{"floor":8,"key":"Pantograph"},{"floor":9,"key":"Centennial Puzzle"},{"floor":13,"key":"Pear"},{"floor":23,"key":"PreservedInsect"},{"floor":25,"key":"Incense Burner"},{"floor":26,"key":"Vajra"},{"floor":28,"key":"Omamori"}],"event_choices":[{"damage_healed":0,"gold_gain":75,"player_choice":"Gather Gold","damage_taken":11,"max_hp_gain":0,"max_hp_loss":0,"event_name":"World of Goop","floor":2,"gold_loss":0},{"damage_healed":0,"gold_gain":0,"player_choice":"Success","damage_taken":5,"relics_obtained":["Strawberry"],"max_hp_gain":0,"max_hp_loss":0,"event_name":"Scrap Ooze","floor":7,"gold_loss":0},{"cards_removed":["Strike_B"],"damage_healed":0,"gold_gain":0,"player_choice":"Gave Gold","damage_taken":0,"max_hp_gain":0,"max_hp_loss":0,"event_name":"Beggar","floor":19,"gold_loss":75},{"damage_healed":0,"gold_gain":0,"player_choice":"Ignored","damage_taken":0,"max_hp_gain":0,"max_hp_loss":0,"event_name":"Ghosts","floor":20,"gold_loss":0},{"damage_healed":0,"gold_gain":0,"player_choice":"Simplicity","damage_taken":0,"max_hp_gain":0,"max_hp_loss":0,"event_name":"Back to Basics","floor":21,"gold_loss":0,"cards_upgraded":["Strike_B","Strike_B","Defend_B","Defend_B","Defend_B","Defend_B"]},{"damage_healed":0,"gold_gain":0,"player_choice":"Copied","damage_taken":0,"max_hp_gain":0,"max_hp_loss":0,"event_name":"Duplicator","floor":22,"gold_loss":0,"cards_obtained":["Zap"]}],"is_beta":false,"boss_relics":[{"not_picked":["Sozu","Snecko Eye"],"picked":"Inserter"}],"items_purged_floors":[],"is_endless":false,"potions_floor_spawned":[1,5,14,16,23,25],"killed_by":"3 Cultists","ascension_level":20}}