{"host":"3tyeyqdkopu0dn2g","time":1611901788,"event":{"mods":["AchievementEnabler","BaseMod","BetterRewards","Minty Spire (QoL Compilation)","Quick Restart","Slay-I"],"gold_per_floor":[117,129,140,140,154,154,181,181,208,219,232,252,272,304,304,401,401,418,430,430,446,545,563,563,563,586,436,436,261,276,291,291,291,291],"floor_reached":33,"language":"ZHS","playtime":2382,"items_purged":["Strike_G","Strike_G","Defend_G","Defend_G","Defend_G"],"score":263,"play_id":"cf6220c9-f697-44f7-ba46-237d1c0886a8","local_time":"20210129142948","is_ascension_mode":false,"campfire_choices":[{"data":"Cloak And Dagger","floor":6.0,"key":"SMITH"},{"data":"Cloak And Dagger","floor":8.0,"key":"SMITH"},{"data":"Cloak And Dagger","floor":15.0,"key":"SMITH"},{"data":"Blade Dance","floor":28.0,"key":"SMITH"},{"data":"Well Laid Plans","floor":32,"key":"SMITH"}],"circlet_count":0,"master_deck":["Defend_G","Defend_G","Survivor","Neutralize","Cloak And Dagger+1","Well Laid Plans+1","All Out Attack","Cloak And Dagger+1","Blade Dance+1","Cloak And Dagger+1","Backflip","Infinite Blades","PiercingWail+1","Backflip+1","Prepared"],"relics":["Ring of the Snake","Vajra","Lantern","Potion Belt","Ancient Tea Set","Astrolabe","MutagenicStrength","Bag of Marbles"],"acts_visited":["Exordium","TheCity"],"potions_floor_usage":[33,33],"damage_taken":[{"damage":0.0,"enemies":"Cultist","floor":1.0,"turns":4.0},{"damage":0.0,"enemies":"Small Slimes","floor":2.0,"turns":3.0},{"damage":1.0,"enemies":"Jaw Worm","floor":3.0,"turns":4.0},{"damage":0.0,"enemies":"3 Louse","floor":5.0,"turns":2.0},{"damage":4.0,"enemies":"3 Sentries","floor":7.0,"turns":6.0},{"damage":0.0,"enemies":"Looter","floor":10.0,"turns":2.0},{"damage":0.0,"enemies":"2 Fungi Beasts","floor":11.0,"turns":2.0},{"damage":0.0,"enemies":"Lots of Slimes","floor":12.0,"turns":2.0},{"damage":0.0,"enemies":"3 Louse","floor":13.0,"turns":3.0},{"damage":17.0,"enemies":"Gremlin Nob","floor":14.0,"turns":4.0},{"damage":15.0,"enemies":"The Guardian","floor":16.0,"turns":13.0},{"damage":0.0,"enemies":"3 Byrds","floor":18.0,"turns":4.0},{"damage":0.0,"enemies":"Shell Parasite","floor":19.0,"turns":5.0},{"damage":22.0,"enemies":"Snecko","floor":21.0,"turns":6.0},{"damage":4.0,"enemies":"Centurion and Healer","floor":23.0,"turns":7.0},{"damage":0,"enemies":"Chosen and Byrds","floor":30,"turns":3},{"damage":13,"enemies":"Snake Plant","floor":31,"turns":5},{"damage":65,"enemies":"Champ","floor":33,"turns":12}],"seed_played":"2915051814041261478","potions_obtained":[{"floor":2.0,"key":"SkillPotion"},{"floor":5.0,"key":"Poison Potion"},{"floor":11.0,"key":"Energy Potion"},{"floor":12.0,"key":"EssenceOfSteel"},{"floor":13.0,"key":"SkillPotion"},{"floor":19.0,"key":"LiquidBronze"},{"floor":23.0,"key":"ColorlessPotion"}],"is_trial":false,"path_per_floor":["M","M","M","?","M","R","E","R","T","M","M","M","M","E","R","B",null,"M","M","?","M","?","M","?","?","T","$","R","$","M","M","R","B"],"character_chosen":"THE_SILENT","items_purchased":["Cloak And Dagger","Well Laid Plans","All Out Attack"],"campfire_rested":0,"item_purchase_floors":[0,0,0],"current_hp_per_floor":[56,56,55,43,43,43,39,39,39,39,39,39,39,22,22,7,70,70,70,70,48,48,44,31,75,75,75,75,75,75,62,62,0,0],"gold":291,"neow_bonus":"","is_daily":false,"chose_seed":false,"campfire_upgraded":5,"win_rate":0.0,"timestamp":1611901788,"path_taken":["M","?","M","?","M","R","E","R","T","M","M","M","M","E","R","BOSS","M","M","?","M","?","M","?","?","T","$","R","$","M","M","R","BOSS"],"items_purchased_type":["Card","Card","Card"],"build_version":"2020-12-22","purchased_purges":5,"victory":false,"max_hp_per_floor":[70,70,70,70,70,70,70,70,70,70,70,70,70,70,70,70,70,70,70,70,70,70,70,75,75,75,75,75,75,75,75,75,75,75],"card_choices":[{"not_picked":["Crippling Poison","PiercingWail"],"picked":"Cloak And Dagger","floor":1.0},{"not_picked":["Heel Hook","Escape Plan"],"picked":"Blade Dance","floor":2.0},{"not_picked":["Dagger Throw","Quick Slash","Outmaneuver"],"picked":"SKIP","floor":3.0},{"not_picked":["Setup","Backflip"],"picked":"Cloak And Dagger","floor":5.0},{"not_picked":["Noxious Fumes","Predator","Cloak And Dagger"],"picked":"SKIP","floor":7.0},{"not_picked":["Backstab","Concentrate","Predator"],"picked":"SKIP","floor":10.0},{"not_picked":["Quick Slash","PiercingWail"],"picked":"Backflip","floor":11.0},{"not_picked":["Dodge and Roll","PiercingWail","Distraction"],"picked":"SKIP","floor":12.0},{"not_picked":["Dagger Spray","Bane"],"picked":"Infinite Blades","floor":13.0},{"not_picked":["Setup","Dodge and Roll","Predator"],"picked":"SKIP","floor":14.0},{"not_picked":["Bane","Deflect+1","Predator+1"],"picked":"SKIP","floor":18.0},{"not_picked":["Heel Hook","Underhanded Strike"],"picked":"Prepared","floor":19.0},{"not_picked":["Slice","PiercingWail","Deadly Poison+1"],"picked":"SKIP","floor":21.0},{"not_picked":["Caltrops","Blur","Dagger Spray"],"picked":"SKIP","floor":23.0},{"not_picked":["Crippling Poison","Dagger Throw+1","PiercingWail+1"],"picked":"SKIP","floor":30},{"not_picked":["Slice","Dagger Spray","Dodge and Roll"],"picked":"SKIP","floor":31}],"player_experience":89763,"relics_obtained":[{"floor":7.0,"key":"Lantern"},{"floor":9.0,"key":"Potion Belt"},{"floor":14.0,"key":"Ancient Tea Set"},{"floor":26.0,"key":"Bag of Marbles"}],"event_choices":[{"damage_healed":0.0,"max_hp_gain":0.0,"max_hp_loss":0.0,"gold_gain":0.0,"event_name":"Scrap Ooze","player_choice":"Success","floor":4.0,"gold_loss":0.0,"damage_taken":12.0,"relics_obtained":["Vajra"]},{"damage_healed":0.0,"max_hp_gain":0.0,"max_hp_loss":0.0,"gold_gain":0.0,"event_name":"Drug Dealer","player_choice":"Inject Mutagens","floor":20.0,"gold_loss":0.0,"damage_taken":0.0,"relics_obtained":["MutagenicStrength"]},{"damage_healed":0.0,"max_hp_gain":0.0,"max_hp_loss":0.0,"gold_gain":99.0,"event_name":"Nest","player_choice":"Stole From Cult","floor":22.0,"gold_loss":0.0,"damage_taken":0.0},{"damage_healed":0.0,"max_hp_gain":5.0,"max_hp_loss":0.0,"gold_gain":0.0,"event_name":"Forgotten Altar","player_choice":"Shed Blood","floor":24.0,"gold_loss":0.0,"damage_taken":18.0},{"cards_removed":["Heel Hook"],"damage_healed":44.0,"max_hp_gain":0.0,"max_hp_loss":0.0,"gold_gain":0.0,"event_name":"Bonfire Elementals","player_choice":"Offered Uncommon","floor":25.0,"gold_loss":0.0,"damage_taken":0.0}],"is_beta":false,"boss_relics":[{"not_picked":["Busted Crown","Calling Bell"],"picked":"Astrolabe"}],"items_purged_floors":[0,0,0,27,29],"is_endless":false,"potions_floor_spawned":[2,5,11,12,13,19,23],"killed_by":"Champ","ascension_level":0}}