{"host":"xvjtz0l6trtfk8cl","time":1611888981,"event":{"mods":["BaseMod","Better Altar","Better Third Choice","Downfall","Fox Events","Hermit","Magitek Elite","Minty Spire (QoL Compilation)","StSLib","The Bladedancer","The Death Knight","The Hierophant","The Necromancer","Waifu the Spire"],"gold_per_floor":[99,119,130,149,134,145,145,158,158,190,190,190,190,224,238,336,336,336,336,336,336,355,340,340,340,340,340,355,370,384,384,398,398,398,398],"floor_reached":33,"language":"ENG","playtime":2653,"items_purged":[],"score":257,"play_id":"72fbc936-e158-4c8c-b503-a7bdbad07a5c","local_time":"20210128205621","is_ascension_mode":false,"campfire_choices":[{"data":"Guardian:TwinSlam","floor":1.0,"key":"SMITH"},{"data":"Guardian:CurlUp","floor":9,"key":"SMITH"},{"data":"Guardian:RollAttack","floor":11,"key":"SMITH"},{"floor":13,"key":"REST"},{"data":"Guardian:StasisStrike","floor":18,"key":"SMITH"},{"data":"Guardian:TimeBomb","floor":25,"key":"SMITH"},{"data":"Guardian:FastForward","floor":26,"key":"SMITH"},{"data":"Guardian:SpikerProtocol","floor":27,"key":"SMITH"}],"circlet_count":0,"master_deck":["Guardian:Strike_Guardian","Guardian:Strike_Guardian","Guardian:Strike_Guardian+1","Guardian:Strike_Guardian","Guardian:Defend_Guardian","Guardian:Defend_Guardian","Guardian:Defend_Guardian","Guardian:Defend_Guardian","Guardian:CurlUp+1","Guardian:TwinSlam+1","Guardian:GuardianWhirl+1","Guardian:SpikerProtocol+1","Guardian:RollAttack+1","Guardian:StasisStrike+1","Guardian:TimeBomb+1","Guardian:FastForward+1","Guardian:ExploitGems"],"relics":["Guardian:ModeShifterPlus","Torii","WingedGreaves","Letter Opener","InkBottle","Bottled Flame"],"acts_visited":["Exordium","TheCity"],"potions_floor_usage":[14,16,16,23,23,33,33],"damage_taken":[{"damage":0.0,"enemies":"Cultist","floor":2.0,"turns":4.0},{"damage":5,"enemies":"2 Louse","floor":3,"turns":3},{"damage":6,"enemies":"Jaw Worm","floor":4,"turns":3},{"damage":0,"enemies":"downfall:FleeingMerchant","floor":5,"turns":4},{"damage":0,"enemies":"3 Louse","floor":6,"turns":5},{"damage":8,"enemies":"Red Slaver","floor":8,"turns":3},{"damage":14,"enemies":"Gremlin Nob","floor":10,"turns":5},{"damage":1,"enemies":"3 Sentries","floor":14,"turns":5},{"damage":21,"enemies":"Gremlin Gang","floor":15,"turns":3},{"damage":67,"enemies":"WA_ARCHETYPE_RETAIN","floor":16,"turns":10},{"damage":0,"enemies":"Chosen","floor":19,"turns":1},{"damage":1,"enemies":"Centurion and Healer","floor":22,"turns":4},{"damage":5,"enemies":"downfall:FleeingMerchant","floor":23,"turns":4},{"damage":0,"enemies":"Snecko","floor":28,"turns":4},{"damage":7,"enemies":"3 Cultists","floor":29,"turns":3},{"damage":2,"enemies":"Chosen and Byrds","floor":30,"turns":3},{"damage":22,"enemies":"Shelled Parasite and Fungi","floor":32,"turns":5},{"damage":48,"enemies":"SI_MIRROR_ARCHETYPE","floor":33,"turns":8}],"seed_played":"5758457997380545394","potions_obtained":[{"floor":4,"key":"Energy Potion"},{"floor":8,"key":"FairyPotion"},{"floor":14,"key":"PowerPotion"},{"floor":15,"key":"DistilledChaos"},{"floor":16,"key":"AttackPotion"},{"floor":22,"key":"DeathKnight:BottledBloodEchoes"},{"floor":28,"key":"BlessingOfTheForge"},{"floor":29,"key":"Dexterity Potion"}],"is_trial":false,"path_per_floor":["R","M","M","M","$","M","T","M","R","E","R","?","R","E","M","B",null,"R","M","?","?","M","$","T","R","R","R","M","M","M","T","M","B"],"character_chosen":"GUARDIAN","items_purchased":[],"campfire_rested":1,"item_purchase_floors":[],"current_hp_per_floor":[88,88,83,77,77,77,77,69,69,55,55,55,81,80,59,26,88,88,88,88,80,79,74,74,74,74,74,74,67,65,65,43,0,0,0],"gold":398,"neow_bonus":"TEN_PERCENT_HP_BONUS","is_daily":false,"chose_seed":false,"campfire_upgraded":7,"win_rate":0.0,"timestamp":1611888981,"path_taken":["R","M","M","M","$","M","T","?","R","E","R","?","R","E","M","BOSS","R","M","?","?","?","$","T","R","R","R","?","M","M","?","M","BOSS"],"items_purchased_type":[],"build_version":"2020-12-22","purchased_purges":0,"victory":false,"max_hp_per_floor":[88,88,88,88,88,88,88,88,88,88,88,88,88,88,88,88,88,88,88,88,88,88,88,88,88,88,88,88,88,88,88,88,88,88,88],"card_choices":[{"not_picked":["Guardian:Reroute","Guardian:ChargeCore"],"picked":"Guardian:GuardianWhirl","floor":2},{"not_picked":["Guardian:BronzeArmor","Guardian:DonusPower"],"picked":"Guardian:Gem_Fragmented","floor":3},{"not_picked":["Guardian:PrismaticBeam","Guardian:TemporalStrike"],"picked":"Guardian:Gem_White","floor":4},{"not_picked":["Guardian:Reroute","Guardian:Gem_Fragmented"],"picked":"Guardian:SpikerProtocol","floor":5},{"not_picked":["Guardian:BronzeArmor","Guardian:Recover"],"picked":"Guardian:Gem_Red","floor":6},{"not_picked":["Guardian:PolyBeam","Guardian:ChargeCore","Guardian:Gem_Cyan"],"picked":"SKIP","floor":8},{"not_picked":["Guardian:DecasProtection","Guardian:DonusPower"],"picked":"Guardian:RollAttack","floor":10},{"not_picked":["Guardian:Gem_Red","Guardian:Suspension","Guardian:Reroute"],"picked":"SKIP","floor":14},{"not_picked":["Guardian:Reroute","Guardian:HyperBeam_Guardian","Guardian:Planning"],"picked":"SKIP","floor":15},{"not_picked":["Guardian:HyperBeam_Guardian","Guardian:StasisField"],"picked":"Guardian:StasisStrike","floor":16},{"not_picked":["Guardian:TemporalStrike","Guardian:PrismaticBeam"],"picked":"Guardian:TimeBomb","floor":19},{"not_picked":["Guardian:VentSteam","Guardian:BronzeArmor","Guardian:Gem_Red"],"picked":"SKIP","floor":22},{"not_picked":["Guardian:Gem_Fragmented","Guardian:Reroute"],"picked":"Guardian:FastForward","floor":23},{"not_picked":["Guardian:ChargeCore","Guardian:Planning","Guardian:GuardianWhirl"],"picked":"SKIP","floor":28},{"not_picked":["Guardian:Reroute","Guardian:Planning","Guardian:PiercingHide"],"picked":"SKIP","floor":29},{"not_picked":["Guardian:Emergency","Guardian:Gem_Red","Guardian:Gem_Lightblue"],"picked":"SKIP","floor":30},{"not_picked":["Guardian:Planning","Guardian:Gem_Purple"],"picked":"Guardian:ExploitGems","floor":32}],"player_experience":22539,"relics_obtained":[{"floor":7,"key":"Torii"},{"floor":10,"key":"WingedGreaves"},{"floor":14,"key":"Letter Opener"},{"floor":24,"key":"InkBottle"},{"floor":31,"key":"Bottled Flame"}],"event_choices":[{"damage_healed":0,"gold_gain":0,"player_choice":"Ignored","damage_taken":0,"max_hp_gain":0,"max_hp_loss":0,"event_name":"Vampires","floor":20,"gold_loss":0}],"is_beta":false,"boss_relics":[{"not_picked":["Runic Pyramid","Calling Bell"],"picked":"Guardian:ModeShifterPlus"}],"items_purged_floors":[],"is_endless":false,"potions_floor_spawned":[4,8,14,15,16,22,28,29],"killed_by":"SI_MIRROR_ARCHETYPE","ascension_level":0}}