{"host":"3uci9gpt6cwo3y1o","time":1611888124,"event":{"mods":["Aspiration","BaseMod","Energized Spire","Minty Spire (QoL Compilation)","MostiFishMod","Relic Filter Mod","Reliquary","StSLib","TestMod"],"gold_per_floor":[117,42,57,57,77,110,110,138,138,63,63,63],"floor_reached":11,"language":"ZHS","playtime":368,"items_purged":["Strike_B"],"score":162,"play_id":"6b98bbe7-4c8d-4711-a731-fe60959591f7","local_time":"20210129104204","is_ascension_mode":true,"campfire_choices":[{"floor":7,"key":"RECALL"}],"circlet_count":0,"master_deck":["AscendersBane","Strike_B","Defend_B","Defend_B","Defend_B","Defend_B","Zap","Dualcast","MostiFishMod:SephirahHod","Recycle","Consume","Capacitor","Glacier"],"relics":["Cracked Core","DaveBox","testmod-TestBox","MostiFishMod:Hod","testmod-CasingShield","SynthV:TestCard","Bird Faced Urn","reliquary:RoseTintedGlasses","Pantograph"],"acts_visited":["Exordium"],"potions_floor_usage":[6],"damage_taken":[{"damage":6,"enemies":"Small Slimes","floor":1,"turns":3},{"damage":0,"enemies":"Jaw Worm","floor":3,"turns":2},{"damage":0,"enemies":"Cultist","floor":5,"turns":3},{"damage":4,"enemies":"Gremlin Nob","floor":6,"turns":3},{"damage":49,"enemies":"3 Sentries","floor":8,"turns":11},{"damage":34,"enemies":"Gremlin Nob","floor":11,"turns":3}],"seed_played":"-8733106179802321538","potions_obtained":[{"floor":1,"key":"LiquidMemories"}],"is_trial":false,"path_per_floor":["M","?","M","?","M","E","R","E","T","$","E"],"character_chosen":"DEFECT","items_purchased":[],"campfire_rested":0,"item_purchase_floors":[],"current_hp_per_floor":[65,65,65,65,65,61,61,14,14,14,0,0],"gold":63,"neow_bonus":"TEN_PERCENT_HP_BONUS","is_daily":false,"chose_seed":false,"campfire_upgraded":0,"win_rate":0.0,"timestamp":1611888124,"path_taken":["M","?","M","?","M","E","R","E","T","$","E"],"items_purchased_type":[],"build_version":"2020-12-22","purchased_purges":1,"victory":false,"max_hp_per_floor":[78,78,78,78,78,78,78,78,78,78,78,78],"card_choices":[{"not_picked":["Aggregate","Turbo","Compile Driver"],"picked":"SKIP","floor":1},{"not_picked":["Compile Driver","Auto Shields","Sweeping Beam","Force Field"],"picked":"Recycle","floor":3},{"not_picked":["Turbo","Aggregate","Ball Lightning","Lockon"],"picked":"Consume","floor":5},{"not_picked":["Compile Driver","Reinforced Body","Streamline","Doom and Gloom"],"picked":"Capacitor","floor":6},{"not_picked":["Meteor Strike","Capacitor","Consume","FTL"],"picked":"Glacier","floor":8}],"player_experience":884504,"relics_obtained":[{"floor":1,"key":"SynthV:TestCard"},{"floor":6,"key":"Bird Faced Urn"},{"floor":8,"key":"reliquary:RoseTintedGlasses"},{"floor":9,"key":"Pantograph"}],"event_choices":[{"cards_removed":["Strike_B"],"damage_healed":0,"gold_gain":0,"player_choice":"Card Removal","damage_taken":0,"max_hp_gain":0,"max_hp_loss":0,"event_name":"The Cleric","floor":2,"gold_loss":75},{"cards_removed":["Strike_B"],"damage_healed":0,"gold_gain":0,"player_choice":"Purged","damage_taken":0,"max_hp_gain":0,"max_hp_loss":0,"event_name":"Purifier","floor":4,"gold_loss":0}],"is_beta":false,"boss_relics":[],"items_purged_floors":[10],"is_endless":false,"potions_floor_spawned":[1],"killed_by":"Gremlin Nob","ascension_level":20}}