{"host":"95ohpmscclvq4lro","time":1611893585,"event":{"mods":["BaseMod","BetterRewards","Colored Powertips","Curses Come First","Grow up Mod","Minty Spire (QoL Compilation)","StSLib","The Cursed","The Disciple","The Marked","The Servant 0.9.4"],"gold_per_floor":[109,129,129,129,144,173,173,202,202,220,235,251,276,291,291,386,386,402,422,40,52,64,64,92,92,160,6,6,23,34,52,52,153,153,163,183,197,121,141,166,180,180,228,228,246,257,257,283,283,283],"floor_reached":51,"language":"ENG","playtime":5046,"items_purged":[],"score":782,"play_id":"242b0156-6c99-4f91-bf17-de79010f9078","local_time":"20210128231305","is_ascension_mode":false,"campfire_choices":[{"data":"theMarked:EmpowerWeapon","floor":7,"key":"SMITH"},{"floor":15,"key":"REST"},{"data":"theMarked:TakeCover","floor":23,"key":"SMITH"},{"floor":25,"key":"REST"},{"data":"theMarked:RepellingDischarge","floor":28,"key":"SMITH"},{"floor":32,"key":"REST"},{"floor":42,"key":"REST"},{"floor":47,"key":"REST"},{"floor":49,"key":"REST"}],"circlet_count":0,"master_deck":["theMarked:Strike","theMarked:Strike","theMarked:Strike","theMarked:Strike","theMarked:Strike","theMarked:Defend","theMarked:Defend","theMarked:Defend","theMarked:Defend","theMarked:SoldierOfQuellstein","theMarked:EmpowerWeapon+1","theMarked:Parkour","theMarked:ChainLightning","theMarked:KeepCalmAndFight","theMarked:SwordAndMagic","theMarked:SwordAndMagic","theMarked:LightningStrikesTwice","theMarked:SelfDefenseTraining","theMarked:Memento","theMarked:TakeCover+1","theMarked:Toughness+1","theMarked:WardOff","theMarked:RepellingDischarge+1","theMarked:Opportunist+1","theMarked:Parkour","theMarked:MysticalArsenal+1","theMarked:Parry","theMarked:Static","theMarked:Toughness+1","theMarked:WastefulAttack+1","theMarked:ResourceFulStrike+1","theMarked:BanishingStrike+1","theMarked:DispelDoubt+1","theMarked:HeightenedSenses","theMarked:Memento","theMarked:BanishingWave+1","theMarked:ContemptForTheProud+1","theMarked:Polarize+1","theMarked:Determination+1","theMarked:WastefulAttack+1","theMarked:Frustration+1","theMarked:Aftermath+1","theMarked:AttractMetal"],"relics":["theMarked:ArtifactOfAir","Bottled Flame","Sundial","Frozen Egg 2","theMarked:DemonDagger","theMarked:Eyepatch","theMarked:SecretDocuments","Molten Egg 2","Eternal Feather","Fusion Hammer","Torii","Bronze Scales","Boot"],"acts_visited":["Exordium","TheCity","TheBeyond"],"potions_floor_usage":[31,31],"damage_taken":[{"damage":1,"enemies":"Cultist","floor":1,"turns":3},{"damage":2,"enemies":"Small Slimes","floor":2,"turns":4},{"damage":2,"enemies":"2 Louse","floor":5,"turns":3},{"damage":32,"enemies":"Gremlin Nob","floor":6,"turns":4},{"damage":31,"enemies":"Lagavulin","floor":8,"turns":5},{"damage":13,"enemies":"Large Slime","floor":10,"turns":4},{"damage":7,"enemies":"Blue Slaver","floor":11,"turns":2},{"damage":13,"enemies":"Exordium Wildlife","floor":12,"turns":3},{"damage":14,"enemies":"Gremlin Nob","floor":13,"turns":5},{"damage":16,"enemies":"Large Slime","floor":14,"turns":3},{"damage":79,"enemies":"The Guardian","floor":16,"turns":13},{"damage":30,"enemies":"Spheric Guardian","floor":18,"turns":4},{"damage":26,"enemies":"Shell Parasite","floor":19,"turns":6},{"damage":10,"enemies":"Cultist and Chosen","floor":21,"turns":6},{"damage":19,"enemies":"Snake Plant","floor":22,"turns":3},{"damage":70,"enemies":"Book of Stabbing","floor":24,"turns":6},{"damage":0,"enemies":"Snecko","floor":29,"turns":3},{"damage":32,"enemies":"Shelled Parasite and Fungi","floor":30,"turns":4},{"damage":62,"enemies":"Cultist and Chosen","floor":31,"turns":7},{"damage":67,"enemies":"Automaton","floor":33,"turns":7},{"damage":32,"enemies":"3 Shapes","floor":35,"turns":5},{"damage":15,"enemies":"Orb Walker","floor":36,"turns":4},{"damage":19,"enemies":"Sphere and 2 Shapes","floor":37,"turns":5},{"damage":52,"enemies":"4 Shapes","floor":39,"turns":5},{"damage":85,"enemies":"Nemesis","floor":40,"turns":7},{"damage":20,"enemies":"Writhing Mass","floor":41,"turns":5},{"damage":55,"enemies":"Transient","floor":45,"turns":5},{"damage":20,"enemies":"3 Darklings","floor":46,"turns":6},{"damage":127,"enemies":"Reptomancer","floor":48,"turns":4},{"damage":124,"enemies":"Donu and Deca","floor":50,"turns":10}],"seed_played":"-5800855684027662502","potions_obtained":[{"floor":5,"key":"Energy Potion"},{"floor":10,"key":"EntropicBrew"},{"floor":11,"key":"BlessingOfTheForge"},{"floor":31,"key":"Fruit Juice"}],"is_trial":false,"path_per_floor":["M","M","$","?","M","E","R","E","T","M","M","M","E","M","R","B",null,"M","M","$","M","M","R","E","R","T","$","R","M","M","M","R","B",null,"M","M","M","$","M","E","M","R","T","?","M","M","R","E","R","B",null],"character_chosen":"THE_DEFAULT","items_purchased":["theMarked:SecretDocuments","theMarked:Opportunist+1","theMarked:Parkour","theMarked:Toughness+1","theMarked:ContemptForTheProud+1"],"campfire_rested":6,"item_purchase_floors":[20,20,20,27,38],"current_hp_per_floor":[96,104,114,124,132,110,120,99,109,106,109,106,102,96,174,105,257,237,221,231,231,222,232,172,280,290,300,325,335,313,266,412,355,432,410,405,396,406,364,289,279,463,473,483,438,428,559,442,579,465],"gold":283,"neow_bonus":"TEN_PERCENT_HP_BONUS","is_daily":false,"chose_seed":false,"campfire_upgraded":3,"win_rate":0.0,"timestamp":1611893585,"path_taken":["M","?","$","?","M","E","R","E","T","M","M","M","E","M","R","BOSS","M","M","$","M","M","R","E","R","T","?","R","M","M","M","R","BOSS","M","M","M","$","M","E","M","R","T","?","?","M","R","E","R","BOSS"],"items_purchased_type":["Relic","Card","Card","Card","Card"],"build_version":"2020-12-22","purchased_purges":0,"victory":true,"max_hp_per_floor":[97,107,117,127,137,147,157,167,177,187,197,207,217,227,237,247,257,267,277,287,297,307,317,327,337,347,357,367,377,387,402,412,422,432,442,452,462,472,482,492,502,512,522,529,539,549,559,569,579,589],"card_choices":[{"not_picked":["theMarked:Opportunist","theMarked:Frustration"],"picked":"theMarked:EmpowerWeapon","floor":1},{"not_picked":["theMarked:TakeCover","theMarked:Frustration"],"picked":"theMarked:Parkour","floor":2},{"not_picked":["theMarked:Panic","theMarked:Seal"],"picked":"theMarked:ChainLightning","floor":5},{"not_picked":["theMarked:BanishingStrike","theMarked:PowerFlow"],"picked":"theMarked:KeepCalmAndFight","floor":6},{"not_picked":["theMarked:Static","theMarked:Memento"],"picked":"theMarked:SwordAndMagic","floor":8},{"not_picked":["theMarked:Pokerface","theMarked:Improvise"],"picked":"theMarked:SwordAndMagic","floor":10},{"not_picked":["theMarked:MysticalArsenal+1","theMarked:ParalyzingBlade"],"picked":"theMarked:LightningStrikesTwice","floor":11},{"not_picked":["theMarked:EmpowerWeapon","theMarked:Polarize"],"picked":"theMarked:SelfDefenseTraining","floor":12},{"not_picked":["theMarked:OneWithTheBlade","theMarked:Indomitable"],"picked":"theMarked:Memento","floor":13},{"not_picked":["theMarked:Overcharge","theMarked:TwofoldDefense"],"picked":"theMarked:TakeCover","floor":14},{"not_picked":["theMarked:TakeOffHeels","theMarked:Vacuum"],"picked":"theMarked:Toughness+1","floor":16},{"not_picked":["theMarked:Improvise","theMarked:SwordAndMagic"],"picked":"theMarked:WardOff","floor":18},{"not_picked":["theMarked:TunnelVision+1","theMarked:Convert"],"picked":"theMarked:RepellingDischarge","floor":19},{"not_picked":["theMarked:MuscleMemory+1","theMarked:ChainLightning"],"picked":"theMarked:MysticalArsenal+1","floor":21},{"not_picked":["theMarked:PowerFlow","theMarked:Polarize+1"],"picked":"theMarked:Parry","floor":22},{"not_picked":["theMarked:Electrocute+1","theMarked:MysticalArsenal+1"],"picked":"theMarked:Static","floor":24},{"not_picked":["theMarked:Challenge","theMarked:Generate"],"picked":"theMarked:WastefulAttack+1","floor":29},{"not_picked":["theMarked:Standoff+1","theMarked:WastefulAttack+1"],"picked":"theMarked:ResourceFulStrike+1","floor":30},{"not_picked":["theMarked:Overcharge","theMarked:Seal+1"],"picked":"theMarked:BanishingStrike+1","floor":31},{"not_picked":["theMarked:BindingBlade","theMarked:Challenge"],"picked":"theMarked:DispelDoubt+1","floor":33},{"not_picked":["theMarked:Pokerface","theMarked:RogueSparks+1"],"picked":"theMarked:HeightenedSenses","floor":35},{"not_picked":["theMarked:Static+1","theMarked:Opportunist+1"],"picked":"theMarked:Memento","floor":36},{"not_picked":["theMarked:Improvise+1","theMarked:Memento"],"picked":"theMarked:BanishingWave+1","floor":37},{"not_picked":["theMarked:Improvise","theMarked:EnhanceMovement+1"],"picked":"theMarked:Polarize+1","floor":39},{"not_picked":["theMarked:LightningStrikesTwice+1","theMarked:TakeCover"],"picked":"theMarked:Determination+1","floor":40},{"not_picked":["theMarked:ComboAttacks+1","theMarked:Parkour+1"],"picked":"theMarked:WastefulAttack+1","floor":41},{"not_picked":["theMarked:Improvise","theMarked:Convert+1"],"picked":"theMarked:Frustration+1","floor":45},{"not_picked":["theMarked:Pokerface+1","theMarked:LightningStrikesTwice+1"],"picked":"theMarked:Aftermath+1","floor":46},{"not_picked":["theMarked:SelfDefenseTraining+1","theMarked:LightningStrikesTwice+1"],"picked":"theMarked:AttractMetal","floor":48}],"player_experience":6078,"relics_obtained":[{"floor":6,"key":"Bottled Flame"},{"floor":8,"key":"Sundial"},{"floor":9,"key":"Frozen Egg 2"},{"floor":13,"key":"theMarked:DemonDagger"},{"floor":24,"key":"Molten Egg 2"},{"floor":26,"key":"Eternal Feather"},{"floor":40,"key":"Torii"},{"floor":43,"key":"Bronze Scales"},{"floor":48,"key":"Boot"}],"event_choices":[{"damage_healed":0,"gold_gain":0,"player_choice":"Leave","damage_taken":0,"max_hp_gain":0,"max_hp_loss":0,"event_name":"FaceTrader","floor":4,"gold_loss":0},{"cards_removed":["Parasite"],"damage_healed":0,"gold_gain":0,"player_choice":"Purged","damage_taken":0,"max_hp_gain":0,"max_hp_loss":0,"event_name":"Purifier","floor":44,"gold_loss":0}],"is_beta":false,"boss_relics":[{"not_picked":["Ectoplasm","Philosopher\u0027s Stone"],"picked":"theMarked:Eyepatch"},{"not_picked":["Calling Bell","Empty Cage"],"picked":"Fusion Hammer"}],"items_purged_floors":[],"is_endless":false,"potions_floor_spawned":[5,10,11,12,14,16,18,21,29,30,31,40,45,46,48],"ascension_level":0}}