{"host":"nwd160me4iqdtr8u","time":1611935088,"event":{"mods":["AchievementEnabler","Act Like it!","BaseMod","Colored Map","DeckTracker","Keyboard Shortcuts","Minty Spire (QoL Compilation)","Quick Restart","Rare Cards Sparkle","StSLib","SuperFastMode","everything is the same but u backflip on backflip"],"gold_per_floor":[118,268,41,53,53,53,73,100,100,117,130,130,147,162,162,239,239,252,79,99,99,111,111,121,132,181,198,198,73,104,116,128,140,140],"floor_reached":33,"language":"KOR","playtime":1211,"items_purged":["Doubt","Strike_G","Strike_G"],"score":478,"play_id":"94f96aaf-5f38-4c44-81d1-5bc4143db324","local_time":"20210130004448","is_ascension_mode":true,"campfire_choices":[{"data":"Blade Dance","floor":6.0,"key":"SMITH"},{"data":"Bouncing Flask","floor":12.0,"key":"SMITH"},{"floor":15.0,"key":"REST"},{"floor":23.0,"key":"REST"},{"floor":28.0,"key":"REST"},{"floor":32,"key":"REST"}],"circlet_count":0,"master_deck":["AscendersBane","Strike_G","Strike_G","Strike_G","Defend_G","Defend_G","Defend_G","Defend_G","Defend_G","Survivor","Neutralize","Blade Dance+1","Bouncing Flask+1","Backflip","Malaise","Finisher","Crippling Poison","Blur","Storm of Steel","Escape Plan","Noxious Fumes","A Thousand Cuts","Endless Agony","Blade Dance+1","Adrenaline","Terror","Blur"],"relics":["Ring of the Snake","Pocketwatch","Orrery","InkBottle","Snake Skull","WristBlade","Strawberry","MawBank"],"acts_visited":["Exordium","TheCity"],"potions_floor_usage":[31,33],"damage_taken":[{"damage":6.0,"enemies":"Small Slimes","floor":1.0,"turns":4.0},{"damage":3.0,"enemies":"2 Louse","floor":4.0,"turns":3.0},{"damage":0.0,"enemies":"Cultist","floor":7.0,"turns":3.0},{"damage":10.0,"enemies":"Lagavulin","floor":8.0,"turns":3.0},{"damage":10.0,"enemies":"Gremlin Gang","floor":10.0,"turns":5.0},{"damage":14.0,"enemies":"Lots of Slimes","floor":11.0,"turns":3.0},{"damage":6.0,"enemies":"Looter","floor":13.0,"turns":2.0},{"damage":10.0,"enemies":"3 Louse","floor":14.0,"turns":3.0},{"damage":6.0,"enemies":"The Guardian","floor":16.0,"turns":8.0},{"damage":8.0,"enemies":"Shell Parasite","floor":18.0,"turns":2.0},{"damage":3.0,"enemies":"3 Byrds","floor":20.0,"turns":3.0},{"damage":14.0,"enemies":"Snake Plant","floor":22.0,"turns":2.0},{"damage":12.0,"enemies":"Centurion and Healer","floor":24.0,"turns":3.0},{"damage":8.0,"enemies":"Snecko","floor":25.0,"turns":5.0},{"damage":23.0,"enemies":"Cultist and Chosen","floor":27.0,"turns":5.0},{"damage":7.0,"enemies":"Book of Stabbing","floor":30.0,"turns":3.0},{"damage":0,"enemies":"Snake Plant","floor":31,"turns":1},{"damage":66,"enemies":"Collector","floor":33,"turns":6}],"seed_played":"-6107530370945212322","potions_obtained":[{"floor":7.0,"key":"FearPotion"},{"floor":11.0,"key":"Fire Potion"},{"floor":18.0,"key":"Poison Potion"},{"floor":22.0,"key":"ColorlessPotion"},{"floor":27.0,"key":"SmokeBomb"}],"is_trial":false,"path_per_floor":["M","?","$","M","?","R","M","E","T","M","M","R","M","M","R","B",null,"M","$","M","$","M","R","M","M","T","M","R","$","E","M","R","B"],"character_chosen":"THE_SILENT","items_purchased":["Orrery","Endless Agony"],"campfire_rested":4,"item_purchase_floors":[3,19],"current_hp_per_floor":[38,38,38,35,66,66,66,56,56,46,32,32,26,16,35,29,57,49,49,46,46,32,51,39,31,38,15,36,36,29,29,50,0,0],"gold":140,"neow_bonus":"ONE_RARE_RELIC","is_daily":false,"chose_seed":false,"campfire_upgraded":2,"win_rate":0.0,"timestamp":1611935088,"path_taken":["M","?","$","M","?","R","M","E","T","M","M","R","M","M","R","BOSS","M","$","M","$","?","R","M","?","T","M","R","$","E","M","R","BOSS"],"items_purchased_type":["Relic","Card"],"build_version":"2020-12-22","purchased_purges":3,"victory":false,"max_hp_per_floor":[66,66,66,66,66,66,66,66,66,66,66,66,66,66,66,66,66,66,66,66,66,66,66,66,66,73,73,73,73,73,73,73,73,73],"card_choices":[{"not_picked":["Catalyst","Masterful Stab"],"picked":"Blade Dance","floor":1.0},{"not_picked":["Riddle With Holes","Bane"],"picked":"Bouncing Flask","floor":3.0},{"not_picked":["Eviscerate","Bane"],"picked":"Backflip","floor":3.0},{"not_picked":["Blade Dance","All Out Attack"],"picked":"Malaise","floor":3.0},{"not_picked":["PiercingWail","Dash","Quick Slash"],"picked":"SKIP","floor":4.0},{"not_picked":["Bouncing Flask","Dagger Throw"],"picked":"Finisher","floor":7.0},{"not_picked":["Prepared","Noxious Fumes"],"picked":"Crippling Poison","floor":8.0},{"not_picked":["Eviscerate","Leg Sweep"],"picked":"Blur","floor":10.0},{"not_picked":["Poisoned Stab","Accuracy"],"picked":"Storm of Steel","floor":11.0},{"not_picked":["Bane","Leg Sweep"],"picked":"Escape Plan","floor":13.0},{"not_picked":["Blade Dance","Masterful Stab"],"picked":"Noxious Fumes","floor":14.0},{"not_picked":["Tools of the Trade","Adrenaline"],"picked":"A Thousand Cuts","floor":16.0},{"not_picked":["Bouncing Flask","Dodge and Roll","Leg Sweep"],"picked":"SKIP","floor":18.0},{"not_picked":["Endless Agony","Dagger Spray"],"picked":"Blade Dance+1","floor":20.0},{"not_picked":["Deadly Poison","Dagger Spray"],"picked":"Adrenaline","floor":22.0},{"not_picked":["PiercingWail","Acrobatics","Dagger Throw"],"picked":"SKIP","floor":24.0},{"not_picked":["Outmaneuver","Poisoned Stab","Unload"],"picked":"SKIP","floor":25.0},{"not_picked":["Poisoned Stab","Dagger Throw"],"picked":"Terror","floor":27.0},{"not_picked":["Prepared","Quick Slash"],"picked":"Blur","floor":30.0}],"player_experience":316310,"relics_obtained":[{"floor":8.0,"key":"InkBottle"},{"floor":9.0,"key":"Snake Skull"},{"floor":26.0,"key":"Strawberry"},{"floor":30.0,"key":"MawBank"}],"event_choices":[{"damage_healed":0.0,"max_hp_gain":0.0,"max_hp_loss":0.0,"gold_gain":150.0,"event_name":"Liars Game","player_choice":"AGREE","floor":2.0,"gold_loss":0.0,"damage_taken":0.0,"cards_obtained":["Doubt"]},{"damage_healed":31.0,"max_hp_gain":0.0,"max_hp_loss":0.0,"gold_gain":0.0,"event_name":"Wheel of Change","player_choice":"Full Heal","floor":5.0,"gold_loss":0.0,"damage_taken":0.0}],"is_beta":false,"boss_relics":[{"not_picked":["Sozu","Pandora\u0027s Box"],"picked":"WristBlade"}],"items_purged_floors":[3,19,29],"is_endless":false,"potions_floor_spawned":[7,11,18,22,27],"killed_by":"Collector","ascension_level":15}}