{"host":"b6hf8n3pu8vqv2wi","time":1611937088,"event":{"mods":["BaseMod","Downfall","Minty Spire (QoL Compilation)","StSLib"],"gold_per_floor":[99,21,21,21,21,21,102,130,146,178,78,97,97,107,119,223,223,23,34,34,51,36,36,36,36,36,21,41,141,176,176,186,283,283,283,300,316,316,122,122,122,136,136,163,174,193,193,218,231,231,231,257,19,19,19,19,19],"floor_reached":55,"language":"ZHS","playtime":7628,"items_purged":["downfall:Bewildered"],"score":793,"play_id":"fee0e438-0c8b-45ab-9145-b6130dd3f0da","local_time":"20210130001808","is_ascension_mode":false,"campfire_choices":[{"floor":1.0,"key":"RECALL"},{"floor":11.0,"key":"REST"},{"data":"bronze:SpaghettiCode","floor":18.0,"key":"SMITH"},{"data":"bronze:Optimize","floor":23.0,"key":"SMITH"},{"data":"bronze:FineTuning","floor":26.0,"key":"SMITH"},{"data":"bronze:Assembly","floor":35.0,"key":"SMITH"},{"data":"bronze:Repulsor","floor":43.0,"key":"SMITH"},{"floor":47.0,"key":"REST"},{"floor":54.0,"key":"REST"}],"circlet_count":0,"master_deck":["bronze:Strike","bronze:Strike","bronze:Strike","bronze:Strike","bronze:Defend","bronze:Defend","bronze:Replicate","bronze:Goto","bronze:ClassDefault","bronze:Optimize+1","bronze:Overheat","bronze:Branch","bronze:FollowUp","bronze:BitShift","bronze:OilSpill","bronze:BronzeOrb","bronze:SpaghettiCode+1","bronze:FindAndReplace","bronze:Shield","bronze:ChildClass","bronze:FineTuning+1","bronze:Safeguard","bronze:BugBarrage","bronze:FineTuning","bronze:Repulsor+1","J.A.X.+1","bronze:Overload","RitualDagger","bronze:ForceShield+1","bronze:Assembly+1","bronze:ClassDefault+1","bronze:Flail+1","bronze:Verify+1","bronze:MaxOutput+1","bronze:FindAndReplace","bronze:DigitalCarnage+1","bronze:Boost+1","bronze:BronzeOrb","expansioncontent:QuickStudy"],"relics":["bronze:PlatinumCore","downfall:HeartsMalice","Blue Candle","Odd Mushroom","Du-Vu Doll","downfall:HeartBlessingRed","bronze:MakeshiftBattery","downfall:HeartBlessingGreen","downfall:HeartBlessingBlue","sneckomod:BabySnecko","Potion Belt","MutagenicStrength","Frozen Egg 2","champ:DeflectingBracers","Vajra","Blood Vial","Oddly Smooth Stone","Happy Flower"],"acts_visited":["Exordium","TheCity","TheBeyond","TheEnding"],"potions_floor_usage":[55,55,55],"damage_taken":[{"damage":0.0,"enemies":"downfall:FleeingMerchant","floor":2.0,"turns":1.0},{"damage":0.0,"enemies":"Small Slimes","floor":5.0,"turns":1.0},{"damage":0.0,"enemies":"2 Louse","floor":6.0,"turns":1.0},{"damage":17.0,"enemies":"The Mushroom Lair","floor":8.0,"turns":4.0},{"damage":0.0,"enemies":"Cultist","floor":9.0,"turns":3.0},{"damage":29.0,"enemies":"3 Sentries","floor":10.0,"turns":8.0},{"damage":7.0,"enemies":"Blue Slaver","floor":12.0,"turns":2.0},{"damage":2.0,"enemies":"2 Fungi Beasts","floor":14.0,"turns":2.0},{"damage":1.0,"enemies":"Exordium Wildlife","floor":15.0,"turns":3.0},{"damage":13.0,"enemies":"WA_ARCHETYPE_RETAIN","floor":16.0,"turns":6.0},{"damage":0.0,"enemies":"Spheric Guardian","floor":19.0,"turns":4.0},{"damage":3.0,"enemies":"Shell Parasite","floor":21.0,"turns":1.0},{"damage":0.0,"enemies":"downfall:FleeingMerchant","floor":22.0,"turns":4.0},{"damage":1.0,"enemies":"downfall:FleeingMerchant","floor":27.0,"turns":4.0},{"damage":0.0,"enemies":"Cultist and Chosen","floor":28.0,"turns":4.0},{"damage":10.0,"enemies":"downfall:Augmenter","floor":29.0,"turns":6.0},{"damage":3.0,"enemies":"Gremlin Leader","floor":30.0,"turns":7.0},{"damage":3.0,"enemies":"3 Cultists","floor":32.0,"turns":2.0},{"damage":60.0,"enemies":"IC_MUSHROOM_ARCHETYPE","floor":33.0,"turns":7.0},{"damage":0.0,"enemies":"3 Darklings","floor":36.0,"turns":2.0},{"damage":10.0,"enemies":"3 Shapes","floor":37.0,"turns":4.0},{"damage":3.0,"enemies":"downfall:FleeingMerchant","floor":39.0,"turns":2.0},{"damage":0.0,"enemies":"Spire Growth","floor":42.0,"turns":4.0},{"damage":63.0,"enemies":"Nemesis","floor":44.0,"turns":5.0},{"damage":0.0,"enemies":"Transient","floor":45.0,"turns":5.0},{"damage":0.0,"enemies":"Sphere and 2 Shapes","floor":46.0,"turns":3.0},{"damage":41.0,"enemies":"Reptomancer","floor":48.0,"turns":4.0},{"damage":2.0,"enemies":"4 Shapes","floor":49.0,"turns":2.0},{"damage":10.0,"enemies":"SI_POISON_ARCHETYPE","floor":50.0,"turns":7.0},{"damage":84.0,"enemies":"downfall:CharBossMerchant","floor":52.0,"turns":6.0},{"damage":46,"enemies":"downfall:NeowBoss","floor":55,"turns":7}],"seed_played":"-5284194075979831698","potions_obtained":[{"floor":9.0,"key":"LiquidBronze"},{"floor":12.0,"key":"Regen Potion"},{"floor":15.0,"key":"FairyPotion"},{"floor":16.0,"key":"champ:CounterPotion"},{"floor":32.0,"key":"SkillPotion"},{"floor":33.0,"key":"Fire Potion"},{"floor":37.0,"key":"ColorlessPotion"},{"floor":44.0,"key":"LiquidMemories"},{"floor":45.0,"key":"SpeedPotion"},{"floor":52.0,"key":"SkillPotion"}],"is_trial":false,"path_per_floor":["R","$","?","?","M","M","T","?","M","E","R","M","?","M","M","B",null,"R","M","?","M","$","R","T","?","R","$","M","?","E","?","M","B",null,"R","M","M","?","$","?","T","M","R","E","M","M","R","E","M","B",null,"E","$","R","B"],"character_chosen":"THE_AUTOMATON","items_purchased":["bronze:Optimize","bronze:Verify+1","champ:DeflectingBracers","expansioncontent:QuickStudy","Block Potion"],"campfire_rested":3,"item_purchase_floors":[2,39,39,53,53],"current_hp_per_floor":[70,70,75,72,72,72,72,55,55,26,48,41,75,73,72,59,75,85,85,85,82,82,82,82,82,82,81,81,71,68,62,59,25,85,85,85,75,75,72,72,72,72,72,9,26,28,53,14,14,6,85,1,1,26,0,0,0],"gold":19,"neow_bonus":"THREE_ENEMY_KILL","is_daily":false,"chose_seed":false,"campfire_upgraded":5,"win_rate":0.0,"timestamp":1611937088,"path_taken":["R","$","?","?","M","M","T","?","M","E","R","M","?","?","M","BOSS","R","M","?","M","$","R","T","?","R","$","M","?","E","?","M","BOSS","R","M","M","?","$","?","T","M","R","E","M","M","R","E","M","BOSS","E","$","R","BOSS"],"items_purchased_type":["Card","Card","Relic","Card","Potion"],"build_version":"2020-12-22","purchased_purges":1,"victory":false,"max_hp_per_floor":[70,70,75,75,75,75,75,75,75,75,75,75,75,75,75,75,75,85,85,85,85,85,85,85,85,85,85,85,85,85,85,85,85,85,85,85,85,85,85,85,85,85,85,85,85,85,85,85,85,85,85,85,85,85,85,85,85],"card_choices":[{"not_picked":["bronze:Safeguard","bronze:Shield"],"picked":"bronze:ClassDefault","floor":2.0},{"not_picked":["bronze:Frontload","bronze:Iterate"],"picked":"bronze:Overheat","floor":5.0},{"not_picked":["bronze:DigitalCarnage","bronze:Invalidate"],"picked":"bronze:Branch","floor":6.0},{"not_picked":["bronze:Deprecate","bronze:ChosenStrike"],"picked":"bronze:FollowUp","floor":8.0},{"not_picked":["bronze:CutThrough","bronze:ItsAFeature"],"picked":"bronze:BitShift","floor":9.0},{"not_picked":["bronze:Deprecate","bronze:ItsAFeature"],"picked":"bronze:OilSpill","floor":10.0},{"not_picked":["bronze:Turbo","bronze:Invalidate"],"picked":"bronze:MaxOutput","floor":12.0},{"not_picked":["bronze:Repair","bronze:WhirlingStrike"],"picked":"bronze:BronzeOrb","floor":14.0},{"not_picked":["bronze:Shield","bronze:Deprecate"],"picked":"bronze:SpaghettiCode","floor":15.0},{"not_picked":["bronze:BurnOut","bronze:ShipIt"],"picked":"bronze:FindAndReplace","floor":16.0},{"not_picked":["bronze:Overheat","bronze:DigitalCarnage"],"picked":"bronze:Shield","floor":19.0},{"not_picked":["bronze:MaxOutput","bronze:WildBeam"],"picked":"bronze:ChildClass","floor":21.0},{"not_picked":["bronze:OilSpill","bronze:Branch"],"picked":"bronze:FineTuning","floor":22.0},{"not_picked":["bronze:Backtrace+1","bronze:Deprecate"],"picked":"bronze:Safeguard","floor":27.0},{"not_picked":["bronze:Iterate","bronze:CloningBeam"],"picked":"bronze:BugBarrage","floor":28.0},{"not_picked":[],"picked":"J.A.X.","floor":29.0},{"not_picked":["bronze:Iterate+1","bronze:ForLoop"],"picked":"bronze:Overload","floor":29.0},{"not_picked":["bronze:NullPointer","bronze:Invalidate","bronze:Iterate"],"picked":"SKIP","floor":30.0},{"not_picked":["bronze:Backtrace","bronze:Iterate"],"picked":"bronze:ForceShield+1","floor":32.0},{"not_picked":["bronze:RecursiveStrike","bronze:Format"],"picked":"bronze:Assembly","floor":33.0},{"not_picked":["bronze:Return+1","bronze:Iterate+1","bronze:ChildClass"],"picked":"SKIP","floor":36.0},{"not_picked":["bronze:DelayedGuard+1","bronze:Branch"],"picked":"bronze:ClassDefault+1","floor":37.0},{"not_picked":["bronze:Turbo","bronze:ChildClass+1"],"picked":"bronze:Flail+1","floor":39.0},{"not_picked":["bronze:CloningBeam","bronze:Invalidate"],"picked":"bronze:MaxOutput+1","floor":42.0},{"not_picked":["bronze:DelayedSlice+1","bronze:OilSpill","bronze:Deprecate"],"picked":"SKIP","floor":44.0},{"not_picked":["bronze:DelayedGuard+1","bronze:Deprecate+1"],"picked":"bronze:FindAndReplace","floor":45.0},{"not_picked":["bronze:WhirlingStrike+1","bronze:Invalidate+1"],"picked":"bronze:DigitalCarnage+1","floor":46.0},{"not_picked":["bronze:FineTuning","bronze:Fortify"],"picked":"bronze:Boost+1","floor":48.0},{"not_picked":["bronze:Overheat","bronze:WhirlingStrike+1"],"picked":"bronze:BronzeOrb","floor":49.0},{"not_picked":["bronze:BugBarrage","bronze:MaxOutput+1","bronze:Invalidate+1"],"picked":"SKIP","floor":52.0}],"player_experience":506181,"relics_obtained":[{"floor":8.0,"key":"Odd Mushroom"},{"floor":10.0,"key":"Du-Vu Doll"},{"floor":24.0,"key":"Potion Belt"},{"floor":29.0,"key":"MutagenicStrength"},{"floor":30.0,"key":"Frozen Egg 2"},{"floor":41.0,"key":"Vajra"},{"floor":44.0,"key":"Blood Vial"},{"floor":48.0,"key":"Oddly Smooth Stone"},{"floor":52.0,"key":"Happy Flower"}],"event_choices":[{"damage_healed":0.0,"max_hp_gain":5.0,"max_hp_loss":0.0,"gold_gain":0.0,"event_name":"Big Fish","player_choice":"Donut","floor":3.0,"gold_loss":0.0,"damage_taken":0.0},{"damage_healed":0.0,"max_hp_gain":0.0,"max_hp_loss":0.0,"gold_gain":0.0,"event_name":"Scrap Ooze","player_choice":"Success","floor":4.0,"gold_loss":0.0,"damage_taken":3.0,"relics_obtained":["Blue Candle"]},{"damage_healed":0.0,"max_hp_gain":0.0,"max_hp_loss":0.0,"gold_gain":0.0,"event_name":"Mushrooms","player_choice":"Fought Mushrooms","floor":8.0,"gold_loss":0.0,"damage_taken":0.0},{"cards_removed":["bronze:MaxOutput"],"damage_healed":34.0,"max_hp_gain":0.0,"max_hp_loss":0.0,"gold_gain":0.0,"event_name":"Bonfire Elementals","player_choice":"Offered Uncommon","floor":13.0,"gold_loss":0.0,"damage_taken":0.0},{"damage_healed":0.0,"max_hp_gain":0.0,"max_hp_loss":0.0,"gold_gain":0.0,"event_name":"Ghosts","player_choice":"Ignored","floor":25.0,"gold_loss":0.0,"damage_taken":0.0}],"is_beta":false,"boss_relics":[{"not_picked":["Cursed Key","Fusion Hammer"],"picked":"bronze:MakeshiftBattery"},{"not_picked":["Black Star","Snecko Eye"],"picked":"bronze:PlatinumCore"}],"items_purged_floors":[39],"is_endless":false,"potions_floor_spawned":[9,12,15,16,19,32,33,37,44,45,52],"killed_by":"downfall:NeowBoss","ascension_level":0}}