{"host":"815dqs41i1y8uxms","time":1611951733,"event":{"mods":["A Penny For Your Troubles","Act Like it!","BaseMod","ChefMod","Dark Map","GungeonMod","Minty Spire (QoL Compilation)","Shop Mod","StSLib"],"gold_per_floor":[113,126,146,157,7,43,111,150,150,5,34,34,34,76,76,181,181,208,45,45,45,74,74,101,101,101],"floor_reached":25,"language":"ENG","playtime":3104,"items_purged":[],"score":221,"play_id":"1f051e76-8d9b-45bd-b9af-a27030c2dec6","local_time":"20210129212213","is_ascension_mode":false,"campfire_choices":[{"floor":12,"key":"RECALL"},{"floor":15,"key":"REST"},{"data":"chefmod:TodaysSpecial","floor":23,"key":"SMITH"}],"circlet_count":0,"master_deck":["chefmod:Strike+1","chefmod:Strike+1","chefmod:Strike","chefmod:Strike","chefmod:QuickThaw","chefmod:Defend","chefmod:Defend","chefmod:Defend","chefmod:Defend","chefmod:TodaysSpecial+1","chefmod:ColdSteel","chefmod:Defrost","chefmod:Leftovers","chefmod:FiveAlarmChili","chefmod:CandyBowl+1","chefmod:Chop","chefmod:BaoBuns","chefmod:NewMenu","chefmod:FrozenTuna","chefmod:Sorbet","chefmod:BaoBuns","chefmod:Sorbet","chefmod:TwoForOne"],"relics":["chefmod:TrustyPot","chefmod:CookieJar","CeramicFish","Shuriken","Akabeko","Lee\u0027s Waffle","DemoMod:Bottle","SacredBark","Whetstone"],"acts_visited":["Exordium","TheCity"],"potions_floor_usage":[4,6,8,22],"damage_taken":[{"damage":0,"enemies":"2 Louse","floor":1,"turns":3},{"damage":0,"enemies":"Small Slimes","floor":2,"turns":3},{"damage":0,"enemies":"Cultist","floor":3,"turns":5},{"damage":0,"enemies":"Gremlin Gang","floor":4,"turns":8},{"damage":52,"enemies":"3 Sentries","floor":6,"turns":11},{"damage":30,"enemies":"Lagavulin","floor":8,"turns":9},{"damage":6,"enemies":"3 Louse","floor":11,"turns":4},{"damage":64,"enemies":"3 Sentries","floor":14,"turns":12},{"damage":38,"enemies":"The Guardian","floor":16,"turns":16},{"damage":30,"enemies":"Shell Parasite","floor":18,"turns":6},{"damage":0,"enemies":"Chosen","floor":22,"turns":7},{"damage":59,"enemies":"3 Cultists","floor":24,"turns":7},{"damage":37,"enemies":"Centurion and Healer","floor":25,"turns":4}],"seed_played":"4071393539799275465","potions_obtained":[{"floor":1,"key":"DemoMod:LeadSkinPotion"},{"floor":4,"key":"LiquidBronze"},{"floor":6,"key":"Energy Potion"},{"floor":8,"key":"Ancient Potion"},{"floor":14,"key":"DemoMod:LeadSkinPotion"},{"floor":16,"key":"DistilledChaos"},{"floor":18,"key":"DemoMod:LeadSkinPotion"},{"floor":24,"key":"chefmod:PotionOfPlenty"}],"is_trial":false,"path_per_floor":["M","M","M","M","$","E","?","E","T","$","M","R","?","E","R","B",null,"M","$","?","?","M","R","M","M"],"character_chosen":"THE_CHEF","items_purchased":["chefmod:CookieJar","Lee\u0027s Waffle","Whetstone","chefmod:BaoBuns"],"campfire_rested":1,"item_purchase_floors":[5,10,19,19],"current_hp_per_floor":[83,83,83,83,83,31,31,1,1,90,84,84,84,20,47,9,90,60,60,90,90,90,90,31,0,0],"gold":101,"neow_bonus":"TEN_PERCENT_HP_BONUS","is_daily":false,"chose_seed":false,"campfire_upgraded":1,"win_rate":0.0,"timestamp":1611951733,"path_taken":["M","M","M","M","$","E","?","E","T","$","M","R","?","E","R","BOSS","M","$","?","?","M","R","M","M"],"items_purchased_type":["Relic","Relic","Relic","Card"],"build_version":"2020-12-22","purchased_purges":0,"victory":false,"max_hp_per_floor":[83,83,83,83,83,83,83,83,83,90,90,90,90,90,90,90,90,90,90,90,90,90,90,90,90,90],"card_choices":[{"not_picked":["chefmod:Sorbet","chefmod:ZaruSoba"],"picked":"chefmod:ColdSteel","floor":1},{"not_picked":["chefmod:BaoBuns","chefmod:Sorbet"],"picked":"chefmod:Defrost","floor":2},{"not_picked":["chefmod:Granita","chefmod:DinoKale"],"picked":"chefmod:Leftovers","floor":3},{"not_picked":["chefmod:Defrost","chefmod:SpaghettiCarbonara"],"picked":"chefmod:FiveAlarmChili","floor":4},{"not_picked":["chefmod:Defrost","chefmod:ColdSteel"],"picked":"chefmod:CandyBowl","floor":6},{"not_picked":["chefmod:Flambe","chefmod:AlooGobi"],"picked":"chefmod:Chop","floor":8},{"not_picked":["chefmod:SliceAndDice","chefmod:MonsterBait"],"picked":"chefmod:BaoBuns","floor":11},{"not_picked":["chefmod:CleanHouse","chefmod:BaoBuns"],"picked":"chefmod:NewMenu","floor":14},{"not_picked":["chefmod:Tenderizer","chefmod:SushiPlatter"],"picked":"chefmod:FrozenTuna","floor":16},{"not_picked":["chefmod:BaoBuns","chefmod:QuickChop"],"picked":"chefmod:Sorbet","floor":18},{"not_picked":["chefmod:LocoMoco+1","chefmod:BaoBuns+1"],"picked":"chefmod:Sorbet","floor":22},{"not_picked":["chefmod:Fillet","chefmod:Flambe"],"picked":"chefmod:TwoForOne","floor":24}],"player_experience":3694429,"relics_obtained":[{"floor":6,"key":"CeramicFish"},{"floor":8,"key":"Shuriken"},{"floor":9,"key":"Akabeko"},{"floor":14,"key":"DemoMod:Bottle"}],"event_choices":[{"damage_healed":0,"gold_gain":68,"player_choice":"Gained Gold","damage_taken":0,"max_hp_gain":0,"max_hp_loss":0,"event_name":"Golden Wing","floor":7,"gold_loss":0},{"damage_healed":0,"gold_gain":0,"player_choice":"Grow","damage_taken":0,"max_hp_gain":0,"max_hp_loss":0,"event_name":"Living Wall","floor":13,"gold_loss":0,"cards_upgraded":["chefmod:CandyBowl"]},{"damage_healed":30,"gold_gain":0,"player_choice":"Heal","damage_taken":0,"max_hp_gain":0,"max_hp_loss":0,"event_name":"The Library","floor":20,"gold_loss":0},{"damage_healed":0,"gold_gain":0,"player_choice":"Ignored","damage_taken":0,"max_hp_gain":0,"max_hp_loss":0,"event_name":"Cursed Tome","floor":21,"gold_loss":0}],"is_beta":false,"boss_relics":[{"not_picked":["chefmod:OldKettle","Velvet Choker"],"picked":"SacredBark"}],"items_purged_floors":[],"is_endless":false,"potions_floor_spawned":[1,4,6,8,14,16,18,24],"killed_by":"Centurion and Healer","ascension_level":0}}