{"host":"d61fcf2p3sjwe6yo","time":1611954090,"event":{"mods":["AchievementEnabler","BaseMod","Colored Map","Minty Spire (QoL Compilation)","StSLib","SuperFastMode"],"gold_per_floor":[113,163,181,193,208,208,226,226,226],"floor_reached":8,"language":"ENG","playtime":269,"items_purged":[],"score":95,"play_id":"9ee4700e-a3c9-4258-b5a9-898fbeb36a22","local_time":"20210130000130","is_ascension_mode":true,"campfire_choices":[{"data":"Deadly Poison","floor":6,"key":"SMITH"}],"circlet_count":0,"master_deck":["AscendersBane","Strike_G","Strike_G","Strike_G","Strike_G","Strike_G","Defend_G","Defend_G","Defend_G","Defend_G","Defend_G","Survivor","Neutralize","Noxious Fumes","Deadly Poison+1","Crippling Poison"],"relics":["Ring of the Snake"],"acts_visited":["Exordium"],"potions_floor_usage":[5,7,8],"damage_taken":[{"damage":3,"enemies":"Jaw Worm","floor":1,"turns":6},{"damage":3,"enemies":"Cultist","floor":3,"turns":5},{"damage":8,"enemies":"2 Louse","floor":4,"turns":3},{"damage":27,"enemies":"Lots of Slimes","floor":5,"turns":6},{"damage":10,"enemies":"Exordium Wildlife","floor":7,"turns":3},{"damage":7,"enemies":"Gremlin Nob","floor":8,"turns":3}],"seed_played":"7785085557106556229","potions_obtained":[{"floor":1,"key":"SkillPotion"},{"floor":4,"key":"DuplicationPotion"},{"floor":5,"key":"SkillPotion"}],"is_trial":false,"path_per_floor":["M","?","M","M","M","R","M","E"],"character_chosen":"THE_SILENT","items_purchased":[],"campfire_rested":0,"item_purchase_floors":[],"current_hp_per_floor":[62,62,59,51,24,24,14,7,7],"gold":226,"neow_bonus":"TEN_PERCENT_HP_BONUS","is_daily":false,"chose_seed":false,"campfire_upgraded":1,"win_rate":0.0,"timestamp":1611954090,"path_taken":["M","?","M","M","M","R","M","E"],"items_purchased_type":[],"build_version":"2020-12-22","purchased_purges":0,"victory":false,"max_hp_per_floor":[72,72,72,72,72,72,72,72,72],"card_choices":[{"not_picked":["Infinite Blades","Masterful Stab"],"picked":"Noxious Fumes","floor":1},{"not_picked":["Outmaneuver","Quick Slash","Accuracy"],"picked":"SKIP","floor":3},{"not_picked":["Expertise","Choke","Quick Slash"],"picked":"SKIP","floor":4},{"not_picked":["Flying Knee","Slice"],"picked":"Deadly Poison","floor":5},{"not_picked":["All Out Attack","Setup"],"picked":"Crippling Poison","floor":7}],"player_experience":225812,"relics_obtained":[],"event_choices":[{"damage_healed":0,"gold_gain":50,"player_choice":"Pray","damage_taken":0,"max_hp_gain":0,"max_hp_loss":0,"event_name":"Golden Shrine","floor":2,"gold_loss":0}],"is_beta":false,"boss_relics":[],"items_purged_floors":[],"is_endless":false,"potions_floor_spawned":[1,4,5],"killed_by":"Gremlin Nob","ascension_level":18}}