{"host":"v0n6ky7dmveherv3","time":1611885921,"event":{"mods":["BaseMod","Better Third Choice","Downfall","Minty Spire (QoL Compilation)","StSLib"],"gold_per_floor":[99,114,128,128,228,228,228,228,228,240,269,281,281,296,310,405,405,405,415,523,529,563,619,619,215,224,224,257,257,270,39,59,159,159,159,169,184,184,196,36,36,59,59,59,59],"floor_reached":43,"language":"ENG","playtime":3230,"items_purged":["sneckomod:Strike","sneckomod:Strike+1"],"score":606,"play_id":"40da09a1-a123-4e95-be7e-186324ca129d","local_time":"20210128190521","is_ascension_mode":true,"campfire_choices":[{"data":"sneckomod:Unknown","floor":1.0,"key":"SMITH"},{"data":"sneckomod:Unknown","floor":8.0,"key":"SMITH"},{"data":"sneckomod:MorePower","floor":18.0,"key":"SMITH"},{"floor":29.0,"key":"REST"}],"circlet_count":0,"master_deck":["sneckomod:Defend+1","sneckomod:Defend","sneckomod:TailWhip","sneckomod:SnekBite+1","sneckomod:Unknown+1","sneckomod:UnknownCommonSkill","sneckomod:UnknownExhaust+1","sneckomod:UnknownCommonAttack","Vault+1","sneckomod:UnknownDexterity","sneckomod:ImprovisedGuard","Slimebound:Replication+1","sneckomod:Rotation","sneckomod:Unknown0Cost","sneckomod:MorePower+1","sneckomod:GlitteringGambit","sneckomod:UnknownRarePower","sneckomod:SerpentIdol","sneckomod:SerpentMind","sneckomod:Rotation","sneckomod:Rotation","sneckomod:RainOfDice+1","sneckomod:Restock","sneckomod:UnknownRarePower","sneckomod:SlitherStrike","Madness","sneckomod:SerpentMind","sneckomod:CheapStock","sneckomod:UnknownUncommonPower","sneckomod:PureSnecko+1","sneckomod:DangerNoodle","sneckomod:UnknownDexterity","sneckomod:UnknownRareAttack","sneckomod:UnknownRareSkill","sneckomod:UnknownRarePower","Thinking Ahead","sneckomod:UnendingSupply","sneckomod:UnknownRarePower","sneckomod:SnakeSap","sneckomod:SerpentIdol","sneckomod:UnknownRarePower","Madness+1","sneckomod:SoulDraw","sneckomod:Restock","sneckomod:UnknownBlock","sneckomod:DiceBlock+1","sneckomod:UnknownBlock","sneckomod:CheapStock","expansioncontent:QuickStudy","sneckomod:UnknownDexterity"],"relics":["sneckomod:SneckoSoul","Matryoshka","Mercury Hourglass","Philosopher\u0027s Stone","Incense Burner","Letter Opener","Shuriken","Lantern","Pear","Membership Card","Gremlin Horn","sneckomod:RareBoosterPack","SlaversCollar","Vajra","Happy Flower","Sling","sneckomod:LoadedDie","Pantograph","InkBottle"],"acts_visited":["Exordium","TheCity","TheBeyond"],"potions_floor_usage":[40],"damage_taken":[{"damage":6.0,"enemies":"Jaw Worm","floor":2.0,"turns":3.0},{"damage":5.0,"enemies":"Small Slimes","floor":3.0,"turns":4.0},{"damage":37.0,"enemies":"downfall:Heads","floor":5.0,"turns":5.0},{"damage":0.0,"enemies":"2 Louse","floor":10.0,"turns":2.0},{"damage":20.0,"enemies":"3 Sentries","floor":11.0,"turns":9.0},{"damage":0.0,"enemies":"Lots of Slimes","floor":12.0,"turns":3.0},{"damage":2.0,"enemies":"2 Fungi Beasts","floor":14.0,"turns":3.0},{"damage":4.0,"enemies":"Blue Slaver","floor":15.0,"turns":4.0},{"damage":6.0,"enemies":"WA_ARCHETYPE_RETAIN","floor":16.0,"turns":6.0},{"damage":9.0,"enemies":"Shell Parasite","floor":19.0,"turns":9.0},{"damage":27.0,"enemies":"Colosseum Nobs","floor":20.0,"turns":5.0},{"damage":0.0,"enemies":"3 Cultists","floor":21.0,"turns":4.0},{"damage":14.0,"enemies":"Snecko","floor":22.0,"turns":5.0},{"damage":38.0,"enemies":"Slavers","floor":23.0,"turns":3.0},{"damage":0.0,"enemies":"downfall:FleeingMerchant","floor":25.0,"turns":5.0},{"damage":0.0,"enemies":"Sentry and Sphere","floor":26.0,"turns":4.0},{"damage":11.0,"enemies":"Snake Plant","floor":28.0,"turns":4.0},{"damage":6.0,"enemies":"Centurion and Healer","floor":30.0,"turns":5.0},{"damage":0.0,"enemies":"downfall:FleeingMerchant","floor":31.0,"turns":5.0},{"damage":6.0,"enemies":"Snecko","floor":32.0,"turns":3.0},{"damage":11.0,"enemies":"DF_ARCHETYPE_CLAW","floor":33.0,"turns":6.0},{"damage":33,"enemies":"3 Darklings","floor":36,"turns":5},{"damage":6,"enemies":"Orb Walker","floor":37,"turns":4},{"damage":0,"enemies":"Spire Growth","floor":39,"turns":3},{"damage":2,"enemies":"downfall:FleeingMerchant","floor":40,"turns":4},{"damage":31,"enemies":"Nemesis","floor":42,"turns":5},{"damage":29,"enemies":"Transient","floor":43,"turns":3}],"seed_played":"3962572693111477584","potions_obtained":[{"floor":2.0,"key":"bronze:BurnAndBuffPotion"},{"floor":5.0,"key":"Energy Potion"},{"floor":14.0,"key":"sneckomod:DiceRollPotion"},{"floor":16.0,"key":"Fire Potion"},{"floor":20.0,"key":"SpeedPotion"},{"floor":21.0,"key":"LiquidBronze"},{"floor":26.0,"key":"sneckomod:OffclassReductionPotion"},{"floor":30.0,"key":"Block Potion"},{"floor":37,"key":"AttackPotion"}],"is_trial":false,"path_per_floor":["R","M","M","?","?","R","T","R","?","M","E","M","R","M","M","B",null,"R","M","?","M","M","E","T","$","M","?","M","R","M","$","M","B",null,"R","M","M","T","M","$","T","E","M"],"character_chosen":"THE_SNECKO","items_purchased":["Membership Card","sneckomod:SlitherStrike","Gremlin Horn","PowerPotion","Madness","sneckomod:RareBoosterPack","Thinking Ahead","sneckomod:UnendingSupply","Block Potion","sneckomod:CheapStock","Sling","sneckomod:LoadedDie","LiquidBronze","LiquidBronze","Ancient Potion","expansioncontent:QuickStudy","sneckomod:UnknownDexterity"],"campfire_rested":1,"item_purchase_floors":[25,25,25,25,25,31,31,31,31,40,40,40,40,40,40,40,40],"current_hp_per_floor":[90,84,79,79,42,42,42,42,42,42,22,22,22,20,16,10,90,90,81,54,54,40,2,12,12,12,12,1,31,25,25,19,8,100,100,67,61,61,61,59,59,28,0,0,0],"gold":59,"neow_bonus":"UPGRADE_CARD","is_daily":false,"chose_seed":false,"campfire_upgraded":3,"win_rate":0.0,"timestamp":1611885921,"path_taken":["R","M","M","?","?","R","T","R","?","M","E","M","R","?","M","BOSS","R","M","?","M","M","E","T","$","M","?","M","R","M","$","M","BOSS","R","?","?","?","M","$","T","E","M"],"items_purchased_type":["Relic","Card","Relic","Potion","Card","Relic","Card","Card","Potion","Card","Relic","Relic","Potion","Potion","Potion","Card","Card"],"build_version":"2020-12-22","purchased_purges":2,"victory":false,"max_hp_per_floor":[90,90,90,90,90,90,90,90,90,90,90,90,90,90,90,90,90,90,90,90,90,90,90,100,100,100,100,100,100,100,100,100,100,100,100,100,100,100,100,100,100,100,100,100,100],"card_choices":[{"not_picked":["sneckomod:QuickBite","sneckomod:WideSting"],"picked":"sneckomod:UnknownCommonSkill","floor":2.0},{"not_picked":["sneckomod:UnknownCommonSkill","sneckomod:UnknownColorless"],"picked":"sneckomod:UnknownExhaust","floor":3.0},{"not_picked":["sneckomod:Memorize","sneckomod:UnknownWeak"],"picked":"sneckomod:UnknownExhaust","floor":5.0},{"not_picked":["sneckomod:UnknownStrength","sneckomod:Unknown2Cost"],"picked":"sneckomod:UnknownDexterity","floor":10.0},{"not_picked":["sneckomod:DiceBlock","sneckomod:UnknownCommonSkill"],"picked":"sneckomod:ImprovisedGuard","floor":11.0},{"not_picked":["sneckomod:UnknownStrike","sneckomod:UnknownCommonSkill","sneckomod:UnknownWeak"],"picked":"SKIP","floor":12.0},{"not_picked":["sneckomod:UnknownCommonAttack","sneckomod:SoulRoll"],"picked":"sneckomod:Rotation","floor":14.0},{"not_picked":["sneckomod:UnknownVulnerable","sneckomod:UnknownStrike"],"picked":"sneckomod:Unknown0Cost","floor":15.0},{"not_picked":["sneckomod:SoulExchange","sneckomod:UnknownBoss"],"picked":"sneckomod:MorePower","floor":16.0},{"not_picked":["sneckomod:UnknownRareSkill","sneckomod:UnendingSupply"],"picked":"sneckomod:GlitteringGambit","floor":19.0},{"not_picked":["sneckomod:UnknownCommonSkill+1","sneckomod:WideSting","sneckomod:ImprovisedAttack"],"picked":"SKIP","floor":19.0},{"not_picked":["sneckomod:UnknownStrength","sneckomod:ImprovisedAttack"],"picked":"sneckomod:UnknownRarePower","floor":20.0},{"not_picked":["sneckomod:Memorize","sneckomod:ImprovisedGuard"],"picked":"sneckomod:SerpentIdol","floor":20.0},{"not_picked":["sneckomod:RainOfDice","sneckomod:UnknownUncommonAttack"],"picked":"sneckomod:SerpentMind","floor":21.0},{"not_picked":["sneckomod:QuickBite","sneckomod:UnknownCommonSkill"],"picked":"sneckomod:Rotation","floor":21.0},{"not_picked":["sneckomod:UnknownDraw","sneckomod:UnknownStrike"],"picked":"sneckomod:Rotation","floor":22.0},{"not_picked":["sneckomod:Rotation","sneckomod:UnknownDraw"],"picked":"sneckomod:RainOfDice+1","floor":22.0},{"not_picked":["sneckomod:Rotation","sneckomod:DefensiveFlair"],"picked":"sneckomod:Restock","floor":23.0},{"not_picked":["sneckomod:WideSting","sneckomod:RainOfDice","sneckomod:SerpentMind"],"picked":"SKIP","floor":23.0},{"not_picked":["sneckomod:SoulExchange","sneckomod:UnknownX"],"picked":"sneckomod:UnknownRarePower","floor":25.0},{"not_picked":["sneckomod:Mudshield","sneckomod:UnknownCommonAttack","sneckomod:Unknown1Cost"],"picked":"SKIP","floor":25.0},{"not_picked":["sneckomod:DiceCrush","sneckomod:UnknownExhaust"],"picked":"sneckomod:SerpentMind","floor":26.0},{"not_picked":["sneckomod:UnknownRareSkill","sneckomod:Transmogrify"],"picked":"sneckomod:CheapStock","floor":26.0},{"not_picked":["sneckomod:TrashToTreasure","sneckomod:DiceBlock","sneckomod:RainOfDice"],"picked":"SKIP","floor":26.0},{"not_picked":["sneckomod:Unknown1Cost","sneckomod:MasterEye"],"picked":"sneckomod:UnknownUncommonPower","floor":28.0},{"not_picked":["sneckomod:Nope+1","sneckomod:QuickBite"],"picked":"sneckomod:PureSnecko+1","floor":28.0},{"not_picked":["sneckomod:UnknownCommonAttack","sneckomod:GlitteringGambit"],"picked":"sneckomod:DangerNoodle","floor":30.0},{"not_picked":["sneckomod:UnknownCommonSkill","sneckomod:RainOfDice+1"],"picked":"sneckomod:UnknownDexterity","floor":30.0},{"not_picked":["sneckomod:DiceBlock","sneckomod:MasterEye"],"picked":"sneckomod:UnknownDraw+1","floor":31.0},{"not_picked":["sneckomod:ImprovisedGuard","sneckomod:Transmogrify"],"picked":"sneckomod:UnknownRarePower","floor":32.0},{"not_picked":["sneckomod:UnknownStrike+1","sneckomod:UnknownRarePower"],"picked":"sneckomod:SnakeSap","floor":32.0},{"not_picked":["sneckomod:TrashToTreasure","sneckomod:UnknownColorless"],"picked":"sneckomod:SerpentIdol","floor":33.0},{"not_picked":["sneckomod:UnknownBoss","sneckomod:SerpentMind"],"picked":"sneckomod:UnknownRarePower","floor":33.0},{"not_picked":["sneckomod:UnknownUncommonAttack","sneckomod:RainOfDice"],"picked":"sneckomod:SoulDraw","floor":36},{"not_picked":["sneckomod:SoulRoll","sneckomod:Unknown0Cost+1","sneckomod:WideSting"],"picked":"SKIP","floor":36},{"not_picked":["sneckomod:SlitherStrike","sneckomod:Cheat"],"picked":"sneckomod:Restock","floor":37},{"not_picked":["sneckomod:IronFang","sneckomod:UnknownCommonSkill+1","sneckomod:RainOfDice+1"],"picked":"SKIP","floor":37},{"not_picked":["sneckomod:Transmogrify","sneckomod:DiceBoulder"],"picked":"sneckomod:UnknownBlock","floor":39},{"not_picked":["sneckomod:UnknownBlock","sneckomod:Nope+1"],"picked":"sneckomod:DiceBlock+1","floor":39},{"not_picked":["sneckomod:UnknownCommonSkill","sneckomod:DiceBlock"],"picked":"sneckomod:UnknownBlock","floor":40},{"not_picked":["sneckomod:MasterEye","sneckomod:Unknown0Cost","sneckomod:IronFang"],"picked":"SKIP","floor":40},{"not_picked":["sneckomod:Unknown0Cost+1","sneckomod:SoulRoll","sneckomod:RainOfDice+1"],"picked":"SKIP","floor":42}],"player_experience":134641,"relics_obtained":[{"floor":7.0,"key":"Matryoshka"},{"floor":11.0,"key":"Mercury Hourglass"},{"floor":20.0,"key":"Incense Burner"},{"floor":20.0,"key":"Letter Opener"},{"floor":23.0,"key":"Shuriken"},{"floor":24.0,"key":"Lantern"},{"floor":24.0,"key":"Pear"},{"floor":38,"key":"Vajra"},{"floor":38,"key":"Happy Flower"},{"floor":41,"key":"Pantograph"},{"floor":42,"key":"InkBottle"}],"event_choices":[],"is_beta":false,"boss_relics":[{"not_picked":["SacredBark","Astrolabe"],"picked":"Philosopher\u0027s Stone"},{"not_picked":["sneckomod:SneckoBoss","Runic Dome"],"picked":"SlaversCollar"}],"items_purged_floors":[25,40],"is_endless":false,"potions_floor_spawned":[2,5,14,16,20,21,22,26,30,32,37],"killed_by":"Transient","ascension_level":1}}