{"host":"6rz02yiipefhcw4r","time":1611892597,"event":{"mods":["2.2 Compatiblity","BaseMod","Block Reminder","Colored Map","Curses Come First","DeckTracker","Googly Eyes","Minty Spire (QoL Compilation)","Quick Restart","Rare Cards Sparkle","StSLib"],"gold_per_floor":[118,131,131,151,57,85,85,112,157,173,192,192,192,192],"floor_reached":13,"language":"ENG","playtime":493,"items_purged":[],"score":190,"play_id":"9c622e33-3efa-4bb8-b66f-f235d215a4b3","local_time":"20210129015637","is_ascension_mode":true,"campfire_choices":[{"floor":7,"key":"REST"}],"circlet_count":0,"master_deck":["AscendersBane","Strike_R","Strike_R","Strike_R","Strike_R","Strike_R","Defend_R","Defend_R","Defend_R","Defend_R","Bash","Thunderclap","Rampage","Armaments","Disarm","Headbutt","Iron Wave","Ghostly Armor","Metallicize"],"relics":["Burning Blood","NeowsBlessing","Ornamental Fan","Blood Vial","Pen Nib","Orichalcum","Golden Idol"],"acts_visited":["Exordium"],"potions_floor_usage":[6,6,6,8],"damage_taken":[{"damage":0,"enemies":"Cultist","floor":1,"turns":1},{"damage":0,"enemies":"Small Slimes","floor":2,"turns":1},{"damage":0,"enemies":"Jaw Worm","floor":4,"turns":1},{"damage":46,"enemies":"3 Sentries","floor":6,"turns":11},{"damage":25,"enemies":"Lagavulin","floor":8,"turns":6},{"damage":12,"enemies":"Lots of Slimes","floor":10,"turns":5},{"damage":32,"enemies":"Exordium Thugs","floor":11,"turns":5},{"damage":0,"enemies":"3 Sentries","floor":13,"turns":1}],"seed_played":"2789813345769723246","potions_obtained":[{"floor":1,"key":"EntropicBrew"},{"floor":2,"key":"Block Potion"}],"is_trial":false,"path_per_floor":["M","M","?","M","$","E","R","E","T","M","M","?","E"],"character_chosen":"IRONCLAD","items_purchased":["Disarm","Headbutt"],"campfire_rested":1,"item_purchase_floors":[5,5],"current_hp_per_floor":[74,75,75,75,75,35,57,40,40,36,12,12,14,14],"gold":192,"neow_bonus":"THREE_ENEMY_KILL","is_daily":false,"chose_seed":false,"campfire_upgraded":0,"win_rate":0.0,"timestamp":1611892597,"path_taken":["M","?","?","M","$","E","R","E","T","M","?","?","E"],"items_purchased_type":["Card","Card"],"build_version":"2020-12-22","purchased_purges":0,"victory":false,"max_hp_per_floor":[75,75,75,75,75,75,75,75,75,75,75,68,68,68],"card_choices":[{"not_picked":["Bloodletting","Sword Boomerang"],"picked":"Thunderclap","floor":1},{"not_picked":["Flex","Clash"],"picked":"Rampage","floor":2},{"not_picked":["Reckless Charge","Perfected Strike"],"picked":"Armaments","floor":4},{"not_picked":["Headbutt","Armaments"],"picked":"Iron Wave","floor":6},{"not_picked":["Flex","Berserk","Body Slam"],"picked":"SKIP","floor":8},{"not_picked":["Sword Boomerang","Blood for Blood"],"picked":"Ghostly Armor","floor":10},{"not_picked":["Flex","Feel No Pain"],"picked":"Metallicize","floor":11}],"player_experience":757113,"relics_obtained":[{"floor":3,"key":"Ornamental Fan"},{"floor":6,"key":"Blood Vial"},{"floor":8,"key":"Pen Nib"},{"floor":9,"key":"Orichalcum"}],"event_choices":[{"damage_healed":0,"gold_gain":0,"player_choice":"Relic","damage_taken":0,"max_hp_gain":0,"max_hp_loss":0,"event_name":"Wheel of Change","floor":3,"gold_loss":0},{"damage_healed":0,"gold_gain":0,"player_choice":"Lose Max HP","damage_taken":0,"relics_obtained":["Golden Idol"],"max_hp_gain":0,"max_hp_loss":7,"event_name":"Golden Idol","floor":12,"gold_loss":0}],"is_beta":false,"boss_relics":[],"items_purged_floors":[],"is_endless":false,"potions_floor_spawned":[1,2,4],"killed_by":"3 Sentries","ascension_level":20}}