{"host":"xmr2g8b7eju0288o","time":1611905012,"event":{"mods":["100% Spire Juice","AchievementEnabler","BaseMod","Colored Map","Colored Powertips","KOR Keyword Fix","Minty Spire (QoL Compilation)","Quick Restart","Spicy Shops","StSLib","SuperFastMode"],"gold_per_floor":[111,111,186,18,28,28,53,73,98,98,129,129,129,162,162,162,162],"floor_reached":16,"language":"KOR","playtime":344,"items_purged":[],"score":232,"play_id":"172475e6-f9f6-4218-be19-6f3562f426cb","local_time":"20210129162332","daily_mods":["Hoarder","Heirloom","DeadlyEvents","Elite Swarm"],"is_ascension_mode":true,"campfire_choices":[{"data":"Moonworks:Ambush","floor":6.0,"key":"SMITH"},{"data":"Moonworks:NicePresent","floor":10.0,"key":"SMITH"},{"floor":13,"key":"REST"},{"floor":15,"key":"REST"}],"circlet_count":0,"master_deck":["AscendersBane","Moonworks:Strike","Moonworks:Strike","Moonworks:Strike","Moonworks:Strike","Moonworks:Defend","Moonworks:Defend","Moonworks:Defend","Moonworks:Defend","Moonworks:Ambush+1","Moonworks:LongDistanceShot","Moonworks:NicePresent","Moonworks:NicePresent","Moonworks:NicePresent+1"],"relics":["Moonworks:BrokenBomb","Moonworks:Homemark","Ice Cream","Membership Card","Strawberry","Bronze Scales","Akabeko","InkBottle","Eternal Feather"],"acts_visited":["Exordium"],"potions_floor_usage":[11,11,16],"damage_taken":[{"damage":5.0,"enemies":"2 Louse","floor":1.0,"turns":4.0},{"damage":4.0,"enemies":"Jaw Worm","floor":5.0,"turns":4.0},{"damage":10.0,"enemies":"3 Sentries","floor":7.0,"turns":7.0},{"damage":0.0,"enemies":"Cultist","floor":8.0,"turns":2.0},{"damage":8,"enemies":"Gremlin Nob","floor":11,"turns":3},{"damage":25,"enemies":"Lagavulin","floor":14,"turns":5},{"damage":43,"enemies":"Slime Boss","floor":16,"turns":9}],"seed_played":"6069665775311467402","potions_obtained":[{"floor":1.0,"key":"SkillPotion"},{"floor":7.0,"key":"LiquidMemories"},{"floor":8.0,"key":"Strength Potion"},{"floor":14,"key":"Ancient Potion"}],"is_trial":true,"path_per_floor":["M","?","?","$","M","R","E","M","T","R","E","T","R","E","R","B"],"character_chosen":"THE_STARBREAKER","items_purchased":["Membership Card"],"campfire_rested":2,"item_purchase_floors":[4],"current_hp_per_floor":[45,50,39,39,35,35,32,32,32,32,24,24,44,19,45,2,2],"gold":162,"neow_bonus":"","is_daily":false,"chose_seed":false,"campfire_upgraded":2,"win_rate":0.0,"timestamp":1611905012,"path_taken":["M","?","?","?","?","R","E","M","T","R","E","?","R","E","R","BOSS"],"items_purchased_type":["Relic"],"build_version":"2020-12-22","purchased_purges":0,"victory":false,"max_hp_per_floor":[55,60,60,60,60,60,67,67,67,67,67,67,67,67,67,67,67],"card_choices":[{"not_picked":["Moonworks:SelfDestruct","Moonworks:FinalSurgery","Moonworks:SakisCookie"],"picked":"SKIP","floor":1.0},{"not_picked":["Moonworks:DeployBits","Moonworks:Dash"],"picked":"Moonworks:NicePresent","floor":5.0},{"not_picked":["Moonworks:PlushieMaster","Moonworks:LeapThroughSpace","Moonworks:WeAreWaruda"],"picked":"SKIP","floor":7.0},{"not_picked":["Moonworks:LulusLuckyEgg","Moonworks:ImOnFire","Moonworks:ForcedRevival"],"picked":"SKIP","floor":8.0},{"not_picked":["Moonworks:Wanted","Moonworks:OutOfAmmo","Moonworks:AccelHyper"],"picked":"SKIP","floor":11},{"not_picked":["Moonworks:RocketCannon","Moonworks:LeapThroughSpace","Moonworks:AccelHyper"],"picked":"SKIP","floor":14}],"player_experience":115912,"relics_obtained":[{"floor":7.0,"key":"Strawberry"},{"floor":9.0,"key":"Bronze Scales"},{"floor":11,"key":"Akabeko"},{"floor":12,"key":"InkBottle"},{"floor":14,"key":"Eternal Feather"}],"event_choices":[{"damage_healed":0.0,"max_hp_gain":5.0,"max_hp_loss":0.0,"gold_gain":0.0,"event_name":"Big Fish","player_choice":"Donut","floor":2.0,"gold_loss":0.0,"damage_taken":0.0},{"damage_healed":0.0,"max_hp_gain":0.0,"max_hp_loss":0.0,"gold_gain":75.0,"event_name":"World of Goop","player_choice":"Gather Gold","floor":3.0,"gold_loss":0.0,"damage_taken":11.0}],"is_beta":false,"boss_relics":[],"items_purged_floors":[],"is_endless":true,"potions_floor_spawned":[1,7,8,14],"killed_by":"Slime Boss","ascension_level":20}}