{"host":"cmxkjr0hek4mqvmn","time":1611962795,"event":{"mods":["BaseMod","Beaked The Cultist","Better Match","Better Skull","Better Third Choice","BetterRewards","Clawfect","Colored Map","Displayed Cursed Tome","Duelist Mod","GifTheSpireLib","Hermit","Hubris","JesterMod","Mimic Mod","Minty Spire (QoL Compilation)","Quick Restart","Robot Space Explorer","StSLib","The Bladedancer","The Blue Laboratory","The Cursed","Thieving Mod","Waifu the Spire"],"gold_per_floor":[10,10,10,20,20,51,68,68,68,80,98,127,127,402,402,502,502,512,7,7,7,17,17,45,45,45,55,55,55,55,68,68,163,163,175,175,175,188,463,463,463],"floor_reached":40,"language":"ENG","playtime":2860,"items_purged":[],"score":484,"play_id":"1e55e668-cdfb-4e54-bf4f-136a2f276372","local_time":"20210129182635","is_ascension_mode":true,"campfire_choices":[{"floor":8.0,"key":"REST"},{"floor":13.0,"key":"REST"},{"floor":15.0,"key":"RECALL"},{"data":"Defragment","floor":23.0,"key":"SMITH"},{"floor":25.0,"key":"REST"},{"data":"Hello World","floor":30.0,"key":"SMITH"},{"floor":32.0,"key":"REST"}],"circlet_count":0,"master_deck":["Gash","Gash","Gash","Gash","Gash","Defend_B","Defend_B","Defend_B","Defend_B","Redo","BattleHymn+1","Clawfect:Clawter","Apotheosis+1","Clawfect:Clawter","Madness","Chill+1","Clawfect:Clawrage","Clawfect:ClawSnap","Creative AI","Clawfect:ClawCell","Defragment+1","Hello World+1","Hologram","RobotSpaceExplorer:Probe","RobotSpaceExplorer:TrailblazerForm","Skim+1","Clawfect:Clawrage+1","Regret"],"relics":["Clawfect:DRClaw","Ice Cream","White Beast Statue","PreservedInsect","hubris:ScarierMask","Kunai","Cables","Nloth\u0027s Gift","DataDisk","hubris:DisguiseKit","Ancient Tea Set","Potion Belt"],"acts_visited":["Exordium","TheCity","TheBeyond"],"potions_floor_usage":[40],"damage_taken":[{"damage":0.0,"enemies":"2 Louse","floor":1.0,"turns":4.0},{"damage":0.0,"enemies":"Cultist","floor":4.0,"turns":3.0},{"damage":27.0,"enemies":"Gremlin Nob","floor":6.0,"turns":4.0},{"damage":0.0,"enemies":"Small Slimes","floor":7.0,"turns":4.0},{"damage":4.0,"enemies":"Blue Slaver","floor":10.0,"turns":3.0},{"damage":13.0,"enemies":"Red Slaver","floor":11.0,"turns":4.0},{"damage":0.0,"enemies":"Lagavulin","floor":12.0,"turns":4.0},{"damage":29.0,"enemies":"Hexaghost","floor":16.0,"turns":7.0},{"damage":10.0,"enemies":"2 Thieves","floor":18.0,"turns":3.0},{"damage":20.0,"enemies":"Shell Parasite","floor":22.0,"turns":6.0},{"damage":31.0,"enemies":"Gremlin Leader","floor":24.0,"turns":6.0},{"damage":16.0,"enemies":"3 Cultists","floor":27.0,"turns":5.0},{"damage":15.0,"enemies":"Centurion and Healer","floor":31.0,"turns":3.0},{"damage":31,"enemies":"Collector","floor":33,"turns":9},{"damage":15,"enemies":"3 Shapes","floor":35,"turns":7},{"damage":8,"enemies":"Orb Walker","floor":38,"turns":6},{"damage":30,"enemies":"Nemesis","floor":40,"turns":2}],"seed_played":"5224734521927842427","potions_obtained":[{"floor":1.0,"key":"blueLaboratory:FrostheartPotion"},{"floor":7.0,"key":"EssenceOfDarkness"},{"floor":10.0,"key":"GamblersBrew"},{"floor":12.0,"key":"blueLaboratory:PlasmaFuel"},{"floor":22.0,"key":"Fire Potion"},{"floor":24.0,"key":"Explosive Potion"},{"floor":33,"key":"blueLaboratory:RememoryPotion"},{"floor":38,"key":"Swift Potion"}],"is_trial":false,"path_per_floor":["M","?","?","M","?","E","M","R","T","M","M","E","R","?","R","B",null,"M","$","?","?","M","R","E","R","T","M","?","?","R","M","R","B",null,"M","?","?","M","?","E"],"character_chosen":"DEFECT","items_purchased":["Kunai","Cables"],"campfire_rested":4,"item_purchase_floors":[19,19],"current_hp_per_floor":[75,54,54,54,54,27,27,49,49,45,32,32,54,54,54,25,75,65,65,65,65,45,45,14,36,36,20,20,45,45,30,52,21,75,60,60,23,15,15,0,0],"gold":463,"neow_bonus":"ONE_RARE_RELIC","is_daily":false,"chose_seed":false,"campfire_upgraded":2,"win_rate":0.0,"timestamp":1611962795,"path_taken":["M","?","?","?","?","E","M","R","T","M","M","E","R","?","R","BOSS","M","$","?","?","M","R","E","R","T","?","?","?","R","M","R","BOSS","M","?","?","?","?","E"],"items_purchased_type":["Relic","Relic"],"build_version":"2020-12-22","purchased_purges":0,"victory":false,"max_hp_per_floor":[75,75,75,75,75,75,75,75,75,75,75,75,75,75,75,75,75,75,75,75,75,75,75,75,75,75,75,75,75,75,75,75,75,75,75,75,75,75,75,75,75],"card_choices":[{"not_picked":["hubris:Ukulele","Reinforced Body"],"picked":"Redo","floor":1.0},{"not_picked":["Recycle","Conserve Battery"],"picked":"Clawfect:Clawter","floor":4.0},{"not_picked":["Redo","Self Repair"],"picked":"Clawfect:Clawter","floor":6.0},{"not_picked":["Clawfect:Clawline","Clawfect:ClawSnap"],"picked":"FTL","floor":7.0},{"not_picked":["Redo","Leap"],"picked":"Chill","floor":10.0},{"not_picked":["Clawfect:Clawter","Chill"],"picked":"Clawfect:Clawrage","floor":11.0},{"not_picked":["FTL","Multi-Cast"],"picked":"Clawfect:ClawSnap","floor":12.0},{"not_picked":["Reboot","hubris:Prefetch"],"picked":"Creative AI","floor":16.0},{"not_picked":["Force Field","Rebound+1"],"picked":"Clawfect:ClawCell","floor":18.0},{"not_picked":["White Noise","Turbo"],"picked":"Defragment","floor":22.0},{"not_picked":["Steam","hubris:Prefetch"],"picked":"Hello World","floor":24.0},{"not_picked":["Steam","hubris:PowerSurge+1","RobotSpaceExplorer:Counterblock"],"picked":"Hologram","floor":27.0},{"not_picked":["Clawfect:ClawpileDriver","Blizzard+1","White Noise"],"picked":"RobotSpaceExplorer:Probe","floor":31.0},{"not_picked":["Biased Cognition","hubris:SpecializedCircuitry","Multi-Cast"],"picked":"RobotSpaceExplorer:TrailblazerForm","floor":33},{"not_picked":["Undo","hubris:Ukulele+1","RobotSpaceExplorer:ScrapShield"],"picked":"Skim+1","floor":35},{"not_picked":["Sunder","Steam+1","RobotSpaceExplorer:SurgingShield"],"picked":"Clawfect:Clawrage+1","floor":38}],"player_experience":636781,"relics_obtained":[{"floor":6.0,"key":"White Beast Statue"},{"floor":12.0,"key":"PreservedInsect"},{"floor":24.0,"key":"DataDisk"},{"floor":26.0,"key":"hubris:DisguiseKit"}],"event_choices":[{"cards_removed":["Defend_B"],"damage_healed":0.0,"max_hp_gain":0.0,"max_hp_loss":0.0,"gold_gain":0.0,"event_name":"Bonfire Elementals","player_choice":"Offered Basic","floor":3.0,"gold_loss":0.0,"damage_taken":0.0},{"damage_healed":54.0,"max_hp_gain":0.0,"max_hp_loss":75.0,"gold_gain":0.0,"event_name":"betterThird:BetterShining","player_choice":"Embrace","floor":5.0,"gold_loss":0.0,"damage_taken":0.0},{"damage_healed":0.0,"max_hp_gain":0.0,"max_hp_loss":0.0,"gold_gain":275.0,"event_name":"Golden Shrine","player_choice":"Desecrate","floor":14.0,"gold_loss":0.0,"damage_taken":0.0,"cards_obtained":["Regret"]},{"damage_healed":0.0,"max_hp_gain":0.0,"max_hp_loss":0.0,"gold_gain":0.0,"event_name":"Ghosts","player_choice":"Ignored","floor":20.0,"gold_loss":0.0,"damage_taken":0.0},{"damage_healed":0.0,"max_hp_gain":0.0,"max_hp_loss":0.0,"gold_gain":0.0,"event_name":"N\u0027loth","player_choice":"Traded Relic","floor":21.0,"relics_lost":["Centennial Puzzle"],"gold_loss":0.0,"damage_taken":0.0,"relics_obtained":["Nloth\u0027s Gift"]},{"cards_removed":["Regret"],"damage_healed":0.0,"max_hp_gain":0.0,"max_hp_loss":0.0,"gold_gain":0.0,"event_name":"betterThird:BetterWriting","player_choice":"Elegance","floor":28.0,"gold_loss":0.0,"damage_taken":0.0},{"damage_healed":25.0,"max_hp_gain":0.0,"max_hp_loss":0.0,"gold_gain":0.0,"event_name":"The Library","player_choice":"Heal","floor":29.0,"gold_loss":0.0,"damage_taken":0.0},{"damage_healed":0,"gold_gain":0,"player_choice":"RE RE ","damage_taken":41,"relics_obtained":["Ancient Tea Set","Potion Belt"],"max_hp_gain":0,"max_hp_loss":0,"event_name":"betterSkull:BetterSkull","floor":37,"gold_loss":0,"cards_upgraded":[]},{"damage_healed":0,"gold_gain":275,"player_choice":"Desecrate","damage_taken":0,"max_hp_gain":0,"max_hp_loss":0,"event_name":"Golden Shrine","floor":39,"gold_loss":0,"cards_obtained":["Regret"]}],"is_beta":false,"boss_relics":[{"not_picked":["Runic Pyramid","Velvet Choker"],"picked":"hubris:ScarierMask"},{"not_picked":["hubris:TerracottaHorce","hubris:Stopwatch","hubris:GrandSneckoEye"]}],"items_purged_floors":[],"is_endless":false,"potions_floor_spawned":[1,6,7,10,11,12,16,18,22,24,27,31,33,35,38],"killed_by":"Nemesis","ascension_level":1}}