{"host":"b5jaqh8y266k2cz4","time":1611906693,"event":{"mods":["AchievementEnabler","Aspiration","BaseMod","Colored Powertips","Conspire","Downfall","Googly Eyes","Hermit","Highlight Path","Hubris","Infinite Spire","MarisaÅiñ∂âJÅ@ñÇóùçπÅj","Mimic Mod","Minty Spire (QoL Compilation)","Replay The Spire","SOSÅiézîb?îVéqÅj","Spikes Relics","StSLib","Synergy Search","The Animator","The Cursed","The Jungle","The Necromancer","The Servant 0.9.4","The Wild Card","slay the spire mod where everything is the same but ironclad has a cowboy hat","Åyå˜î\ModÅz?ñæìIç≈?Boss"],"gold_per_floor":[110,121,296,312,326,360,379,38,62,62,72,72,72,72,72,168,168,187,199,199,199,219,219,219,219,219,230,330,249,249,10,10,107,107,125,125,143,104,114,114,114,114],"floor_reached":41,"language":"ENG","playtime":3081,"items_purged":[],"score":391,"play_id":"b29777d1-c3c5-474a-acd0-77362c7d35e1","local_time":"20210129025133","is_ascension_mode":false,"campfire_choices":[{"floor":10,"key":"REST"},{"floor":23,"key":"REST"},{"floor":25,"key":"REST"},{"floor":30,"key":"REST"},{"data":"theWildCard:PowerOfTheArcana","floor":40,"key":"SMITH"}],"circlet_count":0,"master_deck":["theWildCard:BasicStrike","theWildCard:BasicStrike","theWildCard:BasicStrike","theWildCard:BasicStrike","theWildCard:BasicDefend","theWildCard:BasicDefend","theWildCard:BasicDefend","theWildCard:BasicDefend","theWildCard:CallToAdventure","theWildCard:Arsene","theWildCard:BladeOfGenerations","theWildCard:Loki","Doubt","theWildCard:ArchaicAssault+1","theWildCard:Salvation","theWildCard:BladeOfGenerations","theWildCard:StingingStrike","theWildCard:StingingStrike","theWildCard:Metatron+1","theWildCard:Caesar","theWildCard:PowerOfTheArcana","theWildCard:ArcanaArtistry+1","theWildCard:LadyLuck","theWildCard:PowerOfTheArcana+1","theWildCard:EnergizedStroke","theWildCard:EnergizedStroke","theWildCard:TheUniverse","CurseOfTheBell","theWildCard:ShieldOfMany+1","theWildCard:MaskChange+1","theWildCard:ArcanaArtistry","theWildCard:StingingStrike+1"],"relics":["theWildCard:VelvetContract","NeowsBlessing","aspiration:ArtOfWarUpgrade","infinitespire:Joker Card","Pen Nib","theWildCard:FigureOfDeath","Bag of Marbles","Ancient Tea Set","Torii","Gremlin Horn","SpikesRelics:DaevaFist","Calling Bell","Anchor","White Beast Statue","hubris:FunFungus","Runic Pyramid","Replay:Baseball"],"acts_visited":["Exordium","TheCity","TheBeyond"],"potions_floor_usage":[7,16,28],"damage_taken":[{"damage":0,"enemies":"Jaw Worm","floor":1,"turns":1},{"damage":0,"enemies":"2 Louse","floor":2,"turns":1},{"damage":0,"enemies":"conspire:RoseBush","floor":4,"turns":1},{"damage":24,"enemies":"Lots of Slimes","floor":5,"turns":6},{"damage":26,"enemies":"Replay:BlueRogue","floor":6,"turns":6},{"damage":0,"enemies":"2 Fungi Beasts","floor":7,"turns":3},{"damage":5,"enemies":"Looter","floor":11,"turns":3},{"damage":39,"enemies":"Fading Forest","floor":16,"turns":11},{"damage":20,"enemies":"2 Thieves","floor":18,"turns":3},{"damage":29,"enemies":"Shell Parasite","floor":19,"turns":5},{"damage":5,"enemies":"3 Cultists","floor":22,"turns":5},{"damage":10,"enemies":"Cultist and Chosen","floor":27,"turns":2},{"damage":20,"enemies":"Colosseum Slavers","floor":28,"turns":2},{"damage":2,"enemies":"Colosseum Nobs","floor":28,"turns":2},{"damage":37,"enemies":"Champ","floor":33,"turns":14},{"damage":1,"enemies":"Orb Walker","floor":35,"turns":4},{"damage":0,"enemies":"3 Darklings","floor":37,"turns":3},{"damage":0,"enemies":"4 Shapes","floor":39,"turns":1},{"damage":69,"enemies":"Nemesis","floor":41,"turns":6}],"seed_played":"-8685909363882874486","potions_obtained":[{"floor":1,"key":"FairyPotion"},{"floor":2,"key":"SpeedPotion"},{"floor":6,"key":"AttackPotion"},{"floor":7,"key":"Strength Potion"},{"floor":16,"key":"FearPotion"},{"floor":22,"key":"Reflective Coating"},{"floor":33,"key":"SmokeBomb"},{"floor":35,"key":"SpeedPotion"}],"is_trial":false,"path_per_floor":["M","M","?","M","M","E","M","$","T","R","M","?","R","?","R","B",null,"M","M","?","AVR","M","R","?","R","T","M","?","$","R","$","R","B",null,"M","AVR","M","$","M","R","E"],"character_chosen":"THE_WILD_CARD","items_purchased":["theWildCard:StingingStrike","infinitespire:Joker Card","theWildCard:PowerOfTheArcana","SpikesRelics:DaevaFist","theWildCard:EnergizedStroke","BlessingOfTheForge","theWildCard:ArcanaArtistry"],"campfire_rested":4,"item_purchase_floors":[8,8,29,31,31,31,38],"current_hp_per_floor":[60,60,60,60,36,10,10,10,10,28,23,23,23,23,41,12,60,40,11,11,11,6,24,24,42,42,32,10,10,28,28,28,9,60,59,59,60,60,60,60,0,0],"gold":114,"neow_bonus":"THREE_ENEMY_KILL","is_daily":false,"chose_seed":false,"campfire_upgraded":1,"win_rate":0.0,"timestamp":1611906693,"path_taken":["M","M","?","M","M","E","M","$","T","R","M","?","R","?","R","BOSS","M","M","?","AVR","?","R","?","R","T","M","?","?","R","?","R","BOSS","M","AVR","M","$","M","R","E"],"items_purchased_type":["Card","Relic","Card","Relic","Card","Potion","Card"],"build_version":"2020-12-22","purchased_purges":0,"victory":false,"max_hp_per_floor":[60,60,60,60,60,60,60,60,60,60,60,60,60,60,60,60,60,60,60,60,60,60,60,60,60,60,60,60,60,60,60,60,60,60,60,60,60,60,60,60,60,60],"card_choices":[{"not_picked":["theWildCard:ArcaneArts","theWildCard:Polydeuces"],"picked":"theWildCard:BladeOfGenerations","floor":1},{"not_picked":["theWildCard:ArcaneArts","theWildCard:ShieldOfMany"],"picked":"theWildCard:Loki","floor":2},{"not_picked":["theWildCard:EnergyTheft","theWildCard:MagicMettle"],"picked":"theWildCard:ArchaicAssault","floor":4},{"not_picked":["theWildCard:IdentityTheft","theWildCard:MaskChange"],"picked":"theWildCard:Salvation","floor":5},{"not_picked":["theWildCard:UnderLockAndKey","theWildCard:Amaterasu"],"picked":"theWildCard:BladeOfGenerations","floor":6},{"not_picked":["theWildCard:IdentityTheft","theWildCard:MaskChange"],"picked":"theWildCard:StingingStrike","floor":7},{"not_picked":["theWildCard:EnergyTheft","theWildCard:Attunement","theWildCard:ArcanaArtistry"],"picked":"SKIP","floor":11},{"not_picked":["theWildCard:Lucifer","theWildCard:FinalHour"],"picked":"theWildCard:Caesar","floor":16},{"not_picked":["theWildCard:Sakuya","theWildCard:Michael","theWildCard:Attunement+1"],"picked":"SKIP","floor":18},{"not_picked":["theWildCard:CryOfAgony","theWildCard:Loki"],"picked":"theWildCard:Impatience","floor":19},{"not_picked":["theWildCard:Sakuya+1","theWildCard:MaskChange"],"picked":"theWildCard:ArcanaArtistry+1","floor":22},{"not_picked":["theWildCard:BladeOfGenerations","theWildCard:StingingStrike"],"picked":"theWildCard:LadyLuck","floor":27},{"not_picked":["theWildCard:Amaterasu","theWildCard:FuelForTheFire"],"picked":"theWildCard:TheUniverse","floor":33},{"not_picked":["theWildCard:MasterPlan+1","theWildCard:StalwartBlade"],"picked":"theWildCard:ShieldOfMany+1","floor":35},{"not_picked":["theWildCard:StalwartBlade+1","theWildCard:TheGreatSeal"],"picked":"theWildCard:MaskChange+1","floor":37},{"not_picked":["theWildCard:ArcaneArts","theWildCard:IdentityTheft"],"picked":"theWildCard:StingingStrike+1","floor":39}],"player_experience":317077,"relics_obtained":[{"floor":6,"key":"Art of War"},{"floor":9,"key":"Pen Nib"},{"floor":26,"key":"Ancient Tea Set"},{"floor":28,"key":"Torii"},{"floor":28,"key":"Gremlin Horn"},{"floor":34,"key":"Anchor"},{"floor":34,"key":"White Beast Statue"},{"floor":34,"key":"hubris:FunFungus"}],"event_choices":[{"damage_healed":0,"gold_gain":175,"player_choice":"AGREE","damage_taken":0,"max_hp_gain":0,"max_hp_loss":0,"event_name":"Liars Game","floor":3,"gold_loss":0,"cards_obtained":["Doubt"]},{"damage_healed":0,"gold_gain":0,"player_choice":"Grow","damage_taken":0,"max_hp_gain":0,"max_hp_loss":0,"event_name":"Living Wall","floor":14,"gold_loss":0,"cards_upgraded":["theWildCard:ArchaicAssault"]},{"damage_healed":0,"gold_gain":0,"cards_transformed":["theWildCard:Impatience"],"player_choice":"Transformed","damage_taken":0,"max_hp_gain":0,"max_hp_loss":0,"event_name":"Transmorgrifier","floor":20,"gold_loss":0,"cards_obtained":["theWildCard:PowerOfTheArcana"]},{"damage_healed":0,"gold_gain":0,"player_choice":"Fight","damage_taken":0,"max_hp_gain":0,"max_hp_loss":0,"event_name":"Colosseum","floor":28,"gold_loss":0},{"damage_healed":0,"gold_gain":0,"player_choice":"Fought Nobs","damage_taken":0,"max_hp_gain":0,"max_hp_loss":0,"event_name":"Colosseum","floor":28,"gold_loss":0}],"is_beta":false,"boss_relics":[{"not_picked":["ChewingGum","ReplayTheSpireMod:DimensionalGlitch"],"picked":"theWildCard:FigureOfDeath"},{"not_picked":["Cursed Key","Coffee Dripper"],"picked":"Calling Bell"}],"items_purged_floors":[],"is_endless":false,"potions_floor_spawned":[1,2,6,7,16,22,33,35,37,39],"killed_by":"Nemesis","ascension_level":0}}