{"host":"1pwde2j81wdvsae3","time":1611909672,"event":{"mods":["BaseMod","Minty Spire (QoL Compilation)","Replay The Spire","Shop Mod","StSLib"],"gold_per_floor":[117,45,45,65,215,243,243,253,253,268,7,82,7,26,26,101,101,113,113,13,13,13,13,24,24,70,70,85,95,108,57,57,57,57],"floor_reached":33,"language":"ZHS","playtime":829,"items_purged":["Doubt","Decay"],"score":473,"play_id":"a585cef6-cdb9-48ac-aefc-cb3e1226c1c9","local_time":"20210129164112","is_ascension_mode":true,"campfire_choices":[{"data":"Bloodletting","floor":15,"key":"SMITH"},{"data":"RitualDagger","floor":23,"key":"SMITH"},{"data":"Bash","floor":25,"key":"SMITH"},{"floor":32,"key":"REST"}],"circlet_count":0,"master_deck":["AscendersBane","Strike_R","Strike_R","Strike_R","Strike_R","Defend_R","Defend_R","Defend_R","Defend_R","Bash+1","Clothesline","Pummel","Shockwave+1","Clash","Bloodletting+1","Cleave","Juggernaut","Second Wind","Reaper+1","Perfected Strike","J.A.X.","Limit Break+1","RitualDagger+1","Fire Breathing","Shrug It Off","Ghostly Armor","Demon Form+1"],"relics":["Burning Blood","NeowsBlessing","Bird Faced Urn","TungstenRod","Golden Egg","Honey Jar","Replay:Wax Seal"],"acts_visited":["Exordium","TheCity"],"potions_floor_usage":[16,16,33,33],"damage_taken":[{"damage":0,"enemies":"Small Slimes","floor":1,"turns":1},{"damage":0,"enemies":"Jaw Worm","floor":4,"turns":1},{"damage":0,"enemies":"Lagavulin","floor":6,"turns":1},{"damage":2,"enemies":"2 Louse","floor":8,"turns":3},{"damage":8,"enemies":"Gremlin Gang","floor":10,"turns":6},{"damage":20,"enemies":"Large Slime","floor":14,"turns":4},{"damage":60,"enemies":"Slime Boss","floor":16,"turns":12},{"damage":16,"enemies":"3 Byrds","floor":18,"turns":6},{"damage":12,"enemies":"Chosen","floor":24,"turns":4},{"damage":18,"enemies":"Centurion and Healer","floor":28,"turns":4},{"damage":27,"enemies":"Snake Plant","floor":29,"turns":3},{"damage":16,"enemies":"Snecko","floor":30,"turns":5},{"damage":73,"enemies":"Collector","floor":33,"turns":6}],"seed_played":"-7394342447268931588","potions_obtained":[{"floor":1,"key":"Regen Potion"},{"floor":6,"key":"Block Potion"},{"floor":16,"key":"Doom Potion"},{"floor":30,"key":"Fire Potion"}],"is_trial":false,"path_per_floor":["M","$","?","M","?","E","?","M","T","M","$","?","$","M","R","B",null,"M","?","$","?","?","R","M","R","T","?","M","M","M","$","R","B"],"character_chosen":"IRONCLAD","items_purchased":["Pummel","Golden Egg","SteroidPotion"],"campfire_rested":1,"item_purchase_floors":[2,11,31],"current_hp_per_floor":[74,74,74,75,75,75,75,75,75,73,73,63,63,51,51,14,60,60,60,60,60,55,55,51,51,51,31,31,17,18,18,42,0,0],"gold":57,"neow_bonus":"THREE_ENEMY_KILL","is_daily":false,"chose_seed":false,"campfire_upgraded":3,"win_rate":0.0,"timestamp":1611909672,"path_taken":["M","$","?","M","?","E","?","M","T","?","$","?","$","M","R","BOSS","M","?","$","?","?","R","M","R","T","?","?","M","M","$","R","BOSS"],"items_purchased_type":["Card","Relic","Potion"],"build_version":"2020-12-22","purchased_purges":2,"victory":false,"max_hp_per_floor":[75,75,75,75,75,75,75,75,75,75,75,75,75,75,75,75,75,75,75,75,75,75,75,75,75,75,80,80,80,80,80,80,80,80],"card_choices":[{"not_picked":["Warcry","Havoc"],"picked":"Clothesline","floor":1},{"not_picked":["Dark Embrace","Havoc"],"picked":"Clash","floor":4},{"not_picked":["Twin Strike","Barricade"],"picked":"Bloodletting","floor":6},{"not_picked":["Body Slam","Havoc"],"picked":"Cleave","floor":8},{"not_picked":["Cleave","True Grit"],"picked":"Juggernaut","floor":10},{"not_picked":["Clothesline","Abandon"],"picked":"Second Wind","floor":14},{"not_picked":["Exhume","Juggernaut"],"picked":"Reaper","floor":16},{"not_picked":["Ghostly Armor","Clothesline+1","Thunderclap"],"picked":"Perfected Strike","floor":18},{"not_picked":["True Grit","Armaments","Clash+1"],"picked":"Fire Breathing","floor":24},{"not_picked":["Run Through","Bloodletting","Pommel Strike"],"picked":"Shrug It Off","floor":28},{"not_picked":["Second Wind","Replay:Undeath\u0027s Touch","Run Through"],"picked":"Ghostly Armor","floor":29},{"not_picked":["Reckless Charge","Run Through","Life Link"],"picked":"Demon Form","floor":30}],"player_experience":249340,"relics_obtained":[{"floor":6,"key":"Bird Faced Urn"},{"floor":9,"key":"TungstenRod"},{"floor":26,"key":"Replay:Wax Seal"}],"event_choices":[{"damage_healed":0,"gold_gain":150,"player_choice":"AGREE","damage_taken":0,"max_hp_gain":0,"max_hp_loss":0,"event_name":"Liars Game","floor":5,"gold_loss":0,"cards_obtained":["Doubt"]},{"damage_healed":0,"gold_gain":0,"player_choice":"Cursed","damage_taken":0,"max_hp_gain":0,"max_hp_loss":0,"event_name":"Wheel of Change","floor":7,"gold_loss":0,"cards_obtained":["Decay"]},{"damage_healed":0,"gold_gain":75,"player_choice":"Gather Gold","damage_taken":11,"max_hp_gain":0,"max_hp_loss":0,"event_name":"World of Goop","floor":12,"gold_loss":0},{"damage_healed":0,"gold_gain":0,"player_choice":"Obtain J.A.X.","damage_taken":0,"max_hp_gain":0,"max_hp_loss":0,"event_name":"Drug Dealer","floor":19,"gold_loss":0,"cards_obtained":["J.A.X."]},{"damage_healed":0,"gold_gain":0,"player_choice":"Read","damage_taken":0,"max_hp_gain":0,"max_hp_loss":0,"event_name":"The Library","floor":21,"gold_loss":0,"cards_obtained":["Limit Break"]},{"damage_healed":0,"gold_gain":0,"player_choice":"Joined the Cult","damage_taken":6,"max_hp_gain":0,"max_hp_loss":0,"event_name":"Nest","floor":22,"gold_loss":0,"cards_obtained":["RitualDagger"]},{"damage_healed":0,"gold_gain":0,"player_choice":"Shed Blood","damage_taken":26,"max_hp_gain":5,"max_hp_loss":0,"event_name":"Forgotten Altar","floor":27,"gold_loss":0}],"is_beta":false,"boss_relics":[{"not_picked":["Painkiller Herb","Astrolabe"],"picked":"Honey Jar"}],"items_purged_floors":[13,20],"is_endless":false,"potions_floor_spawned":[1,6,14,16,30],"killed_by":"Collector","ascension_level":15}}