{"host":"uv231blk40vjdojr","time":1611932340,"event":{"mods":["BaseMod","Bestiary","Minty Spire (QoL Compilation)","Relic Stats"],"gold_per_floor":[366,516,591,21,41,41,53,82,82,94,94,128,128,158,158,237,237,250,70,20,37,57,57,84,84,160,2,14,47,47,72,72,72,72],"floor_reached":33,"language":"ENG","playtime":1484,"items_purged":["Doubt","Streamline"],"score":717,"play_id":"8ed8e5d3-57a6-4645-963a-664e40b198db","local_time":"20210129155900","is_ascension_mode":true,"campfire_choices":[{"data":"Static Discharge","floor":6.0,"key":"SMITH"},{"data":"Lockon","floor":11.0,"key":"SMITH"},{"data":"Dualcast","floor":15.0,"key":"SMITH"},{"data":"Doom and Gloom","floor":23.0,"key":"SMITH"},{"floor":25.0,"key":"REST"},{"floor":32,"key":"REST"}],"circlet_count":0,"master_deck":["AscendersBane","Zap","Dualcast+1","Static Discharge+1","Chill","Auto Shields","Lockon+1","Beam Cell","Compile Driver","Machine Learning","Seek","Gash","Rainbow","Fission","Capacitor","Scrape","Buffer","Multi-Cast","Glacier+1","Doom and Gloom+1","Defragment","Steam","Leap","Heatsinks","Coolheaded","Coolheaded","Go for the Eyes","Writhe"],"relics":["Cracked Core","CaptainsWheel","Sling","Blue Candle","Meat on the Bone","Symbiotic Virus","StrikeDummy","Pandora\u0027s Box","Darkstone Periapt","HornCleat","Kunai","The Courier","Akabeko"],"acts_visited":["Exordium","TheCity"],"potions_floor_usage":[31,33],"damage_taken":[{"damage":0.0,"enemies":"2 Louse","floor":1.0,"turns":3.0},{"damage":7.0,"enemies":"Small Slimes","floor":5.0,"turns":3.0},{"damage":0.0,"enemies":"Jaw Worm","floor":7.0,"turns":3.0},{"damage":13.0,"enemies":"Lagavulin","floor":8.0,"turns":6.0},{"damage":12.0,"enemies":"3 Louse","floor":10.0,"turns":4.0},{"damage":23.0,"enemies":"Gremlin Nob","floor":12.0,"turns":3.0},{"damage":0.0,"enemies":"Lagavulin","floor":14.0,"turns":4.0},{"damage":31.0,"enemies":"The Guardian","floor":16.0,"turns":7.0},{"damage":22.0,"enemies":"2 Thieves","floor":18.0,"turns":4.0},{"damage":27.0,"enemies":"3 Byrds","floor":21.0,"turns":4.0},{"damage":15.0,"enemies":"Snake Plant","floor":22.0,"turns":3.0},{"damage":14.0,"enemies":"Book of Stabbing","floor":24.0,"turns":4.0},{"damage":12.0,"enemies":"Centurion and Healer","floor":28.0,"turns":7.0},{"damage":29.0,"enemies":"Slavers","floor":29.0,"turns":5.0},{"damage":27,"enemies":"Gremlin Leader","floor":31,"turns":8},{"damage":43,"enemies":"Automaton","floor":33,"turns":8}],"seed_played":"-309772454052195612","potions_obtained":[{"floor":8.0,"key":"FocusPotion"},{"floor":10.0,"key":"SpeedPotion"},{"floor":12.0,"key":"PotionOfCapacity"},{"floor":16.0,"key":"FocusPotion"},{"floor":18.0,"key":"Regen Potion"},{"floor":28.0,"key":"CultistPotion"}],"is_trial":false,"path_per_floor":["M","?","?","$","M","R","M","E","T","M","R","E","?","E","R","B",null,"M","$","?","M","M","R","E","R","T","$","M","E","?","E","R","B"],"character_chosen":"DEFECT","items_purchased":["CaptainsWheel","Sling","Doom and Gloom","Defragment","Steam","Coolheaded"],"campfire_rested":2,"item_purchase_floors":[4,4,19,19,19,27],"current_hp_per_floor":[64,64,53,53,46,46,46,33,33,33,33,22,22,34,34,15,52,42,42,42,27,24,24,22,41,41,41,41,24,30,15,36,0,0],"gold":72,"neow_bonus":"TWO_FIFTY_GOLD","is_daily":false,"chose_seed":false,"campfire_upgraded":4,"win_rate":0.0,"timestamp":1611932340,"path_taken":["M","?","?","$","M","R","?","E","T","M","R","E","?","E","R","BOSS","M","$","?","M","M","R","E","R","T","?","?","E","?","E","R","BOSS"],"items_purchased_type":["Relic","Relic","Card","Card","Card","Card"],"build_version":"2020-12-22","purchased_purges":2,"victory":false,"max_hp_per_floor":[64,64,64,64,64,64,64,64,64,64,64,64,64,64,64,64,64,64,64,64,64,64,64,64,64,64,64,64,64,70,70,70,70,70],"relic_stats":{"Darkstone Periapt":6,"counters":[16,76],"Blue Candle":[3],"Pandora\u0027s Box":["Gash","Rainbow","Streamline","Fission","Capacitor","Scrape","Buffer","Multi-Cast"],"Kunai":[5],"obtain_stats":[{"Darkstone Periapt":24,"Blue Candle":8,"The Courier":30,"Sling":4,"Akabeko":31,"CaptainsWheel":4,"HornCleat":26,"Pandora\u0027s Box":17,"Kunai":29,"Cracked Core":0,"Symbiotic Virus":12,"StrikeDummy":14,"Meat on the Bone":9},{"Darkstone Periapt":12,"Blue Candle":4,"The Courier":14,"Sling":1,"Akabeko":15,"CaptainsWheel":1,"HornCleat":12,"Pandora\u0027s Box":8,"Kunai":14,"Cracked Core":0,"Symbiotic Virus":6,"StrikeDummy":7,"Meat on the Bone":4},{"Darkstone Periapt":48,"Blue Candle":15,"The Courier":60,"Sling":3,"Akabeko":68,"CaptainsWheel":3,"HornCleat":48,"Pandora\u0027s Box":33,"Kunai":60,"Cracked Core":0,"Symbiotic Virus":22,"StrikeDummy":26,"Meat on the Bone":15}],"Meat on the Bone":132},"card_choices":[{"not_picked":["Sweeping Beam","Gash"],"picked":"Static Discharge","floor":1.0},{"not_picked":["Blizzard","Skim"],"picked":"Chill","floor":5.0},{"not_picked":["Turbo","Loop"],"picked":"Auto Shields","floor":7.0},{"not_picked":["Static Discharge","Rebound"],"picked":"Lockon","floor":8.0},{"not_picked":["Stack","Darkness"],"picked":"Beam Cell","floor":10.0},{"not_picked":["Blizzard","Rip and Tear"],"picked":"Compile Driver","floor":12.0},{"not_picked":["Auto Shields","Barrage"],"picked":"Machine Learning","floor":14.0},{"not_picked":["Amplify","Rainbow"],"picked":"Seek","floor":16.0},{"not_picked":["Sunder","Rebound+1"],"picked":"Glacier+1","floor":18.0},{"not_picked":["Stack","Double Energy"],"picked":"Leap","floor":21.0},{"not_picked":["Compile Driver","Gash"],"picked":"Heatsinks","floor":22.0},{"not_picked":["Beam Cell","Aggregate","Sweeping Beam"],"picked":"SKIP","floor":24.0},{"not_picked":["Hologram","Leap"],"picked":"Coolheaded","floor":28.0},{"not_picked":["Meteor Strike","Steam"],"picked":"Go for the Eyes","floor":29.0},{"not_picked":["Aggregate","Reprogram","Streamline"],"picked":"SKIP","floor":31}],"player_experience":725043,"relics_obtained":[{"floor":8.0,"key":"Blue Candle"},{"floor":9.0,"key":"Meat on the Bone"},{"floor":12.0,"key":"Symbiotic Virus"},{"floor":14.0,"key":"StrikeDummy"},{"floor":24.0,"key":"Darkstone Periapt"},{"floor":26.0,"key":"HornCleat"},{"floor":29.0,"key":"Kunai"},{"floor":31,"key":"Akabeko"}],"event_choices":[{"damage_healed":0.0,"max_hp_gain":0.0,"max_hp_loss":0.0,"gold_gain":150.0,"event_name":"Liars Game","player_choice":"AGREE","floor":2.0,"gold_loss":0.0,"damage_taken":0.0,"cards_obtained":["Doubt"]},{"damage_healed":0.0,"max_hp_gain":0.0,"max_hp_loss":0.0,"gold_gain":75.0,"event_name":"World of Goop","player_choice":"Gather Gold","floor":3.0,"gold_loss":0.0,"damage_taken":11.0},{"damage_healed":0.0,"max_hp_gain":0.0,"max_hp_loss":0.0,"gold_gain":0.0,"event_name":"Shining Light","player_choice":"Ignored","floor":13.0,"gold_loss":0.0,"damage_taken":0.0},{"damage_healed":0.0,"max_hp_gain":0.0,"max_hp_loss":0.0,"gold_gain":0.0,"event_name":"The Joust","player_choice":"Bet on Murderer","floor":20.0,"gold_loss":50.0,"damage_taken":0.0},{"damage_healed":0.0,"max_hp_gain":0.0,"max_hp_loss":0.0,"gold_gain":0.0,"event_name":"The Mausoleum","player_choice":"Opened","floor":30.0,"gold_loss":0.0,"damage_taken":0.0,"relics_obtained":["The Courier"],"cards_obtained":["Writhe"]}],"is_beta":false,"boss_relics":[{"not_picked":["Empty Cage","Fusion Hammer"],"picked":"Pandora\u0027s Box"}],"items_purged_floors":[4,27],"is_endless":false,"potions_floor_spawned":[8,10,12,16,18,24,28],"killed_by":"Automaton","ascension_level":20}}