{"host":"2i0myh7fqij2ti1z","time":1611883029,"event":{"mods":["Aspiration","BaseMod","Better Third Choice","Colored Powertips","Conspire","Evolution","FoggyMod","GifTheSpireLib","Highlight Path","Hubris","Minty Spire (QoL Compilation)","Permanent Neow","Quick Restart","Random Character Button","Random Character Mod","Replay The Spire","Shop Mod","Spicy Shops","StSLib","Stuff the Spire","Wandering Minibosses","óô»ðÖ¸ÄÏ"],"gold_per_floor":[116,116,116,193,193,233,233,277,277,277,316,316,316,276,276,402,402,402,402],"floor_reached":18,"language":"ENG","playtime":1163,"items_purged":[],"score":227,"play_id":"c2f95a96-a2c2-4020-858f-9db966d20ac9","local_time":"20210129091709","is_ascension_mode":true,"campfire_choices":[{"data":"Fusion","floor":7,"key":"SMITH"},{"data":"StuffTheSpire:Synthwave","floor":15,"key":"SMITH"}],"circlet_count":0,"master_deck":["Cold Snap","Strike_B","Strike_B+1","Strike_B","Defend_B","Defend_B","Defend_B","Defend_B","Zap","Dualcast","Redo+1","Fusion+1","Go for the Eyes","ReplayTheSpireMod:System Scan","Self Repair","StuffTheSpire:Synthwave+1","Biased Cognition+1"],"relics":["EVO:Axolotl","Abe\u0027s Treasure","Black Star","Juzu Bracelet","hubris:Icosahedron","Golden Idol","aspiration:Lifesprig","Meat on the Bone","ReplayTheSpireMod:Shallot","Bottled Lightning","Bag of Marbles","Golden Egg","aspiration:StickyExplosives_weak","Solar Panel","ReplayTheSpireMod:Ring of Collecting","SlaversCollar"],"acts_visited":["Exordium","TheCity"],"potions_floor_usage":[6,16,16,16,18],"damage_taken":[{"damage":0,"enemies":"2 Louse","floor":1,"turns":3},{"damage":6,"enemies":"Lagavulin","floor":6,"turns":11},{"damage":38,"enemies":"3 Sentries","floor":8,"turns":13},{"damage":20,"enemies":"Gremlin Nob","floor":11,"turns":4},{"damage":26,"enemies":"Fading Forest","floor":16,"turns":9},{"damage":59,"enemies":"3 Byrds","floor":18,"turns":4}],"seed_played":"-4532526447564208904","potions_obtained":[{"floor":1,"key":"Languid Potion"},{"floor":14,"key":"Swift Potion"},{"floor":14,"key":"Elixir"},{"floor":14,"key":"SpeedPotion"},{"floor":16,"key":"Block Potion"}],"is_trial":false,"path_per_floor":["M","?","?","?","?","E","R","E","T","?","E","T","?","?","R","B",null,"M"],"character_chosen":"DEFECT","items_purchased":[],"campfire_rested":0,"item_purchase_floors":[],"current_hp_per_floor":[75,75,80,80,60,74,74,48,48,32,31,31,31,31,31,26,80,21,21],"gold":402,"neow_bonus":"BOSS_RELIC","is_daily":false,"chose_seed":false,"campfire_upgraded":2,"win_rate":0.0,"timestamp":1611883029,"path_taken":["M","?","?","?","?","E","R","E","T","?","E","?","?","?","R","BOSS","M"],"items_purchased_type":[],"build_version":"2020-12-22","purchased_purges":0,"victory":false,"max_hp_per_floor":[75,75,80,80,80,80,80,80,80,80,80,80,80,80,80,80,80,80,80],"card_choices":[{"not_picked":["StuffTheSpire:SnapShoot","Turbo"],"picked":"Redo","floor":1},{"not_picked":["Rainbow","Auto Shields"],"picked":"Fusion","floor":4},{"not_picked":["Sweeping Beam","Compile Driver"],"picked":"Go for the Eyes","floor":4},{"not_picked":["StuffTheSpire:ForEach","Stack"],"picked":"ReplayTheSpireMod:System Scan","floor":6},{"not_picked":["Hello World","Ball Lightning"],"picked":"Self Repair","floor":8},{"not_picked":["Panic Button","hubris:Ukulele"],"picked":"StuffTheSpire:Synthwave","floor":11},{"not_picked":["Core Surge","StuffTheSpire:ForEach"],"picked":"Biased Cognition","floor":16}],"player_experience":278901,"relics_obtained":[{"floor":6,"key":"aspiration:Lifesprig"},{"floor":6,"key":"Meat on the Bone"},{"floor":8,"key":"ReplayTheSpireMod:Shallot"},{"floor":8,"key":"Bottled Lightning"},{"floor":9,"key":"Bag of Marbles"},{"floor":11,"key":"Golden Egg"},{"floor":11,"key":"aspiration:StickyExplosives_weak"},{"floor":12,"key":"Solar Panel"},{"floor":13,"key":"ReplayTheSpireMod:Ring of Collecting"}],"event_choices":[{"damage_healed":0,"gold_gain":0,"player_choice":"Donut","damage_taken":0,"max_hp_gain":5,"max_hp_loss":0,"event_name":"Big Fish","floor":3,"gold_loss":0},{"damage_healed":0,"gold_gain":0,"player_choice":"Take Damage","damage_taken":20,"relics_obtained":["Golden Idol"],"max_hp_gain":0,"max_hp_loss":0,"event_name":"Golden Idol","floor":5,"gold_loss":0},{"damage_healed":48,"gold_gain":0,"player_choice":"Upgrade","damage_taken":16,"max_hp_gain":0,"max_hp_loss":80,"event_name":"betterThird:BetterShining","floor":10,"gold_loss":0,"cards_upgraded":["Strike_B","Redo"]},{"damage_healed":0,"gold_gain":0,"player_choice":"Bought 3 Potions","damage_taken":0,"max_hp_gain":0,"max_hp_loss":0,"event_name":"The Woman in Blue","floor":14,"gold_loss":0}],"is_beta":false,"boss_relics":[{"not_picked":["Kintsugi","hubris:CrackedHourglass"],"picked":"SlaversCollar"}],"items_purged_floors":[],"is_endless":false,"potions_floor_spawned":[1,16],"killed_by":"3 Byrds","ascension_level":3}}