{"host":"cijwx898anu8dehj","time":1611958772,"event":{"mods":["AchievementEnabler","AlwaysNeverKeys","BaseMod","Colored Map","Colored Powertips","Highlight Path","Minty Spire (QoL Compilation)","Rare Cards Sparkle","Relic Stats","Slay-I"],"gold_per_floor":[114,167,182,282,297,297,327,27,27,27,27,27,202,127,127,227,227,242,242,92,107,122,152,152,191,216,231,255,255,294,318,318,427,486,510,534,534,534,559,559,109,148,148,163,202,202,61,61,61,61],"floor_reached":51,"language":"ENG","playtime":3769,"items_purged":["Doubt"],"score":961,"play_id":"8ef8cf7b-a8e2-42cb-8703-f5c79f1dfb77","local_time":"20210129201932","daily_mods":["Shiny","ControlledChaos","Lethality"],"is_ascension_mode":false,"campfire_choices":[{"data":"After Image","floor":6.0,"key":"SMITH"},{"data":"Burst","floor":10.0,"key":"SMITH"},{"data":"Leg Sweep","floor":12.0,"key":"SMITH"},{"data":"Malaise","floor":15.0,"key":"SMITH"},{"data":"Wraith Form v2","floor":24.0,"key":"SMITH"},{"data":"Infinite Blades","floor":32.0,"key":"SMITH"},{"data":"Backflip","floor":40.0,"key":"SMITH"},{"data":"Doppelganger","floor":46.0,"key":"SMITH"},{"data":"Glass Knife","floor":49.0,"key":"SMITH"}],"circlet_count":0,"master_deck":["Venomology","Corpse Explosion","Malaise+1","Phantasmal Killer","Die Die Die","Adrenaline","Envenom","Doppelganger+1","Burst+1","Wraith Form v2+1","Tools of the Trade","Unload","After Image+1","Bullet Time","Storm of Steel+1","Glass Knife+1","A Thousand Cuts","Cloak And Dagger","Leg Sweep+1","Unload","Predator","Adrenaline","Deflect","Slice+1","Distraction+1","Infinite Blades+1","Blur","Escape Plan","Backflip+1","After Image","All Out Attack+1","Flying Knee+1","Dodge and Roll+1","Backflip+1","Malaise","Distraction+1"],"relics":["Ring of the Serpent","Frozen Eye","Akabeko","Anchor","ClockworkSouvenir","Nunchaku","Meat on the Bone","Tiny Chest","Oddly Smooth Stone","CeramicFish","Regal Pillow","Toy Ornithopter","Tiny House","PreservedInsect","Chemical X","Mango","Du-Vu Doll","Darkstone Periapt","MealTicket","DollysMirror"],"acts_visited":["Exordium","TheCity","TheBeyond"],"potions_floor_usage":[50,50],"damage_taken":[{"damage":13.0,"enemies":"Jaw Worm","floor":1.0,"turns":4.0},{"damage":0.0,"enemies":"Small Slimes","floor":3.0,"turns":2.0},{"damage":0.0,"enemies":"Cultist","floor":5.0,"turns":2.0},{"damage":0.0,"enemies":"Gremlin Nob","floor":7.0,"turns":2.0},{"damage":0.0,"enemies":"Hexaghost","floor":16.0,"turns":8.0},{"damage":10.0,"enemies":"2 Thieves","floor":18.0,"turns":3.0},{"damage":0.0,"enemies":"Spheric Guardian","floor":21.0,"turns":3.0},{"damage":0.0,"enemies":"Snecko","floor":22.0,"turns":4.0},{"damage":0.0,"enemies":"Slavers","floor":23.0,"turns":3.0},{"damage":0.0,"enemies":"Gremlin Leader","floor":25.0,"turns":3.0},{"damage":0.0,"enemies":"Cultist and Chosen","floor":27.0,"turns":4.0},{"damage":6.0,"enemies":"Shelled Parasite and Fungi","floor":28.0,"turns":2.0},{"damage":24.0,"enemies":"Slavers","floor":30.0,"turns":3.0},{"damage":0.0,"enemies":"Snake Plant","floor":31.0,"turns":2.0},{"damage":14.0,"enemies":"Champ","floor":33.0,"turns":7.0},{"damage":0.0,"enemies":"3 Darklings","floor":35.0,"turns":2.0},{"damage":1.0,"enemies":"3 Shapes","floor":36.0,"turns":4.0},{"damage":0.0,"enemies":"Reptomancer","floor":42.0,"turns":5.0},{"damage":0.0,"enemies":"Spire Growth","floor":44.0,"turns":4.0},{"damage":0.0,"enemies":"Giant Head","floor":45.0,"turns":6.0},{"damage":0.0,"enemies":"Transient","floor":48.0,"turns":1.0},{"damage":32,"enemies":"Awakened One","floor":50,"turns":10}],"seed_played":"1138922244981197753","potions_obtained":[{"floor":7.0,"key":"CunningPotion"},{"floor":18.0,"key":"SmokeBomb"},{"floor":22.0,"key":"SteroidPotion"},{"floor":28.0,"key":"DuplicationPotion"},{"floor":30.0,"key":"Fire Potion"},{"floor":33.0,"key":"FearPotion"},{"floor":42.0,"key":"SpeedPotion"},{"floor":45.0,"key":"Block Potion"}],"is_trial":false,"path_per_floor":["M","?","M","?","M","R","E","$","T","R","T","R","?","$","R","B",null,"M","?","$","M","M","E","R","E","T","M","M","?","E","M","R","B",null,"M","M","?","?","T","R","$","E","T","M","E","R","$","M","R","B",null],"character_chosen":"THE_SILENT","items_purchased":["Anchor","ClockworkSouvenir","Tiny Chest","Chemical X","Mango","DollysMirror"],"campfire_rested":0,"item_purchase_floors":[8,8,20,41,41,47],"current_hp_per_floor":[57,57,57,57,57,57,57,57,57,57,57,57,57,57,57,57,70,60,60,60,60,60,60,60,60,60,60,54,70,46,46,46,42,75,75,74,74,74,74,74,88,88,88,88,88,88,89,89,89,57],"gold":61,"neow_bonus":"","is_daily":true,"chose_seed":false,"campfire_upgraded":9,"win_rate":0.0,"timestamp":1611958772,"path_taken":["M","?","M","?","?","R","E","?","T","R","?","R","?","$","R","BOSS","M","?","$","M","M","E","R","E","T","M","M","?","E","M","R","BOSS","M","M","?","?","?","R","?","E","T","M","E","R","$","?","R","BOSS"],"items_purchased_type":["Relic","Relic","Relic","Relic","Relic","Relic"],"build_version":"2020-12-22","purchased_purges":1,"victory":true,"max_hp_per_floor":[70,70,70,70,70,70,70,70,70,70,70,70,70,70,70,70,70,70,70,70,70,70,70,70,70,70,70,70,70,70,70,70,70,75,75,75,75,75,75,75,89,89,89,89,89,89,89,89,89,89],"relic_stats":{"Darkstone Periapt":0,"Nunchaku":[17],"Regal Pillow":0,"counters":[22,84],"CeramicFish":99,"Tiny Chest":1,"MealTicket":1,"PreservedInsect":184,"Chemical X":[12],"obtain_stats":[{"Darkstone Periapt":43,"Regal Pillow":26,"Tiny House":34,"CeramicFish":25,"Oddly Smooth Stone":23,"Mango":41,"PreservedInsect":39,"Akabeko":7,"ClockworkSouvenir":8,"Du-Vu Doll":42,"Frozen Eye":0,"Anchor":8,"Nunchaku":9,"DollysMirror":47,"Tiny Chest":20,"MealTicket":45,"Chemical X":41,"Ring of the Serpent":17,"Toy Ornithopter":30,"Ring of the Snake":0,"Meat on the Bone":11},{"Darkstone Periapt":18,"Regal Pillow":10,"Tiny House":15,"CeramicFish":10,"Oddly Smooth Stone":9,"Mango":17,"PreservedInsect":17,"Akabeko":4,"ClockworkSouvenir":4,"Du-Vu Doll":18,"Frozen Eye":0,"Anchor":4,"Nunchaku":4,"DollysMirror":20,"Tiny Chest":6,"MealTicket":20,"Chemical X":17,"Ring of the Serpent":5,"Toy Ornithopter":13,"Ring of the Snake":0,"Meat on the Bone":4},{"Darkstone Periapt":63,"Regal Pillow":34,"Tiny House":52,"CeramicFish":34,"Oddly Smooth Stone":31,"Mango":58,"PreservedInsect":58,"Akabeko":10,"ClockworkSouvenir":10,"Du-Vu Doll":63,"Frozen Eye":0,"Anchor":10,"Nunchaku":10,"DollysMirror":73,"Tiny Chest":21,"MealTicket":73,"Chemical X":58,"Ring of the Serpent":18,"Toy Ornithopter":43,"Ring of the Snake":0,"Meat on the Bone":10}],"Toy Ornithopter":10,"Meat on the Bone":0},"card_choices":[{"not_picked":["Masterful Stab","Infinite Blades"],"picked":"Cloak And Dagger","floor":1.0},{"not_picked":["Slice","Acrobatics","Endless Agony"],"picked":"SKIP","floor":3.0},{"not_picked":["Bane","Finisher","PiercingWail"],"picked":"SKIP","floor":5.0},{"not_picked":["Quick Slash","Dodge and Roll"],"picked":"Leg Sweep","floor":7.0},{"not_picked":["Bullet Time","Wraith Form v2"],"picked":"Unload","floor":16.0},{"not_picked":["Deadly Poison","Deflect"],"picked":"Predator","floor":18.0},{"not_picked":["Reflex","Eviscerate"],"picked":"Slice+1","floor":21.0},{"not_picked":["Underhanded Strike","Slice","Outmaneuver"],"picked":"SKIP","floor":22.0},{"not_picked":["Underhanded Strike","Slice","Outmaneuver"],"picked":"SKIP","floor":22.0},{"not_picked":["All Out Attack","Blade Dance"],"picked":"Distraction+1","floor":23.0},{"not_picked":["A Thousand Cuts","Blade Dance"],"picked":"Infinite Blades","floor":25.0},{"not_picked":["Underhanded Strike","Sucker Punch","Bane+1"],"picked":"SKIP","floor":27.0},{"not_picked":["Backstab","Bane"],"picked":"Blur","floor":28.0},{"not_picked":["Prepared","Quick Slash+1"],"picked":"Escape Plan","floor":30.0},{"not_picked":["Masterful Stab+1","Outmaneuver"],"picked":"Backflip","floor":31.0},{"not_picked":["Phantasmal Killer","A Thousand Cuts"],"picked":"After Image","floor":33.0},{"not_picked":["Expertise+1","Slice"],"picked":"All Out Attack+1","floor":34.0},{"not_picked":["Sucker Punch","Acrobatics+1"],"picked":"Flying Knee+1","floor":35.0},{"not_picked":["Phantasmal Killer","PiercingWail"],"picked":"Dodge and Roll+1","floor":36.0},{"not_picked":["Masterful Stab","Blade Dance+1"],"picked":"Backflip+1","floor":42.0},{"not_picked":["Caltrops","Bane","Prepared"],"picked":"SKIP","floor":44.0},{"not_picked":["Slice","Dash"],"picked":"Malaise","floor":45.0}],"player_experience":1071411,"relics_obtained":[{"floor":7.0,"key":"Akabeko"},{"floor":9.0,"key":"Nunchaku"},{"floor":11.0,"key":"Meat on the Bone"},{"floor":23.0,"key":"Oddly Smooth Stone"},{"floor":25.0,"key":"CeramicFish"},{"floor":26.0,"key":"Regal Pillow"},{"floor":30.0,"key":"Toy Ornithopter"},{"floor":39.0,"key":"PreservedInsect"},{"floor":42.0,"key":"Du-Vu Doll"},{"floor":43.0,"key":"Darkstone Periapt"},{"floor":45.0,"key":"MealTicket"}],"event_choices":[{"damage_healed":0.0,"max_hp_gain":0.0,"max_hp_loss":0.0,"gold_gain":53.0,"event_name":"Golden Wing","player_choice":"Gained Gold","floor":2.0,"gold_loss":0.0,"damage_taken":0.0},{"damage_healed":0.0,"max_hp_gain":0.0,"max_hp_loss":0.0,"gold_gain":100.0,"event_name":"Wheel of Change","player_choice":"Gold","floor":4.0,"gold_loss":0.0,"damage_taken":0.0},{"damage_healed":0.0,"max_hp_gain":0.0,"max_hp_loss":0.0,"gold_gain":175.0,"event_name":"Liars Game","player_choice":"AGREE","floor":13.0,"gold_loss":0.0,"damage_taken":0.0,"cards_obtained":["Doubt"]},{"damage_healed":0.0,"max_hp_gain":0.0,"max_hp_loss":0.0,"gold_gain":0.0,"cards_transformed":["Grand Finale","Night Terror"],"event_name":"Drug Dealer","player_choice":"Became Test Subject","floor":19.0,"gold_loss":0.0,"damage_taken":0.0,"cards_obtained":["Adrenaline","Deflect"]},{"damage_healed":23.0,"max_hp_gain":0.0,"max_hp_loss":0.0,"gold_gain":0.0,"event_name":"The Library","player_choice":"Heal","floor":29.0,"gold_loss":0.0,"damage_taken":0.0},{"damage_healed":0.0,"max_hp_gain":0.0,"max_hp_loss":0.0,"gold_gain":0.0,"event_name":"Tomb of Lord Red Mask","player_choice":"Ignored","floor":37.0,"gold_loss":0.0,"damage_taken":0.0},{"damage_healed":0.0,"max_hp_gain":0.0,"max_hp_loss":0.0,"gold_gain":0.0,"event_name":"SecretPortal","player_choice":"Ignored","floor":38.0,"gold_loss":0.0,"damage_taken":0.0}],"is_beta":false,"boss_relics":[{"not_picked":["Calling Bell","WristBlade"],"picked":"Ring of the Serpent"},{"not_picked":["Empty Cage","Runic Dome"],"picked":"Tiny House"}],"items_purged_floors":[14],"is_endless":false,"potions_floor_spawned":[7,18,22,28,30,33,42,45],"ascension_level":0}}