{"host":"1c17lcvl7acx821p","time":1611913338,"event":{"mods":["AchievementEnabler","BaseMod","Colored Map","Minty Spire (QoL Compilation)","Quick Restart","Relic Sorter","StSLib"],"gold_per_floor":[110,110,13,13,13,13,57,75,111,136,136,155,28,43,43,64,90,90,181,181,196,2,2,2,2,2,2,2],"floor_reached":27,"language":"ENG","playtime":843,"items_purged":[],"score":399,"play_id":"bd2733b9-efcf-4f79-9588-339a639d2f68","local_time":"20210129114218","is_ascension_mode":true,"campfire_choices":[{"data":"Cleave","floor":6.0,"key":"SMITH"},{"data":"Clash","floor":11.0,"key":"SMITH"},{"floor":15.0,"key":"REST"},{"data":"Limit Break","floor":18.0,"key":"SMITH"}],"circlet_count":0,"master_deck":["AscendersBane","Strike_R","Strike_R","Defend_R","Defend_R","Defend_R","Defend_R","Bash+1","Cleave+1","Burning Pact+1","Clash+1","Iron Wave","Dual Wield+1","Limit Break+1","Evolve","Dropkick","Flash of Steel","Rampage","Limit Break","Seeing Red","Metallicize"],"relics":["Burning Blood","NeowsBlessing","Bloody Idol","Vajra","Mercury Hourglass","Tiny Chest","Odd Mushroom","Empty Cage","War Paint","Nilry\u0027s Codex","FossilizedHelix"],"acts_visited":["Exordium","TheCity"],"potions_floor_usage":[27],"damage_taken":[{"damage":0.0,"enemies":"2 Louse","floor":1.0,"turns":1.0},{"damage":0.0,"enemies":"3 Sentries","floor":7.0,"turns":2.0},{"damage":0.0,"enemies":"Jaw Worm","floor":8.0,"turns":1.0},{"damage":34.0,"enemies":"Lagavulin","floor":9.0,"turns":10.0},{"damage":12.0,"enemies":"Small Slimes","floor":12.0,"turns":3.0},{"damage":11.0,"enemies":"Exordium Wildlife","floor":14.0,"turns":4.0},{"damage":10.0,"enemies":"Lots of Slimes","floor":16.0,"turns":3.0},{"damage":8.0,"enemies":"The Mushroom Lair","floor":17.0,"turns":2.0},{"damage":36.0,"enemies":"Hexaghost","floor":19.0,"turns":6.0},{"damage":32,"enemies":"2 Thieves","floor":21,"turns":4},{"damage":21,"enemies":"Slavers","floor":27,"turns":1}],"seed_played":"9163393309223717201","potions_obtained":[{"floor":9.0,"key":"SmokeBomb"},{"floor":16.0,"key":"PowerPotion"},{"floor":17.0,"key":"LiquidMemories"},{"floor":19.0,"key":"PowerPotion"}],"is_trial":false,"path_per_floor":["M","?","$","?","?","R","E","M","E","T","R","M","$","M","R","M","?","R","B",null,"M","$","?","T","$","?","E"],"character_chosen":"IRONCLAD","items_purchased":["Burning Pact","Clash","Dropkick","Flash of Steel","Metallicize","War Paint"],"campfire_rested":1,"item_purchase_floors":[3,3,13,13,22,22],"current_hp_per_floor":[78,71,71,71,71,71,74,74,46,46,46,40,40,35,57,53,51,51,21,61,35,35,19,19,19,19,0,0],"gold":2,"neow_bonus":"THREE_ENEMY_KILL","is_daily":false,"chose_seed":false,"campfire_upgraded":3,"win_rate":0.0,"timestamp":1611913338,"path_taken":["M","?","$","?","?","R","E","?","E","T","R","M","$","?","R","M","?","R","BOSS","M","$","?","?","?","?","E"],"items_purchased_type":["Card","Card","Card","Card","Card","Relic"],"build_version":"2020-12-22","purchased_purges":0,"victory":false,"max_hp_per_floor":[80,80,80,74,74,74,74,74,74,74,74,74,74,74,74,74,74,74,74,74,74,74,74,74,74,74,74,74],"card_choices":[{"not_picked":["Anger","Searing Blow"],"picked":"Cleave","floor":1.0},{"not_picked":["Perfected Strike","Flex"],"picked":"Iron Wave","floor":7.0},{"not_picked":["Ghostly Armor","Metallicize"],"picked":"Dual Wield","floor":8.0},{"not_picked":["Blood for Blood","Clothesline"],"picked":"Limit Break","floor":9.0},{"not_picked":["Havoc","Intimidate"],"picked":"Evolve","floor":12.0},{"not_picked":["Heavy Blade","Infernal Blade","Flex"],"picked":"SKIP","floor":14.0},{"not_picked":["Heavy Blade","Wild Strike","Perfected Strike"],"picked":"SKIP","floor":16.0},{"not_picked":["Headbutt","Sever Soul"],"picked":"Rampage","floor":17.0},{"not_picked":["Fiend Fire","Juggernaut"],"picked":"Limit Break","floor":19.0},{"not_picked":["Iron Wave","Cleave"],"picked":"Seeing Red","floor":21}],"player_experience":237830,"relics_obtained":[{"floor":7.0,"key":"Vajra"},{"floor":9.0,"key":"Mercury Hourglass"},{"floor":10.0,"key":"Tiny Chest"},{"floor":17.0,"key":"Odd Mushroom"},{"floor":23,"key":"Nilry\u0027s Codex"},{"floor":24,"key":"FossilizedHelix"}],"event_choices":[{"cards_removed":["Strike_R"],"damage_healed":0.0,"max_hp_gain":0.0,"max_hp_loss":0.0,"gold_gain":0.0,"event_name":"Golden Wing","player_choice":"Card Removal","floor":2.0,"gold_loss":0.0,"damage_taken":7.0},{"damage_healed":0.0,"max_hp_gain":0.0,"max_hp_loss":6.0,"gold_gain":0.0,"event_name":"Golden Idol","player_choice":"Lose Max HP","floor":4.0,"gold_loss":0.0,"damage_taken":0.0,"relics_obtained":["Golden Idol"]},{"damage_healed":0.0,"max_hp_gain":0.0,"max_hp_loss":0.0,"gold_gain":0.0,"event_name":"Living Wall","player_choice":"Grow","floor":5.0,"gold_loss":0.0,"damage_taken":0.0,"cards_upgraded":["Bash"]},{"damage_healed":0.0,"max_hp_gain":0.0,"max_hp_loss":0.0,"gold_gain":0.0,"event_name":"Mushrooms","player_choice":"Fought Mushrooms","floor":17.0,"gold_loss":0.0,"damage_taken":0.0},{"damage_healed":0,"gold_gain":0,"player_choice":"Obtained Book","damage_taken":16,"max_hp_gain":0,"max_hp_loss":0,"event_name":"Cursed Tome","floor":23,"gold_loss":0},{"damage_healed":0,"gold_gain":0,"player_choice":"Gave Idol","damage_taken":0,"relics_obtained":["Bloody Idol"],"max_hp_gain":0,"max_hp_loss":0,"event_name":"Forgotten Altar","floor":26,"relics_lost":["Golden Idol"],"gold_loss":0}],"is_beta":false,"boss_relics":[{"not_picked":["Astrolabe","SlaversCollar"],"picked":"Empty Cage"}],"items_purged_floors":[],"is_endless":false,"potions_floor_spawned":[9,16,17,19],"killed_by":"Slavers","ascension_level":13}}