{"host":"gbsupkmj5cka9iw4","time":1611938506,"event":{"mods":["BaseMod","Better Note","BetterRewards","Minty Spire (QoL Compilation)","Say the Spire","Shop Mod","StSLib"],"gold_per_floor":[110,260,260,276,276,317,317,242,242,267,342,342,385,404,404,503,503,523,723,743,743,342,376,63,104,104,104,124,147,147,188,188,287,287,312,149,149,174,187,227,227,267,292,308,308,323,359,373,373,373,373],"floor_reached":50,"language":"ENG","playtime":2796,"items_purged":["Strike_R","Defend_R","Strike_R"],"score":1596,"play_id":"33567173-9f91-496c-82fc-652f21595143","local_time":"20210130014146","is_ascension_mode":true,"campfire_choices":[{"floor":7.0,"key":"REST"},{"floor":12.0,"key":"REST"},{"data":"Immolate","floor":15.0,"key":"SMITH"},{"data":"Ghostly","floor":30.0,"key":"SMITH"},{"data":"Ghostly","floor":32.0,"key":"SMITH"},{"data":"Ghostly","floor":41.0,"key":"SMITH"},{"floor":45,"key":"REST"},{"data":"Shockwave","floor":49,"key":"SMITH"}],"circlet_count":0,"master_deck":["AscendersBane","Strike_R","Strike_R+1","Strike_R","Defend_R","Defend_R","Defend_R","Bash+1","Immolate+1","Spot Weakness","Feel No Pain","True Grit","Sword Boomerang+1","Fire Breathing","Reckless Charge+1","Limit Break","Whirlwind+1","Offering","Twin Strike+1","Fiend Fire+1","Pummel+1","Twin Strike+1","Shrug It Off","Feed+1","Double Tap","Ghostly+1","Ghostly+1","Ghostly+1","Intimidate+1","Impervious","Shrug It Off+1","Thunderclap+1","Carnage+1","Fiend Fire+1","Heavy Blade+1","Uppercut+1","Limit Break","Sword Boomerang+1","Decay","Barricade","Heavy Blade+1","Shockwave+1","Double Tap"],"relics":["Burning Blood","Ice Cream","ClockworkSouvenir","Golden Idol","Centennial Puzzle","Molten Egg 2","Question Card","Cursed Key","Nilry\u0027s Codex","Kunai","Blood Vial","MerchantsRug","Lizard Tail","Ginger","Snecko Eye","Strange Spoon","Prayer Wheel","Calipers","Whetstone","Bird Faced Urn"],"acts_visited":["Exordium","TheCity","TheBeyond"],"potions_floor_usage":[],"damage_taken":[{"damage":15.0,"enemies":"Small Slimes","floor":1.0,"turns":3.0},{"damage":1.0,"enemies":"Cultist","floor":4.0,"turns":3.0},{"damage":21.0,"enemies":"Gremlin Nob","floor":6.0,"turns":5.0},{"damage":0.0,"enemies":"2 Louse","floor":10.0,"turns":1.0},{"damage":17.0,"enemies":"3 Sentries","floor":13.0,"turns":3.0},{"damage":6.0,"enemies":"Exordium Thugs","floor":14.0,"turns":3.0},{"damage":34.0,"enemies":"Slime Boss","floor":16.0,"turns":7.0},{"damage":11.0,"enemies":"2 Thieves","floor":18.0,"turns":2.0},{"damage":6.0,"enemies":"Shell Parasite","floor":20.0,"turns":1.0},{"damage":0.0,"enemies":"Gremlin Leader","floor":23.0,"turns":4.0},{"damage":7.0,"enemies":"Slavers","floor":25.0,"turns":2.0},{"damage":17.0,"enemies":"Snake Plant","floor":28.0,"turns":3.0},{"damage":2.0,"enemies":"Snecko","floor":29.0,"turns":4.0},{"damage":13.0,"enemies":"Book of Stabbing","floor":31.0,"turns":5.0},{"damage":55.0,"enemies":"Collector","floor":33.0,"turns":8.0},{"damage":0.0,"enemies":"3 Darklings","floor":35.0,"turns":2.0},{"damage":11.0,"enemies":"Orb Walker","floor":38.0,"turns":2.0},{"damage":2.0,"enemies":"Jaw Worm Horde","floor":39.0,"turns":3.0},{"damage":13.0,"enemies":"Giant Head","floor":40.0,"turns":4.0},{"damage":34,"enemies":"Nemesis","floor":42,"turns":7},{"damage":2,"enemies":"Transient","floor":44,"turns":6},{"damage":6,"enemies":"Writhing Mass","floor":46,"turns":5},{"damage":9,"enemies":"Giant Head","floor":47,"turns":6},{"damage":0,"enemies":"Spire Growth","floor":48,"turns":4},{"damage":58,"enemies":"Donu and Deca","floor":50,"turns":4}],"seed_played":"-4645291506045299863","potions_obtained":[{"floor":4.0,"key":"Block Potion"},{"floor":10.0,"key":"PowerPotion"},{"floor":13.0,"key":"Weak Potion"},{"floor":18.0,"key":"SteroidPotion"},{"floor":25.0,"key":"Weak Potion"},{"floor":33.0,"key":"FearPotion"},{"floor":39.0,"key":"ElixirPotion"},{"floor":42,"key":"ElixirPotion"},{"floor":46,"key":"ColorlessPotion"}],"is_trial":false,"path_per_floor":["M","?","?","M","?","E","R","?","T","M","?","R","E","M","R","B",null,"M","?","M","?","$","E","$","E","T","?","M","M","R","E","R","B",null,"M","$","?","M","M","E","R","E","T","M","R","M","E","M","R","B"],"character_chosen":"IRONCLAD","items_purchased":["Immolate","Ice Cream","Spot Weakness","Feel No Pain","ClockworkSouvenir","True Grit","Sword Boomerang","Lee\u0027s Waffle","Fire Breathing","Kunai","Feed+1","MerchantsRug","Strange Spoon"],"campfire_rested":3,"item_purchase_floors":[0,0,0,0,0,0,0,0,0,22,24,24,36],"current_hp_per_floor":[73,73,48,53,25,10,34,34,34,40,29,53,42,42,42,14,65,60,60,60,39,39,45,45,46,46,41,30,36,36,31,31,12,34,41,41,41,36,45,38,38,12,12,18,31,33,32,42,42,0,0],"gold":373,"neow_bonus":"","is_daily":false,"chose_seed":false,"campfire_upgraded":5,"win_rate":0.0,"timestamp":1611938506,"path_taken":["M","?","?","M","?","E","R","?","T","M","?","R","E","M","R","BOSS","M","?","?","?","$","E","$","E","T","?","M","M","R","E","R","BOSS","M","$","?","M","?","E","R","E","T","?","R","M","E","M","R","BOSS"],"items_purchased_type":["Card","Relic","Card","Card","Relic","Card","Card","Relic","Card","Relic","Card","Relic","Relic"],"build_version":"2020-12-22","purchased_purges":3,"victory":false,"max_hp_per_floor":[82,82,82,82,82,82,82,82,82,82,82,82,82,82,82,82,82,82,82,82,82,82,82,82,82,82,41,41,41,41,41,41,41,41,41,41,41,41,45,45,45,45,45,45,45,45,45,45,45,45,45],"card_choices":[{"not_picked":["Anger","Havoc"],"picked":"Reckless Charge","floor":1.0},{"not_picked":["Havoc","Dropkick","Heavy Blade"],"picked":"SKIP","floor":4.0},{"not_picked":["Brutality","Thunderclap"],"picked":"Limit Break","floor":6.0},{"not_picked":["Clothesline+1","Sword Boomerang+1"],"picked":"Whirlwind+1","floor":10.0},{"not_picked":["Havoc","Sentinel"],"picked":"Offering","floor":13.0},{"not_picked":["Body Slam+1","Flame Barrier","Power Through"],"picked":"Twin Strike+1","floor":14.0},{"not_picked":["Demon Form","Corruption","Brutality"],"picked":"Fiend Fire+1","floor":16.0},{"not_picked":["Blood for Blood+1","Anger+1","Cleave+1"],"picked":"Pummel+1","floor":18.0},{"not_picked":["Perfected Strike+1","Iron Wave+1","Wild Strike+1"],"picked":"Twin Strike+1","floor":20.0},{"not_picked":["Anger+1","Sever Soul+1","Warcry"],"picked":"Shrug It Off","floor":23.0},{"not_picked":["Anger+1","Havoc","Twin Strike+1"],"picked":"Double Tap","floor":25.0},{"not_picked":["Flex","Rupture","Body Slam+1","Twin Strike+1"],"picked":"SKIP","floor":28.0},{"not_picked":["Heavy Blade+1","Pommel Strike+1","Dropkick+1"],"picked":"Intimidate+1","floor":29.0},{"not_picked":["Infernal Blade","Flex","Anger+1","Dark Embrace"],"picked":"SKIP","floor":31.0},{"not_picked":["Barricade","Immolate+1","Fiend Fire+1"],"picked":"Impervious","floor":33.0},{"not_picked":["Feel No Pain","Warcry","Twin Strike+1"],"picked":"Shrug It Off+1","floor":35.0},{"not_picked":["Pommel Strike+1","True Grit","Warcry"],"picked":"Heavy Blade+1","floor":38.0},{"not_picked":["Twin Strike+1","Body Slam+1","Sword Boomerang+1"],"picked":"Uppercut+1","floor":39.0},{"not_picked":["Rage","Dual Wield","Body Slam+1"],"picked":"Limit Break","floor":40.0},{"not_picked":["Feel No Pain+1","Body Slam+1","Headbutt+1"],"picked":"Sword Boomerang+1","floor":42},{"not_picked":["True Grit+1","Body Slam+1","Pommel Strike+1"],"picked":"Barricade","floor":44},{"not_picked":["Hemokinesis+1","Headbutt+1","Flex","Rage+1"],"picked":"SKIP","floor":44},{"not_picked":["Pommel Strike+1","Warcry","Shrug It Off"],"picked":"Heavy Blade+1","floor":46},{"not_picked":["Anger+1","Evolve","Heavy Blade+1"],"picked":"Shockwave","floor":46},{"not_picked":["Shrug It Off","Reckless Charge+1","True Grit"],"picked":"Double Tap","floor":47},{"not_picked":["Pommel Strike+1","Searing Blow+1","True Grit","Headbutt+1"],"picked":"SKIP","floor":48},{"not_picked":["Cleave+1","Armaments","True Grit","Dropkick+1"],"picked":"SKIP","floor":48}],"player_experience":817695,"relics_obtained":[{"floor":6.0,"key":"Centennial Puzzle"},{"floor":9.0,"key":"Molten Egg 2"},{"floor":13.0,"key":"Question Card"},{"floor":21.0,"key":"Nilry\u0027s Codex"},{"floor":23.0,"key":"Blood Vial"},{"floor":25.0,"key":"Lizard Tail"},{"floor":31.0,"key":"Ginger"},{"floor":40.0,"key":"Prayer Wheel"},{"floor":42,"key":"Calipers"},{"floor":43,"key":"Whetstone"},{"floor":47,"key":"Bird Faced Urn"}],"event_choices":[{"damage_healed":0.0,"max_hp_gain":0.0,"max_hp_loss":0.0,"gold_gain":150.0,"event_name":"Liars Game","player_choice":"AGREE","floor":2.0,"gold_loss":0.0,"damage_taken":0.0,"cards_obtained":["Doubt"]},{"damage_healed":0.0,"max_hp_gain":0.0,"max_hp_loss":0.0,"gold_gain":0.0,"event_name":"Shining Light","player_choice":"Entered Light","floor":3.0,"gold_loss":0.0,"damage_taken":25.0,"cards_upgraded":["Reckless Charge","Strike_R"]},{"damage_healed":0.0,"max_hp_gain":0.0,"max_hp_loss":0.0,"gold_gain":0.0,"event_name":"Golden Idol","player_choice":"Take Damage","floor":5.0,"gold_loss":0.0,"damage_taken":28.0,"relics_obtained":["Golden Idol"]},{"cards_removed":["Doubt"],"damage_healed":0.0,"max_hp_gain":0.0,"max_hp_loss":0.0,"gold_gain":0.0,"event_name":"The Cleric","player_choice":"Card Removal","floor":8.0,"gold_loss":75.0,"damage_taken":0.0},{"damage_healed":0.0,"max_hp_gain":0.0,"max_hp_loss":0.0,"gold_gain":75.0,"event_name":"World of Goop","player_choice":"Gather Gold","floor":11.0,"gold_loss":0.0,"damage_taken":11.0},{"damage_healed":0.0,"max_hp_gain":0.0,"max_hp_loss":0.0,"gold_gain":250.0,"event_name":"The Joust","player_choice":"Bet on Owner","floor":19.0,"gold_loss":50.0,"damage_taken":0.0},{"damage_healed":0.0,"max_hp_gain":0.0,"max_hp_loss":0.0,"gold_gain":0.0,"event_name":"Cursed Tome","player_choice":"Obtained Book","floor":21.0,"gold_loss":0.0,"damage_taken":21.0},{"damage_healed":0.0,"max_hp_gain":0.0,"max_hp_loss":41.0,"gold_gain":0.0,"event_name":"Ghosts","player_choice":"Became a Ghost","floor":27.0,"gold_loss":0.0,"damage_taken":0.0,"cards_obtained":["Ghostly","Ghostly","Ghostly"]},{"damage_healed":0.0,"max_hp_gain":0.0,"max_hp_loss":0.0,"gold_gain":0.0,"event_name":"Match and Keep!","player_choice":"3 cards matched","floor":37.0,"gold_loss":0.0,"damage_taken":0.0,"cards_obtained":["Thunderclap","Carnage","Fiend Fire"]}],"is_beta":false,"boss_relics":[{"not_picked":["Astrolabe","Philosopher\u0027s Stone"],"picked":"Cursed Key"},{"not_picked":["Fusion Hammer","Pandora\u0027s Box"],"picked":"Snecko Eye"}],"items_purged_floors":[0,0,22],"is_endless":false,"potions_floor_spawned":[4,10,13,14,18,25,33,39,42,46],"killed_by":"Donu and Deca","ascension_level":20}}