{"host":"x730sfaw5rd1mxd8","time":1611878913,"event":{"mods":["BaseMod","BetterRewards","Colored Powertips","Highlight Path","Minty Spire (QoL Compilation)","Relic Sorter","Relic Stats","Replay The Spire","StSLib"],"gold_per_floor":[114,114,132,142,156,190,190,221,221,221,231,231,231,241,241,341,341,358,374,473,485,24,24,58,58,58,158,183,183,203,228,228,323,323,335,139,158,158,95,146,146,181,206,236,286,321,344,358,358,358,358,358,31,59,59],"floor_reached":56,"language":"ENG","playtime":7404,"items_purged":["Strike_P","Defend_P","Defend_P","Strike_P+1"],"score":2187,"play_id":"be693a25-73b9-4c98-8415-12fd682a75ec","local_time":"20210128190833","is_ascension_mode":true,"campfire_choices":[{"data":"Eruption","floor":7,"key":"SMITH"},{"data":"TalkToTheHand","floor":10,"key":"SMITH"},{"floor":12,"key":"REST"},{"data":"Vigilance","floor":15,"key":"SMITH"},{"data":"TalkToTheHand","floor":23,"key":"SMITH"},{"floor":29,"key":"REST"},{"data":"TalkToTheHand","floor":32,"key":"SMITH"},{"data":"Nirvana","floor":41,"key":"SMITH"},{"floor":49,"key":"RECALL"},{"data":"DeusExMachina","floor":52,"key":"SMITH"}],"circlet_count":0,"master_deck":["Strike_P+1","Strike_P+1","Defend_P+1","Defend_P+1","Eruption+1","Vigilance+1","Nirvana+1","FlurryOfBlows+1","WaveOfTheHand+1","TalkToTheHand+1","Evaluate+1","JustLucky+1","Wireheading+1","LessonLearned+1","AbeCurse","TalkToTheHand+1","Halt+1","DeceiveReality+1","CarveReality+1","Adaptation+1","TalkToTheHand+1","InnerPeace+1","TalkToTheHand+1","CutThroughFate+1","DevaForm+1","Establishment+1","Tantrum+1","PathToVictory+1","BattleHymn+1","DeusExMachina+1"],"relics":["HolyWater","Calipers","PreservedInsect","Ring of Misfortune","Happy Flower","Replay:Rubber Ducky","Replay:WaspNest","Abe\u0027s Treasure","Membership Card","Ice Cream","MealTicket","ReplayTheSpireMod:Ninjato","ReplayTheSpireMod:Shallot","Pondfish Scales","Gremlin Horn","Tiny Chest","ReplayFunnel","Potion Belt","Bag of Marbles","Prayer Wheel","Oddly Smooth Stone","Lizard Tail","Vajra","Juzu Bracelet","Centennial Puzzle","Du-Vu Doll","Whetstone"],"acts_visited":["Exordium","TheCity","TheBeyond","TheEnding"],"potions_floor_usage":[5,5,14,16,16,18,27,33,55,55,55,55,55],"damage_taken":[{"damage":0,"enemies":"Small Slimes","floor":1,"turns":3},{"damage":6,"enemies":"Cultist","floor":3,"turns":3},{"damage":5,"enemies":"Jaw Worm","floor":4,"turns":6},{"damage":6,"enemies":"Exordium Thugs","floor":5,"turns":7},{"damage":10,"enemies":"Replay:BlueRogue","floor":6,"turns":4},{"damage":20,"enemies":"3 Sentries","floor":8,"turns":8},{"damage":5,"enemies":"Large Slime","floor":11,"turns":8},{"damage":10,"enemies":"Exordium Wildlife","floor":14,"turns":5},{"damage":2,"enemies":"The Guardian","floor":16,"turns":12},{"damage":10,"enemies":"2 Thieves","floor":18,"turns":4},{"damage":2,"enemies":"Shell Parasite","floor":19,"turns":5},{"damage":12,"enemies":"Shelled Parasite and Fungi","floor":21,"turns":7},{"damage":0,"enemies":"Gremlin Leader","floor":24,"turns":8},{"damage":6,"enemies":"Colosseum Slavers","floor":27,"turns":7},{"damage":0,"enemies":"Colosseum Nobs","floor":27,"turns":5},{"damage":0,"enemies":"Book of Stabbing","floor":28,"turns":5},{"damage":1,"enemies":"Snake Plant","floor":30,"turns":4},{"damage":1,"enemies":"Replay:Snechameleon","floor":31,"turns":4},{"damage":0,"enemies":"Champ","floor":33,"turns":12},{"damage":0,"enemies":"3 Darklings","floor":35,"turns":8},{"damage":0,"enemies":"3 Shapes","floor":37,"turns":5},{"damage":0,"enemies":"R_Hoarder","floor":40,"turns":9},{"damage":0,"enemies":"Reptomancer","floor":42,"turns":5},{"damage":0,"enemies":"Nemesis","floor":44,"turns":6},{"damage":0,"enemies":"Mind Bloom Boss Battle","floor":45,"turns":3},{"damage":0,"enemies":"R_Hoarder","floor":46,"turns":6},{"damage":0,"enemies":"Maw","floor":48,"turns":5},{"damage":0,"enemies":"Donu and Deca","floor":50,"turns":7},{"damage":0,"enemies":"Shield and Spear","floor":54,"turns":7},{"damage":9,"enemies":"The Heart","floor":55,"turns":9}],"seed_played":"-3138385644570940825","potions_obtained":[{"floor":1,"key":"BottledMiracle"},{"floor":4,"key":"SteroidPotion"},{"floor":11,"key":"Venom Potion"},{"floor":13,"key":"StancePotion"},{"floor":13,"key":"LiquidBronze"},{"floor":13,"key":"ColorlessPotion"},{"floor":14,"key":"Strength Potion"},{"floor":19,"key":"Flashbang"},{"floor":21,"key":"Weak Potion"},{"floor":28,"key":"Block Potion"},{"floor":31,"key":"SteroidPotion"},{"floor":35,"key":"FearPotion"},{"floor":40,"key":"Reflective Coating"},{"floor":44,"key":"SteroidPotion"},{"floor":46,"key":"DuplicationPotion"},{"floor":54,"key":"Strength Potion"}],"is_trial":false,"path_per_floor":["M","?","M","M","M","E","R","E","T","R","M","R","?","M","R","B",null,"M","M","?","M","$","R","E","?","T","?","E","R","M","E","R","B",null,"M","$","M","?","$","E","R","E","T","E","?","E","T","M","R","B",null,"R","$","E","B",null],"character_chosen":"WATCHER","items_purchased":["Calipers","PreservedInsect","Membership Card","Ice Cream","MealTicket","CarveReality","Adaptation","Potion Belt","Establishment","Centennial Puzzle","Du-Vu Doll","Energy Potion"],"campfire_rested":2,"item_purchase_floors":[0,0,22,22,22,22,22,36,36,53,53,53],"current_hp_per_floor":[72,72,66,61,55,45,45,25,25,25,20,41,41,31,31,29,72,62,60,60,48,48,48,48,35,35,29,29,52,51,50,50,50,77,77,77,77,77,77,77,77,77,77,77,77,77,77,77,77,77,77,77,77,77,68],"gold":59,"neow_bonus":"","is_daily":false,"chose_seed":false,"campfire_upgraded":7,"win_rate":0.0,"timestamp":1611878913,"path_taken":["M","?","M","M","M","E","R","E","T","R","M","R","?","?","R","BOSS","M","M","?","M","$","R","E","?","T","?","E","R","M","E","R","BOSS","M","$","M","?","?","E","R","E","T","E","?","E","?","M","R","BOSS","R","$","E","BOSS"],"items_purchased_type":["Relic","Relic","Relic","Relic","Relic","Card","Card","Relic","Card","Relic","Relic","Potion"],"build_version":"2020-12-22","purchased_purges":4,"victory":true,"max_hp_per_floor":[72,72,72,72,72,72,72,72,72,72,72,72,72,72,72,72,72,72,72,72,72,72,72,72,77,77,77,77,77,77,77,77,77,77,77,77,77,77,77,77,77,77,77,77,77,77,77,77,77,77,77,77,77,77,77],"relic_stats":{"Lizard Tail":0,"Centennial Puzzle":[3],"Happy Flower":[54],"Gremlin Horn":[11,11],"counters":[286,1198],"MealTicket":0,"Tiny Chest":1,"Prayer Wheel":10,"PreservedInsect":530,"Juzu Bracelet":0,"Whetstone":[],"obtain_stats":[{"Golden Egg":0,"Replay:Accelerometer":40,"Vampiric Spirits":0,"Whetstone":55,"Boot":55,"Sling":55,"Blood Vial":20,"Replay:Bronze Core":17,"MealTicket":27,"Fusion Hammer":36,"Replay:Wax Seal":12,"Electric Blood":17,"Replay:Bottled Steam":43,"Pear":46,"Blue Candle":30,"Tingsha":0,"Paper Crane":8,"Cables":54,"SlaversCollar":17,"Snecko Scales":34,"Bird Faced Urn":12,"Snecko Eye":17,"Mark of Pain":0,"StrikeDummy":6,"Abe\u0027s Treasure":17,"Regal Pillow":0,"Lantern":40,"Singing Bowl":10,"Magic Flower":11,"Painkiller Herb":19,"Blue Doll":23,"Bag of Preparation":55,"Replay:Multitool":44,"Cursed Key":34,"Smiling Mask":23,"Burning Blood":0,"Pet Ghost":23,"Replay:Rubber Ducky":55,"Matryoshka":0,"InkBottle":27,"Potion Belt":7,"The Specimen":25,"Golden Idol":11,"Basket Of Snakes":39,"Damaru":13,"Thread and Needle":47,"The Courier":14,"PreservedInsect":22,"Geode":40,"Omamori":31,"Frozen Egg 2":0,"MawBank":31,"GoldenEye":54,"Busted Crown":17,"Ornamental Fan":55,"Ring of Misfortune":2,"Turnip":46,"Art of War":40,"Garlic":13,"Bottled Lightning":53,"ReplayTheSpireMod:Ring of Challenge":38,"Toy Ornithopter":48,"Ice Cream":14,"Calipers":0,"Gremlin Horn":9,"Nilry\u0027s Codex":23,"CeramicFish":8,"Vajra":28,"Sozu":0,"Centennial Puzzle":9,"Lizard Tail":45,"Strawberry":28,"Prayer Wheel":0,"Philosopher\u0027s Stone":34,"Iron Hammer":27,"Byrd Skull":11,"Happy Flower":55,"Astrolabe":34,"Replay:Grab Bag":34,"Oddly Smooth Stone":26,"Ring of Chaos":47,"War Paint":23,"Question Card":0,"Du-Vu Doll":53,"OrangePellets":0,"Bottled Flame":15,"Replay:Baseball":0,"ReplayTheSpireMod:Shallot":26,"Shuriken":43,"Bronze Scales":12,"Simple Rune":55,"Mirror":0,"Pocketwatch":0,"Meat on the Bone":38,"Darkstone Periapt":5,"ReplayFunnel":55,"Mango":6,"Snake Skull":29,"Incense Burner":45,"Juzu Bracelet":48,"CloakClasp":43,"Dream Catcher":43,"Nunchaku":24,"Replay:Bandana":10,"TheAbacus":53,"Pantograph":23,"Gambling Chip":24,"Tiny Chest":6,"Replay:Drink Me":17,"Red Skull":6,"Gremlin Food":44,"ReplayTheSpireMod:Ninjato":6,"Replay:Towering Pillar of Hats":10,"Quantum Egg":46,"Guide Book":0,"Replay:WaspNest":0,"Orichalcum":56,"Medical Kit":42,"Mercury Hourglass":0,"Peace Pipe":39,"Anchor":11,"CaptainsWheel":43,"Pondfish Scales":55,"DataDisk":0,"HolyWater":34,"ChewingGum":34,"Snack Pack":8,"Bag of Marbles":40,"Membership Card":0,"PureWater":0,"FossilizedHelix":48},{"Golden Egg":184,"Replay:Accelerometer":207,"Vampiric Spirits":61,"Whetstone":91,"Boot":91,"Sling":91,"Blood Vial":26,"Replay:Bronze Core":134,"MealTicket":58,"Fusion Hammer":80,"Replay:Wax Seal":191,"Electric Blood":51,"Replay:Bottled Steam":119,"Pear":122,"Blue Candle":30,"Tingsha":93,"Paper Crane":66,"Cables":153,"SlaversCollar":24,"Snecko Scales":115,"Bird Faced Urn":22,"Snecko Eye":222,"Mark of Pain":0,"StrikeDummy":98,"Abe\u0027s Treasure":265,"Regal Pillow":93,"Lantern":176,"Singing Bowl":21,"Magic Flower":49,"Painkiller Herb":72,"Blue Doll":196,"Bag of Preparation":91,"Replay:Multitool":120,"Cursed Key":31,"Smiling Mask":227,"Burning Blood":0,"Pet Ghost":56,"Replay:Rubber Ducky":91,"Matryoshka":61,"InkBottle":141,"Potion Belt":218,"The Specimen":76,"Golden Idol":5,"Basket Of Snakes":82,"Damaru":221,"Thread and Needle":180,"The Courier":7,"PreservedInsect":11,"Geode":146,"Omamori":202,"Frozen Egg 2":14,"MawBank":79,"GoldenEye":183,"Busted Crown":8,"Ornamental Fan":91,"Ring of Misfortune":257,"Turnip":38,"Art of War":36,"Garlic":250,"Bottled Lightning":182,"ReplayTheSpireMod:Ring of Challenge":81,"Toy Ornithopter":241,"Ice Cream":23,"Calipers":256,"Gremlin Horn":20,"Nilry\u0027s Codex":75,"CeramicFish":157,"Vajra":77,"Sozu":154,"Centennial Puzzle":5,"Lizard Tail":281,"Strawberry":13,"Prayer Wheel":93,"Philosopher\u0027s Stone":232,"Iron Hammer":167,"Byrd Skull":66,"Happy Flower":91,"Astrolabe":172,"Replay:Grab Bag":232,"Oddly Smooth Stone":57,"Ring of Chaos":122,"War Paint":139,"Question Card":244,"Du-Vu Doll":284,"OrangePellets":93,"Bottled Flame":70,"Replay:Baseball":93,"ReplayTheSpireMod:Shallot":269,"Shuriken":177,"Bronze Scales":6,"Simple Rune":91,"Mirror":244,"Pocketwatch":41,"Meat on the Bone":117,"Darkstone Periapt":18,"ReplayFunnel":91,"Mango":19,"Snake Skull":78,"Incense Burner":87,"Juzu Bracelet":181,"CloakClasp":208,"Dream Catcher":37,"Nunchaku":75,"Replay:Bandana":100,"TheAbacus":211,"Pantograph":12,"Gambling Chip":27,"Tiny Chest":188,"Replay:Drink Me":161,"Red Skull":47,"Gremlin Food":87,"ReplayTheSpireMod:Ninjato":156,"Replay:Towering Pillar of Hats":66,"Quantum Egg":87,"Guide Book":93,"Replay:WaspNest":61,"Orichalcum":92,"Medical Kit":119,"Mercury Hourglass":61,"Peace Pipe":146,"Anchor":66,"CaptainsWheel":86,"Pondfish Scales":91,"DataDisk":126,"HolyWater":275,"ChewingGum":232,"Snack Pack":48,"Bag of Marbles":278,"Membership Card":61,"PureWater":0,"FossilizedHelix":151},{"Golden Egg":733,"Replay:Accelerometer":814,"Vampiric Spirits":244,"Whetstone":364,"Boot":364,"Sling":364,"Blood Vial":107,"Replay:Bronze Core":537,"MealTicket":230,"Fusion Hammer":315,"Replay:Wax Seal":750,"Electric Blood":208,"Replay:Bottled Steam":471,"Pear":484,"Blue Candle":123,"Tingsha":376,"Paper Crane":257,"Cables":637,"SlaversCollar":100,"Snecko Scales":459,"Bird Faced Urn":86,"Snecko Eye":881,"Mark of Pain":0,"StrikeDummy":392,"Abe\u0027s Treasure":1067,"Regal Pillow":376,"Lantern":706,"Singing Bowl":82,"Magic Flower":200,"Painkiller Herb":279,"Blue Doll":766,"Bag of Preparation":364,"Replay:Multitool":475,"Cursed Key":130,"Smiling Mask":896,"Burning Blood":0,"Pet Ghost":224,"Replay:Rubber Ducky":364,"Matryoshka":244,"InkBottle":568,"Potion Belt":860,"The Specimen":292,"Golden Idol":17,"Basket Of Snakes":325,"Damaru":872,"Thread and Needle":718,"The Courier":25,"PreservedInsect":40,"Geode":594,"Omamori":790,"Frozen Egg 2":51,"MawBank":304,"GoldenEye":727,"Busted Crown":30,"Ornamental Fan":364,"Ring of Misfortune":1014,"Turnip":156,"Art of War":146,"Garlic":986,"Bottled Lightning":724,"ReplayTheSpireMod:Ring of Challenge":318,"Toy Ornithopter":957,"Ice Cream":93,"Calipers":1011,"Gremlin Horn":78,"Nilry\u0027s Codex":288,"CeramicFish":657,"Vajra":296,"Sozu":646,"Centennial Puzzle":17,"Lizard Tail":1164,"Strawberry":48,"Prayer Wheel":376,"Philosopher\u0027s Stone":919,"Iron Hammer":681,"Byrd Skull":257,"Happy Flower":364,"Astrolabe":695,"Replay:Grab Bag":919,"Oddly Smooth Stone":226,"Ring of Chaos":484,"War Paint":559,"Question Card":970,"Du-Vu Doll":1182,"OrangePellets":376,"Bottled Flame":268,"Replay:Baseball":376,"ReplayTheSpireMod:Shallot":1091,"Shuriken":710,"Bronze Scales":20,"Simple Rune":364,"Mirror":970,"Pocketwatch":170,"Meat on the Bone":463,"Darkstone Periapt":65,"ReplayFunnel":364,"Mango":73,"Snake Skull":300,"Incense Burner":344,"Juzu Bracelet":721,"CloakClasp":818,"Dream Catcher":151,"Nunchaku":288,"Replay:Bandana":399,"TheAbacus":834,"Pantograph":44,"Gambling Chip":111,"Tiny Chest":741,"Replay:Drink Me":667,"Red Skull":189,"Gremlin Food":344,"ReplayTheSpireMod:Ninjato":655,"Replay:Towering Pillar of Hats":257,"Quantum Egg":344,"Guide Book":376,"Replay:WaspNest":244,"Orichalcum":369,"Medical Kit":471,"Mercury Hourglass":244,"Peace Pipe":594,"Anchor":257,"CaptainsWheel":341,"Pondfish Scales":364,"DataDisk":505,"HolyWater":1128,"ChewingGum":919,"Snack Pack":196,"Bag of Marbles":1150,"Membership Card":244,"PureWater":0,"FossilizedHelix":621}]},"card_choices":[{"not_picked":["CarveReality","SandsOfTime"],"picked":"Nirvana","floor":1},{"not_picked":["ClearTheMind","MentalFortress"],"picked":"FlurryOfBlows","floor":3},{"not_picked":["FollowUp","ForeignInfluence","Fasting2"],"picked":"SKIP","floor":4},{"not_picked":["CrushJoints","Replay:Vibes"],"picked":"WaveOfTheHand","floor":5},{"not_picked":["Prostrate","FlyingSleeves"],"picked":"TalkToTheHand","floor":6},{"not_picked":["ConjureBlade","FollowUp"],"picked":"Evaluate","floor":8},{"not_picked":["Protect","FlurryOfBlows"],"picked":"JustLucky","floor":11},{"not_picked":["FollowUp","Perseverance"],"picked":"Wireheading","floor":14},{"not_picked":["Replay:AllIn","Establishment"],"picked":"LessonLearned","floor":16},{"not_picked":["Crescendo+1","ReachHeaven+1"],"picked":"TalkToTheHand","floor":18},{"not_picked":["ThirdEye","Wireheading"],"picked":"Halt","floor":19},{"not_picked":["Replay:Anticipation","Indignation"],"picked":"DeceiveReality","floor":21},{"not_picked":["Meditate+1","Wallop"],"picked":"TalkToTheHand+1","floor":24},{"not_picked":["Evaluate","SandsOfTime+1"],"picked":"InnerPeace","floor":27},{"not_picked":["Wireheading+1","Replay:BluntJabs+1"],"picked":"TalkToTheHand","floor":28},{"not_picked":["FollowUp","Weave"],"picked":"CutThroughFate","floor":30},{"not_picked":["CutThroughFate","Replay:DivineShield","Replay:Battleflow"],"picked":"SKIP","floor":31},{"not_picked":["Alpha","Omniscience"],"picked":"DevaForm","floor":33},{"not_picked":["Replay:BluntJabs+1","Study+1","EmptyBody+1"],"picked":"SKIP","floor":35},{"not_picked":["ReachHeaven+1","Wireheading+1"],"picked":"Tantrum+1","floor":37},{"not_picked":["CutThroughFate+1","Prostrate"],"picked":"PathToVictory+1","floor":40},{"not_picked":["ClearTheMind+1","Prostrate+1"],"picked":"BattleHymn+1","floor":42},{"not_picked":["WreathOfFlame+1","Replay:Anticipation+1","Replay:BluntJabs"],"picked":"SKIP","floor":44},{"not_picked":["WreathOfFlame+1","Replay:Anticipation+1","Replay:BluntJabs"],"picked":"SKIP","floor":44},{"not_picked":["BowlingBash+1","Study"],"picked":"DeusExMachina","floor":46},{"not_picked":["DeceiveReality+1","Conclude+1","Replay:Cycle"],"picked":"SKIP","floor":48},{"not_picked":["Replay:AtTheReady+1","DeceiveReality","Meditate"],"picked":"SKIP","floor":48},{"not_picked":["Replay:ManipulateFuture+1","EmptyBody","CutThroughFate"],"picked":"SKIP","floor":54}],"player_experience":4028717,"relics_obtained":[{"floor":2,"key":"Ring of Misfortune"},{"floor":6,"key":"Happy Flower"},{"floor":8,"key":"Replay:Rubber Ducky"},{"floor":9,"key":"Replay:WaspNest"},{"floor":24,"key":"ReplayTheSpireMod:Ninjato"},{"floor":26,"key":"ReplayTheSpireMod:Shallot"},{"floor":27,"key":"Pondfish Scales"},{"floor":27,"key":"Gremlin Horn"},{"floor":28,"key":"Tiny Chest"},{"floor":31,"key":"ReplayFunnel"},{"floor":40,"key":"Bag of Marbles"},{"floor":42,"key":"Prayer Wheel"},{"floor":44,"key":"Oddly Smooth Stone"},{"floor":45,"key":"Lizard Tail"},{"floor":46,"key":"Vajra"},{"floor":47,"key":"Juzu Bracelet"},{"floor":54,"key":"Whetstone"}],"event_choices":[{"damage_healed":0,"gold_gain":0,"player_choice":"Got Potions","damage_taken":0,"max_hp_gain":0,"max_hp_loss":0,"event_name":"Lab","floor":13,"gold_loss":0},{"damage_healed":0,"gold_gain":99,"player_choice":"Stole From Cult","damage_taken":0,"max_hp_gain":0,"max_hp_loss":0,"event_name":"Nest","floor":20,"gold_loss":0},{"damage_healed":0,"gold_gain":0,"player_choice":"Shed Blood","damage_taken":18,"max_hp_gain":5,"max_hp_loss":0,"event_name":"Forgotten Altar","floor":25,"gold_loss":0},{"damage_healed":0,"gold_gain":0,"player_choice":"Fight","damage_taken":0,"max_hp_gain":0,"max_hp_loss":0,"event_name":"Colosseum","floor":27,"gold_loss":0},{"damage_healed":0,"gold_gain":0,"player_choice":"Fought Nobs","damage_taken":0,"max_hp_gain":0,"max_hp_loss":0,"event_name":"Colosseum","floor":27,"gold_loss":0},{"damage_healed":0,"gold_gain":0,"player_choice":"Upgraded","damage_taken":0,"max_hp_gain":0,"max_hp_loss":0,"event_name":"Upgrade Shrine","floor":38,"gold_loss":0,"cards_upgraded":["DevaForm"]},{"damage_healed":0,"gold_gain":0,"player_choice":"Fight","damage_taken":0,"max_hp_gain":0,"max_hp_loss":0,"event_name":"MindBloom","floor":45,"gold_loss":0}],"is_beta":false,"boss_relics":[{"not_picked":["Black Star","Astrolabe"],"picked":"Abe\u0027s Treasure"},{"not_picked":["Calling Bell","ReplayTheSpireMod:DimensionalGlitch"],"picked":"HolyWater"}],"items_purged_floors":[22,36,39,53],"is_endless":false,"potions_floor_spawned":[1,4,11,14,19,21,28,31,35,40,44,46,48,54],"ascension_level":4}}