{"host":"9j472d1lqxyi8fmj","time":1611935850,"event":{"mods":["AchievementEnabler","Aspiration","BaseMod","Better Note","BetterRewards","Block Reminder","Colored Powertips","Downfall","Hermit","Hubris","Infinite Spire","Minty Spire (QoL Compilation)","Potion Indicator Mod","Rare Cards Sparkle","Relic Filter","Reliquary","Spicy Shops","StSLib","The Runesmith","Virulent Crown"],"gold_per_floor":[99,109,120,120,136,163,163,163,173,173,191,191,191,208,220,317,317,317,333,344,359,359,359,359,359,378,390,400,400,400,400,400,400],"floor_reached":31,"language":"ENG","playtime":1537,"items_purged":[],"score":241,"play_id":"e0e22a9a-a4dd-4221-ac8a-6cf2a400ddc9","local_time":"20210129105730","is_ascension_mode":false,"campfire_choices":[{"data":"hexamod:SwordOfDarkness","floor":1,"key":"SMITH"},{"data":"hexamod:RecurringNightmare","floor":8,"key":"SMITH"},{"data":"hexamod:Firestarter","floor":10,"key":"SMITH"},{"floor":13,"key":"REST"},{"data":"hexamod:ApocalypseNow","floor":18,"key":"SMITH"},{"floor":23,"key":"REST"},{"floor":30,"key":"REST"}],"circlet_count":0,"master_deck":["hexamod:Strike","hexamod:Strike","hexamod:Strike","hexamod:Strike","hexamod:Defend","hexamod:Defend","hexamod:Defend","hexamod:Defend","hexamod:Sear","hexamod:Float+1","hexamod:SwordOfDarkness+1","hexamod:FirstSeal","hexamod:FastForward+1","downfall:Malfunctioning","hexamod:RecurringNightmare+1","hexamod:FourthSeal","hexamod:Firestarter+1","hexamod:HeatMetal","hexamod:Rewind","hexamod:EmpoweredFlame","hexamod:ApocalypseNow+1","hexamod:EtherealExpedition","hexamod:FlamesFromBeyond","hexamod:HauntingEcho+1","hexamod:FastForward","hexamod:ShieldOfDarkness+1","hexamod:Hexaguard"],"relics":["bronze:BronzeCore","reliquary:BoilingFlask","aspiration:FrozenJewel","infinitespire:Cubic Diamond","aspiration:PoetsPen","Sundial","CultistMask","Ornamental Fan"],"acts_visited":["Exordium","TheCity"],"potions_floor_usage":[16,16,19,21,26,26,27,28],"damage_taken":[{"damage":11,"enemies":"infinitespire:Voidling","floor":2,"turns":3},{"damage":7,"enemies":"Small Slimes","floor":3,"turns":3},{"damage":6,"enemies":"Jaw Worm","floor":5,"turns":3},{"damage":25,"enemies":"3 Sentries","floor":6,"turns":9},{"damage":5,"enemies":"Blue Slaver","floor":9,"turns":4},{"damage":3,"enemies":"2 Fungi Beasts","floor":11,"turns":4},{"damage":0,"enemies":"Large Slime","floor":14,"turns":7},{"damage":11,"enemies":"Red Slaver","floor":15,"turns":3},{"damage":55,"enemies":"DF_ARCHETYPE_STREAMLINE","floor":16,"turns":9},{"damage":9,"enemies":"Chosen","floor":19,"turns":3},{"damage":57,"enemies":"3 Cultists","floor":20,"turns":5},{"damage":0,"enemies":"Snake Plant","floor":21,"turns":2},{"damage":38,"enemies":"Shelled Parasite and Fungi","floor":26,"turns":5},{"damage":2,"enemies":"Snecko","floor":27,"turns":3},{"damage":10,"enemies":"Cultist and Chosen","floor":28,"turns":4},{"damage":34,"enemies":"Sentry and Sphere","floor":31,"turns":5}],"seed_played":"-5088993259343889391","potions_obtained":[{"floor":6,"key":"LiquidMemories"},{"floor":9,"key":"SpeedPotion"},{"floor":11,"key":"infinitespire:BlackPotion"},{"floor":15,"key":"PowerPotion"},{"floor":16,"key":"hexamod:DoubleChargePotion"},{"floor":16,"key":"SkillPotion"},{"floor":19,"key":"CultistPotion"},{"floor":21,"key":"FearPotion"},{"floor":22,"key":"downfall:CursedFountainPotion"},{"floor":26,"key":"LiquidMemories"},{"floor":27,"key":"bronze:BurnAndBuffPotion"}],"is_trial":false,"path_per_floor":["R","M","M","?","M","E","T","R","M","R","M","?","R","M","M","B",null,"R","M","M","M","?","R","T","?","M","M","M","T","R","M"],"character_chosen":"THE_SPIRIT","items_purchased":[],"campfire_rested":3,"item_purchase_floors":[],"current_hp_per_floor":[70,59,59,59,60,42,42,42,44,44,48,48,69,70,66,18,70,70,68,18,25,25,46,46,46,15,13,10,10,31,0,0,0],"gold":400,"neow_bonus":"THREE_CARDS","is_daily":false,"chose_seed":false,"campfire_upgraded":4,"win_rate":0.0,"timestamp":1611935850,"path_taken":["R","M","?","?","?","E","T","R","M","R","M","?","R","M","M","BOSS","R","M","M","M","?","R","T","?","M","M","?","?","R","?"],"items_purchased_type":[],"build_version":"2020-12-22","purchased_purges":0,"victory":false,"max_hp_per_floor":[70,70,70,70,70,70,70,70,70,70,70,70,70,70,70,70,70,70,70,70,70,70,70,70,70,70,70,70,70,70,70,70,70],"card_choices":[{"not_picked":["hexamod:ShieldOfDarkness","hexamod:Rewind"],"picked":"hexamod:SwordOfDarkness","floor":0},{"not_picked":["hexamod:GhostLash","hexamod:AdvancingGuard"],"picked":"hexamod:FirstSeal","floor":2},{"not_picked":["hexamod:ThirdSeal","hexamod:NightmareGuise"],"picked":"hexamod:FastForward","floor":3},{"not_picked":["hexamod:FlamesFromBeyond","hexamod:SwordOfDarkness"],"picked":"hexamod:RecurringNightmare","floor":5},{"not_picked":["hexamod:BurningTouch","hexamod:SwordOfDarkness"],"picked":"hexamod:FourthSeal","floor":6},{"not_picked":["hexamod:FirstSeal","hexamod:GhostflameBarrier"],"picked":"hexamod:Firestarter","floor":9},{"not_picked":["hexamod:HeatCrush","hexamod:Toasty"],"picked":"hexamod:HeatMetal","floor":11},{"not_picked":["hexamod:RadiantFlame","hexamod:InspiringFlames"],"picked":"hexamod:Rewind","floor":14},{"not_picked":["hexamod:InspiringFlames","hexamod:SkipABeat"],"picked":"hexamod:EmpoweredFlame","floor":15},{"not_picked":["hexamod:SearingWound","hexamod:GhostflameInferno"],"picked":"hexamod:ApocalypseNow","floor":16},{"not_picked":["hexamod:ThermalTransfer","hexamod:ChargedBarrage"],"picked":"hexamod:EtherealExpedition","floor":19},{"not_picked":["hexamod:BurningTouch","hexamod:GhostOfSpirePresent"],"picked":"hexamod:FlamesFromBeyond","floor":20},{"not_picked":["hexamod:Incineration","hexamod:ThermalTransfer"],"picked":"hexamod:HauntingEcho+1","floor":21},{"not_picked":["hexamod:ExtraCrispy","hexamod:SpectralAdrenaline"],"picked":"hexamod:FastForward","floor":26},{"not_picked":["hexamod:SwordOfDarkness+1","hexamod:NightmareStrike"],"picked":"hexamod:ShieldOfDarkness+1","floor":27},{"not_picked":["hexamod:HeatMetal","hexamod:VolcanoVisage"],"picked":"hexamod:Hexaguard","floor":28}],"player_experience":362159,"relics_obtained":[{"floor":6,"key":"reliquary:BoilingFlask"},{"floor":7,"key":"aspiration:FrozenJewel"},{"floor":24,"key":"Sundial"},{"floor":29,"key":"Ornamental Fan"}],"event_choices":[{"damage_healed":0,"gold_gain":0,"player_choice":"Trade","damage_taken":0,"relics_obtained":["CultistMask"],"max_hp_gain":0,"max_hp_loss":0,"event_name":"FaceTrader","floor":25,"gold_loss":0}],"is_beta":false,"boss_relics":[{"not_picked":["aspiration:RunicSpoon","Runic Dome"],"picked":"aspiration:PoetsPen"}],"items_purged_floors":[],"is_endless":false,"potions_floor_spawned":[6,14,15,16,20,26,27],"killed_by":"Sentry and Sphere","ascension_level":0}}