{"host":"i09pxcjttd31eh4q","time":1611913609,"event":{"mods":["AchievementEnabler","BaseMod","Colored Map","Keyboard Shortcuts","Minty Spire (QoL Compilation)","StSLib","SuperFastMode"],"gold_per_floor":[117,117,137,149,74,74,100,0,0,0,0,35,51,62,62,138,138,155,173,183,183,26,26,51,67,116,116,126,152,169,182,182,257,257,277,277,289,289,308,308,335,351,351,150,177,188,201,220,220,220,220,220,220,70,95,95,95],"floor_reached":56,"language":"KOR","playtime":1968,"items_purged":["Strike_P","Defend_P","Strike_P","Strike_P+1"],"score":1976,"play_id":"ae665627-e1ea-4460-80a7-9166884e01a1","local_time":"20210129184649","is_ascension_mode":true,"campfire_choices":[{"data":"Eruption","floor":6.0,"key":"SMITH"},{"data":"BowlingBash","floor":10.0,"key":"SMITH"},{"data":"MentalFortress","floor":15.0,"key":"SMITH"},{"data":"Adaptation","floor":23.0,"key":"SMITH"},{"floor":27.0,"key":"REST"},{"data":"Adaptation","floor":32.0,"key":"SMITH"},{"floor":40.0,"key":"RECALL"},{"floor":49.0,"key":"REST"},{"data":"MentalFortress","floor":53.0,"key":"SMITH"}],"circlet_count":0,"master_deck":["AscendersBane","Strike_P+1","Defend_P","Defend_P","Eruption+1","Vigilance","EmptyFist","MentalFortress+1","Adaptation+1","Adaptation+1","MentalFortress+1"],"relics":["Runic Pyramid","Meat on the Bone","Singing Bowl","Vajra","VioletLotus","Medical Kit","Calipers","Dream Catcher","Sozu","Whetstone","Eternal Feather","StrikeDummy","Yang"],"acts_visited":["Exordium","TheCity","TheBeyond","TheEnding"],"potions_floor_usage":[56],"damage_taken":[{"damage":2.0,"enemies":"2 Louse","floor":1.0,"turns":3.0},{"damage":0.0,"enemies":"Cultist","floor":3.0,"turns":3.0},{"damage":0.0,"enemies":"Small Slimes","floor":4.0,"turns":3.0},{"damage":12.0,"enemies":"Lagavulin","floor":7.0,"turns":5.0},{"damage":8.0,"enemies":"Gremlin Nob","floor":12.0,"turns":3.0},{"damage":3.0,"enemies":"Exordium Wildlife","floor":13.0,"turns":3.0},{"damage":10.0,"enemies":"Blue Slaver","floor":14.0,"turns":3.0},{"damage":5.0,"enemies":"Slime Boss","floor":16.0,"turns":6.0},{"damage":12.0,"enemies":"2 Thieves","floor":18.0,"turns":3.0},{"damage":4.0,"enemies":"Spheric Guardian","floor":19.0,"turns":3.0},{"damage":14.0,"enemies":"Cultist and Chosen","floor":20.0,"turns":5.0},{"damage":31.0,"enemies":"Slavers","floor":24.0,"turns":4.0},{"damage":18.0,"enemies":"Chosen and Byrds","floor":25.0,"turns":4.0},{"damage":12.0,"enemies":"Snake Plant","floor":28.0,"turns":3.0},{"damage":14.0,"enemies":"Book of Stabbing","floor":29.0,"turns":3.0},{"damage":2.0,"enemies":"Sentry and Sphere","floor":30.0,"turns":4.0},{"damage":0.0,"enemies":"Chosen and Byrds","floor":31.0,"turns":4.0},{"damage":3.0,"enemies":"Collector","floor":33.0,"turns":3.0},{"damage":53.0,"enemies":"3 Darklings","floor":35.0,"turns":3.0},{"damage":12.0,"enemies":"3 Shapes","floor":37.0,"turns":5.0},{"damage":5.0,"enemies":"Spire Growth","floor":39.0,"turns":3.0},{"damage":16.0,"enemies":"Nemesis","floor":41.0,"turns":13.0},{"damage":19.0,"enemies":"Writhing Mass","floor":42.0,"turns":5.0},{"damage":20.0,"enemies":"Reptomancer","floor":45.0,"turns":3.0},{"damage":24.0,"enemies":"4 Shapes","floor":46.0,"turns":3.0},{"damage":15.0,"enemies":"Sphere and 2 Shapes","floor":47.0,"turns":4.0},{"damage":26.0,"enemies":"3 Darklings","floor":48.0,"turns":3.0},{"damage":24.0,"enemies":"Donu and Deca","floor":50.0,"turns":4.0},{"damage":8.0,"enemies":"Time Eater","floor":51.0,"turns":14.0},{"damage":37.0,"enemies":"Shield and Spear","floor":55.0,"turns":3.0},{"damage":57,"enemies":"The Heart","floor":56,"turns":3}],"seed_played":"-5357343651711621157","potions_obtained":[{"floor":4.0,"key":"GamblersBrew"},{"floor":12.0,"key":"GamblersBrew"},{"floor":14.0,"key":"Explosive Potion"},{"floor":16.0,"key":"StancePotion"},{"floor":24.0,"key":"GamblersBrew"},{"floor":29.0,"key":"ColorlessPotion"},{"floor":31.0,"key":"Dexterity Potion"}],"is_trial":false,"path_per_floor":["M","?","M","M","$","R","E","$","T","R","?","E","M","M","R","B",null,"M","M","M","?","$","R","E","M","T","R","M","E","M","M","R","B",null,"M","?","M","?","M","R","E","M","T","$","E","M","M","M","R","B","B",null,"R","$","E","B"],"character_chosen":"WATCHER","items_purchased":["Medical Kit","MentalFortress"],"campfire_rested":2,"item_purchase_floors":[22,44],"current_hp_per_floor":[59,59,59,59,59,59,47,47,47,47,47,41,40,42,42,39,65,55,53,51,51,51,51,34,30,30,54,42,42,54,56,56,55,81,42,42,44,44,53,53,51,46,46,46,40,30,29,17,57,45,49,95,101,101,66,9,9],"gold":95,"neow_bonus":"BOSS_RELIC","is_daily":false,"chose_seed":false,"campfire_upgraded":6,"win_rate":0.0,"timestamp":1611913609,"path_taken":["M","?","?","M","$","R","E","$","T","R","?","E","M","?","R","BOSS","M","M","M","?","$","R","E","M","T","R","M","E","M","M","R","BOSS","M","?","M","?","M","R","E","M","T","$","E","M","M","M","R","BOSS","BOSS","R","$","E","BOSS"],"items_purchased_type":["Relic","Card"],"build_version":"2020-12-22","purchased_purges":4,"victory":false,"max_hp_per_floor":[68,68,68,68,68,68,68,68,68,68,68,70,72,72,72,74,74,76,78,78,78,78,78,80,82,82,82,82,84,86,88,88,90,90,92,92,94,94,96,96,98,100,100,100,102,104,106,108,110,110,110,110,110,110,112,112,112],"card_choices":[{"not_picked":["ThirdEye","EmptyBody"],"picked":"BowlingBash","floor":1.0},{"not_picked":["ClearTheMind","EmptyBody","Consecrate"],"picked":"SKIP","floor":3.0},{"not_picked":["Collect","ThirdEye"],"picked":"EmptyFist","floor":4.0},{"not_picked":["CutThroughFate","Judgement","Meditate"],"picked":"SKIP","floor":7.0},{"not_picked":["FlyingSleeves","Wish","Halt"],"picked":"Singing Bowl","floor":12.0},{"not_picked":["Evaluate","EmptyMind","ThirdEye"],"picked":"Singing Bowl","floor":13.0},{"not_picked":["WaveOfTheHand","PathToVictory"],"picked":"MentalFortress","floor":14.0},{"not_picked":["Brilliance","Blasphemy","LessonLearned"],"picked":"Singing Bowl","floor":16.0},{"not_picked":["Perseverance","EmptyFist","Fasting2+1"],"picked":"Singing Bowl","floor":18.0},{"not_picked":["LikeWater","Meditate+1","Halt"],"picked":"Singing Bowl","floor":19.0},{"not_picked":["Meditate","CrushJoints"],"picked":"Adaptation","floor":20.0},{"not_picked":["Study","SashWhip","Meditate"],"picked":"Singing Bowl","floor":24.0},{"not_picked":["Fasting2","CarveReality","EmptyMind"],"picked":"Singing Bowl","floor":25.0},{"not_picked":["Evaluate","ClearTheMind"],"picked":"Adaptation","floor":28.0},{"not_picked":["Conclude","Consecrate","Wallop"],"picked":"Singing Bowl","floor":29.0},{"not_picked":["ClearTheMind+1","FlurryOfBlows","PathToVictory"],"picked":"Singing Bowl","floor":30.0},{"not_picked":["PathToVictory","Perseverance","CarveReality"],"picked":"Singing Bowl","floor":31.0},{"not_picked":["ConjureBlade","LessonLearned","Devotion"],"picked":"Singing Bowl","floor":33.0},{"not_picked":["CrushJoints","Conclude","Evaluate+1"],"picked":"Singing Bowl","floor":35.0},{"not_picked":["EmptyFist","SandsOfTime+1","Weave"],"picked":"Singing Bowl","floor":37.0},{"not_picked":["Tantrum","Protect","SashWhip"],"picked":"Singing Bowl","floor":39.0},{"not_picked":["Halt","Tantrum+1","Alpha"],"picked":"Singing Bowl","floor":41.0},{"not_picked":["Wireheading","WindmillStrike","SandsOfTime"],"picked":"Singing Bowl","floor":42.0},{"not_picked":["PathToVictory","WheelKick","BowlingBash"],"picked":"Singing Bowl","floor":45.0},{"not_picked":["JustLucky","Wireheading+1","Protect+1"],"picked":"Singing Bowl","floor":46.0},{"not_picked":["CarveReality","Meditate","Halt+1"],"picked":"Singing Bowl","floor":47.0},{"not_picked":["Perseverance","SashWhip","Sanctity"],"picked":"Singing Bowl","floor":48.0},{"not_picked":["Wallop","Worship","ReachHeaven"],"picked":"Singing Bowl","floor":49.0},{"not_picked":["SandsOfTime","FearNoEvil","Pray+1"],"picked":"Singing Bowl","floor":55.0}],"player_experience":876052,"relics_obtained":[{"floor":7.0,"key":"Meat on the Bone"},{"floor":9.0,"key":"Singing Bowl"},{"floor":12.0,"key":"Vajra"},{"floor":24.0,"key":"Calipers"},{"floor":29.0,"key":"Dream Catcher"},{"floor":41.0,"key":"Whetstone"},{"floor":43.0,"key":"Eternal Feather"},{"floor":45.0,"key":"StrikeDummy"},{"floor":55.0,"key":"Yang"}],"event_choices":[{"cards_removed":["Defend_P"],"damage_healed":0.0,"max_hp_gain":0.0,"max_hp_loss":0.0,"gold_gain":0.0,"event_name":"Wheel of Change","player_choice":"Card Removal","floor":2.0,"gold_loss":0.0,"damage_taken":0.0},{"damage_healed":0.0,"max_hp_gain":0.0,"max_hp_loss":0.0,"gold_gain":0.0,"event_name":"Wheel of Change","player_choice":"Cursed","floor":11.0,"gold_loss":0.0,"damage_taken":0.0,"cards_obtained":["Decay"]},{"cards_removed":["Decay"],"damage_healed":0.0,"max_hp_gain":0.0,"max_hp_loss":0.0,"gold_gain":0.0,"event_name":"Back to Basics","player_choice":"Elegance","floor":21.0,"gold_loss":0.0,"damage_taken":0.0},{"damage_healed":0.0,"max_hp_gain":0.0,"max_hp_loss":0.0,"gold_gain":0.0,"event_name":"Tomb of Lord Red Mask","player_choice":"Ignored","floor":36.0,"gold_loss":0.0,"damage_taken":0.0},{"cards_removed":["BowlingBash"],"damage_healed":0.0,"max_hp_gain":0.0,"max_hp_loss":0.0,"gold_gain":0.0,"event_name":"Falling","player_choice":"Removed Attack","floor":38.0,"gold_loss":0.0,"damage_taken":0.0}],"is_beta":false,"boss_relics":[{"not_picked":["Astrolabe","Fusion Hammer"],"picked":"VioletLotus"},{"not_picked":["Runic Dome","Velvet Choker"],"picked":"Sozu"}],"items_purged_floors":[5,8,44,54],"is_endless":false,"potions_floor_spawned":[4,12,14,16,24,29,31,35,39,47,48,55],"killed_by":"The Heart","ascension_level":20}}