{"host":"oi6p1guiqfwwvxym","time":1611892665,"event":{"mods":["BaseMod","Bestiary","Colored Map","Minty Spire (QoL Compilation)","Relic Stats"],"gold_per_floor":[113,39,39,56,67,67,78,111,111,111,111],"floor_reached":10,"language":"ENG","playtime":498,"items_purged":[],"score":102,"play_id":"96ce1c02-a63a-4a48-ad89-a5fa68700c72","local_time":"20210128195745","is_ascension_mode":true,"campfire_choices":[{"data":"Crippling Poison","floor":6,"key":"SMITH"}],"circlet_count":0,"master_deck":["AscendersBane","Strike_G","Strike_G","Strike_G","Strike_G","Strike_G","Defend_G","Defend_G","Defend_G","Defend_G","Defend_G","Survivor","Neutralize","Deadly Poison","Crippling Poison+1","Sucker Punch","PiercingWail","Predator","Bouncing Flask"],"relics":["SacredBark","Toy Ornithopter","Potion Belt"],"acts_visited":["Exordium"],"potions_floor_usage":[],"damage_taken":[{"damage":3,"enemies":"Small Slimes","floor":1,"turns":6},{"damage":7,"enemies":"Jaw Worm","floor":4,"turns":6},{"damage":5,"enemies":"2 Louse","floor":5,"turns":4},{"damage":0,"enemies":"2 Fungi Beasts","floor":7,"turns":3},{"damage":28,"enemies":"Gremlin Nob","floor":8,"turns":5},{"damage":24,"enemies":"3 Sentries","floor":10,"turns":4}],"seed_played":"-9173158056296009522","potions_obtained":[{"floor":8,"key":"FearPotion"}],"is_trial":false,"path_per_floor":["M","$","?","M","M","R","M","E","T","E"],"character_chosen":"THE_SILENT","items_purchased":["Crippling Poison"],"campfire_rested":0,"item_purchase_floors":[2],"current_hp_per_floor":[60,60,60,53,48,48,48,20,20,0,0],"gold":111,"neow_bonus":"BOSS_RELIC","is_daily":false,"chose_seed":false,"campfire_upgraded":1,"win_rate":0.0,"timestamp":1611892665,"path_taken":["M","$","?","M","M","R","M","E","T","E"],"items_purchased_type":["Card"],"build_version":"2020-12-22","purchased_purges":0,"victory":false,"max_hp_per_floor":[70,70,70,70,70,70,70,70,70,70,70],"relic_stats":{"counters":[6,28],"obtain_stats":[{"Potion Belt":9,"SacredBark":0,"Toy Ornithopter":8,"Ring of the Snake":0},{"Potion Belt":5,"SacredBark":0,"Toy Ornithopter":5,"Ring of the Snake":0},{"Potion Belt":24,"SacredBark":0,"Toy Ornithopter":24,"Ring of the Snake":0}],"Toy Ornithopter":0},"card_choices":[{"not_picked":["Backflip","Flying Knee"],"picked":"Deadly Poison","floor":1},{"not_picked":["Outmaneuver","Flechettes"],"picked":"Sucker Punch","floor":4},{"not_picked":["Riddle With Holes","Flying Knee"],"picked":"PiercingWail","floor":5},{"not_picked":["Dagger Spray","Adrenaline"],"picked":"Predator","floor":7},{"not_picked":["Slice","Sucker Punch"],"picked":"Bouncing Flask","floor":8}],"player_experience":413795,"relics_obtained":[{"floor":8,"key":"Toy Ornithopter"},{"floor":9,"key":"Potion Belt"}],"event_choices":[{"damage_healed":0,"gold_gain":0,"player_choice":"Ignored","damage_taken":0,"max_hp_gain":0,"max_hp_loss":0,"event_name":"Liars Game","floor":3,"gold_loss":0}],"is_beta":false,"boss_relics":[],"items_purged_floors":[],"is_endless":false,"potions_floor_spawned":[8],"killed_by":"3 Sentries","ascension_level":10}}