{"host":"r30v8u1rjd8by1xk","time":1611910002,"event":{"mods":["Act Like it!","Aspiration","BaseMod","Gensokyo","Jedi Mod","KinomotoSakuraMod(ƒæ÷Æ±æ”£)","Marisa£®ÏF”Í°°ƒß¿Ì…≥£©","Minty Spire (QoL Compilation)","Reimu£®≤©¿ˆ¡È√Œ£©","Remilia£®¿Ÿ√◊¿Ú—«£©","Replay The Spire","StSLib","Td1madao Mod","The Bug Knight","The Senshi","The Servant 0.9.4","Youmu£®ªÍ∆«—˝√Œ£©","°æ“≈ŒÔø®≈∆°øREMEMod"],"gold_per_floor":[109,123,123,139,149,149,149],"floor_reached":6,"language":"ZHS","playtime":707,"items_purged":[],"score":38,"play_id":"33c89bff-4e45-4eb4-8c45-aa01ccae633c","local_time":"20210129164642","is_ascension_mode":false,"campfire_choices":[],"circlet_count":0,"master_deck":["Strike_P","Strike_P","Strike_P","Strike_P","Defend_P","Defend_P","Defend_P","Defend_P","Eruption+1","Vigilance","Setup","Replay:ManipulateFuture","Replay:Cycle","Tantrum","SashWhip"],"relics":["PureWater","REME_ComplimentaryCards"],"acts_visited":["Exordium"],"potions_floor_usage":[5],"damage_taken":[{"damage":5,"enemies":"Jaw Worm","floor":1,"turns":4},{"damage":1,"enemies":"Cultist","floor":2,"turns":5},{"damage":0,"enemies":"2 Louse","floor":4,"turns":2},{"damage":8,"enemies":"Red Slaver","floor":5,"turns":2},{"damage":18,"enemies":"Lagavulin","floor":6,"turns":7}],"seed_played":"-5947196403389709349","potions_obtained":[{"floor":1,"key":"Explosive Potion"},{"floor":4,"key":"GamblersBrew"}],"is_trial":false,"path_per_floor":["M","M","?","M","M","E"],"character_chosen":"WATCHER","items_purchased":[],"campfire_rested":0,"item_purchase_floors":[],"current_hp_per_floor":[74,73,73,73,65,47,47],"gold":149,"neow_bonus":"TEN_PERCENT_HP_BONUS","is_daily":false,"chose_seed":false,"campfire_upgraded":0,"win_rate":0.0,"timestamp":1611910002,"path_taken":["M","M","?","?","M","E"],"items_purchased_type":[],"build_version":"2020-12-22","purchased_purges":0,"victory":false,"max_hp_per_floor":[79,79,79,79,79,79,79],"card_choices":[{"not_picked":["BowlingBash","Crescendo"],"picked":"Replay:ManipulateFuture","floor":1},{"not_picked":["WaveOfTheHand","JustLucky"],"picked":"Replay:Cycle","floor":2},{"not_picked":["CrushJoints","EmptyFist"],"picked":"Tantrum","floor":4},{"not_picked":["Replay:Hum","Meditate"],"picked":"SashWhip","floor":5}],"player_experience":392788,"relics_obtained":[],"event_choices":[{"damage_healed":0,"gold_gain":0,"player_choice":"Upgraded","damage_taken":0,"max_hp_gain":0,"max_hp_loss":0,"event_name":"Upgrade Shrine","floor":3,"gold_loss":0,"cards_upgraded":["Eruption"]}],"is_beta":false,"boss_relics":[],"items_purged_floors":[],"is_endless":false,"potions_floor_spawned":[1,4],"killed_by":"Lagavulin","ascension_level":0}}