{"host":"lfvf97io7xuhaz8c","time":1611939164,"event":{"mods":["2.2 Compatiblity","BaseMod","Bestiary","Colored Map","Colored Powertips","Curses Come First","Highlight Path","Keyboard Shortcuts","Minty Spire (QoL Compilation)","Relic Stats","StSLib","SuperFastMode"],"gold_per_floor":[119,133,2,16,29,29,62,62,62,88,120,160,184,210,222,332,344,372,416,428,456,482,494,27,52,106,122,122,122,122,142,142,142,142],"floor_reached":33,"language":"FRA","playtime":2726,"items_purged":["Defend_G"],"score":361,"play_id":"563bfe88-7be4-47de-8108-28ba83c2c530","local_time":"20210129175244","is_ascension_mode":true,"campfire_choices":[{"data":"Cloak And Dagger","floor":6,"key":"SMITH"},{"data":"Envenom","floor":8,"key":"SMITH"},{"floor":15,"key":"REST"},{"data":"Defend_G","floor":23,"key":"PURGE"},{"floor":29,"key":"REST"},{"floor":32,"key":"REST"}],"circlet_count":0,"master_deck":["Strike_G+1","Strike_G+1","Strike_G+1","Strike_G+1","Strike_G+1","Defend_G+1","Defend_G+1","Defend_G+1","Survivor","Neutralize","Backflip","Cloak And Dagger+1","Quick Slash","Slice","Poisoned Stab","Envenom+1","Backstab","Leg Sweep","Blade Dance","Tools of the Trade","Blur+1","Deflect","Adrenaline","Cloak And Dagger+1","Terror","Dagger Spray","Bullet Time","Underhanded Strike+1","Catalyst+1"],"relics":["SacredBark","StrikeDummy","HornCleat","MawBank","Dream Catcher","HoveringKite","Red Mask","Peace Pipe","Matryoshka","Boot","Kunai","War Paint","Singing Bowl"],"acts_visited":["Exordium","TheCity"],"potions_floor_usage":[5,7,7,12,19,21,25,27],"damage_taken":[{"damage":0,"enemies":"Small Slimes","floor":1,"turns":6},{"damage":0,"enemies":"Cultist","floor":2,"turns":4},{"damage":0,"enemies":"Jaw Worm","floor":4,"turns":5},{"damage":9,"enemies":"3 Louse","floor":5,"turns":4},{"damage":10,"enemies":"3 Sentries","floor":7,"turns":6},{"damage":13,"enemies":"Lagavulin","floor":10,"turns":6},{"damage":0,"enemies":"Exordium Wildlife","floor":11,"turns":2},{"damage":2,"enemies":"3 Sentries","floor":12,"turns":6},{"damage":0,"enemies":"Looter","floor":13,"turns":2},{"damage":0,"enemies":"Blue Slaver","floor":14,"turns":4},{"damage":24,"enemies":"The Guardian","floor":16,"turns":12},{"damage":18,"enemies":"Spheric Guardian","floor":18,"turns":6},{"damage":0,"enemies":"Masked Bandits","floor":19,"turns":3},{"damage":0,"enemies":"3 Byrds","floor":21,"turns":4},{"damage":0,"enemies":"Centurion and Healer","floor":22,"turns":5},{"damage":18,"enemies":"Slavers","floor":25,"turns":6},{"damage":10,"enemies":"3 Cultists","floor":27,"turns":5},{"damage":0,"enemies":"Shelled Parasite and Fungi","floor":31,"turns":5},{"damage":63,"enemies":"Automaton","floor":33,"turns":6}],"seed_played":"-6338975794434726326","potions_obtained":[{"floor":1,"key":"Dexterity Potion"},{"floor":2,"key":"SteroidPotion"},{"floor":11,"key":"Energy Potion"},{"floor":14,"key":"Dexterity Potion"},{"floor":16,"key":"Strength Potion"},{"floor":18,"key":"Fire Potion"},{"floor":19,"key":"Ancient Potion"},{"floor":25,"key":"FearPotion"}],"is_trial":false,"path_per_floor":["M","M","$","M","M","R","E","R","T","E","M","E","M","M","R","B",null,"M","?","?","M","M","R","$","E","T","M","?","R","?","M","R","B"],"character_chosen":"THE_SILENT","items_purchased":["Quick Slash","DistilledChaos","Matryoshka","Boot"],"campfire_rested":3,"item_purchase_floors":[3,3,24,24],"current_hp_per_floor":[70,70,70,70,61,61,51,51,51,38,38,36,36,36,57,33,61,43,43,43,43,43,43,43,25,25,15,15,38,25,25,48,0,0],"gold":142,"neow_bonus":"BOSS_RELIC","is_daily":false,"chose_seed":false,"campfire_upgraded":2,"win_rate":0.0,"timestamp":1611939164,"path_taken":["M","M","$","M","M","R","E","R","T","E","M","E","M","M","R","BOSS","M","?","?","?","M","R","$","E","T","M","?","R","?","M","R","BOSS"],"items_purchased_type":["Card","Potion","Relic","Relic"],"build_version":"2020-12-22","purchased_purges":1,"victory":false,"max_hp_per_floor":[70,70,70,70,70,70,70,70,70,70,70,70,70,70,70,70,70,70,70,70,70,70,70,70,70,70,70,70,72,77,77,77,77,77],"relic_stats":{"Peace Pipe":1,"Dream Catcher":3,"Singing Bowl":2,"counters":[19,97],"HoveringKite":[15],"Kunai":[14],"War Paint":["Blur","Defend_G"],"MawBank":168,"Boot":[45],"obtain_stats":[{"Singing Bowl":26,"SacredBark":0,"HoveringKite":17,"War Paint":26,"MawBank":10,"Boot":24,"Peace Pipe":20,"Dream Catcher":12,"HornCleat":9,"Matryoshka":24,"Red Mask":19,"Kunai":25,"StrikeDummy":7,"Ring of the Snake":0},{"Singing Bowl":16,"SacredBark":0,"HoveringKite":11,"War Paint":16,"MawBank":6,"Boot":15,"Peace Pipe":13,"Dream Catcher":8,"HornCleat":5,"Matryoshka":15,"Red Mask":13,"Kunai":16,"StrikeDummy":5,"Ring of the Snake":0},{"Singing Bowl":81,"SacredBark":0,"HoveringKite":57,"War Paint":81,"MawBank":31,"Boot":75,"Peace Pipe":66,"Dream Catcher":39,"HornCleat":25,"Matryoshka":75,"Red Mask":66,"Kunai":81,"StrikeDummy":25,"Ring of the Snake":0}]},"card_choices":[{"not_picked":["Well Laid Plans","Bane"],"picked":"Backflip","floor":1},{"not_picked":["Backflip","Dagger Throw"],"picked":"Cloak And Dagger","floor":2},{"not_picked":["PiercingWail","Heel Hook"],"picked":"Slice","floor":4},{"not_picked":["Outmaneuver","Flechettes"],"picked":"Poisoned Stab","floor":5},{"not_picked":["Deadly Poison","Skewer"],"picked":"Envenom","floor":7},{"not_picked":["Quick Slash","Expertise"],"picked":"Backstab","floor":10},{"not_picked":["Sucker Punch","Expertise"],"picked":"Leg Sweep","floor":11},{"not_picked":["Bane","Deflect"],"picked":"Blade Dance","floor":12},{"not_picked":["PiercingWail","Dodge and Roll"],"picked":"Tools of the Trade","floor":13},{"not_picked":["Sucker Punch","PiercingWail"],"picked":"Blur","floor":14},{"not_picked":["Bane","Prepared"],"picked":"Deflect","floor":15},{"not_picked":["Burst","Wraith Form v2"],"picked":"Adrenaline","floor":16},{"not_picked":["Well Laid Plans+1","Sucker Punch+1"],"picked":"Cloak And Dagger+1","floor":18},{"not_picked":["Masterful Stab","Dodge and Roll+1"],"picked":"Terror","floor":21},{"not_picked":["Outmaneuver","Dash"],"picked":"Dagger Spray","floor":22},{"not_picked":["Leg Sweep","Riddle With Holes","Poisoned Stab"],"picked":"SKIP","floor":25},{"not_picked":["Acrobatics","Choke"],"picked":"Bullet Time","floor":27},{"not_picked":["Quick Slash","Deadly Poison","Leg Sweep"],"picked":"Singing Bowl","floor":29},{"not_picked":["Cloak And Dagger","Flying Knee"],"picked":"Underhanded Strike+1","floor":31},{"not_picked":["Dodge and Roll","Backstab"],"picked":"Catalyst+1","floor":32}],"player_experience":1465665,"relics_obtained":[{"floor":7,"key":"StrikeDummy"},{"floor":9,"key":"HornCleat"},{"floor":10,"key":"MawBank"},{"floor":12,"key":"Dream Catcher"},{"floor":19,"key":"Red Mask"},{"floor":25,"key":"Kunai"},{"floor":26,"key":"War Paint"},{"floor":26,"key":"Singing Bowl"}],"event_choices":[{"damage_healed":0,"gold_gain":0,"player_choice":"Fought Bandits","damage_taken":0,"max_hp_gain":0,"max_hp_loss":0,"event_name":"Masked Bandits","floor":19,"gold_loss":0},{"damage_healed":0,"gold_gain":0,"player_choice":"Gave Potion","damage_taken":0,"relics_obtained":["Peace Pipe"],"max_hp_gain":0,"max_hp_loss":0,"event_name":"WeMeetAgain","floor":20,"gold_loss":0},{"damage_healed":0,"gold_gain":0,"player_choice":"Simplicity","damage_taken":0,"max_hp_gain":0,"max_hp_loss":0,"event_name":"Back to Basics","floor":28,"gold_loss":0,"cards_upgraded":["Strike_G","Strike_G","Strike_G","Strike_G","Strike_G","Defend_G","Defend_G"]},{"damage_healed":0,"gold_gain":0,"player_choice":"Shed Blood","damage_taken":18,"max_hp_gain":5,"max_hp_loss":0,"event_name":"Forgotten Altar","floor":30,"gold_loss":0}],"is_beta":false,"boss_relics":[{"not_picked":["Cursed Key","Coffee Dripper"],"picked":"HoveringKite"}],"items_purged_floors":[24],"is_endless":false,"potions_floor_spawned":[1,2,11,14,16,18,19,25],"killed_by":"Automaton","ascension_level":5}}