{"host":"takgv9cv6xf64vhq","time":1611961019,"event":{"mods":["BaseMod","Colored Powertips","Downfall","Hubris","LagranYue(拉格朗・月)","Marisa（F雨　魔理沙）","Minty Spire (QoL Compilation)","Replay The Spire","StSLib","The Animator","The Cursed","The Jungle","TheHeartMod"],"gold_per_floor":[117,67,84,84,103,103,121,121,146,157,257,26,26,59,59,159,159,171,184,184,84,94,123,133,145,220,135,164,179,204,238,238,358,358,376,75,96,118,118,160,217,217,217],"floor_reached":42,"language":"ZHS","playtime":2218,"items_purged":["hubris:Envy","downfall:Bewildered","Doubt"],"score":620,"play_id":"9e6c034e-a339-49a4-a951-eb34b886516c","local_time":"20210130065659","is_ascension_mode":true,"campfire_choices":[{"data":"Hologram","floor":6.0,"key":"SMITH"},{"data":"White Noise","floor":13.0,"key":"SMITH"},{"data":"Gash","floor":15.0,"key":"SMITH"},{"data":"Beam Cell","floor":32.0,"key":"SMITH"}],"circlet_count":0,"master_deck":["Strike_B","Defend_B","Defend_B+1","Defend_B","Zap","Dualcast","Steam+1","Mirror Shield+1","Gash+1","Gash","Terror+1","Hologram+1","White Noise+1","Beam Cell+1","CurseOfTheBell","CurseOfTheBell","All For One","Core Surge","Electrodynamics","Biased Cognition","Chill+1","Go for the Eyes+1","Turbo","Gash+1","Heatsinks","Capacitor","Compile Driver","Panic Button+1","Seek","BasicCrystalCard","Cold Snap","Mirror Shield","Ball Lightning","Doom and Gloom+1"],"relics":["Astrolabe","downfall:ExtraCursedBell","hubris:BallOfYels","Onion Ring","CaptainsWheel","Carrot","hubris:Stopwatch","ReplayTheSpireMod:Ring of Exchange","Ring of Panic","Pen Nib","Letter Opener","Counterbalance","Replay:Bandana","Bag of Preparation","Coffee Dripper","Bag of Marbles","Sundial","CatCart"],"acts_visited":["Exordium","TheCity","TheBeyond"],"potions_floor_usage":[],"damage_taken":[{"damage":0.0,"enemies":"2 Louse","floor":1.0,"turns":3.0},{"damage":0.0,"enemies":"Jaw Worm","floor":3.0,"turns":2.0},{"damage":0.0,"enemies":"Cultist","floor":5.0,"turns":4.0},{"damage":0.0,"enemies":"Exordium Wildlife","floor":7.0,"turns":3.0},{"damage":6.0,"enemies":"3 Louse","floor":10.0,"turns":3.0},{"damage":0.0,"enemies":"Gremlin Nob","floor":14.0,"turns":4.0},{"damage":8.0,"enemies":"Slime Boss","floor":16.0,"turns":5.0},{"damage":5.0,"enemies":"Shell Parasite","floor":18.0,"turns":5.0},{"damage":0.0,"enemies":"2 Thieves","floor":19.0,"turns":2.0},{"damage":0.0,"enemies":"Snecko","floor":22.0,"turns":6.0},{"damage":3.0,"enemies":"Book of Stabbing","floor":23.0,"turns":4.0},{"damage":12.0,"enemies":"Chosen and Byrds","floor":24.0,"turns":5.0},{"damage":0.0,"enemies":"3 Cultists","floor":25.0,"turns":2.0},{"damage":0.0,"enemies":"Replay:Snechameleon","floor":28.0,"turns":3.0},{"damage":0.0,"enemies":"Cultist and Chosen","floor":29.0,"turns":5.0},{"damage":20.0,"enemies":"Snake Plant","floor":30.0,"turns":3.0},{"damage":0.0,"enemies":"Slavers","floor":31.0,"turns":2.0},{"damage":23.0,"enemies":"Champ","floor":33.0,"turns":8.0},{"damage":0.0,"enemies":"3 Darklings","floor":35.0,"turns":2.0},{"damage":3.0,"enemies":"Orb Walker","floor":37.0,"turns":2.0},{"damage":11.0,"enemies":"3 Darklings","floor":38.0,"turns":4.0},{"damage":0.0,"enemies":"Reptomancer","floor":40.0,"turns":5.0},{"damage":0.0,"enemies":"Orin","floor":41.0,"turns":8.0},{"damage":0,"enemies":"Giant Head","floor":42,"turns":1}],"seed_played":"-7123556137638657665","potions_obtained":[{"floor":1.0,"key":"Elixir"},{"floor":5.0,"key":"Weak Potion"},{"floor":10.0,"key":"LiquidBronze"},{"floor":19.0,"key":"GamblersBrew"},{"floor":23.0,"key":"Explosive Potion"},{"floor":25.0,"key":"Explosive Potion"},{"floor":28.0,"key":"PowerPotion"},{"floor":30.0,"key":"SneckoOil"},{"floor":37.0,"key":"SpeedPotion"},{"floor":40.0,"key":"PotionOfCapacity"}],"is_trial":false,"path_per_floor":["M","?","M","?","M","R","M","?","T","M","?","$","R","E","R","B",null,"M","M","?","$","M","E","M","M","T","?","E","M","M","E","R","B",null,"M","$","M","M","?","E","?","E"],"character_chosen":"DEFECT","items_purchased":["Core Surge","BasicCrystalCard","Bag of Marbles"],"campfire_rested":0,"item_purchase_floors":[12,36,36],"current_hp_per_floor":[75,75,75,75,75,75,75,60,60,54,54,54,54,54,54,46,75,70,70,70,70,70,67,55,55,55,55,55,55,35,35,35,12,75,75,75,72,61,61,61,61,61,61],"gold":217,"neow_bonus":"BOSS_RELIC","is_daily":false,"chose_seed":false,"campfire_upgraded":4,"win_rate":0.0,"timestamp":1611961019,"path_taken":["M","?","M","?","M","R","?","?","T","M","?","?","R","E","R","BOSS","M","M","?","?","M","E","M","M","T","?","E","M","M","E","R","BOSS","M","$","M","M","?","E","?","E"],"items_purchased_type":["Card","Card","Relic"],"build_version":"2020-12-22","purchased_purges":3,"victory":false,"max_hp_per_floor":[75,75,75,75,75,75,75,75,75,75,75,75,75,75,75,75,75,75,75,75,75,75,75,75,75,75,75,75,75,75,75,75,75,75,75,75,75,75,75,75,75,75,75],"card_choices":[{"not_picked":["Redo","Doom and Gloom"],"picked":"Gash","floor":1.0},{"not_picked":["Cold Snap","Hologram"],"picked":"Gash","floor":3.0},{"not_picked":["Go for the Eyes","Rebound"],"picked":"Hologram","floor":5.0},{"not_picked":["Static Discharge","Coolheaded"],"picked":"White Noise","floor":7.0},{"not_picked":["Stack","Go for the Eyes"],"picked":"Beam Cell","floor":10.0},{"not_picked":["Genetic Algorithm","Conserve Battery"],"picked":"Electrodynamics","floor":14.0},{"not_picked":["Electrodynamics","Multi-Cast"],"picked":"Biased Cognition","floor":16.0},{"not_picked":["Gash","Beam Cell"],"picked":"Chill+1","floor":18.0},{"not_picked":["Ball Lightning","Rebound"],"picked":"Panic Button","floor":19.0},{"not_picked":["Genetic Algorithm","ReplayTheSpireMod:GoodbyeWorld"],"picked":"Go for the Eyes+1","floor":22.0},{"not_picked":["ReplayTheSpireMod:Repulse","ReplayTheSpireMod:GoodbyeWorld"],"picked":"Turbo","floor":23.0},{"not_picked":["ReplayTheSpireMod:Reroute Power","Leap"],"picked":"Gash+1","floor":24.0},{"not_picked":["Amplify","Streamline"],"picked":"Heatsinks","floor":25.0},{"not_picked":["Turbo","Panic Button"],"picked":"Capacitor","floor":28.0},{"not_picked":["BootSequence","Auto Shields","Hologram"],"picked":"SKIP","floor":29.0},{"not_picked":["Streamline","Sweeping Beam"],"picked":"Compile Driver","floor":30.0},{"not_picked":["hubris:Prefetch","Stack+1"],"picked":"Panic Button+1","floor":31.0},{"not_picked":["hubris:DoWhile","ReplayRNGCard"],"picked":"Seek","floor":33.0},{"not_picked":["Streamline+1","Rebound+1","Time Bomb"],"picked":"SKIP","floor":35.0},{"not_picked":["Stack","Conserve Battery+1"],"picked":"Cold Snap","floor":37.0},{"not_picked":["Beam Cell","ReplayTheSpireMod:GoodbyeWorld+1"],"picked":"Mirror Shield","floor":38.0},{"not_picked":["Auto Shields","Scrape"],"picked":"Ball Lightning","floor":40.0},{"not_picked":["Streamline","Conserve Battery"],"picked":"Doom and Gloom+1","floor":41.0}],"player_experience":210008,"relics_obtained":[{"floor":11.0,"key":"hubris:BallOfYels"},{"floor":11.0,"key":"Onion Ring"},{"floor":11.0,"key":"CaptainsWheel"},{"floor":14.0,"key":"Carrot"},{"floor":20.0,"key":"ReplayTheSpireMod:Ring of Exchange"},{"floor":20.0,"key":"Ring of Panic"},{"floor":23.0,"key":"Pen Nib"},{"floor":26.0,"key":"Letter Opener"},{"floor":28.0,"key":"Replay:Bandana"},{"floor":31.0,"key":"Bag of Preparation"},{"floor":40.0,"key":"Sundial"},{"floor":41.0,"key":"CatCart"}],"event_choices":[{"cards_removed":["Defend_B"],"damage_healed":0.0,"max_hp_gain":0.0,"max_hp_loss":0.0,"gold_gain":0.0,"event_name":"The Cleric","player_choice":"Card Removal","floor":2.0,"gold_loss":50.0,"damage_taken":0.0},{"cards_removed":["Amplify"],"damage_healed":0.0,"max_hp_gain":0.0,"max_hp_loss":0.0,"gold_gain":0.0,"event_name":"NoteForYourself","player_choice":"Took Card","floor":4.0,"gold_loss":0.0,"damage_taken":0.0,"cards_obtained":["Terror"]},{"damage_healed":0.0,"max_hp_gain":0.0,"max_hp_loss":0.0,"gold_gain":0.0,"event_name":"Shining Light","player_choice":"Entered Light","floor":8.0,"gold_loss":0.0,"damage_taken":15.0,"cards_upgraded":["Defend_B","Terror"]},{"damage_healed":0.0,"max_hp_gain":0.0,"max_hp_loss":0.0,"gold_gain":0.0,"event_name":"Addict","player_choice":"Obtained Relic","floor":27.0,"gold_loss":85.0,"damage_taken":0.0,"relics_obtained":["Counterbalance"]},{"cards_removed":["Panic Button"],"damage_healed":0.0,"max_hp_gain":0.0,"max_hp_loss":0.0,"gold_gain":0.0,"event_name":"Falling","player_choice":"Removed Skill","floor":39.0,"gold_loss":0.0,"damage_taken":0.0},{"damage_healed":0.0,"max_hp_gain":0.0,"max_hp_loss":0.0,"gold_gain":0.0,"event_name":"OrinTheCat","player_choice":"Fight","floor":41.0,"gold_loss":0.0,"damage_taken":0.0}],"is_beta":false,"boss_relics":[{"not_picked":["Runic Dome","Snecko Eye"],"picked":"hubris:Stopwatch"},{"not_picked":["ClockworkSouvenir","Fusion Hammer"],"picked":"Coffee Dripper"}],"items_purged_floors":[12,21,36],"is_endless":false,"potions_floor_spawned":[1,5,10,19,23,25,28,30,37,40],"killed_by":"Giant Head","ascension_level":1}}