{"host":"pdsyh71gl8fwuuoe","time":1611902014,"event":{"mods":["AchievementEnabler","Ascension Unlocker","BaseMod","Bestiary","Colored Powertips","Curses Come First","Custom Start","Highlight Path","Minty Spire (QoL Compilation)","Permanent Neow","Quick Restart","Relic Stats","StSLib"],"gold_per_floor":[115,125,200,200,219,244,244,244,244,244,244,255,281,2,2,2,2],"floor_reached":16,"language":"ENG","playtime":670,"items_purged":[],"score":165,"play_id":"41a4c54b-2ab9-4274-bd1f-2a8ea3f31967","local_time":"20210129013334","is_ascension_mode":true,"campfire_choices":[{"floor":8,"key":"REST"},{"data":"Capacitor","floor":11,"key":"SMITH"},{"data":"Loop","floor":15,"key":"SMITH"}],"circlet_count":0,"master_deck":["AscendersBane","Strike_B","Strike_B","Strike_B","Strike_B","Defend_B","Defend_B","Defend_B","Defend_B","Zap","Dualcast","Cold Snap","Echo Form+1","Compile Driver","Capacitor+1","Loop+1","Coolheaded+1","Apotheosis+1","Coolheaded+1","Double Energy+1"],"relics":["Cracked Core","Potion Belt","Du-Vu Doll","White Beast Statue","Toxic Egg 2"],"acts_visited":["Exordium"],"potions_floor_usage":[7,13,16],"damage_taken":[{"damage":0,"enemies":"Small Slimes","floor":1,"turns":3},{"damage":5,"enemies":"Cultist","floor":2,"turns":5},{"damage":5,"enemies":"Jaw Worm","floor":5,"turns":3},{"damage":38,"enemies":"3 Sentries","floor":6,"turns":9},{"damage":0,"enemies":"Gremlin Gang","floor":7,"turns":1},{"damage":14,"enemies":"Red Slaver","floor":12,"turns":5},{"damage":3,"enemies":"Lagavulin","floor":13,"turns":6},{"damage":32,"enemies":"Slime Boss","floor":16,"turns":3}],"seed_played":"-6841380295602782407","potions_obtained":[{"floor":2,"key":"FocusPotion"},{"floor":5,"key":"SmokeBomb"},{"floor":12,"key":"ColorlessPotion"},{"floor":13,"key":"Strength Potion"}],"is_trial":false,"path_per_floor":["M","M","?","?","M","E","M","R","T","?","R","M","E","$","R","B"],"character_chosen":"DEFECT","items_purchased":["Apotheosis+1","Coolheaded+1","Double Energy+1"],"campfire_rested":1,"item_purchase_floors":[14,14,14],"current_hp_per_floor":[68,63,52,52,47,9,9,31,31,31,31,17,14,14,14,0,0],"gold":2,"neow_bonus":"RANDOM_COMMON_RELIC","is_daily":false,"chose_seed":false,"campfire_upgraded":2,"win_rate":0.0,"timestamp":1611902014,"path_taken":["M","M","?","?","?","E","?","R","T","?","R","M","E","$","R","BOSS"],"items_purchased_type":["Card","Card","Card"],"build_version":"2020-12-22","purchased_purges":0,"victory":false,"max_hp_per_floor":[75,75,75,75,75,75,75,75,75,75,75,75,75,75,75,75,75],"relic_stats":{"counters":[8,35],"obtain_stats":[{"Potion Belt":0,"Du-Vu Doll":6,"Toxic Egg 2":13,"Cracked Core":0,"White Beast Statue":9},{"Potion Belt":0,"Du-Vu Doll":4,"Toxic Egg 2":7,"Cracked Core":0,"White Beast Statue":5},{"Potion Belt":0,"Du-Vu Doll":20,"Toxic Egg 2":32,"Cracked Core":0,"White Beast Statue":21}]},"card_choices":[{"not_picked":["Coolheaded","Gash"],"picked":"Cold Snap","floor":1},{"not_picked":["Cold Snap","Gash"],"picked":"Echo Form","floor":2},{"not_picked":["Steam","Storm"],"picked":"Compile Driver","floor":5},{"not_picked":["Leap","Tempest","Stack"],"picked":"SKIP","floor":6},{"not_picked":["Force Field","Conserve Battery"],"picked":"Loop","floor":12},{"not_picked":["Hello World","Go for the Eyes"],"picked":"Coolheaded+1","floor":13}],"player_experience":408494,"relics_obtained":[{"floor":6,"key":"Du-Vu Doll"},{"floor":9,"key":"White Beast Statue"},{"floor":13,"key":"Toxic Egg 2"}],"event_choices":[{"damage_healed":0,"gold_gain":75,"player_choice":"Gather Gold","damage_taken":11,"max_hp_gain":0,"max_hp_loss":0,"event_name":"World of Goop","floor":3,"gold_loss":0},{"damage_healed":0,"gold_gain":0,"player_choice":"Forge","damage_taken":0,"max_hp_gain":0,"max_hp_loss":0,"event_name":"Accursed Blacksmith","floor":4,"gold_loss":0,"cards_upgraded":["Echo Form"]},{"damage_healed":0,"gold_gain":0,"player_choice":"1 cards matched","damage_taken":0,"max_hp_gain":0,"max_hp_loss":0,"event_name":"Match and Keep!","floor":10,"gold_loss":0,"cards_obtained":["Capacitor"]}],"is_beta":false,"boss_relics":[],"items_purged_floors":[],"is_endless":false,"potions_floor_spawned":[2,5,12,13],"killed_by":"Slime Boss","ascension_level":10}}