{"host":"36nosutyzulbwemu","time":1611915092,"event":{"mods":["BaseMod","Marisa£®ÏF”Í°°ƒß¿Ì…≥£©","Minty Spire (QoL Compilation)","Reliquary","Replay The Spire","Shop Mod","StSLib","The Bug Knight","The Servant 0.9.4"],"gold_per_floor":[130,189,189,189,220,220,250,290,337,374,404,459,73,137,137,137,137],"floor_reached":16,"language":"ZHS","playtime":1329,"items_purged":[],"score":105,"play_id":"e3114a21-ff43-4f9d-a7c8-42d783256e17","local_time":"20210129181132","is_ascension_mode":false,"campfire_choices":[{"floor":6,"key":"RECALL"},{"floor":15,"key":"DIG"}],"circlet_count":0,"master_deck":["Strike_S+1","Strike_S","Strike_S","Strike_S","Defend_S","Defend_S","Defend_S","Defend_S","KidneyShot","Exchange","HandOfGreed","SpecialFormula","FastForward","ShiftingGears","RealityMarble","TimeWarp+1","StarChef","Revamp","BottledTime","ReplayTheSpireMod:IOU","BestPractice","Defy"],"relics":["Uniform","Mercury Hourglass","Spirit Poop","reliquary:Stiletto","reliquary:WeakTea","ReplayTheSpireMod:CursedCoin","Shovel","Whetstone","reliquary:SharkskinSheath"],"acts_visited":["Exordium"],"potions_floor_usage":[7,8,16],"damage_taken":[{"damage":4,"enemies":"Small Slimes","floor":1,"turns":3},{"damage":0,"enemies":"2 Louse","floor":2,"turns":4},{"damage":0,"enemies":"Cultist","floor":5,"turns":5},{"damage":11,"enemies":"Gremlin Nob","floor":7,"turns":4},{"damage":4,"enemies":"Blue Slaver","floor":8,"turns":3},{"damage":0,"enemies":"3 Louse","floor":10,"turns":5},{"damage":11,"enemies":"Lots of Slimes","floor":11,"turns":3},{"damage":11,"enemies":"Exordium Thugs","floor":12,"turns":4},{"damage":0,"enemies":"2 Fungi Beasts","floor":14,"turns":2},{"damage":35,"enemies":"Fading Forest","floor":16,"turns":10}],"seed_played":"42918","potions_obtained":[{"floor":1,"key":"Languid Potion"},{"floor":5,"key":"SteroidPotion"},{"floor":7,"key":"DistilledChaos"},{"floor":12,"key":"SkillPotion"}],"is_trial":false,"path_per_floor":["M","M","?","?","M","R","E","M","T","M","M","M","$","M","R","B"],"character_chosen":"THE_SERVANT","items_purchased":["ReplayTheSpireMod:CursedCoin","Shovel","Whetstone","BestPractice"],"campfire_rested":0,"item_purchase_floors":[13,13,13,13],"current_hp_per_floor":[43,48,48,48,53,53,47,48,48,53,47,41,41,41,41,11,11],"gold":137,"neow_bonus":"RANDOM_COLORLESS_2","is_daily":false,"chose_seed":true,"campfire_upgraded":0,"win_rate":0.0,"timestamp":1611915092,"path_taken":["M","M","?","?","M","R","E","M","T","M","M","M","$","?","R","BOSS"],"items_purchased_type":["Relic","Relic","Relic","Card"],"build_version":"2020-12-22","purchased_purges":0,"victory":false,"max_hp_per_floor":[65,65,65,65,65,65,65,65,65,65,65,65,65,65,65,65,65],"card_choices":[{"not_picked":["Crow Ritual","Magnetism"],"picked":"HandOfGreed","floor":0},{"not_picked":["Hightail","Potential"],"picked":"SpecialFormula","floor":1},{"not_picked":["Potential","Ricochet"],"picked":"FastForward","floor":2},{"not_picked":["Alleviate","TimeWarp"],"picked":"ShiftingGears","floor":5},{"not_picked":["Gouge","Moondial"],"picked":"RealityMarble","floor":7},{"not_picked":["Unruled","Collapse"],"picked":"TimeWarp","floor":8},{"not_picked":["Rewind","FloweringNight"],"picked":"StarChef","floor":10},{"not_picked":["Starlight","RealityMarble"],"picked":"Revamp","floor":11},{"not_picked":["DoubleEdge","Revamp"],"picked":"BottledTime","floor":12},{"not_picked":["DoubleEdge","Potential"],"picked":"Defy","floor":14}],"player_experience":482390,"relics_obtained":[{"floor":7,"key":"reliquary:Stiletto"},{"floor":9,"key":"reliquary:WeakTea"},{"floor":15,"key":"reliquary:SharkskinSheath"}],"event_choices":[{"damage_healed":0,"gold_gain":0,"player_choice":"Box","damage_taken":0,"relics_obtained":["Mercury Hourglass"],"max_hp_gain":0,"max_hp_loss":0,"event_name":"Big Fish","floor":3,"gold_loss":0,"cards_obtained":["Regret"]},{"cards_removed":["Regret"],"damage_healed":0,"gold_gain":0,"player_choice":"Offered Curse","damage_taken":0,"relics_obtained":["Spirit Poop"],"max_hp_gain":0,"max_hp_loss":0,"event_name":"Bonfire Elementals","floor":4,"gold_loss":0}],"is_beta":false,"boss_relics":[],"items_purged_floors":[],"is_endless":false,"potions_floor_spawned":[1,5,7,12],"killed_by":"Fading Forest","ascension_level":0}}