{"host":"t9zjxed0utvsfjwc","time":1611888953,"event":{"mods":["2.2 Compatiblity","Aspiration","BaseMod","Better Altar","Better Match","Better Note","Better Sensory Stone","Better Skull","Better Third Choice","Block Reminder","Colored Map","Colored Powertips","Custom Start","Downfall","Hermit","Highlight Path","Hubris","Infinite Spire","Marisa????????","Minty Spire (QoL Compilation)","Quick Restart","Rare Cards Sparkle","Reliquary","Replay The Spire","StSLib","The Cursed","The Marked","The Runesmith","Unceasing Turn Reminder","everything is the same but u backflip on backflip"],"gold_per_floor":[99,99,99,99,99,112,136,153,153,167,167,196,96,130,149,149,149,149],"floor_reached":16,"language":"ENG","playtime":403,"items_purged":[],"score":113,"play_id":"077cf223-bbb9-4865-83e0-2f354ea78661","local_time":"20210129025553","is_ascension_mode":true,"campfire_choices":[{"data":"bronze:Strike","floor":1,"key":"PURGE"},{"data":"TreasureHunter","floor":9,"key":"SMITH"},{"floor":13,"key":"RECALL"}],"circlet_count":0,"master_deck":["bronze:Strike","bronze:Strike","bronze:Strike","bronze:Defend","bronze:Defend","bronze:Defend","bronze:Defend","bronze:Replicate","bronze:Goto","bronze:ChosenStrike","TreasureHunter+1","bronze:WhirlingStrike","bronze:DelayedSlice","bronze:WhirlingStrike","bronze:InfiniteLoop","bronze:Separator"],"relics":["bronze:BronzeCore","downfall:HeartsMalice","reliquary:SilkGlove","Simple Rune","aspiration:Lifesprig","downfall:HeartBlessingGreen","Omamori"],"acts_visited":["Exordium"],"potions_floor_usage":[12,12,14,14,16],"damage_taken":[{"damage":0,"enemies":"Cultist","floor":2,"turns":1},{"damage":0,"enemies":"2 Louse","floor":4,"turns":1},{"damage":0,"enemies":"Jaw Worm","floor":5,"turns":1},{"damage":32,"enemies":"Exordium Thugs","floor":6,"turns":5},{"damage":16,"enemies":"Red Slaver","floor":8,"turns":3},{"damage":0,"enemies":"2 Fungi Beasts","floor":10,"turns":2},{"damage":16,"enemies":"3 Sentries","floor":12,"turns":3},{"damage":2,"enemies":"Gremlin Nob","floor":14,"turns":3},{"damage":0,"enemies":"Blue Slaver","floor":15,"turns":2},{"damage":4,"enemies":"SI_SHIV_ARCHETYPE","floor":16,"turns":1}],"seed_played":"5481749524211815513","potions_obtained":[{"floor":6,"key":"Fire Potion"},{"floor":8,"key":"Block Potion"},{"floor":11,"key":"Slimebound:ThreeZeroPotion"},{"floor":12,"key":"hexamod:SoulburnPotion"},{"floor":14,"key":"PowerPotion"}],"is_trial":false,"path_per_floor":["R_BF","M","?","M","M","M","T","M","R","M","?","E","R","E","M","B"],"character_chosen":"THE_AUTOMATON","items_purchased":[],"campfire_rested":0,"item_purchase_floors":[],"current_hp_per_floor":[70,70,70,70,70,38,38,22,22,22,22,6,6,4,4,0,0,0],"gold":149,"neow_bonus":"THREE_ENEMY_KILL","is_daily":false,"chose_seed":false,"campfire_upgraded":1,"win_rate":0.0,"timestamp":1611888953,"path_taken":["R_BF","M","?","M","M","M","T","M","R","M","?","E","R","E","M","BOSS"],"items_purchased_type":[],"build_version":"2020-12-22","purchased_purges":0,"victory":false,"max_hp_per_floor":[70,70,70,70,70,70,70,70,70,70,70,70,70,70,70,70,70,70],"card_choices":[{"not_picked":["bronze:Shell","bronze:GetLatest"],"picked":"bronze:ChosenStrike","floor":2},{"not_picked":["bronze:FineTuning","bronze:ForceShield","bronze:Deprecate"],"picked":"SKIP","floor":4},{"not_picked":["bronze:DelayedSlice","bronze:BugBarrage"],"picked":"bronze:WhirlingStrike","floor":5},{"not_picked":["bronze:Allocate","bronze:DelayedGuard"],"picked":"bronze:DelayedSlice","floor":6},{"not_picked":["bronze:Fortify","bronze:ChosenStrike","bronze:Return"],"picked":"SKIP","floor":8},{"not_picked":["bronze:CutThrough","bronze:BronzeOrb"],"picked":"bronze:WhirlingStrike","floor":10},{"not_picked":["bronze:Iterate","bronze:Allocate"],"picked":"bronze:InfiniteLoop","floor":12},{"not_picked":["bronze:MaxOutput","bronze:DelayedGuard","bronze:WildBeam"],"picked":"SKIP","floor":14},{"not_picked":["bronze:MaxOutput","bronze:DelayedGuard","bronze:WildBeam"],"picked":"SKIP","floor":14},{"not_picked":["bronze:DelayedSlice","bronze:BuggyMess"],"picked":"bronze:Separator","floor":15}],"player_experience":458967,"relics_obtained":[{"floor":7,"key":"reliquary:SilkGlove"},{"floor":12,"key":"Simple Rune"},{"floor":12,"key":"aspiration:Lifesprig"},{"floor":14,"key":"Omamori"}],"event_choices":[{"damage_healed":0,"gold_gain":1,"player_choice":"4","damage_taken":0,"max_hp_gain":0,"max_hp_loss":0,"event_name":"betterStone:BetterStone","floor":3,"gold_loss":0,"cards_obtained":["TreasureHunter"]},{"damage_healed":0,"gold_gain":0,"player_choice":"Got Potions","damage_taken":0,"max_hp_gain":0,"max_hp_loss":0,"event_name":"Lab","floor":11,"gold_loss":0}],"is_beta":false,"boss_relics":[],"items_purged_floors":[],"is_endless":false,"potions_floor_spawned":[6,8,12,14],"killed_by":"SI_SHIV_ARCHETYPE","ascension_level":1}}