{"host":"sxnl403xm2xmiyj1","time":1611905477,"event":{"mods":["AchievementEnabler","BaseMod","Colored Map","Keyboard Shortcuts","Minty Spire (QoL Compilation)","Quick Restart","StSLib","SuperFastMode"],"gold_per_floor":[113,126,146,146,146,174,274,302,302,302,313,328,328,360,360,459,459,478,496,512,60,80,115,128,157,157,157,157,176,186,204,204,299,299,317,317,7,26,39,39,74,84,84,101,101,6,6,26,26,26,26,26,26,58,58,58],"floor_reached":55,"language":"KOR","playtime":1460,"items_purged":["Strike_R"],"score":1016,"play_id":"51a0d7f2-0ec8-4418-bb61-f3184d52f3be","local_time":"20210129163117","is_ascension_mode":true,"campfire_choices":[{"data":"Inflame","floor":10.0,"key":"SMITH"},{"data":"Metallicize","floor":13.0,"key":"SMITH"},{"data":"Pummel","floor":15.0,"key":"SMITH"},{"data":"Inflame","floor":27.0,"key":"SMITH"},{"floor":32.0,"key":"REST"},{"data":"Metallicize","floor":40.0,"key":"SMITH"},{"data":"Metallicize","floor":45,"key":"SMITH"},{"data":"Feel No Pain","floor":47,"key":"SMITH"},{"floor":49,"key":"RECALL"},{"data":"Dark Embrace","floor":52,"key":"SMITH"}],"circlet_count":0,"master_deck":["Strike_R","Strike_R","Strike_R+1","Defend_R","Defend_R","Defend_R","Defend_R","Bash","Twin Strike","Shrug It Off","Sword Boomerang+1","Metallicize+1","Inflame+1","Ghostly Armor","Shrug It Off","Pummel+1","Warcry","Exhume","Feed","Warcry","Battle Trance","Shrug It Off+1","Flex","Whirlwind","Metallicize+1","Disarm+1","Twin Strike","True Grit+1","Inflame+1","Metallicize+1","Warcry+1","Seeing Red+1","Ghostly Armor+1","Offering+1","Shockwave+1","Bandage Up+1","Master of Strategy+1","True Grit+1","Sword Boomerang","Bloodletting+1","Dark Embrace+1","Shockwave+1","Shrug It Off+1","Feel No Pain+1","Flex+1","Ghostly Armor+1","Uppercut+1"],"relics":["Burning Blood","NeowsBlessing","Prayer Wheel","HornCleat","Whetstone","Bottled Tornado","Pocketwatch","Sozu","Ice Cream","Toxic Egg 2","Busted Crown","Gremlin Horn","Pantograph","Art of War"],"acts_visited":["Exordium","TheCity","TheBeyond","TheEnding"],"potions_floor_usage":[],"damage_taken":[{"damage":0.0,"enemies":"Cultist","floor":1.0,"turns":1.0},{"damage":0.0,"enemies":"Small Slimes","floor":2.0,"turns":1.0},{"damage":0.0,"enemies":"2 Louse","floor":3.0,"turns":1.0},{"damage":37.0,"enemies":"3 Sentries","floor":6.0,"turns":9.0},{"damage":18.0,"enemies":"Gremlin Nob","floor":8.0,"turns":5.0},{"damage":0.0,"enemies":"Large Slime","floor":11.0,"turns":4.0},{"damage":0.0,"enemies":"Blue Slaver","floor":12.0,"turns":3.0},{"damage":7.0,"enemies":"3 Sentries","floor":14.0,"turns":8.0},{"damage":5.0,"enemies":"Slime Boss","floor":16.0,"turns":8.0},{"damage":12.0,"enemies":"2 Thieves","floor":18.0,"turns":3.0},{"damage":15.0,"enemies":"Shell Parasite","floor":19.0,"turns":6.0},{"damage":17.0,"enemies":"Cultist and Chosen","floor":20.0,"turns":6.0},{"damage":20.0,"enemies":"Centurion and Healer","floor":22.0,"turns":6.0},{"damage":2.0,"enemies":"Book of Stabbing","floor":23.0,"turns":6.0},{"damage":5.0,"enemies":"Sentry and Sphere","floor":24.0,"turns":6.0},{"damage":20.0,"enemies":"Slavers","floor":25.0,"turns":7.0},{"damage":12.0,"enemies":"Snake Plant","floor":29.0,"turns":3.0},{"damage":6.0,"enemies":"Centurion and Healer","floor":30.0,"turns":7.0},{"damage":8.0,"enemies":"Sentry and Sphere","floor":31.0,"turns":6.0},{"damage":0.0,"enemies":"Collector","floor":33.0,"turns":7.0},{"damage":12.0,"enemies":"3 Shapes","floor":35.0,"turns":4.0},{"damage":9.0,"enemies":"Orb Walker","floor":38.0,"turns":3.0},{"damage":62.0,"enemies":"4 Shapes","floor":39.0,"turns":5.0},{"damage":14.0,"enemies":"Giant Head","floor":41.0,"turns":5.0},{"damage":15.0,"enemies":"Sphere and 2 Shapes","floor":42.0,"turns":4.0},{"damage":38,"enemies":"Writhing Mass","floor":44,"turns":6},{"damage":0,"enemies":"Jaw Worm Horde","floor":48,"turns":4},{"damage":51,"enemies":"Time Eater","floor":50,"turns":9},{"damage":81,"enemies":"Shield and Spear","floor":54,"turns":6},{"damage":94,"enemies":"The Heart","floor":55,"turns":8}],"seed_played":"-7332653569478591300","potions_obtained":[{"floor":3.0,"key":"DistilledChaos"},{"floor":8.0,"key":"Energy Potion"},{"floor":16.0,"key":"ColorlessPotion"}],"is_trial":false,"path_per_floor":["M","M","M","?","?","E","?","E","T","R","M","M","R","E","R","B",null,"M","M","M","$","M","E","M","E","T","R","?","M","M","M","R","B",null,"M","?","$","M","M","R","E","M","T","M","R","$","R","M","R","B",null,"R","$","E","B"],"character_chosen":"IRONCLAD","items_purchased":["Metallicize","Ice Cream","Bandage Up+1","Master of Strategy+1","True Grit+1","Feel No Pain","Flex+1"],"campfire_rested":1,"item_purchase_floors":[21,21,37,37,37,46,46],"current_hp_per_floor":[80,80,80,80,73,42,42,30,30,30,36,42,42,41,41,42,80,77,71,63,63,52,59,63,52,52,52,32,29,29,30,63,69,112,109,109,109,109,62,62,60,60,60,43,43,43,43,55,55,41,127,127,127,61,0,0],"gold":58,"neow_bonus":"THREE_ENEMY_KILL","is_daily":false,"chose_seed":false,"campfire_upgraded":8,"win_rate":0.0,"timestamp":1611905477,"path_taken":["M","M","M","?","?","E","?","E","T","R","M","M","R","E","R","BOSS","M","M","M","$","M","E","M","E","T","R","?","M","M","M","R","BOSS","M","?","$","M","M","R","E","M","T","M","R","$","R","M","R","BOSS","R","$","E","BOSS"],"items_purchased_type":["Card","Relic","Card","Card","Card","Card","Card"],"build_version":"2020-12-22","purchased_purges":1,"victory":false,"max_hp_per_floor":[80,80,80,80,80,80,80,80,80,80,80,80,80,80,80,80,80,83,86,89,89,92,95,98,101,101,101,106,109,109,112,112,112,112,115,115,115,118,121,121,121,124,124,127,127,127,127,127,127,127,127,127,127,130,130,130],"card_choices":[{"not_picked":["Warcry","Dark Embrace"],"picked":"Twin Strike","floor":1.0},{"not_picked":["Headbutt","Burning Pact"],"picked":"Shrug It Off","floor":2.0},{"not_picked":["Havoc","Dropkick"],"picked":"Sword Boomerang","floor":3.0},{"not_picked":["Body Slam","Intimidate"],"picked":"Metallicize","floor":6.0},{"not_picked":["Armaments","Berserk"],"picked":"Inflame","floor":8.0},{"not_picked":["Hemokinesis","Havoc"],"picked":"Ghostly Armor","floor":11.0},{"not_picked":["Armaments","Pommel Strike"],"picked":"Shrug It Off","floor":11.0},{"not_picked":["Reaper","Spot Weakness"],"picked":"Pummel","floor":12.0},{"not_picked":["Pommel Strike","Iron Wave"],"picked":"Warcry","floor":12.0},{"not_picked":["Intimidate","Perfected Strike"],"picked":"Exhume","floor":14.0},{"not_picked":["Berserk","Corruption"],"picked":"Feed","floor":16.0},{"not_picked":["Fire Breathing","Clothesline+1"],"picked":"Warcry","floor":18.0},{"not_picked":["Reckless Charge+1","Warcry+1"],"picked":"Battle Trance","floor":18.0},{"not_picked":["Clash","Armaments"],"picked":"Shrug It Off+1","floor":19.0},{"not_picked":["Iron Wave","Anger"],"picked":"Flex","floor":19.0},{"not_picked":["Sentinel","Thunderclap+1"],"picked":"Whirlwind","floor":20.0},{"not_picked":["Warcry","Anger+1","Body Slam"],"picked":"SKIP","floor":20.0},{"not_picked":["Seeing Red","Twin Strike+1"],"picked":"Disarm+1","floor":22.0},{"not_picked":["Dual Wield","Iron Wave"],"picked":"Twin Strike","floor":22.0},{"not_picked":["Reckless Charge","Rupture","Thunderclap"],"picked":"SKIP","floor":23.0},{"not_picked":["Heavy Blade","Impervious+1"],"picked":"True Grit+1","floor":24.0},{"not_picked":["Body Slam","Infernal Blade+1","Anger+1"],"picked":"SKIP","floor":24.0},{"not_picked":["Flex+1","True Grit+1"],"picked":"Inflame","floor":25.0},{"not_picked":["Dropkick","Clash"],"picked":"Metallicize","floor":29.0},{"not_picked":["Power Through+1","Bloodletting+1","Hemokinesis+1"],"picked":"SKIP","floor":29.0},{"not_picked":["Perfected Strike","Headbutt"],"picked":"Warcry+1","floor":30.0},{"not_picked":["Clash","Juggernaut","Dropkick+1"],"picked":"SKIP","floor":30.0},{"not_picked":["Rage+1","Clash+1"],"picked":"Seeing Red+1","floor":31.0},{"not_picked":["Dual Wield+1","Anger"],"picked":"Ghostly Armor+1","floor":31.0},{"not_picked":["Impervious+1","Juggernaut"],"picked":"Offering+1","floor":33.0},{"not_picked":[],"picked":"Shockwave+1","floor":35.0},{"not_picked":["Pommel Strike+1"],"picked":"SKIP","floor":35.0},{"not_picked":[],"picked":"Sword Boomerang","floor":38.0},{"not_picked":["Clash+1"],"picked":"SKIP","floor":38.0},{"not_picked":[],"picked":"Bloodletting+1","floor":39.0},{"not_picked":["Perfected Strike+1"],"picked":"SKIP","floor":39.0},{"not_picked":[],"picked":"Dark Embrace","floor":41.0},{"not_picked":[],"picked":"Shockwave+1","floor":42.0},{"not_picked":["Iron Wave"],"picked":"SKIP","floor":42.0},{"not_picked":[],"picked":"Shrug It Off+1","floor":44},{"not_picked":["Pommel Strike+1"],"picked":"SKIP","floor":44},{"not_picked":[],"picked":"Ghostly Armor+1","floor":48},{"not_picked":[],"picked":"Uppercut+1","floor":48},{"not_picked":["Cleave+1"],"picked":"SKIP","floor":54}],"player_experience":181638,"relics_obtained":[{"floor":6.0,"key":"HornCleat"},{"floor":8.0,"key":"Whetstone"},{"floor":9.0,"key":"Bottled Tornado"},{"floor":14.0,"key":"Pocketwatch"},{"floor":23.0,"key":"Toxic Egg 2"},{"floor":41.0,"key":"Gremlin Horn"},{"floor":43.0,"key":"Pantograph"},{"floor":54,"key":"Art of War"}],"event_choices":[{"cards_removed":["Strike_R"],"damage_healed":0.0,"max_hp_gain":0.0,"max_hp_loss":0.0,"gold_gain":0.0,"event_name":"Living Wall","player_choice":"Forget","floor":4.0,"gold_loss":0.0,"damage_taken":0.0},{"damage_healed":0.0,"max_hp_gain":0.0,"max_hp_loss":0.0,"gold_gain":0.0,"event_name":"Scrap Ooze","player_choice":"Success","floor":5.0,"gold_loss":0.0,"damage_taken":7.0,"relics_obtained":["Prayer Wheel"]},{"damage_healed":0.0,"max_hp_gain":0.0,"max_hp_loss":0.0,"gold_gain":100.0,"event_name":"Golden Shrine","player_choice":"Pray","floor":7.0,"gold_loss":0.0,"damage_taken":0.0},{"damage_healed":0.0,"max_hp_gain":5.0,"max_hp_loss":0.0,"gold_gain":0.0,"event_name":"Forgotten Altar","player_choice":"Shed Blood","floor":28.0,"gold_loss":0.0,"damage_taken":25.0},{"damage_healed":0.0,"max_hp_gain":0.0,"max_hp_loss":0.0,"gold_gain":0.0,"event_name":"Tomb of Lord Red Mask","player_choice":"Ignored","floor":36.0,"gold_loss":0.0,"damage_taken":0.0}],"is_beta":false,"boss_relics":[{"not_picked":["Astrolabe","Velvet Choker"],"picked":"Sozu"},{"not_picked":["Pandora\u0027s Box","Fusion Hammer"],"picked":"Busted Crown"}],"items_purged_floors":[21],"is_endless":false,"potions_floor_spawned":[3,8,16,18,20,23,24,31,38,41,44,54],"killed_by":"The Heart","ascension_level":4}}