{"host":"0luxfixkkfk9wck3","time":1611946475,"event":{"mods":["BaseMod","DeckTracker","Downfall","Highlight Path","Minty Spire (QoL Compilation)","StSLib"],"gold_per_floor":[99,110,0,100,100,100,125,173,82,82,82,91,151,15,52,67,67,67],"floor_reached":16,"language":"ENG","playtime":911,"items_purged":["sneckomod:Strike"],"score":160,"play_id":"498814ea-b455-44d2-a3c9-009403631cd9","local_time":"20210129125435","is_ascension_mode":true,"campfire_choices":[{"data":"sneckomod:TailWhip","floor":1,"key":"SMITH"}],"circlet_count":0,"master_deck":["sneckomod:Strike","sneckomod:Strike","sneckomod:Defend","sneckomod:Defend","sneckomod:Defend","sneckomod:TailWhip+1","sneckomod:SnekBite","sneckomod:Unknown","sneckomod:QuickBite","sneckomod:MorePower","sneckomod:UnknownUncommonAttack","sneckomod:UnknownBlock","sneckomod:GlitteringGambit+1","bronze:Branch","bronze:Backtrace","sneckomod:UnlimitedRolls+1","sneckomod:UnknownDraw","sneckomod:UnknownRarePower+1","sneckomod:UnknownRareAttack","sneckomod:SlitherStrike","sneckomod:UnknownUncommonPower+1","sneckomod:UnknownWeak+1"],"relics":["sneckomod:SneckoSoul","CeramicFish","sneckomod:BlankCard","downfall:HeartBlessingBlue","Frozen Egg 2","Art of War"],"acts_visited":["Exordium"],"potions_floor_usage":[8,13],"damage_taken":[{"damage":5,"enemies":"Small Slimes","floor":2,"turns":3},{"damage":5,"enemies":"downfall:FleeingMerchant","floor":3,"turns":4},{"damage":10,"enemies":"Lagavulin","floor":8,"turns":7},{"damage":19,"enemies":"3 Sentries","floor":13,"turns":8},{"damage":0,"enemies":"downfall:FleeingMerchant","floor":14,"turns":4},{"damage":7,"enemies":"Jaw Worm","floor":15,"turns":4},{"damage":58,"enemies":"WA_ARCHETYPE_RETAIN","floor":16,"turns":6}],"seed_played":"1848266870924576040","potions_obtained":[{"floor":2,"key":"BlessingOfTheForge"},{"floor":8,"key":"champ:CounterPotion"}],"is_trial":false,"path_per_floor":["R","M","$","?","T","?","T","E","R","?","T","R","E","$","M","B"],"character_chosen":"THE_SNECKO","items_purchased":["sneckomod:UnknownUncommonAttack","sneckomod:UnknownBlock","sneckomod:SlitherStrike","sneckomod:UnknownUncommonPower+1"],"campfire_rested":0,"item_purchase_floors":[3,3,14,14],"current_hp_per_floor":[90,85,80,80,80,80,80,70,80,80,80,80,61,61,54,0,0,0],"gold":67,"neow_bonus":"TEN_PERCENT_HP_BONUS","is_daily":false,"chose_seed":false,"campfire_upgraded":1,"win_rate":0.0,"timestamp":1611946475,"path_taken":["R","M","$","?","?","?","T","E","R","?","?","R","E","$","M","BOSS"],"items_purchased_type":["Card","Card","Card","Card"],"build_version":"2020-12-22","purchased_purges":1,"victory":false,"max_hp_per_floor":[99,99,99,99,99,99,99,99,109,109,109,109,109,109,109,109,109,109],"card_choices":[{"not_picked":["sneckomod:SnakeSap","sneckomod:SnekBeam"],"picked":"sneckomod:QuickBite","floor":2},{"not_picked":["sneckomod:SoulRoll","sneckomod:MasterEye"],"picked":"sneckomod:MorePower","floor":3},{"not_picked":["sneckomod:Transmogrify+1","sneckomod:Restock+1"],"picked":"sneckomod:GlitteringGambit+1","floor":8},{"not_picked":["sneckomod:UnknownWeak","sneckomod:UnknownBlock"],"picked":"sneckomod:Unknown0Cost","floor":8},{"not_picked":["sneckomod:DiceBlock+1","sneckomod:QuickMove+1"],"picked":"sneckomod:UnlimitedRolls+1","floor":13},{"not_picked":["sneckomod:SnekBeam","sneckomod:PureSnecko"],"picked":"sneckomod:UnknownDraw","floor":13},{"not_picked":["sneckomod:QuickBite+1","sneckomod:SoulCleanse+1"],"picked":"sneckomod:UnknownRarePower+1","floor":14},{"not_picked":["sneckomod:UnknownCommonSkill","sneckomod:QuickMove"],"picked":"sneckomod:UnknownRareAttack","floor":14},{"not_picked":["sneckomod:ImprovisedAttack+1","sneckomod:UnendingSupply+1"],"picked":"sneckomod:UnknownWeak+1","floor":15},{"not_picked":["sneckomod:UnknownCommonAttack","sneckomod:DiceCrush","sneckomod:SoulCleanse"],"picked":"SKIP","floor":15}],"player_experience":11421647,"relics_obtained":[{"floor":7,"key":"CeramicFish"},{"floor":8,"key":"sneckomod:BlankCard"},{"floor":11,"key":"Frozen Egg 2"},{"floor":13,"key":"Art of War"}],"event_choices":[],"is_beta":false,"boss_relics":[],"items_purged_floors":[14],"is_endless":false,"potions_floor_spawned":[2,8],"killed_by":"WA_ARCHETYPE_RETAIN","ascension_level":6}}