{"host":"flash","time":1611924343,"event":{"mods":["ATMod(°¢èªMod)","Act Like it!","Aspiration","BaseMod","Minty Spire (QoL Compilation)","Shop Mod","StSLib","¡¾ÒÅÎï¿¨ÅÆ¡¿REMEMod"],"gold_per_floor":[118,140,140,168,194,227,246,275,301,320,365,365,395,15,15,119,128,154,154,204,215,235,235,264,264,264,18,18,42,69,90,90,197,197,220,298,10,19,29,29,55,81,107,129,129,129],"floor_reached":45,"language":"ZHS","playtime":1926,"items_purged":["Strike_B","Defend_B"],"score":754,"play_id":"8e60defa-1b8e-462b-bc2e-6dd783eb2298","local_time":"20210129204543","is_ascension_mode":true,"campfire_choices":[{"floor":12.0,"key":"REST"},{"floor":23.0,"key":"REST"},{"data":"AT_FamilyPortrait","floor":32.0,"key":"SMITH"},{"data":"AT_StudyProgram","floor":40,"key":"SMITH"}],"circlet_count":0,"master_deck":["Strike_B","Defend_B","Defend_B","Defend_B","Zap","Dualcast","AT_FamilyPortrait+1","aspiration:Lunge","Defragment","AT_StudyProgram","Static Discharge","Skim","Turbo","AT_HeatAcrobatics","Conserve Battery","Glacier","AT_RightCognition","CurseOfTheBell","Stack+1","Hologram","Lockon","AT_StudyProgram+1","White Noise","AT_RobotInSpace","Heatsinks","Core Surge","AT_RobotInSpace+1","Beam Cell+1","AT_RobotInSpace+1","Leap+1","REME_MagicPocketWatch","Storm+1","Capacitor"],"relics":["Cracked Core","AT_ATBox","REME_ComplimentaryCards","CeramicFish","AT_BladeRuinedKing","REME_IWantAll","AT_BellDemon","aspiration:ArtOfWarUpgrade","aspiration:Nostalgia","Ring of the Snake","Lantern","Calling Bell","Bag of Marbles","AT_DeathDance","Torii","The Courier","Letter Opener","Runic Pyramid","TungstenRod","REME_LimitBreaker","aspiration:ChemicalBlood","Boot"],"acts_visited":["Exordium","TheCity","TheBeyond"],"potions_floor_usage":[],"damage_taken":[{"damage":0.0,"enemies":"Small Slimes","floor":1.0,"turns":2.0},{"damage":0.0,"enemies":"Cultist","floor":2.0,"turns":3.0},{"damage":1.0,"enemies":"2 Louse","floor":4.0,"turns":2.0},{"damage":12.0,"enemies":"Looter","floor":5.0,"turns":3.0},{"damage":10.0,"enemies":"3 Sentries","floor":6.0,"turns":2.0},{"damage":0.0,"enemies":"Lots of Slimes","floor":7.0,"turns":1.0},{"damage":10.0,"enemies":"Gremlin Nob","floor":8.0,"turns":3.0},{"damage":17.0,"enemies":"3 Louse","floor":10.0,"turns":3.0},{"damage":6.0,"enemies":"Looter","floor":11.0,"turns":2.0},{"damage":0.0,"enemies":"Lagavulin","floor":13.0,"turns":4.0},{"damage":8.0,"enemies":"Hexaghost","floor":16.0,"turns":8.0},{"damage":11.0,"enemies":"Spheric Guardian","floor":18.0,"turns":4.0},{"damage":13.0,"enemies":"Chosen","floor":21.0,"turns":5.0},{"damage":21.0,"enemies":"Snake Plant","floor":22.0,"turns":5.0},{"damage":1.0,"enemies":"Snecko","floor":24.0,"turns":4.0},{"damage":1.0,"enemies":"Centurion and Healer","floor":29.0,"turns":4.0},{"damage":0.0,"enemies":"Shelled Parasite and Fungi","floor":30.0,"turns":7.0},{"damage":0.0,"enemies":"Snake Plant","floor":31.0,"turns":4.0},{"damage":12.0,"enemies":"Champ","floor":33.0,"turns":7.0},{"damage":9.0,"enemies":"3 Shapes","floor":35.0,"turns":4.0},{"damage":4.0,"enemies":"2 Orb Walkers","floor":36.0,"turns":2.0},{"damage":0,"enemies":"Orb Walker","floor":39,"turns":3},{"damage":10,"enemies":"Spire Growth","floor":41,"turns":4},{"damage":13,"enemies":"Nemesis","floor":42,"turns":6},{"damage":24,"enemies":"4 Shapes","floor":44,"turns":4},{"damage":18,"enemies":"Reptomancer","floor":45,"turns":2}],"seed_played":"-8229582475602843957","potions_obtained":[{"floor":2.0,"key":"DuplicationPotion"},{"floor":4.0,"key":"FocusPotion"},{"floor":5.0,"key":"LiquidBronze"},{"floor":13.0,"key":"Block Potion"},{"floor":16.0,"key":"EssenceOfDarkness"},{"floor":29.0,"key":"Ancient Potion"},{"floor":33.0,"key":"DistilledChaos"},{"floor":39,"key":"Dexterity Potion"}],"is_trial":false,"path_per_floor":["M","M","?","M","M","E","M","E","T","M","M","R","E","$","R","B",null,"M","?","?","M","M","R","M","R","T","$","?","M","M","M","R","B",null,"M","?","$","?","M","R","M","E","T","M","E"],"character_chosen":"DEFECT","items_purchased":["aspiration:Nostalgia","Lantern","Letter Opener","AT_StudyProgram","REME_LimitBreaker"],"campfire_rested":2,"item_purchase_floors":[14,14,27,27,37],"current_hp_per_floor":[68,68,68,67,55,45,45,35,35,18,15,38,38,38,38,30,66,55,47,47,34,13,37,36,36,36,36,36,39,39,39,39,27,69,60,59,59,59,59,59,49,36,36,12,0,0],"gold":129,"neow_bonus":"RANDOM_COMMON_RELIC","is_daily":false,"chose_seed":false,"campfire_upgraded":2,"win_rate":0.0,"timestamp":1611924343,"path_taken":["M","M","?","M","M","E","M","E","T","?","M","R","E","$","R","BOSS","M","?","?","M","?","R","M","R","T","$","?","M","M","M","R","BOSS","M","?","$","?","M","R","M","E","T","M","E"],"items_purchased_type":["Relic","Relic","Relic","Card","Relic"],"build_version":"2020-12-18","purchased_purges":2,"victory":false,"max_hp_per_floor":[75,75,75,75,75,75,75,75,75,75,78,78,78,78,78,78,78,78,83,83,83,83,83,83,83,83,83,83,83,83,83,83,83,83,83,86,86,86,86,86,86,86,86,86,86,86],"card_choices":[{"not_picked":["AT_HeatAcrobatics","Recycle"],"picked":"Defragment","floor":1.0},{"not_picked":["Capacitor","Coolheaded"],"picked":"AT_StudyProgram","floor":2.0},{"not_picked":["Go for the Eyes","Steam Power"],"picked":"Static Discharge","floor":4.0},{"not_picked":["Barrage","Steam"],"picked":"Skim","floor":5.0},{"not_picked":["AT_HeatAcrobatics","Leap","Steam"],"picked":"SKIP","floor":6.0},{"not_picked":["Ball Lightning","AT_HeatAcrobatics"],"picked":"Turbo","floor":7.0},{"not_picked":["Stack","Skim","Beam Cell"],"picked":"SKIP","floor":8.0},{"not_picked":["aspiration:Polymerization","All For One","AT_StudyProgram"],"picked":"SKIP","floor":10.0},{"not_picked":["AT_HeatAcrobatics","Conserve Battery","Glacier"],"picked":"Singing Bowl","floor":11.0},{"not_picked":["Stack","Doom and Gloom","Barrage"],"picked":"SKIP","floor":13.0},{"not_picked":["REME_Shoggoth","Amplify"],"picked":"AT_RightCognition","floor":16.0},{"not_picked":["aspiration:Polymerization","Compile Driver"],"picked":"Stack+1","floor":18.0},{"not_picked":["AT_HeatAcrobatics","Cold Snap","Fusion"],"picked":"SKIP","floor":21.0},{"not_picked":["Conserve Battery","Reprogram"],"picked":"Hologram","floor":22.0},{"not_picked":["Beam Cell","Reprogram+1"],"picked":"Lockon","floor":24.0},{"not_picked":["Streamline","Redo"],"picked":"White Noise","floor":29.0},{"not_picked":["Glacier","AT_ThunderBolt"],"picked":"AT_RobotInSpace","floor":30.0},{"not_picked":["Rip and Tear","Redo"],"picked":"Heatsinks","floor":31.0},{"not_picked":["All For One","Machine Learning"],"picked":"Core Surge","floor":33.0},{"not_picked":["Beam Cell+1","Leap+1"],"picked":"AT_RobotInSpace+1","floor":35.0},{"not_picked":["AT_BodySlamDance","Heel Hook","Seek","PathToVictory","AT_PowerWithin"],"picked":"Singing Bowl","floor":36.0},{"not_picked":["REME_TheoryOfElimination","AT_LightSaberMaster"],"picked":"REME_MagicPocketWatch","floor":38.0},{"not_picked":["AT_StudyProgram","Go for the Eyes","Conserve Battery"],"picked":"SKIP","floor":39},{"not_picked":["Cold Snap","Self Repair","Redo"],"picked":"Storm+1","floor":41},{"not_picked":["Stack","Rebound","Steam Power+1"],"picked":"SKIP","floor":42},{"not_picked":["AT_StudyProgram","Reprogram+1"],"picked":"Capacitor","floor":44}],"player_experience":662284,"relics_obtained":[{"floor":6.0,"key":"AT_BladeRuinedKing"},{"floor":8.0,"key":"REME_IWantAll"},{"floor":9.0,"key":"AT_BellDemon"},{"floor":13.0,"key":"Art of War"},{"floor":17.0,"key":"Bag of Marbles"},{"floor":17.0,"key":"AT_DeathDance"},{"floor":17.0,"key":"Torii"},{"floor":26.0,"key":"The Courier"},{"floor":36.0,"key":"TungstenRod"},{"floor":42,"key":"aspiration:ChemicalBlood"},{"floor":43,"key":"Boot"}],"event_choices":[{"cards_removed":["Strike_B"],"damage_healed":0.0,"max_hp_gain":0.0,"max_hp_loss":0.0,"gold_gain":0.0,"event_name":"Bonfire Elementals","player_choice":"Offered Basic","floor":3.0,"gold_loss":0.0,"damage_taken":0.0},{"damage_healed":0.0,"max_hp_gain":5.0,"max_hp_loss":0.0,"gold_gain":0.0,"event_name":"Forgotten Altar","player_choice":"Shed Blood","floor":19.0,"gold_loss":0.0,"damage_taken":20.0},{"damage_healed":0.0,"max_hp_gain":0.0,"max_hp_loss":0.0,"gold_gain":100.0,"event_name":"The Joust","player_choice":"Bet on Murderer","floor":20.0,"gold_loss":50.0,"damage_taken":0.0},{"cards_removed":["Strike_B"],"damage_healed":0.0,"max_hp_gain":0.0,"max_hp_loss":0.0,"gold_gain":0.0,"event_name":"Back to Basics","player_choice":"Elegance","floor":28.0,"gold_loss":0.0,"damage_taken":0.0},{"damage_healed":0.0,"max_hp_gain":0.0,"max_hp_loss":0.0,"gold_gain":0.0,"event_name":"Mysterious Sphere","player_choice":"Fight","floor":36.0,"gold_loss":0.0,"damage_taken":0.0},{"damage_healed":0.0,"max_hp_gain":0.0,"max_hp_loss":0.0,"gold_gain":0.0,"event_name":"SensoryStone","player_choice":"Memory 1","floor":38.0,"gold_loss":0.0,"damage_taken":0.0}],"is_beta":true,"boss_relics":[{"not_picked":["AT_MortalBlade","SlaversCollar"],"picked":"Calling Bell"},{"not_picked":["SacredBark","aspiration:FutureDiary"],"picked":"Runic Pyramid"}],"items_purged_floors":[14,37],"is_endless":false,"potions_floor_spawned":[2,4,5,7,13,16,29,30,33,35,39],"killed_by":"Reptomancer","ascension_level":8}}