{"host":"y7357sx8ps3jkgoj","time":1611878973,"event":{"mods":["BaseMod","Friendly Minions","Minty Spire (QoL Compilation)","Permanent Neow","Relic Stats","Shop Mod","StSLib","The Alterego","Uncapped","Unceasing Turn Reminder"],"gold_per_floor":[120,195,206,206,216,249,249,281,281,281,298,323,303,321,321,416,416,435,455,455,54,54,86,86,111,179,179,26,26,43,43,43,145,145,165,179,196,215,0,27,27,60,60,88,88,133,153,164,164,164,164,164,39,39,39],"floor_reached":54,"language":"ENG","playtime":4216,"items_purged":["alterego_mod:Impale"],"score":960,"play_id":"596b31f3-9aa1-4a7a-a23f-30bfd36ab7d0","local_time":"20210128180933","is_ascension_mode":true,"campfire_choices":[{"data":"alterego_mod:Belts","floor":7,"key":"SMITH"},{"data":"alterego_mod:TrashNCrash","floor":10,"key":"SMITH"},{"data":"alterego_mod:BigMeatyClaws","floor":15,"key":"SMITH"},{"data":"alterego_mod:Table","floor":24,"key":"SMITH"},{"data":"alterego_mod:GIGAMILK","floor":27,"key":"SMITH"},{"data":"alterego_mod:Mirror","floor":29,"key":"SMITH"},{"floor":32,"key":"RECALL"},{"data":"alterego_mod:MagicResistance","floor":41,"key":"SMITH"},{"data":"alterego_mod:SakuraFive","floor":45,"key":"SMITH"},{"data":"alterego_mod:Table","floor":49,"key":"SMITH"},{"floor":52,"key":"DIG"}],"circlet_count":0,"master_deck":["alterego_mod:Strike+1","alterego_mod:Strike+1","alterego_mod:Strike+1","alterego_mod:Defend+1","alterego_mod:Defend+1","alterego_mod:Defend+1","alterego_mod:BigMeatyClaws+1","alterego_mod:BrynhildrsRune+1","alterego_mod:TrashNCrash+1","alterego_mod:Belts+1","alterego_mod:BeGentle","alterego_mod:Mirror+1","alterego_mod:GIGAMILK+1","alterego_mod:MagicResistance+1","alterego_mod:DeftHands","alterego_mod:Table+1","alterego_mod:SakuraFive+1","alterego_mod:Birthday","alterego_mod:SakuraLabyrinth+1","alterego_mod:ChallengeComplete+1","alterego_mod:Venus+1","alterego_mod:Pet+1","alterego_mod:STier+1","alterego_mod:Complex+1","alterego_mod:Punishment+1","alterego_mod:Collar+1","alterego_mod:Cushion+1","alterego_mod:TrickOrTreatment+1","alterego_mod:Table+1","alterego_mod:DeftHands+1","alterego_mod:DeftHands+1","alterego_mod:Clones","alterego_mod:DiscoLights+1"],"relics":["alterego_mod:MasochisticConstitution","Incense Burner","Mango","Eternal Feather","Gambling Chip","Letter Opener","Coffee Dripper","Molten Egg 2","Bronze Scales","Sundial","Frozen Egg 2","Astrolabe","Red Mask","Bottled Tornado","Dead Branch","MealTicket","Shovel","Bottled Flame"],"acts_visited":["Exordium","TheCity","TheBeyond","TheEnding"],"potions_floor_usage":[40,54],"damage_taken":[{"damage":4,"enemies":"Small Slimes","floor":1,"turns":4},{"damage":1,"enemies":"Cultist","floor":3,"turns":3},{"damage":3,"enemies":"Jaw Worm","floor":5,"turns":5},{"damage":32,"enemies":"3 Sentries","floor":6,"turns":9},{"damage":6,"enemies":"Lagavulin","floor":8,"turns":10},{"damage":13,"enemies":"Exordium Wildlife","floor":11,"turns":7},{"damage":18,"enemies":"Gremlin Nob","floor":12,"turns":4},{"damage":14,"enemies":"Gremlin Gang","floor":14,"turns":10},{"damage":1,"enemies":"The Guardian","floor":16,"turns":10},{"damage":17,"enemies":"3 Byrds","floor":18,"turns":7},{"damage":2,"enemies":"Chosen","floor":19,"turns":8},{"damage":1,"enemies":"Book of Stabbing","floor":23,"turns":6},{"damage":24,"enemies":"Gremlin Leader","floor":25,"turns":5},{"damage":10,"enemies":"3 Cultists","floor":30,"turns":5},{"damage":44,"enemies":"Automaton","floor":33,"turns":9},{"damage":14,"enemies":"Orb Walker","floor":35,"turns":3},{"damage":9,"enemies":"3 Shapes","floor":36,"turns":3},{"damage":26,"enemies":"Spire Growth","floor":37,"turns":4},{"damage":8,"enemies":"4 Shapes","floor":38,"turns":6},{"damage":13,"enemies":"Reptomancer","floor":40,"turns":6},{"damage":9,"enemies":"Giant Head","floor":42,"turns":7},{"damage":14,"enemies":"Reptomancer","floor":44,"turns":5},{"damage":9,"enemies":"2 Orb Walkers","floor":46,"turns":4},{"damage":18,"enemies":"Writhing Mass","floor":47,"turns":4},{"damage":0,"enemies":"Maw","floor":48,"turns":6},{"damage":57,"enemies":"Time Eater","floor":50,"turns":8},{"damage":131,"enemies":"Shield and Spear","floor":54,"turns":6}],"seed_played":"-4479150481995954382","potions_obtained":[{"floor":3,"key":"Energy Potion"},{"floor":5,"key":"SmokeBomb"},{"floor":13,"key":"Energy Potion"},{"floor":14,"key":"Block Potion"},{"floor":18,"key":"PowerPotion"},{"floor":19,"key":"CultistPotion"},{"floor":40,"key":"Energy Potion"},{"floor":44,"key":"DuplicationPotion"}],"is_trial":false,"path_per_floor":["M","?","M","?","M","E","R","E","T","R","M","E","?","M","R","B",null,"M","M","?","$","?","E","R","E","T","R","$","R","M","$","R","B",null,"M","M","M","M","?","E","R","E","T","E","R","?","M","M","R","B",null,"R","$","E"],"character_chosen":"The_Alterego","items_purchased":["alterego_mod:Table","alterego_mod:SakuraFive","Molten Egg 2","alterego_mod:ChallengeComplete+1","alterego_mod:Clones","alterego_mod:DiscoLights+1"],"campfire_rested":0,"item_purchase_floors":[21,21,21,28,53,53],"current_hp_per_floor":[64,53,53,53,58,48,48,43,43,49,44,34,34,49,58,58,86,87,88,88,88,88,88,89,68,68,80,80,90,91,91,91,50,92,79,73,57,80,80,97,97,90,90,86,99,97,80,97,101,47,102,102,102,0,0],"gold":39,"neow_bonus":"ONE_RARE_RELIC","is_daily":false,"chose_seed":false,"campfire_upgraded":9,"win_rate":0.0,"timestamp":1611878973,"path_taken":["M","?","M","?","M","E","R","E","T","R","M","E","?","M","R","BOSS","M","M","?","$","?","E","R","E","T","R","?","R","?","$","R","BOSS","M","M","?","M","?","E","R","E","T","E","R","?","M","M","R","BOSS","R","$","E"],"items_purchased_type":["Card","Card","Relic","Card","Card","Card"],"build_version":"2020-12-22","purchased_purges":1,"victory":false,"max_hp_per_floor":[64,64,65,65,66,81,81,82,82,82,83,84,84,85,85,86,86,87,88,88,88,88,89,89,90,90,90,90,90,91,91,91,92,92,93,94,95,96,96,97,97,98,98,99,99,100,101,101,101,102,102,102,102,102,102],"relic_stats":{"Shovel":1,"counters":[27,164],"Sundial":[4],"Gambling Chip":[29],"Bronze Scales":[243],"Astrolabe":["alterego_mod:Pet","alterego_mod:STier","alterego_mod:Complex"],"Dead Branch":[53],"Eternal Feather":55,"MealTicket":0,"Letter Opener":[204],"obtain_stats":[{"alterego_mod:MasochisticConstitution":0,"Astrolabe":34,"Dead Branch":42,"Mango":6,"Eternal Feather":8,"Incense Burner":0,"Letter Opener":12,"Frozen Egg 2":26,"Bottled Tornado":40,"Bottled Flame":52,"Shovel":46,"Sundial":25,"Gambling Chip":9,"Bronze Scales":23,"Molten Egg 2":21,"MealTicket":44,"Coffee Dripper":17,"Red Mask":39},{"alterego_mod:MasochisticConstitution":0,"Astrolabe":15,"Dead Branch":21,"Mango":4,"Eternal Feather":5,"Incense Burner":0,"Letter Opener":7,"Frozen Egg 2":13,"Bottled Tornado":20,"Bottled Flame":26,"Shovel":23,"Sundial":13,"Gambling Chip":5,"Bronze Scales":12,"Molten Egg 2":11,"MealTicket":22,"Coffee Dripper":9,"Red Mask":19},{"alterego_mod:MasochisticConstitution":0,"Astrolabe":102,"Dead Branch":131,"Mango":21,"Eternal Feather":31,"Incense Burner":0,"Letter Opener":42,"Frozen Egg 2":88,"Bottled Tornado":124,"Bottled Flame":158,"Shovel":140,"Sundial":88,"Gambling Chip":31,"Bronze Scales":83,"Molten Egg 2":77,"MealTicket":136,"Coffee Dripper":62,"Red Mask":118}]},"card_choices":[{"not_picked":["alterego_mod:Cooking","alterego_mod:HighServant","alterego_mod:DustData"],"picked":"SKIP","floor":1},{"not_picked":["alterego_mod:Cooking","alterego_mod:HighServant","alterego_mod:DustData"],"picked":"SKIP","floor":1},{"not_picked":["alterego_mod:Pet","alterego_mod:Crossover"],"picked":"alterego_mod:TrashNCrash","floor":3},{"not_picked":["alterego_mod:Exercise","alterego_mod:PresenceConcealment","alterego_mod:DestructionOfProperty"],"picked":"SKIP","floor":5},{"not_picked":["alterego_mod:Cycle","alterego_mod:DestructionOfProperty"],"picked":"alterego_mod:Belts","floor":6},{"not_picked":["alterego_mod:TrickOrTreatment","alterego_mod:GoddessCore"],"picked":"alterego_mod:Rip","floor":8},{"not_picked":["alterego_mod:HighServant","alterego_mod:Belle"],"picked":"alterego_mod:BeGentle","floor":11},{"not_picked":["alterego_mod:Skirt","alterego_mod:BeGentle","alterego_mod:Antipathy"],"picked":"SKIP","floor":12},{"not_picked":["alterego_mod:Bounce","alterego_mod:Pet"],"picked":"alterego_mod:Mirror","floor":14},{"not_picked":["alterego_mod:Alter","alterego_mod:AlterEgo"],"picked":"alterego_mod:GIGAMILK","floor":16},{"not_picked":["alterego_mod:Jiggle","alterego_mod:Bunnysuit"],"picked":"alterego_mod:MagicResistance","floor":18},{"not_picked":["alterego_mod:Pet+1","alterego_mod:Cycle"],"picked":"alterego_mod:DeftHands","floor":19},{"not_picked":["alterego_mod:SuperDuperMasochism","alterego_mod:Maid+1"],"picked":"alterego_mod:Birthday","floor":23},{"not_picked":["alterego_mod:Cooking","alterego_mod:Lingerie+1"],"picked":"alterego_mod:SakuraLabyrinth+1","floor":25},{"not_picked":["alterego_mod:SakuraLabyrinth","alterego_mod:Santa","alterego_mod:Maid+1"],"picked":"SKIP","floor":30},{"not_picked":["alterego_mod:Antipathy","alterego_mod:Vow"],"picked":"alterego_mod:Venus+1","floor":33},{"not_picked":["alterego_mod:BiFurious+1","alterego_mod:Rip+1","alterego_mod:HighServant+1"],"picked":"SKIP","floor":35},{"not_picked":["alterego_mod:PerceptionDisorder+1","alterego_mod:Rip"],"picked":"alterego_mod:Punishment+1","floor":36},{"not_picked":["alterego_mod:Cooking","alterego_mod:TrashNCrash+1"],"picked":"alterego_mod:Collar+1","floor":37},{"not_picked":["alterego_mod:Cycle","alterego_mod:TrashNCrash+1","alterego_mod:BeGentle+1"],"picked":"SKIP","floor":38},{"not_picked":["alterego_mod:GoddessCore+1","alterego_mod:Maid+1"],"picked":"alterego_mod:Cushion+1","floor":40},{"not_picked":["alterego_mod:TrashNCrash+1","alterego_mod:Birthday"],"picked":"alterego_mod:TrickOrTreatment+1","floor":42},{"not_picked":["alterego_mod:Jiggle+1","alterego_mod:DiscoLights+1","alterego_mod:Rip+1"],"picked":"SKIP","floor":44},{"not_picked":["alterego_mod:Bounce+1","alterego_mod:Lingerie+1"],"picked":"alterego_mod:Table","floor":46},{"not_picked":["alterego_mod:Jiggle+1","alterego_mod:Cycle+1"],"picked":"alterego_mod:DeftHands+1","floor":47},{"not_picked":["alterego_mod:Cooking","alterego_mod:SakuraPetals+1"],"picked":"alterego_mod:DeftHands+1","floor":48}],"player_experience":327636,"relics_obtained":[{"floor":6,"key":"Mango"},{"floor":8,"key":"Eternal Feather"},{"floor":9,"key":"Gambling Chip"},{"floor":12,"key":"Letter Opener"},{"floor":23,"key":"Bronze Scales"},{"floor":25,"key":"Sundial"},{"floor":26,"key":"Frozen Egg 2"},{"floor":40,"key":"Bottled Tornado"},{"floor":42,"key":"Dead Branch"},{"floor":44,"key":"MealTicket"},{"floor":46,"key":"Shovel"},{"floor":52,"key":"Bottled Flame"}],"event_choices":[{"damage_healed":0,"gold_gain":75,"player_choice":"Gather Gold","damage_taken":11,"max_hp_gain":0,"max_hp_loss":0,"event_name":"World of Goop","floor":2,"gold_loss":0},{"damage_healed":0,"gold_gain":0,"player_choice":"Bought 1 Potion","damage_taken":0,"max_hp_gain":0,"max_hp_loss":0,"event_name":"The Woman in Blue","floor":13,"gold_loss":0},{"damage_healed":0,"gold_gain":0,"player_choice":"Simplicity","damage_taken":0,"max_hp_gain":0,"max_hp_loss":0,"event_name":"Back to Basics","floor":20,"gold_loss":0,"cards_upgraded":["alterego_mod:Strike","alterego_mod:Strike","alterego_mod:Strike","alterego_mod:Strike","alterego_mod:Defend","alterego_mod:Defend","alterego_mod:Defend","alterego_mod:Defend"]},{"damage_healed":0,"gold_gain":0,"player_choice":"Ignored","damage_taken":0,"max_hp_gain":0,"max_hp_loss":0,"event_name":"Vampires","floor":22,"gold_loss":0},{"damage_healed":0,"gold_gain":0,"player_choice":"Paid","damage_taken":0,"relics_obtained":["Red Mask"],"max_hp_gain":0,"max_hp_loss":0,"event_name":"Tomb of Lord Red Mask","floor":39,"gold_loss":215},{"damage_healed":0,"gold_gain":0,"player_choice":"Fight","damage_taken":0,"max_hp_gain":0,"max_hp_loss":0,"event_name":"Mysterious Sphere","floor":46,"gold_loss":0}],"is_beta":false,"boss_relics":[{"not_picked":["SacredBark","Calling Bell"],"picked":"Coffee Dripper"},{"not_picked":["Snecko Eye","Busted Crown"],"picked":"Astrolabe"}],"items_purged_floors":[28],"is_endless":false,"potions_floor_spawned":[3,5,14,16,18,19,25,35,38,40,44],"killed_by":"Shield and Spear","ascension_level":4}}