{"host":"f3vxwlz1n3azqp6q","time":1611960769,"event":{"mods":["Aspiration","BaseMod","BetterRewards","Conspire","Hubris","Infinite Spire","Ironclad Rager","Jorbs\u0027s Wanderer Trilogy","Minty Spire (QoL Compilation)","Permanent Neow","Replay The Spire","Shop Mod","StSLib","The Construct","The Hierophant","The Necromancer","The Servant 0.9.4","Transform Curses"],"gold_per_floor":[115,175,199,8240,8284,8335,8335,8300,8382,8382,8432,8468,8468,8519,8519,8621,8621,8650,8650,8650,8650,7523,7580,7580,7600,7600,7628,7673,7673,7696,7740,7740,7843,7943,8472,9042,9671,9671,10321,11041,10841,10841,10895,9922,10610,11371,11371,12167,12167,13093,13093,13093],"floor_reached":51,"language":"ENG","playtime":7870,"items_purged":["Strike_R","Acrobatics","Dagger Throw","Twin Strike","Bloodletting"],"score":994,"play_id":"390bdee9-489e-42f4-95dc-7bf62f4fd20e","local_time":"20210129145249","is_ascension_mode":false,"campfire_choices":[{"floor":7.0,"key":"RECALL"},{"data":"Demon Form","floor":10.0,"key":"SMITH"},{"data":"Demon Form","floor":13.0,"key":"SMITH"},{"data":"infinitespire:NeuralNetwork","floor":24.0,"key":"SMITH"},{"data":"ReplayTheSpireMod:Brewmster","floor":29,"key":"SMITH"},{"data":"Limit Break","floor":32,"key":"SMITH"},{"data":"ReplayTheSpireMod:Black Plague","floor":42,"key":"SMITH"},{"floor":49,"key":"DIG"}],"circlet_count":0,"master_deck":["Bash","Tactician","Demon Form+1","Replay:Sssssssssstrike","Reaper","Shockwave","Life Link","Dropkick","HandOfGreed","Battle Trance","Demon Form+1","Perseverance","Ghostly Armor","Power Through","Study","Dark Embrace","Spot Weakness","Impervious","Tactician","Replay:Many Hands","Flex","conspire:Charge","Storm of Steel+1","ReplayTheSpireMod:Corrosion Curse","Replay:Hum","infinitespire:NeuralNetwork+1","hubris:Rewind","infinitespire:Fortify","infinitespire:SevenWalls","infinitespire:Gouge","ReplayTheSpireMod:Brewmster+1","Feel No Pain","infinitespire:OneForAll","Forethought","Metallicize","Seeing Red+1","Limit Break+1","Devotion+1","infinitespire:FutureSight","ReplayTheSpireMod:Black Plague+1","hubris:Fate","infinitespire:NeuralNetwork","Replay:Fractal Strike","infinitespire:SealOfDarkness+","BattleHymn","conspire:SpireCoStock","conspire:SpireCoStock","conspire:SpireCoStock","conspire:SpireCoStock","Midas Touch","conspire:Banana","Seeing Red","Inflame","Barricade"],"relics":["Burning Blood","aspiration:Nostalgia","m_SnakeCloak","Replay:Bandana","Tingsha","hubris:DisguiseKit","DollysMirror","MerchantsRug","Blue Candle","Odd Mushroom","Pandora\u0027s Box","ReplayTheSpireMod:Lightbulb","aspiration:SecretTechniqueScroll","InkBottle","Nunchaku","ClockworkSouvenir","Singing Bowl","conspire:DeflatedDodgeball","Centennial Puzzle","infinitespire:EvilPickle","Replay:Wanted Poster","Guide Book","infinitespire:Burning Sword","Oddly Smooth Stone","Tiny Chest","aspiration:VileToxins","hubris:SlimyHat","Lee\u0027s Waffle","Ancient Tea Set","hubris:RunicObelisk"],"acts_visited":["Exordium","TheCity","TheBeyond","Exordium"],"potions_floor_usage":[28,28,30,30,30,33,33,35,35,36,39,39,40,40,45,45,50,50,50],"damage_taken":[{"damage":5.0,"enemies":"Cultist","floor":1.0,"turns":4.0},{"damage":6.0,"enemies":"conspire:RoseBush","floor":3.0,"turns":1.0},{"damage":0.0,"enemies":"Small Slimes","floor":5.0,"turns":3.0},{"damage":9.0,"enemies":"2 Fungi Beasts","floor":6.0,"turns":2.0},{"damage":11.0,"enemies":"3 Louse","floor":11.0,"turns":4.0},{"damage":0.0,"enemies":"Lagavulin","floor":12.0,"turns":5.0},{"damage":21.0,"enemies":"The Mushroom Lair","floor":14.0,"turns":4.0},{"damage":44.0,"enemies":"The Guardian","floor":16.0,"turns":8.0},{"damage":3.0,"enemies":"Chosen","floor":18.0,"turns":5.0},{"damage":23.0,"enemies":"Nightmare","floor":23.0,"turns":5.0},{"damage":8.0,"enemies":"Shell Parasite","floor":25.0,"turns":5.0},{"damage":0.0,"enemies":"Snecko","floor":27.0,"turns":6.0},{"damage":8,"enemies":"Gremlin Leader","floor":28,"turns":4},{"damage":0,"enemies":"conspire:HollyBat","floor":30,"turns":6},{"damage":1,"enemies":"Centurion and Healer","floor":31,"turns":5},{"damage":27,"enemies":"Pondfish","floor":33,"turns":7},{"damage":8,"enemies":"3 Darklings","floor":35,"turns":6},{"damage":13,"enemies":"Orb Walker","floor":36,"turns":4},{"damage":52,"enemies":"4 Shapes","floor":37,"turns":4},{"damage":3,"enemies":"Writhing Mass","floor":39,"turns":5},{"damage":4,"enemies":"Nightmare","floor":40,"turns":6},{"damage":9,"enemies":"3 Darklings","floor":45,"turns":2},{"damage":27,"enemies":"4 Shapes","floor":46,"turns":6},{"damage":33,"enemies":"Sphere and 2 Shapes","floor":48,"turns":4},{"damage":10,"enemies":"conspire:OrnateMirror","floor":50,"turns":5}],"seed_played":"-4062511077270711323","potions_obtained":[{"floor":2.0,"key":"Explosive Potion"},{"floor":6.0,"key":"Explosive Potion"},{"floor":12.0,"key":"SkillPotion"},{"floor":16.0,"key":"EssenceOfSteel"},{"floor":27.0,"key":"Elixir"},{"floor":30,"key":"FairyPotion"},{"floor":33,"key":"HeartOfIron"},{"floor":36,"key":"SpeedPotion"},{"floor":39,"key":"Languid Potion"},{"floor":46,"key":"Doom Potion"}],"is_trial":false,"path_per_floor":["M","?","M","$","M","M","R","?","T","R","M","E","R","?","R","B",null,"M","AVR","?","?","$","NM","R","M","T","M","E","R","M","M","R","B",null,"M","M","M","AVR","M","NM","?","R","T","$","M","M","?","M","R","B",null],"character_chosen":"IRONCLAD","items_purchased":["Adrenaline Potion","Replay:Sssssssssstrike","Reaper","Shockwave","Life Link","construct:ShiftPotion","ElixirPotion","Dropkick","HandOfGreed","Battle Trance","Tingsha","hubris:DisguiseKit","DollysMirror","MerchantsRug","InkBottle","Nunchaku","ClockworkSouvenir","ReplayTheSpireMod:Brewmster","Feel No Pain","infinitespire:OneForAll","Forethought","BloodPotion","Adrenaline Potion","aspiration:VileToxins","hubris:SlimyHat","Lee\u0027s Waffle","Reflective Coating","ColorlessPotion","Midas Touch","conspire:Banana","Seeing Red"],"campfire_rested":0,"item_purchase_floors":[4,4,4,4,4,4,4,4,4,4,4,4,4,4,22,22,22,22,22,22,22,22,22,44,44,44,44,44,44,44,44],"current_hp_per_floor":[80,48,48,48,54,63,63,80,80,80,75,80,80,65,65,27,80,80,80,65,85,85,81,81,81,81,87,85,85,89,91,91,91,91,93,95,65,65,68,72,72,72,72,106,106,95,95,71,71,68,114,114],"gold":13093,"neow_bonus":"NOSTALGIA","is_daily":false,"chose_seed":false,"campfire_upgraded":6,"win_rate":0.0,"timestamp":1611960769,"path_taken":["M","?","M","$","M","M","R","?","T","R","M","E","R","?","R","BOSS","M","AVR","?","?","$","NM","R","M","T","?","E","R","M","M","R","BOSS","M","M","?","AVR","M","NM","?","R","T","$","M","M","?","M","R","BOSS"],"items_purchased_type":["Potion","Card","Card","Card","Card","Potion","Potion","Card","Card","Card","Relic","Relic","Relic","Relic","Relic","Relic","Relic","Card","Card","Card","Card","Potion","Potion","Relic","Relic","Relic","Potion","Potion","Card","Card","Card"],"build_version":"2020-12-22","purchased_purges":5,"victory":false,"max_hp_per_floor":[80,80,80,80,80,80,80,80,80,80,80,80,80,80,80,80,80,80,80,85,85,85,85,85,87,87,87,87,87,89,91,91,91,91,93,95,97,97,97,99,99,99,99,106,109,110,110,113,113,114,114,114],"card_choices":[{"not_picked":["Replay:Undeath\u0027s Touch","ReplayTheSpireMod:Strike From Hell"],"picked":"Twin Strike","floor":1.0},{"not_picked":["Whirlwind","Havoc"],"picked":"Tactician","floor":2.0},{"not_picked":["ReplayTheSpireMod:Strike From Hell","Perfected Strike"],"picked":"Bloodletting","floor":2.0},{"not_picked":["Massacre","Run Through"],"picked":"Demon Form","floor":3.0},{"not_picked":["Havoc","Thunderclap","Pommel Strike"],"picked":"Perseverance","floor":5.0},{"not_picked":["Armaments","Heavy Blade","FlurryOfBlows"],"picked":"Ghostly Armor","floor":6.0},{"not_picked":["Headbutt","Wild Strike","Replay:AtTheReady"],"picked":"Power Through","floor":11.0},{"not_picked":["Clash","ReplayReversal","Battle Trance"],"picked":"Study","floor":12.0},{"not_picked":["Dagger Throw","Entrench","FlyingSleeves"],"picked":"Dark Embrace","floor":14.0},{"not_picked":["Eclipse","Replay:Many Hands","Scrawl"],"picked":"Impervious","floor":16.0},{"not_picked":["Havoc","Pommel Strike","Headbutt"],"picked":"Replay:Hum","floor":18.0},{"not_picked":["Body Slam","ReplayTheSpireMod:Strike From Hell+1","Replay:DivineShield"],"picked":"Metallicize","floor":23.0},{"not_picked":["Sword Boomerang+1","Anger","Spot Weakness+1","Sanctity"],"picked":"Singing Bowl","floor":25.0},{"not_picked":["Havoc","Flex","FlyingSleeves"],"picked":"Seeing Red+1","floor":27.0},{"not_picked":["Acrobatics+1","Dual Wield","JustLucky"],"picked":"Limit Break","floor":28},{"not_picked":["Clash","Dagger Throw","Reflex","Replay:ManipulateFuture"],"picked":"Singing Bowl","floor":30},{"not_picked":["Perfected Strike","Body Slam","True Grit","EmptyMind"],"picked":"Singing Bowl","floor":31},{"not_picked":["Replay:Many Hands","Exhume","Demonic Infusion"],"picked":"Devotion","floor":33},{"not_picked":["hubris:ReadiedAction+1","Run Through","Flex","SashWhip"],"picked":"Singing Bowl","floor":35},{"not_picked":["Dropkick","Perfected Strike","Body Slam","Replay:BluntJabs"],"picked":"Singing Bowl","floor":36},{"not_picked":["Blood for Blood+1","conspire:Purge","Wild Strike","ClearTheMind"],"picked":"Singing Bowl","floor":37},{"not_picked":["Clash","Pommel Strike+1","hubris:ReadiedAction+1"],"picked":"BattleHymn","floor":39},{"not_picked":["Headbutt+1","ReplayTheSpireMod:Strike From Hell+1","Thunderclap+1","JustLucky"],"picked":"Singing Bowl","floor":40},{"not_picked":["Run Through","Rage+1","Wild Strike+1","Evaluate"],"picked":"Singing Bowl","floor":45},{"not_picked":["Headbutt+1","Hemokinesis+1","ForeignInfluence"],"picked":"Inflame","floor":46},{"not_picked":["Blood for Blood+1","Havoc+1","ReplayTheSpireMod:Strike From Hell","FlurryOfBlows"],"picked":"Singing Bowl","floor":48},{"not_picked":["Demon Form","Hemogenesis","Replay:AllIn"],"picked":"Barricade","floor":50}],"player_experience":280038,"relics_obtained":[{"floor":2.0,"key":"Replay:Bandana"},{"floor":12.0,"key":"Blue Candle"},{"floor":14.0,"key":"Odd Mushroom"},{"floor":23.0,"key":"Singing Bowl"},{"floor":26.0,"key":"conspire:DeflatedDodgeball"},{"floor":28,"key":"Centennial Puzzle"},{"floor":40,"key":"Oddly Smooth Stone"},{"floor":43,"key":"Tiny Chest"},{"floor":49,"key":"Ancient Tea Set"}],"event_choices":[{"damage_healed":20.0,"max_hp_gain":0.0,"max_hp_loss":0.0,"gold_gain":0.0,"event_name":"The Cleric","player_choice":"Healed","floor":8.0,"gold_loss":35.0,"damage_taken":0.0},{"damage_healed":0.0,"max_hp_gain":0.0,"max_hp_loss":0.0,"gold_gain":0.0,"event_name":"Mushrooms","player_choice":"Fought Mushrooms","floor":14.0,"gold_loss":0.0,"damage_taken":0.0},{"damage_healed":0.0,"max_hp_gain":5.0,"max_hp_loss":0.0,"gold_gain":0.0,"event_name":"Forgotten Altar","player_choice":"Shed Blood","floor":20.0,"gold_loss":0.0,"damage_taken":20.0},{"damage_healed":20.0,"max_hp_gain":0.0,"max_hp_loss":0.0,"gold_gain":0.0,"event_name":"Wheel of Change","player_choice":"Full Heal","floor":21.0,"gold_loss":0.0,"damage_taken":0.0},{"damage_healed":0,"gold_gain":0,"player_choice":"Invest 4","damage_taken":0,"max_hp_gain":0,"max_hp_loss":0,"event_name":"conspire:Investor","floor":41,"gold_loss":0},{"damage_healed":0,"gold_gain":0,"player_choice":"Ignored","damage_taken":0,"max_hp_gain":0,"max_hp_loss":0,"event_name":"Tomb of Lord Red Mask","floor":47,"gold_loss":0}],"is_beta":false,"boss_relics":[{"not_picked":["ReplayTheSpireMod:DimensionalGlitch","ChewingGum"],"picked":"Pandora\u0027s Box"},{"not_picked":["aspiration:RitualDagger","construct:ClawGrip"],"picked":"Replay:Wanted Poster"},{"not_picked":["hubris:BlackHole","hubris:VirtuousBlindfold"],"picked":"hubris:RunicObelisk"}],"items_purged_floors":[4,19,22,38,44],"is_endless":true,"potions_floor_spawned":[6,12,16,23,27,30,33,36,39,40,46],"ascension_level":0}}