{"host":"KYO","time":1611918919,"event":{"mods":["ATMod(°¢èªMod)","BaseMod","Minty Spire (QoL Compilation)","Permanent Neow","Replay The Spire","Shop Mod","StSLib","SuperFastMode","TestMod","[IsaacMod]ÒÔÈö¼âËþ","¡¾ÒÅÎï¿¨ÅÆ¡¿REMEMod"],"gold_per_floor":[115,129,129,143,162,196,206,237,285,347,347,347,366,397,397,471,471,482,493,493,493,15,46,46,62,62,62,62],"floor_reached":27,"language":"ZHS","playtime":897,"items_purged":["Spreading Infection"],"score":826,"play_id":"8f5fae3c-bbbf-4b2d-85fc-99d5b9ba004f","local_time":"20210129191519","is_ascension_mode":true,"campfire_choices":[{"data":"AT_KneejerkReflex","floor":11.0,"key":"SMITH"},{"data":"AT_FamilyPortrait","floor":15.0,"key":"SMITH"},{"data":"A Thousand Cuts","floor":24,"key":"SMITH"}],"circlet_count":0,"master_deck":["AscendersBane","Strike_G+1","Strike_G","Strike_G","Strike_G","Defend_G","Defend_G","Defend_G","Defend_G+1","Defend_G","Survivor","Neutralize+1","Doubt","CommonCold","AT_FamilyPortrait+1","AT_WindFlip","AT_KneejerkReflex+1","Backflip","AT_KneejerkReflex+1","A Thousand Cuts+1"],"relics":["HushsDoor","AT_ATBox","REME_ComplimentaryCards","testmod-TestBox","GuppysHead","testmod-Laevatain","Coffee Dripper","REME_HandOfSuture","Kunai","AT_BellDemon","Bronze Scales","Painkiller Herb","GuppysHairball","AT_TimeSand","MerchantsRug","Chameleon Ring","Mummified Hand"],"acts_visited":["Exordium","TheCity"],"potions_floor_usage":[16,19,27],"damage_taken":[{"damage":5.0,"enemies":"Small Slimes","floor":1.0,"turns":3.0},{"damage":0.0,"enemies":"Jaw Worm","floor":2.0,"turns":2.0},{"damage":0.0,"enemies":"Cultist","floor":4.0,"turns":3.0},{"damage":0.0,"enemies":"Gremlin Gang","floor":5.0,"turns":1.0},{"damage":19.0,"enemies":"Lagavulin","floor":6.0,"turns":6.0},{"damage":0.0,"enemies":"Red Slaver","floor":7.0,"turns":1.0},{"damage":0.0,"enemies":"Gremlin Nob","floor":8.0,"turns":2.0},{"damage":22.0,"enemies":"Lagavulin","floor":10.0,"turns":4.0},{"damage":0.0,"enemies":"3 Louse","floor":13.0,"turns":1.0},{"damage":0.0,"enemies":"3 Sentries","floor":14.0,"turns":2.0},{"damage":0,"enemies":"Slime Boss","floor":16,"turns":3},{"damage":0,"enemies":"Spheric Guardian","floor":18,"turns":3},{"damage":11,"enemies":"2 Thieves","floor":19,"turns":2},{"damage":0,"enemies":"Replay:Snechameleon","floor":23,"turns":1},{"damage":18,"enemies":"Shelled Parasite and Fungi","floor":25,"turns":2},{"damage":99999999,"enemies":"Slavers","floor":27,"turns":1}],"seed_played":"1347239856235211238","potions_obtained":[{"floor":4.0,"key":"Regen Potion"},{"floor":7.0,"key":"REME_GoldPotion"},{"floor":12.0,"key":"DistilledChaos"},{"floor":12.0,"key":"Explosive Potion"},{"floor":13.0,"key":"PowerPotion"},{"floor":16,"key":"Explosive Potion"},{"floor":18,"key":"Swift Potion"},{"floor":25,"key":"SkillPotion"}],"is_trial":false,"path_per_floor":["M","M","?","M","M","E","M","E","T","E","R","?","M","E","R","B",null,"?","?","?","?","T","E","T","?","T","E"],"character_chosen":"THE_SILENT","items_purchased":["GuppysHairball","AT_TimeSand","MerchantsRug"],"campfire_rested":0,"item_purchase_floors":[17,22,22],"current_hp_per_floor":[54,54,54,54,54,35,35,35,35,25,25,25,25,25,25,25,48,48,37,37,37,37,37,37,19,19,0,0],"gold":62,"neow_bonus":"BOSS_RELIC","is_daily":false,"chose_seed":false,"campfire_upgraded":3,"win_rate":0.0,"timestamp":1611918919,"path_taken":["M","M","?","M","M","E","M","E","T","E","R","?","?","E","R","BOSS","?","?","?","?","?","E","T","?","T","E"],"items_purchased_type":["Relic","Relic","Relic"],"build_version":"2020-12-18","purchased_purges":1,"victory":false,"max_hp_per_floor":[66,66,66,66,66,66,66,66,66,66,66,66,66,66,66,66,56,56,56,56,56,56,56,56,56,56,56,56],"card_choices":[{"not_picked":[],"picked":"SuicideKing","floor":0.0},{"not_picked":["Masterful Stab","Flying Knee","ReplayTheSpireMod:Scrap Shanks"],"picked":"SKIP","floor":1.0},{"not_picked":["All Out Attack","Hidden Blade"],"picked":"AT_WindFlip","floor":2.0},{"not_picked":["Caltrops","AT_WindFlip","Hidden Blade"],"picked":"SKIP","floor":4.0},{"not_picked":["REME_GreenPollution","Quick Slash"],"picked":"Bomb","floor":5.0},{"not_picked":["Poisoned Stab","Hidden Blade"],"picked":"Bomb","floor":6.0},{"not_picked":["Hidden Blade","Acrobatics"],"picked":"AT_KneejerkReflex","floor":7.0},{"not_picked":["Wraith Form v2","Poisoned Stab","Acrobatics"],"picked":"SKIP","floor":8.0},{"not_picked":["Underhanded Strike","Sucker Punch","REME_SpectralBlade"],"picked":"SKIP","floor":10.0},{"not_picked":["Deadly Poison","Deflect","Sucker Punch"],"picked":"SKIP","floor":13.0},{"not_picked":["Noxious Fumes","Setup","Dagger Spray"],"picked":"SKIP","floor":14.0},{"not_picked":["AT_ArcaneSupremacy","ReplayTheSpireMod:Speed Training"],"picked":"Backflip","floor":18},{"not_picked":["ReplayTheSpireMod:Speed Training","Sucker Punch","Flying Knee"],"picked":"SKIP","floor":19},{"not_picked":["Prepared","Poisoned Stab"],"picked":"A Thousand Cuts","floor":23},{"not_picked":["AT_WomanClash","AT_WindFlip","Expertise"],"picked":"SKIP","floor":25}],"player_experience":699165,"relics_obtained":[{"floor":6.0,"key":"REME_HandOfSuture"},{"floor":8.0,"key":"Kunai"},{"floor":9.0,"key":"AT_BellDemon"},{"floor":10.0,"key":"Bronze Scales"},{"floor":14.0,"key":"Simple Rune"},{"floor":23,"key":"Chameleon Ring"},{"floor":26,"key":"Mummified Hand"}],"event_choices":[{"damage_healed":0.0,"max_hp_gain":0.0,"max_hp_loss":0.0,"gold_gain":0.0,"event_name":"Lab","player_choice":"Got Potions","floor":12.0,"gold_loss":0.0,"damage_taken":0.0},{"damage_healed":0,"gold_gain":0,"player_choice":"Ignored","damage_taken":0,"max_hp_gain":0,"max_hp_loss":0,"event_name":"Vampires","floor":20,"gold_loss":0},{"damage_healed":0,"gold_gain":0,"player_choice":"Forge","damage_taken":0,"max_hp_gain":0,"max_hp_loss":0,"event_name":"Accursed Blacksmith","floor":21,"gold_loss":0,"cards_upgraded":["Neutralize"]}],"is_beta":true,"boss_relics":[{"not_picked":["testmod-Recursion","REME_DemonsWealth"],"picked":"Painkiller Herb"},{"not_picked":[]}],"items_purged_floors":[22],"is_endless":false,"potions_floor_spawned":[4,7,8,13,16,18,25],"killed_by":"Slavers","ascension_level":20}}