{"host":"2py7ki924ssbu6hl","time":1611955801,"event":{"mods":["Act Like it!","BaseMod","Better Match","CapriCore","Colored Powertips","Friendly Minions","Gensokyo","GifTheSpireLib","MarisaÅiñ∂âJÅ@ñÇóùçπÅj","Minty Spire (QoL Compilation)","Rare Cards Sparkle","Relic Stats","StSLib","everything is the same but u backflip on backflip"],"gold_per_floor":[118,136,156,176,195,222,222,257,257,285,285,297,3,3,3,98,98,116,127,127,7,25,57,57,57,57,21,40,40,70,80,80,280,280],"floor_reached":33,"language":"ENG","playtime":2176,"items_purged":[],"score":423,"play_id":"f1083e98-c785-4545-81f1-24dd0d973da8","local_time":"20210129223001","is_ascension_mode":true,"campfire_choices":[{"data":"DarkSpark","floor":7.0,"key":"SMITH"},{"data":"BlazeAway","floor":11,"key":"SMITH"},{"data":"AbsoluteMagnitude","floor":15,"key":"SMITH"},{"data":"ManaRampage","floor":24,"key":"SMITH"},{"data":"EnergyFlow","floor":29,"key":"SMITH"},{"floor":32,"key":"REST"}],"circlet_count":0,"master_deck":["Strike_MRS","Strike_MRS","Strike_MRS","Defend_MRS","Defend_MRS","Defend_MRS","Defend_MRS","MasterSpark","UpSweep","GasGiant","PropBag","DarkSpark+1","PropBag","DragonMeteor","BlazeAway+1","MachineGunSpark","AbsoluteMagnitude+1","MysteriousBeam","AbsoluteMagnitude","ManaRampage+1","DoubleSpark+1","IllusionStar+1","Gensokyo:FourOfAKind","Gensokyo:FourOfAKind","Gensokyo:FourOfAKind+1","Gensokyo:FourOfAKind","WitchLeyline+1","JA","EnergyFlow+1","DarkMatter","AsteroidBelt+1","PropBag"],"relics":["MiniHakkero","Calipers","InkBottle","Peace Pipe","Sundial","SimpleLauncher","Black Star","Anchor","Gensokyo:DemonMask","CaptainsWheel","War Paint","Omamori","Centennial Puzzle","Toy Ornithopter","Lantern","Mummified Hand","Letter Opener"],"acts_visited":["Gensokyo:Gensokyo","Gensokyo:Gensokyoer"],"potions_floor_usage":[10,16,22,30],"damage_taken":[{"damage":1.0,"enemies":"Gensokyo:Python","floor":1.0,"turns":4.0},{"damage":1.0,"enemies":"Gensokyo:2_Kodama","floor":2.0,"turns":3.0},{"damage":0.0,"enemies":"Gensokyo:3_Fairies","floor":3.0,"turns":4.0},{"damage":7.0,"enemies":"Gensokyo:2_Rabbits","floor":4.0,"turns":2.0},{"damage":0.0,"enemies":"Gensokyo:LivingMonolith","floor":5.0,"turns":3.0},{"damage":0.0,"enemies":"Gensokyo:Cirno","floor":6.0,"turns":4.0},{"damage":20.0,"enemies":"Gensokyo:Mamizou","floor":8.0,"turns":10.0},{"damage":20,"enemies":"Gensokyo:Cirno","floor":10,"turns":6},{"damage":1,"enemies":"Gensokyo:Kitsune","floor":12,"turns":2},{"damage":32,"enemies":"Gensokyo:Reimu","floor":16,"turns":9},{"damage":25,"enemies":"Gensokyo:AngelMirror","floor":18,"turns":2},{"damage":10,"enemies":"Gensokyo:CosmicMonolith","floor":19,"turns":4},{"damage":10,"enemies":"Gensokyo:Swordslinger","floor":22,"turns":2},{"damage":0,"enemies":"Gensokyo:Reisen","floor":23,"turns":3},{"damage":32,"enemies":"Gensokyo:Slime_Group","floor":28,"turns":3},{"damage":9,"enemies":"Gensokyo:Tenshi","floor":30,"turns":4},{"damage":0,"enemies":"Gensokyo:Wraith","floor":31,"turns":2},{"damage":25,"enemies":"Gensokyo:Eternal_Rivals","floor":33,"turns":4}],"seed_played":"-2810009788354448646","potions_obtained":[{"floor":1.0,"key":"SkillPotion"},{"floor":6.0,"key":"GamblersBrew"},{"floor":8.0,"key":"Swift Potion"},{"floor":16,"key":"Weak Potion"},{"floor":18,"key":"DistilledChaos"},{"floor":23,"key":"Regen Potion"},{"floor":30,"key":"SkillPotion"}],"is_trial":false,"path_per_floor":["M","M","M","M","M","E","R","E","T","E","R","M","COS","?","R","B",null,"M","M","?","?","M","E","R","?","T","$","M","R","E","M","R","B"],"character_chosen":"MARISA","items_purchased":["EnergyFlow"],"campfire_rested":1,"item_purchase_floors":[27],"current_hp_per_floor":[81,80,80,73,73,73,73,53,53,45,45,44,44,44,44,12,82,57,47,47,47,37,37,37,37,37,37,5,5,8,8,25,0,0],"gold":280,"neow_bonus":"TEN_PERCENT_HP_BONUS","is_daily":false,"chose_seed":false,"campfire_upgraded":5,"win_rate":0.0,"timestamp":1611955801,"path_taken":["M","M","M","M","M","E","R","E","T","E","R","?","COS","?","R","BOSS","M","M","?","?","M","E","R","?","T","?","?","R","E","M","R","BOSS"],"items_purchased_type":["Card"],"build_version":"2020-12-22","purchased_purges":0,"victory":false,"max_hp_per_floor":[82,82,82,82,82,82,82,82,82,82,82,82,82,82,82,82,82,82,82,58,58,58,58,58,58,58,58,58,58,58,58,58,58,58],"relic_stats":{"Peace Pipe":0,"Centennial Puzzle":[9],"counters":[18,71],"Sundial":[6],"Mummified Hand":[1],"Black Star":2,"Letter Opener":[60],"War Paint":["Gensokyo:FourOfAKind","IllusionStar"],"obtain_stats":[{"AmplifyWand":10,"Gensokyo:DemonMask":21,"Lantern":30,"Calipers":6,"Gremlin Horn":6,"Centennial Puzzle":26,"Sundial":8,"Mummified Hand":33,"Kunai":19,"InkBottle":8,"SimpleLauncher":13,"Blue Candle":28,"Omamori":23,"Letter Opener":22,"War Paint":23,"Mercury Hourglass":3,"Peace Pipe":9,"Anchor":19,"CaptainsWheel":22,"Shuriken":8,"Ornamental Fan":16,"Black Star":17,"MiniHakkero":0,"Toy Ornithopter":30,"Meat on the Bone":10},{"AmplifyWand":8,"Gensokyo:DemonMask":12,"Lantern":16,"Calipers":6,"Gremlin Horn":6,"Centennial Puzzle":14,"Sundial":7,"Mummified Hand":18,"Kunai":12,"InkBottle":7,"SimpleLauncher":9,"Blue Candle":15,"Omamori":14,"Letter Opener":13,"War Paint":14,"Mercury Hourglass":3,"Peace Pipe":7,"Anchor":12,"CaptainsWheel":13,"Shuriken":7,"Ornamental Fan":10,"Black Star":10,"MiniHakkero":0,"Toy Ornithopter":16,"Meat on the Bone":8},{"AmplifyWand":31,"Gensokyo:DemonMask":53,"Lantern":65,"Calipers":20,"Gremlin Horn":17,"Centennial Puzzle":58,"Sundial":21,"Mummified Hand":68,"Kunai":53,"InkBottle":30,"SimpleLauncher":38,"Blue Candle":60,"Omamori":58,"Letter Opener":54,"War Paint":58,"Mercury Hourglass":8,"Peace Pipe":30,"Anchor":50,"CaptainsWheel":55,"Shuriken":21,"Ornamental Fan":41,"Black Star":47,"MiniHakkero":0,"Toy Ornithopter":65,"Meat on the Bone":33}],"InkBottle":[14],"Toy Ornithopter":0},"card_choices":[{"not_picked":["DarkMatter","GalacticHalo"],"picked":"GasGiant","floor":1.0},{"not_picked":["MysteriousBeam","OpenUniverse"],"picked":"PropBag","floor":2.0},{"not_picked":["SuperPerseids","PowerUp"],"picked":"DarkSpark","floor":3.0},{"not_picked":["GalacticHalo","Robbery"],"picked":"PropBag","floor":4.0},{"not_picked":["MilkyWay","6A"],"picked":"DragonMeteor","floor":5.0},{"not_picked":["TreasureHunter","OrrerysSun"],"picked":"BlazeAway","floor":6.0},{"not_picked":["UnstableBomb","SporeBomb"],"picked":"MachineGunSpark","floor":8.0},{"not_picked":["Acceleration","GalacticHalo"],"picked":"AbsoluteMagnitude","floor":10},{"not_picked":["Robbery","FairyDestructionRay"],"picked":"MysteriousBeam","floor":12},{"not_picked":["EscapeVelocity","MillisecondPulsars"],"picked":"ManaRampage","floor":16},{"not_picked":["NonDirectionalLaser","DC"],"picked":"DoubleSpark+1","floor":18},{"not_picked":["RefractionSpark","UnstableBomb"],"picked":"IllusionStar","floor":19},{"not_picked":["JA","Acceleration+1"],"picked":"WitchLeyline+1","floor":22},{"not_picked":["DeepEcoloBomb","UnstableBomb"],"picked":"JA","floor":23},{"not_picked":["IllusionStar+1","MilkyWay"],"picked":"DarkMatter","floor":28},{"not_picked":["DarkSpark","ChargeUpSpray"],"picked":"AsteroidBelt+1","floor":30},{"not_picked":["DoubleSpark","Acceleration"],"picked":"PropBag","floor":31}],"player_experience":242743,"relics_obtained":[{"floor":6.0,"key":"Calipers"},{"floor":8.0,"key":"InkBottle"},{"floor":9.0,"key":"Peace Pipe"},{"floor":10,"key":"Sundial"},{"floor":23,"key":"War Paint"},{"floor":23,"key":"Omamori"},{"floor":26,"key":"Centennial Puzzle"},{"floor":30,"key":"Toy Ornithopter"},{"floor":30,"key":"Lantern"}],"event_choices":[],"is_beta":false,"boss_relics":[{"not_picked":["Tiny House","Empty Cage"],"picked":"Black Star"}],"items_purged_floors":[],"is_endless":false,"potions_floor_spawned":[1,6,8,16,18,23,30],"killed_by":"Gensokyo:Eternal_Rivals","ascension_level":1}}