{"host":"dvdvdvm357cut69v","time":1611931332,"event":{"mods":["BaseMod","Downfall","Minty Spire (QoL Compilation)","StSLib"],"gold_per_floor":[99,116,391,403,414,428,451,469,166,166,48,48,48,61,71,71,71,71],"floor_reached":16,"language":"ENG","playtime":2014,"items_purged":[],"score":103,"play_id":"f56be8a3-7e8f-4e3a-83b9-8fe5e8e788a8","local_time":"20210129174212","is_ascension_mode":true,"campfire_choices":[{"data":"Guardian:TwinSlam","floor":1,"key":"SMITH"},{"data":"Guardian:BronzeArmor","floor":13,"key":"SMITH"}],"circlet_count":0,"master_deck":["Guardian:Strike_Guardian","Guardian:Strike_Guardian","Guardian:Strike_Guardian","Guardian:Strike_Guardian","Guardian:Defend_Guardian","Guardian:Defend_Guardian","Guardian:Defend_Guardian","Guardian:Defend_Guardian","Guardian:CurlUp","Guardian:TwinSlam+1","Guardian:BronzeArmor+1","Regret","Guardian:RollAttack","Guardian:ArmoredProtocol","Guardian:Recover","Guardian:Orbwalk","Guardian:VentSteam","Guardian:RevengeProtocol","Guardian:RevengeProtocol","Guardian:PiercingHide"],"relics":["Guardian:StasisSlotReductionRelic","Juzu Bracelet","Bag of Marbles","Shuriken"],"acts_visited":["Exordium"],"potions_floor_usage":[8,11,16],"damage_taken":[{"damage":0,"enemies":"Small Slimes","floor":2,"turns":3},{"damage":1,"enemies":"Cultist","floor":4,"turns":4},{"damage":3,"enemies":"Jaw Worm","floor":5,"turns":2},{"damage":4,"enemies":"Lots of Slimes","floor":6,"turns":5},{"damage":15,"enemies":"Exordium Thugs","floor":8,"turns":4},{"damage":5,"enemies":"downfall:FleeingMerchant","floor":9,"turns":4},{"damage":2,"enemies":"downfall:FleeingMerchant","floor":11,"turns":4},{"damage":7,"enemies":"3 Louse","floor":14,"turns":5},{"damage":3,"enemies":"Large Slime","floor":15,"turns":5},{"damage":47,"enemies":"downfall:Defect","floor":16,"turns":5}],"seed_played":"545966131230923455","potions_obtained":[{"floor":4,"key":"hexamod:EctoCoolerPotion"},{"floor":5,"key":"BlessingOfTheForge"},{"floor":15,"key":"Strength Potion"}],"is_trial":false,"path_per_floor":["R","M","?","M","M","M","T","M","$","T","$","?","R","M","M","B"],"character_chosen":"GUARDIAN","items_purchased":["Guardian:RevengeProtocol","Bag of Marbles","Fruit Juice"],"campfire_rested":0,"item_purchase_floors":[9,9,11],"current_hp_per_floor":[80,80,80,79,76,72,72,57,52,52,55,55,55,48,45,0,0,0],"gold":71,"neow_bonus":"BOSS_RELIC","is_daily":false,"chose_seed":false,"campfire_upgraded":2,"win_rate":0.0,"timestamp":1611931332,"path_taken":["R","M","?","M","?","M","T","M","$","?","$","?","R","M","M","BOSS"],"items_purchased_type":["Card","Relic","Potion"],"build_version":"2020-12-13","purchased_purges":0,"victory":false,"max_hp_per_floor":[80,80,80,80,80,80,80,80,80,80,85,85,85,85,85,85,85,85],"card_choices":[{"not_picked":["Guardian:Recover","Guardian:TemporalStrike"],"picked":"Guardian:BronzeArmor","floor":2},{"not_picked":["Guardian:Gem_Cyan","Guardian:Planning"],"picked":"Guardian:RollAttack","floor":4},{"not_picked":["Guardian:TemporalShield","Guardian:Planning"],"picked":"Guardian:ArmoredProtocol","floor":5},{"not_picked":["Guardian:Emergency","Guardian:CrystalBeam"],"picked":"Guardian:Recover","floor":6},{"not_picked":["Guardian:ChargeCore","Guardian:Clone"],"picked":"Guardian:Orbwalk","floor":8},{"not_picked":["Guardian:PiercingHide","Guardian:PrismaticBarrier"],"picked":"Guardian:VentSteam","floor":9},{"not_picked":["Guardian:BronzeArmor","Guardian:DonusPower"],"picked":"Guardian:RevengeProtocol","floor":11},{"not_picked":["Guardian:CrystalBeam","Guardian:ChargeCore","Guardian:Planning"],"picked":"SKIP","floor":14},{"not_picked":["Guardian:Orbwalk","Guardian:Gem_Cyan"],"picked":"Guardian:PiercingHide","floor":15}],"player_experience":101281,"relics_obtained":[{"floor":7,"key":"Juzu Bracelet"},{"floor":10,"key":"Shuriken"}],"event_choices":[],"is_beta":false,"boss_relics":[],"items_purged_floors":[],"is_endless":false,"potions_floor_spawned":[4,5,15],"killed_by":"downfall:Defect","ascension_level":2}}