{"host":"wha9hktbkslqvblg","time":1611924612,"event":{"mods":["BaseMod","Colored Map","Minty Spire (QoL Compilation)","Relic Stats","SuperFastMode","everything is the same but u backflip on backflip"],"gold_per_floor":[113,130,130,130,18,18,45,61,85,95,130,145,163,182,182,256,256,256,256],"floor_reached":18,"language":"KOR","playtime":338,"items_purged":["Defend_P"],"score":398,"play_id":"b1a69992-74b7-4914-9520-6cecbc2860bd","local_time":"20210129215012","is_ascension_mode":true,"campfire_choices":[{"data":"Adaptation","floor":6,"key":"SMITH"},{"data":"EmptyFist","floor":15,"key":"SMITH"}],"circlet_count":0,"master_deck":["AscendersBane","Strike_P","Strike_P","Strike_P","Strike_P","Defend_P","Defend_P","Eruption+1","Vigilance","Meditate","Adaptation+1","BowlingBash","EmptyFist+1","Blasphemy"],"relics":["PureWater","NeowsBlessing","Vajra","Akabeko","Philosopher\u0027s Stone"],"acts_visited":["Exordium","TheCity"],"potions_floor_usage":[11,16,16],"damage_taken":[{"damage":0,"enemies":"Small Slimes","floor":1,"turns":1},{"damage":0,"enemies":"Jaw Worm","floor":2,"turns":1},{"damage":0,"enemies":"3 Sentries","floor":7,"turns":2},{"damage":0,"enemies":"Cultist","floor":8,"turns":3},{"damage":12,"enemies":"2 Fungi Beasts","floor":10,"turns":3},{"damage":3,"enemies":"Gremlin Nob","floor":11,"turns":3},{"damage":7,"enemies":"Lots of Slimes","floor":12,"turns":4},{"damage":3,"enemies":"Blue Slaver","floor":13,"turns":3},{"damage":6,"enemies":"Exordium Thugs","floor":14,"turns":3},{"damage":7,"enemies":"Hexaghost","floor":16,"turns":4},{"damage":0,"enemies":"Shell Parasite","floor":18,"turns":1}],"seed_played":"6093731672891943244","potions_obtained":[{"floor":1,"key":"Explosive Potion"},{"floor":2,"key":"FearPotion"},{"floor":7,"key":"Ambrosia"},{"floor":12,"key":"LiquidMemories"},{"floor":14,"key":"CultistPotion"}],"is_trial":false,"path_per_floor":["M","M","?","?","$","R","E","M","T","M","E","M","M","M","R","B",null,"M"],"character_chosen":"WATCHER","items_purchased":["Adaptation"],"campfire_rested":0,"item_purchase_floors":[5],"current_hp_per_floor":[61,61,54,54,54,54,54,54,54,42,39,32,29,23,23,16,55,55,55],"gold":256,"neow_bonus":"THREE_ENEMY_KILL","is_daily":false,"chose_seed":false,"campfire_upgraded":2,"win_rate":0.0,"timestamp":1611924612,"path_taken":["M","M","?","?","$","R","E","M","T","M","E","M","M","M","R","BOSS","M"],"items_purchased_type":["Card"],"build_version":"2020-12-22","purchased_purges":1,"victory":false,"max_hp_per_floor":[68,68,68,68,68,68,68,68,68,68,68,68,68,68,68,68,68,68,68],"relic_stats":{"counters":[11,28],"obtain_stats":[{"NeowsBlessing":0,"Vajra":7,"Philosopher\u0027s Stone":17,"PureWater":0,"Akabeko":11},{"NeowsBlessing":0,"Vajra":3,"Philosopher\u0027s Stone":10,"PureWater":0,"Akabeko":6},{"NeowsBlessing":0,"Vajra":4,"Philosopher\u0027s Stone":27,"PureWater":0,"Akabeko":13}]},"card_choices":[{"not_picked":["CrushJoints","Nirvana"],"picked":"Meditate","floor":1},{"not_picked":["Study","FlyingSleeves","JustLucky"],"picked":"SKIP","floor":2},{"not_picked":["Devotion","Indignation","FollowUp"],"picked":"SKIP","floor":7},{"not_picked":["CutThroughFate","Indignation","ForeignInfluence"],"picked":"SKIP","floor":8},{"not_picked":["PathToVictory","Protect","SashWhip"],"picked":"SKIP","floor":10},{"not_picked":["JustLucky","SpiritShield","WaveOfTheHand"],"picked":"SKIP","floor":11},{"not_picked":["Evaluate","ClearTheMind"],"picked":"BowlingBash","floor":12},{"not_picked":["LikeWater","EmptyBody"],"picked":"EmptyFist","floor":13},{"not_picked":["BattleHymn","ClearTheMind","FlurryOfBlows"],"picked":"SKIP","floor":14},{"not_picked":["Judgement","DevaForm"],"picked":"Blasphemy","floor":16}],"player_experience":990684,"relics_obtained":[{"floor":7,"key":"Vajra"},{"floor":11,"key":"Akabeko"}],"event_choices":[{"cards_removed":["Defend_P"],"damage_healed":0,"gold_gain":0,"player_choice":"Card Removal","damage_taken":7,"max_hp_gain":0,"max_hp_loss":0,"event_name":"Golden Wing","floor":3,"gold_loss":0},{"damage_healed":0,"gold_gain":0,"player_choice":"Forge","damage_taken":0,"max_hp_gain":0,"max_hp_loss":0,"event_name":"Accursed Blacksmith","floor":4,"gold_loss":0,"cards_upgraded":["Eruption"]}],"is_beta":false,"boss_relics":[{"not_picked":["Snecko Eye","Tiny House"],"picked":"Philosopher\u0027s Stone"}],"items_purged_floors":[5],"is_endless":false,"potions_floor_spawned":[1,2,7,8,12,14],"killed_by":"Shell Parasite","ascension_level":20}}