{"host":"qy7jow5usmjkdnnq","time":1611960606,"event":{"mods":["BaseMod","Colored Map","Downfall","Minty Spire (QoL Compilation)","Permanent Neow","Relic Stats","StSLib"],"gold_per_floor":[0,16,31,51,63,63,63,95,95,1,32,51,65,129,142,246,246,146,157,157,176,191,203,203,231,231,231,262,281,81,93,113,209,209,209,221,131,145,145,145,145,145,187,187,222,222,237,323,341,341,341,366,70,70,70,70],"floor_reached":57,"language":"ENG","playtime":6458,"items_purged":["hexamod:Defend","hexamod:Strike"],"score":1678,"play_id":"fc87eb7b-ea7b-4be0-8159-2de19cb461e9","local_time":"20210129235006","is_ascension_mode":true,"campfire_choices":[{"data":"hexamod:Float","floor":1.0,"key":"SMITH"},{"data":"hexamod:BurningTouch","floor":9,"key":"SMITH"},{"floor":18,"key":"RECALL"},{"data":"hexamod:SearingWound","floor":30,"key":"SMITH"},{"data":"hexamod:SpectralSpark","floor":35,"key":"SMITH"},{"data":"hexamod:WildfireWeapon","floor":40,"key":"SMITH"},{"data":"hexamod:ShieldOfDarkness","floor":44,"key":"SMITH"},{"data":"hexamod:ShieldOfDarkness","floor":46,"key":"SMITH"},{"data":"hexamod:Sear","floor":54,"key":"SMITH"}],"circlet_count":0,"master_deck":["hexamod:Strike","hexamod:Strike+1","hexamod:Defend","hexamod:Defend","hexamod:Sear+1","hexamod:Float+1","hexamod:BurningTouch+1","hexamod:InspiringFlames","hexamod:ShieldOfDarkness+1","hexamod:SuperheatedStrike","hexamod:GhostShield","hexamod:SpectersWail","hexamod:WildfireWeapon+1","hexamod:Incineration+1","hexamod:FlamesFromBeyond","hexamod:ShieldOfDarkness+1","hexamod:Hexaguard","hexamod:SearingWound+1","hexamod:SpectralSpark+1","hexamod:SoulSteal","hexamod:ChargedBarrage+1","hexamod:Incineration+1","hexamod:ApocalypseNow","hexamod:GhostflameBarrier+1","hexamod:Haunt","hexamod:Hexaguard+1","hexamod:HeatShield+1","hexamod:AdvancingGuard+1","hexamod:BurningTouch+1"],"relics":["hexamod:SpiritBrand","Letter Opener","Sundial","Nunchaku","Bag of Preparation","Coffee Dripper","downfall:HeartBlessingGreen","Bird Faced Urn","Enchiridion","Whetstone","downfall:HeartBlessingBlue","downfall:HeartBlessingRed","Black Star","Bottled Lightning","Vajra","Guardian:GemstoneGun","Dead Branch","hexamod:TheBrokenSeal","Dream Catcher","hexamod:CandleOfCauterizing","Art of War","Guardian:PocketSentry","InkBottle","Centennial Puzzle"],"acts_visited":["Exordium","TheCity","TheBeyond","TheEnding"],"potions_floor_usage":[16,16,23,25,37,43,43,47,50,55,56,56],"damage_taken":[{"damage":0.0,"enemies":"2 Louse","floor":2.0,"turns":4.0},{"damage":0.0,"enemies":"Small Slimes","floor":3.0,"turns":3.0},{"damage":0,"enemies":"Jaw Worm","floor":4,"turns":3},{"damage":0,"enemies":"Large Slime","floor":5,"turns":3},{"damage":20,"enemies":"Gremlin Nob","floor":8,"turns":4},{"damage":0,"enemies":"downfall:FleeingMerchant","floor":10,"turns":4},{"damage":7,"enemies":"3 Sentries","floor":11,"turns":7},{"damage":17,"enemies":"3 Louse","floor":12,"turns":3},{"damage":0,"enemies":"Exordium Wildlife","floor":13,"turns":3},{"damage":0,"enemies":"Lagavulin Event","floor":14,"turns":3},{"damage":6,"enemies":"Blue Slaver","floor":15,"turns":3},{"damage":0,"enemies":"WA_ARCHETYPE_RETAIN","floor":16,"turns":5},{"damage":7,"enemies":"Shell Parasite","floor":19,"turns":3},{"damage":0,"enemies":"Chosen","floor":21,"turns":3},{"damage":3,"enemies":"Centurion and Healer","floor":22,"turns":4},{"damage":5,"enemies":"Snake Plant","floor":23,"turns":3},{"damage":4,"enemies":"Slavers","floor":25,"turns":4},{"damage":2,"enemies":"Book of Stabbing","floor":28,"turns":3},{"damage":0,"enemies":"3 Cultists","floor":29,"turns":3},{"damage":0,"enemies":"Centurion and Healer","floor":31,"turns":3},{"damage":0,"enemies":"Snecko","floor":32,"turns":3},{"damage":13,"enemies":"SI_MIRROR_ARCHETYPE","floor":33,"turns":6},{"damage":13,"enemies":"3 Shapes","floor":36,"turns":4},{"damage":4,"enemies":"downfall:FleeingMerchant","floor":37,"turns":4},{"damage":25,"enemies":"Orb Walker","floor":38,"turns":4},{"damage":75,"enemies":"Reptomancer","floor":43,"turns":10},{"damage":40,"enemies":"Giant Head","floor":45,"turns":9},{"damage":0,"enemies":"Sphere and 2 Shapes","floor":47,"turns":1},{"damage":0,"enemies":"downfall:FleeingMerchant","floor":48,"turns":3},{"damage":1,"enemies":"Transient","floor":49,"turns":5},{"damage":17,"enemies":"IC_BLOCK_ARCHETYPE","floor":50,"turns":5},{"damage":0,"enemies":"downfall:CharBossMerchant","floor":52,"turns":3},{"damage":23,"enemies":"downfall:NeowBoss","floor":55,"turns":13},{"damage":10,"enemies":"downfall:NeowBossFinal","floor":56,"turns":5}],"seed_played":"7826844088166488790","potions_obtained":[{"floor":4,"key":"SneckoOil"},{"floor":8,"key":"Block Potion"},{"floor":10,"key":"Guardian:BlockOnCardUsePotion"},{"floor":11,"key":"hexamod:InfernoChargePotion"},{"floor":12,"key":"Ancient Potion"},{"floor":13,"key":"hexamod:DoubleChargePotion"},{"floor":16,"key":"Energy Potion"},{"floor":19,"key":"hexamod:DoubleChargePotion"},{"floor":22,"key":"DuplicationPotion"},{"floor":23,"key":"sneckomod:MuddlingPotion"},{"floor":25,"key":"SteroidPotion"},{"floor":25,"key":"Guardian:BlockOnCardUsePotion"},{"floor":38,"key":"FearPotion"},{"floor":43,"key":"Fruit Juice"},{"floor":45,"key":"CultistPotion"},{"floor":47,"key":"SkillPotion"}],"is_trial":false,"path_per_floor":["R","M","M","M","M","?","T","E","R","$","E","M","M","?","M","B",null,"R","M","?","M","M","M","T","E","?","?","E","M","R","M","M","B",null,"R","M","$","M","?","R","T","T","E","R","E","R","M","$","M","B",null,"E","$","R","B","B",null],"character_chosen":"THE_SPIRIT","items_purchased":["hexamod:Incineration","Art of War","Centennial Puzzle","CultistPotion","PowerPotion"],"campfire_rested":0,"item_purchase_floors":[10,48,53,53,53],"current_hp_per_floor":[63,63,63,63,63,56,56,43,43,43,36,19,26,26,27,34,61,61,61,61,61,65,60,60,63,47,34,38,42,52,56,69,67,81,81,81,79,69,69,69,69,69,6,6,65,65,72,78,95,84,96,100,100,100,77,73],"gold":70,"neow_bonus":"TRANSFORM_TWO_CARDS","is_daily":false,"chose_seed":false,"campfire_upgraded":8,"win_rate":0.0,"timestamp":1611960606,"path_taken":["R","M","M","M","M","?","T","E","R","$","E","M","M","?","M","BOSS","R","M","?","M","M","M","T","E","?","?","E","M","R","M","M","BOSS","R","M","$","M","?","R","T","?","E","R","E","R","M","$","M","BOSS","E","$","R","BOSS","BOSS"],"items_purchased_type":["Card","Relic","Relic","Potion","Potion"],"build_version":"2020-12-22","purchased_purges":2,"victory":true,"max_hp_per_floor":[70,70,70,70,70,70,70,70,70,70,70,70,70,70,70,70,70,70,70,70,70,70,70,70,70,70,75,75,75,85,85,85,85,85,85,85,85,85,85,85,85,85,85,85,95,95,100,100,100,100,100,100,100,100,100,100],"relic_stats":{"counters":[34,146],"Dead Branch":[120],"Bag of Preparation":[48],"Letter Opener":[555],"Whetstone":["hexamod:Strike","hexamod:Incineration"],"Nunchaku":[14],"Dream Catcher":0,"Centennial Puzzle":[6],"Sundial":[8],"Bird Faced Urn":[112],"Black Star":3,"Art of War":[7],"obtain_stats":[{"hexamod:CandleOfCauterizing":45,"downfall:HeartBlessingRed":30,"Guardian:GemstoneGun":43,"Dead Branch":43,"Enchiridion":26,"Vajra":42,"hexamod:TheBrokenSeal":45,"downfall:HeartBlessingGreen":18,"Bag of Preparation":14,"Guardian:PocketSentry":52,"Letter Opener":7,"Whetstone":28,"Nunchaku":11,"Dream Catcher":45,"Centennial Puzzle":53,"Sundial":8,"downfall:HeartBlessingBlue":30,"Bird Faced Urn":25,"Coffee Dripper":17,"Black Star":34,"Art of War":48,"Bottled Lightning":41,"hexamod:SpiritBrand":0,"InkBottle":52},{"hexamod:CandleOfCauterizing":27,"downfall:HeartBlessingRed":19,"Guardian:GemstoneGun":26,"Dead Branch":26,"Enchiridion":17,"Vajra":25,"hexamod:TheBrokenSeal":27,"downfall:HeartBlessingGreen":12,"Bag of Preparation":10,"Guardian:PocketSentry":32,"Letter Opener":4,"Whetstone":18,"Nunchaku":7,"Dream Catcher":27,"Centennial Puzzle":32,"Sundial":5,"downfall:HeartBlessingBlue":19,"Bird Faced Urn":17,"Coffee Dripper":12,"Black Star":22,"Art of War":29,"Bottled Lightning":25,"hexamod:SpiritBrand":0,"InkBottle":32},{"hexamod:CandleOfCauterizing":111,"downfall:HeartBlessingRed":68,"Guardian:GemstoneGun":102,"Dead Branch":102,"Enchiridion":62,"Vajra":92,"hexamod:TheBrokenSeal":107,"downfall:HeartBlessingGreen":45,"Bag of Preparation":37,"Guardian:PocketSentry":128,"Letter Opener":13,"Whetstone":65,"Nunchaku":28,"Dream Catcher":111,"Centennial Puzzle":128,"Sundial":17,"downfall:HeartBlessingBlue":68,"Bird Faced Urn":62,"Coffee Dripper":45,"Black Star":80,"Art of War":115,"Bottled Lightning":92,"hexamod:SpiritBrand":0,"InkBottle":128}],"InkBottle":[12]},"card_choices":[{"not_picked":["hexamod:FourthSeal","hexamod:FastForward"],"picked":"hexamod:ShieldOfDarkness","floor":2.0},{"not_picked":["hexamod:GhostOfSpireFuture","hexamod:NightmareStrike","hexamod:SwordOfDarkness"],"picked":"SKIP","floor":3.0},{"not_picked":["hexamod:Again","hexamod:InspiringFlames"],"picked":"hexamod:SuperheatedStrike","floor":4},{"not_picked":["hexamod:GhostLash","hexamod:EtherealExpedition"],"picked":"hexamod:GhostShield","floor":5},{"not_picked":["hexamod:GhostLash","hexamod:Again"],"picked":"hexamod:SpectersWail","floor":8},{"not_picked":["hexamod:GhostLash","hexamod:TimeWarp"],"picked":"hexamod:WildfireWeapon","floor":10},{"not_picked":["hexamod:GhostLash","hexamod:FastForward"],"picked":"hexamod:FlamesFromBeyond","floor":11},{"not_picked":["hexamod:Again","hexamod:SuperheatedStrike","hexamod:FirstSeal"],"picked":"SKIP","floor":12},{"not_picked":["hexamod:Again","hexamod:SuperheatedStrike","hexamod:FirstSeal"],"picked":"SKIP","floor":12},{"not_picked":["hexamod:SpectersWail","hexamod:ShieldOfDarkness","hexamod:ForkedFlame"],"picked":"SKIP","floor":13},{"not_picked":["hexamod:SpectersWail","hexamod:ForkedFlame"],"picked":"hexamod:ShieldOfDarkness","floor":13},{"not_picked":["hexamod:InspiringFlames","hexamod:DynamicBlow"],"picked":"hexamod:Hexaguard","floor":14},{"not_picked":["hexamod:ThermalTransfer","hexamod:InspiringFlames","hexamod:EtherealExpedition"],"picked":"SKIP","floor":15},{"not_picked":["hexamod:HexaLevel","hexamod:GhostOfSpirePresent"],"picked":"hexamod:SearingWound","floor":16},{"not_picked":["hexamod:EmpoweredFlame","hexamod:ShieldOfDarkness"],"picked":"hexamod:SpectralSpark","floor":19},{"not_picked":["hexamod:FlamesFromBeyond","hexamod:GhostShield"],"picked":"hexamod:ChargedBarrage+1","floor":21},{"not_picked":["hexamod:BurningTouch","hexamod:SwordOfDarkness+1","hexamod:ThirdSeal"],"picked":"SKIP","floor":22},{"not_picked":["hexamod:SecondSeal","hexamod:SpectersWail"],"picked":"hexamod:Incineration+1","floor":23},{"not_picked":["hexamod:HeatCrush","hexamod:HeatMetal"],"picked":"hexamod:ApocalypseNow","floor":25},{"not_picked":["hexamod:FlamesFromBeyond","hexamod:BurningTouch","hexamod:HeatMetal"],"picked":"SKIP","floor":28},{"not_picked":["hexamod:SuperheatedStrike","hexamod:RetreatToShadows"],"picked":"hexamod:GhostflameBarrier+1","floor":29},{"not_picked":["hexamod:BacktrackSmack","hexamod:Firestarter+1"],"picked":"hexamod:Haunt","floor":31},{"not_picked":["hexamod:SpectersWail","hexamod:ThermalTransfer+1","hexamod:UnlimitedPower"],"picked":"SKIP","floor":32},{"not_picked":["hexamod:WildfireWeapon","hexamod:HexaLevel"],"picked":"hexamod:FifthSeal","floor":33},{"not_picked":["hexamod:FirstSeal","hexamod:FourthSeal"],"picked":"hexamod:ThirdSeal","floor":36},{"not_picked":["hexamod:SpectersWail","hexamod:FastForward","hexamod:ApocalypticArmor"],"picked":"SKIP","floor":36},{"not_picked":["hexamod:SpectersWail","hexamod:FastForward","hexamod:ApocalypticArmor"],"picked":"SKIP","floor":36},{"not_picked":["hexamod:Haunt","hexamod:StepThrough"],"picked":"hexamod:Hexaguard+1","floor":37},{"not_picked":["hexamod:PhantomFireball+1","hexamod:AdvancingGuard+1"],"picked":"hexamod:HeatShield+1","floor":38},{"not_picked":["hexamod:FirstSeal","hexamod:FourthSeal"],"picked":"hexamod:SecondSeal","floor":38},{"not_picked":["hexamod:GhostShield","hexamod:RetreatToShadows","hexamod:InspiringFlames"],"picked":"SKIP","floor":38},{"not_picked":["hexamod:ThirdSeal","hexamod:FourthSeal"],"picked":"hexamod:SixthSeal","floor":43},{"not_picked":["hexamod:SoulSteal+1","hexamod:SuperheatedStrike","hexamod:FourthSeal"],"picked":"SKIP","floor":43},{"not_picked":["hexamod:ParanormalForm","hexamod:FlamesFromBeyond+1","hexamod:SwordOfDarkness"],"picked":"SKIP","floor":43},{"not_picked":["hexamod:ThirdSeal","hexamod:FourthSeal"],"picked":"hexamod:AdvancingGuard+1","floor":45},{"not_picked":["hexamod:SuperheatedStrike","hexamod:RecurringNightmare","hexamod:ShieldOfDarkness"],"picked":"SKIP","floor":47},{"not_picked":["hexamod:RadiantFlame","hexamod:ShieldOfDarkness","hexamod:ThermalTransfer+1"],"picked":"SKIP","floor":48},{"not_picked":["hexamod:NightmareStrike","hexamod:HeatCrush+1","hexamod:GhostOfSpirePast+1"],"picked":"SKIP","floor":49},{"not_picked":["hexamod:GhostShield","hexamod:ParanormalForm"],"picked":"hexamod:BurningTouch+1","floor":52}],"player_experience":680357,"relics_obtained":[{"floor":7,"key":"Letter Opener"},{"floor":8,"key":"Sundial"},{"floor":11,"key":"Nunchaku"},{"floor":14,"key":"Bag of Preparation"},{"floor":25,"key":"Bird Faced Urn"},{"floor":26,"key":"Enchiridion"},{"floor":28,"key":"Whetstone"},{"floor":41,"key":"Bottled Lightning"},{"floor":42,"key":"Vajra"},{"floor":43,"key":"Guardian:GemstoneGun"},{"floor":43,"key":"Dead Branch"},{"floor":45,"key":"Dream Catcher"},{"floor":45,"key":"hexamod:CandleOfCauterizing"},{"floor":52,"key":"Guardian:PocketSentry"},{"floor":52,"key":"InkBottle"}],"event_choices":[{"damage_healed":0,"gold_gain":0,"player_choice":"Read","damage_taken":0,"max_hp_gain":0,"max_hp_loss":0,"event_name":"The Library","floor":20,"gold_loss":0,"cards_obtained":["hexamod:SoulSteal"]}],"is_beta":false,"boss_relics":[{"not_picked":["Philosopher\u0027s Stone","Runic Dome"],"picked":"Coffee Dripper"},{"not_picked":["Snecko Eye","Velvet Choker"],"picked":"Black Star"}],"items_purged_floors":[37,48],"is_endless":false,"potions_floor_spawned":[4,11,12,13,14,16,25,28,29,31,36,38,45,47],"ascension_level":6}}