{"host":"7j2n82b2zha9fuyn","time":1611900354,"event":{"mods":["BaseMod","Block Reminder","Minty Spire (QoL Compilation)","Replay The Spire","StSLib"],"gold_per_floor":[110,110,126,145,165,165,165,196,221,221,241,28,58,78,78,155,155,172,172,183,183,0,0,25,45,113,113,38,38,72,86,86,162,162,182,182,182,5,5,39,57,83,83,134,134,134,81,0,0,38,38,38,8,50,54,54],"floor_reached":55,"language":"ENG","playtime":8522,"items_purged":[],"score":1438,"play_id":"40ebc561-11e5-4011-8e50-223484de310d","local_time":"20210128230554","is_ascension_mode":true,"campfire_choices":[{"data":"Conclude","floor":6.0,"key":"SMITH"},{"data":"Devotion","floor":10.0,"key":"SMITH"},{"data":"TalkToTheHand","floor":15.0,"key":"SMITH"},{"floor":23.0,"key":"REST"},{"floor":27.0,"key":"REST"},{"data":"Replay:AllIn","floor":32.0,"key":"SMITH"},{"data":"Wallop","floor":45.0,"key":"SMITH"},{"floor":49.0,"key":"RECALL"},{"data":"WaveOfTheHand","floor":52.0,"key":"SMITH"}],"circlet_count":0,"master_deck":["AscendersBane","Defend_P","Defend_P","Defend_P","Defend_P","Eruption","Vigilance","EmptyFist","Conclude+1","WaveOfTheHand+1","ClearTheMind","Devotion+1","TalkToTheHand+1","FlurryOfBlows+1","Meditate","Adaptation","Worship","Crescendo","Omniscience","FlyingSleeves","Bite","Bite","Bite","Bite","Adaptation","Meditate+1","EmptyBody","Wireheading+1","Pot Of Greed","Pot Of Greed","Pot Of Greed","Replay:AllIn+1","Vault","Wallop+1","Omniscience","Halt","FlurryOfBlows","Secret Technique","FlurryOfBlows","Pot Of Greed"],"relics":["PureWater","Centennial Puzzle","Omamori","Replay:Rubber Ducky","Painkiller Herb","Juzu Bracelet","Grinning Jar","Coffee Dripper","Ring of Hypnosis","Gremlin Horn","Strawberry","Replay:Bandana","Meat on the Bone","Orichalcum","Red Mask","FossilizedHelix"],"acts_visited":["Exordium","TheCity","TheBeyond","TheEnding"],"potions_floor_usage":[],"damage_taken":[{"damage":3.0,"enemies":"2 Louse","floor":1.0,"turns":4.0},{"damage":7.0,"enemies":"Small Slimes","floor":3.0,"turns":3.0},{"damage":0.0,"enemies":"Jaw Worm","floor":4.0,"turns":2.0},{"damage":7.0,"enemies":"3 Louse","floor":5.0,"turns":3.0},{"damage":0.0,"enemies":"Gremlin Nob","floor":8.0,"turns":2.0},{"damage":14.0,"enemies":"Exordium Thugs","floor":11.0,"turns":5.0},{"damage":2.0,"enemies":"3 Sentries","floor":13.0,"turns":2.0},{"damage":2.0,"enemies":"Looter","floor":14.0,"turns":2.0},{"damage":7.0,"enemies":"The Guardian","floor":16.0,"turns":10.0},{"damage":17.0,"enemies":"3 Byrds","floor":18.0,"turns":6.0},{"damage":0.0,"enemies":"Spheric Guardian","floor":20.0,"turns":3.0},{"damage":17.0,"enemies":"Replay:Snechameleon","floor":24.0,"turns":5.0},{"damage":4.0,"enemies":"Cultist and Chosen","floor":25.0,"turns":5.0},{"damage":0.0,"enemies":"Gremlin Leader","floor":30.0,"turns":5.0},{"damage":26.0,"enemies":"Shelled Parasite and Fungi","floor":31.0,"turns":4.0},{"damage":23.0,"enemies":"Champ","floor":33.0,"turns":9.0},{"damage":21.0,"enemies":"3 Shapes","floor":35.0,"turns":6.0},{"damage":0.0,"enemies":"Nemesis","floor":40.0,"turns":8.0},{"damage":6.0,"enemies":"3 Darklings","floor":41.0,"turns":3.0},{"damage":18.0,"enemies":"Giant Head","floor":42.0,"turns":8.0},{"damage":13.0,"enemies":"Reptomancer","floor":44.0,"turns":5.0},{"damage":39.0,"enemies":"Replay:Hell Engine","floor":50.0,"turns":8.0},{"damage":42.0,"enemies":"Shield and Spear","floor":54.0,"turns":9.0},{"damage":43,"enemies":"The Heart","floor":55,"turns":3}],"seed_played":"8198878757721852811","potions_obtained":[{"floor":5.0,"key":"AttackPotion"},{"floor":8.0,"key":"Swift Potion"},{"floor":11.0,"key":"ColorlessPotion"},{"floor":16.0,"key":"Block Potion"},{"floor":25.0,"key":"Regen Potion"},{"floor":33.0,"key":"PowerPotion"},{"floor":41.0,"key":"SteroidPotion"}],"is_trial":false,"path_per_floor":["M","?","M","M","M","R","?","E","T","R","M","$","E","M","R","B",null,"?","?","?","?","T","T","E","?","T","T","?","?","E","?","T","B",null,"?","?","?","T","T","E","?","E","T","E","T","?","T","?","T","B",null,"T","T","E","B"],"character_chosen":"WATCHER","items_purchased":["FlurryOfBlows+1","Meditate","Adaptation","Adaptation","Meditate","EmptyBody","Omniscience","BlessingOfTheForge","FlurryOfBlows"],"campfire_rested":2,"item_purchase_floors":[12,12,12,22,22,22,38,47,53],"current_hp_per_floor":[64,57,50,50,43,43,43,43,43,43,29,29,27,25,25,18,60,43,22,22,22,22,38,27,29,29,45,45,45,53,33,33,49,54,37,37,37,37,37,58,54,50,50,45,45,35,35,35,35,20,49,49,49,38,0,0],"gold":54,"neow_bonus":"TEN_PERCENT_HP_BONUS","is_daily":false,"chose_seed":false,"campfire_upgraded":6,"win_rate":0.0,"timestamp":1611900354,"path_taken":["M","?","M","M","M","R","?","E","T","R","M","$","E","M","R","BOSS","?","?","?","?","T","T","E","?","T","T","?","?","E","?","T","BOSS","?","?","?","T","?","E","?","E","T","E","T","?","T","?","T","BOSS","T","T","E","BOSS"],"items_purchased_type":["Card","Card","Card","Card","Card","Card","Card","Potion","Card"],"build_version":"2020-12-22","purchased_purges":0,"victory":false,"max_hp_per_floor":[74,74,74,74,74,74,74,74,74,74,74,74,74,74,74,74,74,74,79,79,55,55,55,55,55,55,55,55,55,55,55,55,55,55,55,52,52,52,52,59,59,59,59,59,59,59,59,59,59,59,59,59,59,59,59,59],"card_choices":[{"not_picked":["FollowUp","Consecrate"],"picked":"EmptyFist","floor":1.0},{"not_picked":["Replay:Hum","EmptyFist"],"picked":"Conclude","floor":3.0},{"not_picked":["SashWhip","Prostrate"],"picked":"WaveOfTheHand","floor":4.0},{"not_picked":["Prostrate","BattleHymn"],"picked":"ClearTheMind","floor":5.0},{"not_picked":["Replay:Vibes","EmptyFist"],"picked":"Devotion","floor":8.0},{"not_picked":["BowlingBash","Replay:AtTheReady"],"picked":"TalkToTheHand","floor":11.0},{"not_picked":["WheelKick","EmptyMind"],"picked":"Worship","floor":13.0},{"not_picked":["Halt","EmptyFist"],"picked":"Crescendo","floor":14.0},{"not_picked":["Replay:LoomingThreat","DeusExMachina"],"picked":"Omniscience","floor":16.0},{"not_picked":["Fasting2","BattleHymn","FollowUp+1"],"picked":"SKIP","floor":18.0},{"not_picked":["Evaluate","Indignation"],"picked":"FlyingSleeves","floor":20.0},{"not_picked":["Consecrate","Evaluate","FlyingSleeves"],"picked":"SKIP","floor":24.0},{"not_picked":["Replay:DivineShield","Replay:Anticipation"],"picked":"Wireheading+1","floor":25.0},{"not_picked":["WindmillStrike","ThirdEye"],"picked":"Replay:AllIn","floor":30.0},{"not_picked":["Sanctity","WaveOfTheHand","Consecrate"],"picked":"SKIP","floor":31.0},{"not_picked":["SpiritShield","Devotion"],"picked":"Vault","floor":33.0},{"not_picked":["SignatureMove","FlurryOfBlows+1"],"picked":"Wallop","floor":35.0},{"not_picked":["Crescendo","FlurryOfBlows"],"picked":"Halt","floor":40.0},{"not_picked":["CutThroughFate","FlurryOfBlows","ClearTheMind+1"],"picked":"SKIP","floor":41.0},{"not_picked":["PathToVictory+1","JustLucky"],"picked":"FlurryOfBlows","floor":42.0},{"not_picked":["Prostrate","Adaptation","Wish"],"picked":"SKIP","floor":44.0},{"not_picked":["Deep Breath","Replay:Sssssssssstrike"],"picked":"Secret Technique","floor":46.0},{"not_picked":["Devotion","BattleHymn","SignatureMove"],"picked":"SKIP","floor":54.0}],"player_experience":1934796,"relics_obtained":[{"floor":8.0,"key":"Centennial Puzzle"},{"floor":9.0,"key":"Omamori"},{"floor":13.0,"key":"Replay:Rubber Ducky"},{"floor":24.0,"key":"Juzu Bracelet"},{"floor":30.0,"key":"Grinning Jar"},{"floor":37.0,"key":"Ring of Hypnosis"},{"floor":39.0,"key":"Gremlin Horn"},{"floor":40.0,"key":"Strawberry"},{"floor":42.0,"key":"Replay:Bandana"},{"floor":43.0,"key":"Meat on the Bone"},{"floor":44.0,"key":"Orichalcum"},{"floor":54.0,"key":"FossilizedHelix"}],"event_choices":[{"cards_removed":["Strike_P"],"damage_healed":0.0,"max_hp_gain":0.0,"max_hp_loss":0.0,"gold_gain":0.0,"event_name":"Golden Wing","player_choice":"Card Removal","floor":2.0,"gold_loss":0.0,"damage_taken":7.0},{"damage_healed":0.0,"max_hp_gain":5.0,"max_hp_loss":0.0,"gold_gain":0.0,"event_name":"Forgotten Altar","player_choice":"Shed Blood","floor":19.0,"gold_loss":0.0,"damage_taken":26.0},{"damage_healed":0.0,"max_hp_gain":0.0,"max_hp_loss":24.0,"gold_gain":0.0,"event_name":"Vampires","player_choice":"Became a vampire","floor":21.0,"gold_loss":0.0,"damage_taken":0.0,"cards_obtained":["Bite","Bite","Bite","Bite","Bite"]},{"cards_removed":["Bite"],"damage_healed":0.0,"max_hp_gain":0.0,"max_hp_loss":0.0,"gold_gain":0.0,"event_name":"Beggar","player_choice":"Gave Gold","floor":28.0,"gold_loss":75.0,"damage_taken":0.0},{"damage_healed":0.0,"max_hp_gain":0.0,"max_hp_loss":0.0,"gold_gain":0.0,"event_name":"Upgrade Shrine","player_choice":"Upgraded","floor":29.0,"gold_loss":0.0,"damage_taken":0.0,"cards_upgraded":["Meditate"]},{"damage_healed":0.0,"max_hp_gain":0.0,"max_hp_loss":3.0,"gold_gain":0.0,"event_name":"Winding Halls","player_choice":"Max HP","floor":36.0,"gold_loss":0.0,"damage_taken":0.0},{"damage_healed":0.0,"max_hp_gain":0.0,"max_hp_loss":0.0,"gold_gain":0.0,"event_name":"SensoryStone","player_choice":"Memory 3","floor":46.0,"gold_loss":0.0,"damage_taken":10.0},{"damage_healed":0.0,"max_hp_gain":0.0,"max_hp_loss":0.0,"gold_gain":0.0,"event_name":"Tomb of Lord Red Mask","player_choice":"Paid","floor":48.0,"gold_loss":81.0,"damage_taken":0.0,"relics_obtained":["Red Mask"]}],"is_beta":false,"boss_relics":[{"not_picked":["Snecko Heart","Cursed Key"],"picked":"Painkiller Herb"},{"not_picked":["Replay:Wanted Poster","Fusion Hammer"],"picked":"Coffee Dripper"}],"items_purged_floors":[],"is_endless":false,"potions_floor_spawned":[5,8,11,16,18,25,33,41],"killed_by":"The Heart","ascension_level":19}}