{"host":"y1oqg7uy0jc6f5mb","time":1611949342,"event":{"mods":["BaseMod","Better Altar","Better Match","Better Note","Better Sensory Stone","Better Skull","Better Third Choice","Block Reminder","Colored Map","Colored Powertips","Custom Start","DeckTracker","Displayed Cursed Tome","Downfall","Highlight Path","Ironclad Rager","Minty Spire (QoL Compilation)","Permanent Neow","Quick Restart","Relic Sorter","Relic Stats","Replay The Spire","Shop Mod","StSLib"],"gold_per_floor":[110,35,15,27,27,53,53,70,70,70,107,107,7,60,60,181,181,230,77,119,119,128,128,172,172,172,172,172,203,250,250,250,282,282],"floor_reached":33,"language":"ENG","playtime":2368,"items_purged":["Strike_P","Defend_P","Strike_P"],"score":307,"play_id":"f955a594-f1f1-4f14-b000-d1cbb8531f5a","local_time":"20210130034222","is_ascension_mode":true,"campfire_choices":[{"floor":7.0,"key":"REST"},{"data":"Eruption","floor":10.0,"key":"SMITH"},{"floor":12.0,"key":"REST"},{"data":"Devotion","floor":15.0,"key":"SMITH"},{"floor":23.0,"key":"REST"},{"floor":25.0,"key":"REST"},{"floor":27.0,"key":"RECALL"},{"floor":32.0,"key":"REST"}],"circlet_count":0,"master_deck":["Strike_P","Strike_P","Defend_P","Defend_P","Defend_P","Eruption+1","Vigilance","Wallop","Replay:AtTheReady","Offering","ClearTheMind","Devotion+1","EmptyFist","Meditate","Ragnarok","Protect","FearNoEvil","Tantrum","Necronomicurse","Replay:LoomingThreat","Replay:Hum","Pray+1"],"relics":["PureWater","betterThird:SlimedRelic","Ornamental Fan","Replay:Bandana","Darkstone Periapt","ReplayTheSpireMod:TigerMarble","CeramicFish","Fusion Hammer","Necronomicon","Ancient Tea Set","Nunchaku","Vajra"],"acts_visited":["Exordium","TheCity"],"potions_floor_usage":[],"damage_taken":[{"damage":0.0,"enemies":"Cultist","floor":1.0,"turns":3.0},{"damage":8.0,"enemies":"Small Slimes","floor":4.0,"turns":5.0},{"damage":13.0,"enemies":"3 Sentries","floor":6.0,"turns":12.0},{"damage":6.0,"enemies":"Jaw Worm","floor":8.0,"turns":4.0},{"damage":7.0,"enemies":"Gremlin Nob","floor":11.0,"turns":4.0},{"damage":17.0,"enemies":"Lagavulin","floor":14.0,"turns":6.0},{"damage":31.0,"enemies":"The Guardian","floor":16.0,"turns":8.0},{"damage":6.0,"enemies":"3 Byrds","floor":18.0,"turns":2.0},{"damage":13.0,"enemies":"Chosen","floor":20.0,"turns":5.0},{"damage":27.0,"enemies":"Slavers","floor":24.0,"turns":7.0},{"damage":48.0,"enemies":"Shelled Parasite and Fungi","floor":29.0,"turns":7.0},{"damage":6.0,"enemies":"Snecko","floor":30.0,"turns":4.0},{"damage":45,"enemies":"Automaton","floor":33,"turns":6}],"seed_played":"-7521242517336415448","potions_obtained":[{"floor":1.0,"key":"Block Potion"},{"floor":6.0,"key":"GamblersBrew"},{"floor":8.0,"key":"PowerPotion"},{"floor":20.0,"key":"Cursed Concoction"},{"floor":24.0,"key":"StancePotion"}],"is_trial":false,"path_per_floor":["M","$","?","M","?","E","R","M","T","R","E","R","$","E","R","B",null,"M","$","M","?","?","R","E","R","T","R","?","M","M","?","R","B"],"character_chosen":"WATCHER","items_purchased":["FearNoEvil"],"campfire_rested":5,"item_purchase_floors":[19],"current_hp_per_floor":[77,77,66,58,41,28,51,45,45,45,38,61,61,44,44,13,77,71,71,58,58,48,72,45,69,69,69,69,21,15,15,39,0,0],"gold":282,"neow_bonus":"RANDOM_EVENT","is_daily":false,"chose_seed":false,"campfire_upgraded":2,"win_rate":0.0,"timestamp":1611949342,"path_taken":["M","$","?","M","?","E","R","M","T","R","E","R","?","E","R","BOSS","M","$","M","?","?","R","E","R","T","R","?","M","?","?","R","BOSS"],"items_purchased_type":["Card"],"build_version":"2020-12-22","purchased_purges":3,"victory":false,"max_hp_per_floor":[77,77,77,77,77,77,77,77,77,77,77,77,77,77,77,77,77,77,77,77,77,83,83,83,83,83,83,83,83,83,83,83,83,83],"relic_stats":{"Darkstone Periapt":6,"Nunchaku":[3],"counters":[13,73],"Ornamental Fan":[68],"CeramicFish":81,"Necronomicon":[8],"obtain_stats":[{"Darkstone Periapt":9,"Replay:Bandana":6,"Nunchaku":26,"Ornamental Fan":5,"betterThird:SlimedRelic":3,"CeramicFish":14,"Vajra":31,"Fusion Hammer":17,"ReplayTheSpireMod:TigerMarble":11,"Necronomicon":22,"PureWater":0,"Ancient Tea Set":24},{"Darkstone Periapt":4,"Replay:Bandana":3,"Nunchaku":10,"Ornamental Fan":2,"betterThird:SlimedRelic":1,"CeramicFish":6,"Vajra":12,"Fusion Hammer":7,"ReplayTheSpireMod:TigerMarble":5,"Necronomicon":9,"PureWater":0,"Ancient Tea Set":10},{"Darkstone Periapt":24,"Replay:Bandana":20,"Nunchaku":56,"Ornamental Fan":8,"betterThird:SlimedRelic":3,"CeramicFish":34,"Vajra":67,"Fusion Hammer":42,"ReplayTheSpireMod:TigerMarble":28,"Necronomicon":49,"PureWater":0,"Ancient Tea Set":56}]},"card_choices":[{"not_picked":["Perseverance","Consecrate"],"picked":"Wallop","floor":1.0},{"not_picked":["Protect","SashWhip"],"picked":"Replay:AtTheReady","floor":4.0},{"not_picked":["Consecrate","CutThroughFate"],"picked":"ClearTheMind","floor":6.0},{"not_picked":["SashWhip","Replay:Vibes"],"picked":"Devotion","floor":8.0},{"not_picked":["ThirdEye","Consecrate"],"picked":"EmptyFist","floor":11.0},{"not_picked":["Replay:AtTheReady","WreathOfFlame"],"picked":"Meditate","floor":14.0},{"not_picked":["Blasphemy","Scrawl"],"picked":"Ragnarok","floor":16.0},{"not_picked":["Replay:Hum","WaveOfTheHand"],"picked":"Protect","floor":18.0},{"not_picked":["Prostrate","Study"],"picked":"Tantrum","floor":20.0},{"not_picked":["Replay:Anticipation","ClearTheMind"],"picked":"Replay:LoomingThreat","floor":24.0},{"not_picked":["Replay:AtTheReady+1","PathToVictory+1"],"picked":"Replay:Hum","floor":29.0},{"not_picked":["SashWhip","Protect"],"picked":"Pray+1","floor":30.0}],"player_experience":260228,"relics_obtained":[{"floor":6.0,"key":"Replay:Bandana"},{"floor":9.0,"key":"Darkstone Periapt"},{"floor":11.0,"key":"ReplayTheSpireMod:TigerMarble"},{"floor":14.0,"key":"CeramicFish"},{"floor":24.0,"key":"Ancient Tea Set"},{"floor":26.0,"key":"Nunchaku"}],"event_choices":[{"damage_healed":0.0,"max_hp_gain":5.0,"max_hp_loss":0.0,"gold_gain":0.0,"event_name":"Big Fish","player_choice":"Donut","floor":0.0,"gold_loss":0.0,"damage_taken":0.0},{"damage_healed":0.0,"max_hp_gain":0.0,"max_hp_loss":0.0,"gold_gain":0.0,"event_name":"betterThird:BetterGoop","player_choice":"Slimed","floor":3.0,"gold_loss":20.0,"damage_taken":11.0},{"damage_healed":0.0,"max_hp_gain":0.0,"max_hp_loss":0.0,"gold_gain":0.0,"event_name":"Ghosts","player_choice":"Ignored","floor":21.0,"gold_loss":0.0,"damage_taken":0.0},{"damage_healed":0.0,"max_hp_gain":0.0,"max_hp_loss":0.0,"gold_gain":0.0,"event_name":"Cursed Tome","player_choice":"Obtained Book","floor":22.0,"gold_loss":0.0,"damage_taken":16.0},{"damage_healed":0.0,"max_hp_gain":0.0,"max_hp_loss":0.0,"gold_gain":0.0,"event_name":"FaceTrader","player_choice":"Leave","floor":28.0,"gold_loss":0.0,"damage_taken":0.0},{"damage_healed":0.0,"max_hp_gain":0.0,"max_hp_loss":0.0,"gold_gain":0.0,"event_name":"The Mausoleum","player_choice":"Opened","floor":31.0,"gold_loss":0.0,"damage_taken":0.0,"relics_obtained":["Vajra"]}],"is_beta":false,"boss_relics":[{"not_picked":["Tiny House","Velvet Choker"],"picked":"Fusion Hammer"}],"items_purged_floors":[2,13,19],"is_endless":false,"potions_floor_spawned":[1,6,8,20,24],"killed_by":"Automaton","ascension_level":2}}