{"host":"hkj1blq6xqcrzx6o","time":1611926054,"event":{"mods":["BaseMod","Downfall","Marisa£®ÏF”Í°°ƒß¿Ì…≥£©","Minty Spire (QoL Compilation)","Reimu£®≤©¿ˆ¡È√Œ£©","Remilia£®¿Ÿ√◊¿Ú—«£©","Replay The Spire","StSLib","The Cursed","The Senshi","The Servant 0.9.4"],"gold_per_floor":[99,112,126,145,156,6,53,53,53,38,23,37,56,67,85,85,85,85],"floor_reached":16,"language":"ZHS","playtime":1105,"items_purged":[],"score":96,"play_id":"b7c614fc-d391-4088-a51d-f66179232ca9","local_time":"20210129211414","is_ascension_mode":false,"campfire_choices":[{"floor":1,"key":"RECALL"}],"circlet_count":0,"master_deck":["Guardian:Strike_Guardian","Guardian:Strike_Guardian","Guardian:Strike_Guardian","Guardian:Defend_Guardian","Guardian:Defend_Guardian+1","Guardian:Defend_Guardian","Guardian:Defend_Guardian+1","Guardian:CurlUp","Guardian:TwinSlam","Guardian:BodySlam","Guardian:Gem_Purple","Guardian:ArmoredProtocol","Guardian:DonusPower","Guardian:Gem_Red","Guardian:PiercingHide","Guardian:StasisStrike","Guardian:Planning","Guardian:Gem_Lightblue","Guardian:EvasiveProtocol","Guardian:Gem_Yellow","Guardian:ShieldSpikes","Guardian:TemporalStrike"],"relics":["Guardian:ModeShifter","War Paint"],"acts_visited":["Exordium"],"potions_floor_usage":[16,16,16],"damage_taken":[{"damage":5,"enemies":"Cultist","floor":2,"turns":4},{"damage":8,"enemies":"Small Slimes","floor":3,"turns":2},{"damage":8,"enemies":"2 Louse","floor":4,"turns":2},{"damage":2,"enemies":"Blue Slaver","floor":5,"turns":4},{"damage":0,"enemies":"downfall:FleeingMerchant","floor":6,"turns":4},{"damage":15,"enemies":"downfall:FleeingMerchant","floor":10,"turns":4},{"damage":0,"enemies":"downfall:FleeingMerchant","floor":11,"turns":4},{"damage":10,"enemies":"Large Slime","floor":12,"turns":6},{"damage":8,"enemies":"Red Slaver","floor":13,"turns":3},{"damage":4,"enemies":"Gremlin Gang","floor":14,"turns":6},{"damage":12,"enemies":"Blue Slaver","floor":15,"turns":5},{"damage":34,"enemies":"WA_ARCHETYPE_RETAIN","floor":16,"turns":10}],"seed_played":"-4042603781937292477","potions_obtained":[{"floor":2,"key":"SkillPotion"},{"floor":4,"key":"GrandPatriotsElixir:ReiMu"},{"floor":5,"key":"Strength Potion"},{"floor":13,"key":"champ:CounterPotion"}],"is_trial":false,"path_per_floor":["R","M","M","M","M","$","T","?","?","$","$","M","M","M","M","B"],"character_chosen":"GUARDIAN","items_purchased":["Guardian:PiercingHide","Guardian:StasisStrike"],"campfire_rested":0,"item_purchase_floors":[6,6],"current_hp_per_floor":[88,83,75,67,65,65,65,65,62,47,47,37,29,25,13,0,0,0],"gold":85,"neow_bonus":"TEN_PERCENT_HP_BONUS","is_daily":false,"chose_seed":false,"campfire_upgraded":0,"win_rate":0.0,"timestamp":1611926054,"path_taken":["R","M","M","M","?","?","T","?","?","?","$","M","M","M","M","BOSS"],"items_purchased_type":["Card","Card"],"build_version":"2020-12-22","purchased_purges":0,"victory":false,"max_hp_per_floor":[88,88,88,88,88,88,88,88,88,88,88,88,88,88,88,88,88,88],"card_choices":[{"not_picked":["Guardian:Incinerate","Guardian:CrystalBeam"],"picked":"Guardian:BodySlam","floor":2},{"not_picked":["Guardian:PrismaticBeam","Guardian:Gem_Green"],"picked":"Guardian:Gem_Purple","floor":3},{"not_picked":["Guardian:RollAttack","Guardian:DecasProtection"],"picked":"Guardian:ArmoredProtocol","floor":4},{"not_picked":["Guardian:Preprogram","Guardian:TemporalShield"],"picked":"Guardian:DonusPower","floor":5},{"not_picked":["Guardian:Harden","Guardian:GuardianWhirl"],"picked":"Guardian:Gem_Red","floor":6},{"not_picked":["Guardian:DecasProtection","Guardian:PrimingBeam"],"picked":"Guardian:Planning","floor":10},{"not_picked":["Guardian:MultiBeam","Guardian:CrystalBeam"],"picked":"Guardian:Gem_Lightblue","floor":11},{"not_picked":["Guardian:Suspension","Guardian:ShieldCharger"],"picked":"Guardian:EvasiveProtocol","floor":12},{"not_picked":["Guardian:Gem_Lightblue","Guardian:BodySlam"],"picked":"Guardian:Gem_Yellow","floor":13},{"not_picked":["Guardian:VentSteam","Guardian:Clone"],"picked":"Guardian:ShieldSpikes","floor":14},{"not_picked":["Guardian:PrismaticBarrier","Guardian:RollAttack"],"picked":"Guardian:TemporalStrike","floor":15}],"player_experience":8667,"relics_obtained":[],"event_choices":[{"damage_healed":0,"gold_gain":0,"player_choice":"Success","damage_taken":3,"relics_obtained":["War Paint"],"max_hp_gain":0,"max_hp_loss":0,"event_name":"Scrap Ooze","floor":9,"gold_loss":0}],"is_beta":false,"boss_relics":[],"items_purged_floors":[],"is_endless":false,"potions_floor_spawned":[2,4,5,13,14],"killed_by":"WA_ARCHETYPE_RETAIN","ascension_level":0}}