{"host":"1i9jpj392h4nt9ho","time":1611915498,"event":{"mods":["AchievementEnabler","BaseMod","Colored Map","Minty Spire (QoL Compilation)"],"gold_per_floor":[114,127,127,127,141,176,176,201,201,229,261,284,309,234,234,234,234],"floor_reached":16,"language":"ENG","playtime":658,"items_purged":["Strike_P"],"score":106,"play_id":"20c2a276-7558-41d8-b5f5-63dc323b92b0","local_time":"20210129211818","is_ascension_mode":false,"campfire_choices":[{"data":"Worship","floor":7,"key":"SMITH"},{"floor":15,"key":"REST"}],"circlet_count":0,"master_deck":["Strike_P","Strike_P","Strike_P","Defend_P","Defend_P","Defend_P","Defend_P","Eruption+1","Vigilance","ForeignInfluence","Consecrate","Injury","EmptyFist","Worship+1","Brilliance","ClearTheMind","Indignation","Conclude","Halt"],"relics":["PureWater","Golden Idol","CultistMask","Omamori","CeramicFish"],"acts_visited":["Exordium"],"potions_floor_usage":[12],"damage_taken":[{"damage":4,"enemies":"Small Slimes","floor":1,"turns":3},{"damage":0,"enemies":"Jaw Worm","floor":2,"turns":3},{"damage":0,"enemies":"Cultist","floor":5,"turns":5},{"damage":25,"enemies":"Gremlin Nob","floor":6,"turns":4},{"damage":0,"enemies":"Lots of Slimes","floor":8,"turns":1},{"damage":31,"enemies":"Exordium Thugs","floor":10,"turns":5},{"damage":0,"enemies":"Exordium Wildlife","floor":11,"turns":2},{"damage":7,"enemies":"Blue Slaver","floor":12,"turns":3},{"damage":7,"enemies":"Looter","floor":13,"turns":3},{"damage":32,"enemies":"Hexaghost","floor":16,"turns":8}],"seed_played":"8712202023660226618","potions_obtained":[{"floor":1,"key":"Block Potion"},{"floor":8,"key":"SmokeBomb"},{"floor":11,"key":"Regen Potion"},{"floor":12,"key":"Swift Potion"}],"is_trial":false,"path_per_floor":["M","M","?","?","M","E","R","M","T","M","M","M","M","$","R","B"],"character_chosen":"WATCHER","items_purchased":[],"campfire_rested":1,"item_purchase_floors":[],"current_hp_per_floor":[68,68,68,68,68,43,43,43,43,12,12,14,7,7,28,0,0],"gold":234,"neow_bonus":"UPGRADE_CARD","is_daily":false,"chose_seed":false,"campfire_upgraded":1,"win_rate":0.0,"timestamp":1611915498,"path_taken":["M","M","?","?","M","E","R","M","T","?","M","M","M","?","R","BOSS"],"items_purchased_type":[],"build_version":"2020-12-22","purchased_purges":1,"victory":false,"max_hp_per_floor":[72,72,72,72,72,72,72,72,72,72,72,72,72,72,72,72,72],"card_choices":[{"not_picked":["TalkToTheHand","CutThroughFate"],"picked":"ForeignInfluence","floor":1},{"not_picked":["ClearTheMind","FlyingSleeves"],"picked":"Consecrate","floor":2},{"not_picked":["Collect","CutThroughFate"],"picked":"EmptyFist","floor":5},{"not_picked":["CrushJoints","JustLucky"],"picked":"Worship","floor":6},{"not_picked":["ReachHeaven","PathToVictory"],"picked":"Brilliance","floor":8},{"not_picked":["PathToVictory","Vengeance"],"picked":"ClearTheMind","floor":10},{"not_picked":["Halt","ThirdEye"],"picked":"Indignation","floor":11},{"not_picked":["Consecrate","FlyingSleeves"],"picked":"Conclude","floor":12},{"not_picked":["FollowUp","Ragnarok"],"picked":"Halt","floor":13}],"player_experience":566184,"relics_obtained":[{"floor":6,"key":"Omamori"},{"floor":9,"key":"CeramicFish"}],"event_choices":[{"damage_healed":0,"gold_gain":0,"player_choice":"Take Wound","damage_taken":0,"relics_obtained":["Golden Idol"],"max_hp_gain":0,"max_hp_loss":0,"event_name":"Golden Idol","floor":3,"gold_loss":0,"cards_obtained":["Injury"]},{"damage_healed":0,"gold_gain":0,"player_choice":"Trade","damage_taken":0,"relics_obtained":["CultistMask"],"max_hp_gain":0,"max_hp_loss":0,"event_name":"FaceTrader","floor":4,"gold_loss":0}],"is_beta":false,"boss_relics":[],"items_purged_floors":[14],"is_endless":false,"potions_floor_spawned":[1,8,11,12],"killed_by":"Hexaghost","ascension_level":0}}