{"host":"cmkyc3p4v2g7wnr3","time":1611957712,"event":{"mods":["2.2 Compatiblity","A Magickal Journey","AchievementEnabler","Act Like it!","AlwaysNeverKeys","BaseMod","Better Match","Better Note","BetterRewards","Block Reminder","Colored Map","Colored Powertips","DeckTracker","Gold Saver","Hermit","Highlight Path","Hubris","Infinite Spire","Jorbs\u0027s Wanderer Trilogy","Marked Mod","Minty Spire (QoL Compilation)","Potionbrewer","Prisma Mod","Quick Restart","Rare Cards Sparkle","Relic Stats","Reliquary","Replay The Spire","Shop Mod","Slay the Relics Exporter","StSLib","Synergy Search","The Administrix","The Animator","The Bug Knight","The Construct","The Cursed","The Disciple","The Hierophant","The Marked","The Mystic","The Runesmith","The Servant 0.9.4","TheBandit"],"gold_per_floor":[1475,1487,1499,1199,1219,1219,1219],"floor_reached":6,"language":"ENG","playtime":469,"items_purged":[],"score":38,"play_id":"35c50c7f-3b96-47c6-97df-df78dd5006f9","local_time":"20210129230152","is_ascension_mode":false,"campfire_choices":[],"circlet_count":0,"master_deck":["potionbrewer:PotionbrewerStrike","potionbrewer:PotionbrewerStrike","potionbrewer:PotionbrewerStrike","potionbrewer:PotionbrewerStrike","potionbrewer:PotionbrewerDefend","potionbrewer:PotionbrewerDefend","potionbrewer:PotionbrewerDefend","potionbrewer:PotionbrewerDefend","potionbrewer:Collect","potionbrewer:ChemicalSpill","potionbrewer:LabJournal","potionbrewer:DigDeep","potionbrewer:Prototype","potionbrewer:IronHeart","potionbrewer:ChokingPowder","potionbrewer:Fuel"],"relics":["potionbrewer:PotionKit","MerchantsRug"],"acts_visited":["Exordium"],"potions_floor_usage":[2],"damage_taken":[{"damage":2,"enemies":"Small Slimes","floor":1,"turns":4},{"damage":0,"enemies":"2 Louse","floor":2,"turns":3},{"damage":1,"enemies":"Cultist","floor":3,"turns":4},{"damage":7,"enemies":"Looter","floor":5,"turns":3},{"damage":34,"enemies":"Gremlin Nob","floor":6,"turns":4}],"seed_played":"-7373486348466930177","potions_obtained":[{"floor":2,"key":"Energy Potion"}],"is_trial":false,"path_per_floor":["M","M","M","$","M","E"],"character_chosen":"POTIONBREWER","items_purchased":["MerchantsRug","potionbrewer:IronHeart","potionbrewer:ChokingPowder"],"campfire_rested":0,"item_purchase_floors":[4,4,4],"current_hp_per_floor":[73,73,72,72,65,31,31],"gold":1219,"neow_bonus":"HUNDRED_GOLD","is_daily":false,"chose_seed":false,"campfire_upgraded":0,"win_rate":0.0,"timestamp":1611957712,"path_taken":["M","M","M","$","M","E"],"items_purchased_type":["Relic","Card","Card"],"build_version":"2020-12-22","purchased_purges":0,"victory":false,"max_hp_per_floor":[75,75,75,75,75,75,75],"relic_stats":{"counters":[5,18],"obtain_stats":[{"MerchantsRug":4,"potionbrewer:PotionKit":0},{"MerchantsRug":3,"potionbrewer:PotionKit":0},{"MerchantsRug":11,"potionbrewer:PotionKit":0}]},"card_choices":[{"not_picked":["potionbrewer:ChemicalWeapons","potionbrewer:Smokescreen"],"picked":"potionbrewer:LabJournal","floor":1},{"not_picked":["potionbrewer:Backhand","potionbrewer:Refill"],"picked":"potionbrewer:DigDeep","floor":2},{"not_picked":["potionbrewer:Brandish","potionbrewer:FlashPowder","potionbrewer:Fuel"],"picked":"potionbrewer:Prototype","floor":3},{"not_picked":["potionbrewer:Brandish","potionbrewer:ExplosiveReaction"],"picked":"potionbrewer:Fuel","floor":5}],"player_experience":307622,"relics_obtained":[],"event_choices":[],"is_beta":false,"boss_relics":[],"items_purged_floors":[],"is_endless":false,"potions_floor_spawned":[2],"killed_by":"Gremlin Nob","ascension_level":0}}