{"host":"n605f8gctjc87d7h","time":1611964184,"event":{"mods":["Aspiration","Bard","BaseMod","Better Match","Better Note","Better Skull","Better Third Choice","Conspire","Downfall","Halation","Hermit","Infinite Spire","Minty Spire (QoL Compilation)","Replay The Spire","Retaliation","Shade Mod","Spicy Shops","StSLib","The IronCluck","The Jungle"],"gold_per_floor":[119,69,125,125,139,139,170,170,170,184,184,215,390,390,390,469,469,469,469],"floor_reached":18,"language":"ENG","playtime":719,"items_purged":[],"score":282,"play_id":"7503fe91-30f6-437c-b261-7b8f094c1fd3","local_time":"20210129154944","is_ascension_mode":true,"campfire_choices":[{"floor":6,"key":"REST"},{"floor":8,"key":"REST"},{"floor":15,"key":"REST"}],"circlet_count":0,"master_deck":["AscendersBane","Strike_B","Strike_B","Strike_B","Defend_B","Defend_B","Defend_B","Zap","Dualcast","ReplayTheSpireMod:Calculation Training","Ball Lightning","Crystallizer","Redo","Genetic Algorithm","Ball Lightning","Doubt","Leap","Thunder Strike"],"relics":["Cracked Core","Anchor","infinitespire:Eraser","Darkstone Periapt","Dream Catcher","halation:EternalFortune","Replay:Bronze Core"],"acts_visited":["Exordium","TheCity"],"potions_floor_usage":[5,12,16],"damage_taken":[{"damage":7,"enemies":"Jaw Worm","floor":1,"turns":3},{"damage":0,"enemies":"Small Slimes","floor":5,"turns":3},{"damage":36,"enemies":"Gremlin Nob","floor":7,"turns":4},{"damage":0,"enemies":"2 Louse","floor":10,"turns":2},{"damage":33,"enemies":"3 Sentries","floor":12,"turns":5},{"damage":45,"enemies":"Hexaghost","floor":16,"turns":9},{"damage":71,"enemies":"conspire:FuzzyDice","floor":18,"turns":10}],"seed_played":"-4822743932887011923","potions_obtained":[{"floor":1,"key":"SkillPotion"},{"floor":3,"key":"SmokeBomb"},{"floor":3,"key":"SkillPotion"},{"floor":7,"key":"SteroidPotion"}],"is_trial":false,"path_per_floor":["M","?","?","$","M","R","E","R","T","M","?","E","?","?","R","B",null,"M"],"character_chosen":"DEFECT","items_purchased":[],"campfire_rested":3,"item_purchase_floors":[],"current_hp_per_floor":[57,57,40,40,40,61,25,46,46,46,67,34,40,43,67,22,66,0,0],"gold":469,"neow_bonus":"REMOVE_CARD","is_daily":false,"chose_seed":false,"campfire_upgraded":0,"win_rate":0.0,"timestamp":1611964184,"path_taken":["M","?","?","$","M","R","E","R","T","M","?","E","?","?","R","BOSS","M"],"items_purchased_type":[],"build_version":"2020-12-22","purchased_purges":0,"victory":false,"max_hp_per_floor":[71,71,71,71,71,71,71,71,71,71,71,71,77,80,80,80,80,80,80],"card_choices":[{"not_picked":["ReplayTheSpireMod:Dual Polarity","Hologram"],"picked":"ReplayTheSpireMod:Calculation Training","floor":1},{"not_picked":["ReplayTheSpireMod:System Scan","Coolheaded"],"picked":"Ball Lightning","floor":3},{"not_picked":["Conserve Battery","Compile Driver"],"picked":"Crystallizer","floor":5},{"not_picked":["Coolheaded","Panic Button"],"picked":"Redo","floor":7},{"not_picked":["Conserve Battery","Heatsinks"],"picked":"Genetic Algorithm","floor":10},{"not_picked":["Seek","Beam Cell"],"picked":"Ball Lightning","floor":12},{"not_picked":["ReplayTheSpireMod:Dual Polarity","Sweeping Beam"],"picked":"Leap","floor":15},{"not_picked":["Echo Form","Core Surge"],"picked":"Thunder Strike","floor":16}],"player_experience":791612,"relics_obtained":[{"floor":3,"key":"Anchor"},{"floor":7,"key":"infinitespire:Eraser"},{"floor":9,"key":"Darkstone Periapt"},{"floor":12,"key":"Dream Catcher"}],"event_choices":[{"cards_removed":["Defend_B"],"damage_healed":0,"gold_gain":0,"player_choice":"Card Removal","damage_taken":0,"max_hp_gain":0,"max_hp_loss":0,"event_name":"The Cleric","floor":2,"gold_loss":50},{"damage_healed":0,"gold_gain":175,"player_choice":"AGREE","damage_taken":215,"max_hp_gain":0,"max_hp_loss":0,"event_name":"betterThird:BetterSerpent","floor":13,"gold_loss":0}],"is_beta":false,"boss_relics":[{"not_picked":["Honey Jar","FrozenCore"],"picked":"Replay:Bronze Core"}],"items_purged_floors":[],"is_endless":false,"potions_floor_spawned":[1,7,10],"killed_by":"conspire:FuzzyDice","ascension_level":14}}