{"host":"hl3ams4am2ku5u4p","time":1611937429,"event":{"mods":["AchievementEnabler","Act Like it!","Aspiration","BaseMod","Beaked The Cultist","BetterRewards","CatGirl Mod","Colored Map","Colored Powertips","Conspire","Downfall","Energized Spire","Halation","Hallownest","HornydragonMod","Hubris","Infinite Spire","Mad Scientist","Magitek Elite","Minty Spire (QoL Compilation)","READ ME - Guardian Mod","Replay The Spire","Spikes Relics","StSLib","SuperFastMode","The Blackbeard","The Bug Knight","The Construct","The Disciple","The Jungle","The Mystic","The Necromancer","The Senshi"],"gold_per_floor":[109,109,123,134,134,134,168,168,242,242,253,142,142,142,142,246,246,260,260,260,260,135,135,165,165,165,179,179,103,117,72,72,176,176,189,189,189,209,209,234,234,251,277,295,295,310,325,340,340,340,340],"floor_reached":50,"language":"FRA","playtime":1914,"items_purged":["Second Wind"],"score":771,"play_id":"9ca2bd8c-4f44-4238-89cf-cc3efc57eb41","local_time":"20210129172349","is_ascension_mode":true,"campfire_choices":[{"data":"conspire:Banana","floor":6,"key":"SMITH"},{"data":"Whirlwind","floor":8,"key":"SMITH"},{"data":"Metallicize","floor":13,"key":"SMITH"},{"data":"Metallicize","floor":15,"key":"SMITH"},{"data":"Inflame","floor":23,"key":"SMITH"},{"data":"Sword Boomerang","floor":28,"key":"SMITH"},{"data":"Flex","floor":32,"key":"SMITH"},{"floor":41,"key":"REST"},{"floor":45,"key":"REST"},{"floor":49,"key":"REST"}],"circlet_count":1,"master_deck":["Strike_R+1","Strike_R+1","Strike_R","Strike_R","Strike_R","Defend_R","Defend_R","Defend_R","Defend_R","Bash","Metallicize+1","conspire:Banana+1","Shrug It Off","conspire:ExplosiveBarrier+1","Cleave","Whirlwind+1","Flex","Sword Boomerang+1","Metallicize+1","Brutality","Body Slam","Flex+1","Inflame+1","Battle Trance+1","Seeing Red","Warcry","Double Tap","Sword Boomerang+1","Replay:Undeath\u0027s Touch+1","Defy Death+1","Iron Wave+1","Disarm+1","Entrench","Sword Boomerang+1","Armaments+1","Twin Strike+1","Abandon+1","Invigoration+1","conspire:ExplosiveBarrier+1","Pummel+1"],"relics":["Burning Blood","Membership Card","Hallownest:DreamNailRelic","ReplayTheSpireMod:Spearhead","LugNut","Circlet","halation:BottledHappiness","energizedSpire:OgreHead","Hallownest:WatcherSealRelic","halation:SelfBoilingWater","halation:Diary","halation:BottledLove","Prayer Wheel","Gremlin Food","WizardHat","Smiling Mask"],"acts_visited":["Exordium","Hallownest:Greenpath","Hallownest:CityofTears"],"potions_floor_usage":[16,33,33,40,47,50,50],"damage_taken":[{"damage":2,"enemies":"2_ Uuma","floor":1,"turns":7},{"damage":3,"enemies":"Hallownest:2_MossCreeps","floor":3,"turns":6},{"damage":5,"enemies":"Hallownest:monsterHuskGuard","floor":4,"turns":5},{"damage":27,"enemies":"Hallownest:eliteMossKnight","floor":7,"turns":18},{"damage":0,"enemies":"Hallownest:monsterAspidMother","floor":11,"turns":2},{"damage":58,"enemies":"Hallownest:BossBrokenVessel","floor":16,"turns":12},{"damage":4,"enemies":"Hallownest:Flukemon_and_Top","floor":18,"turns":5},{"damage":33,"enemies":"Hallownest:eliteSoulWarrior","floor":24,"turns":7},{"damage":0,"enemies":"Hallownest:2_Mistakes","floor":27,"turns":2},{"damage":11,"enemies":"Hallownest:Master_and_Novice","floor":30,"turns":4},{"damage":28,"enemies":"Hallownest:BossGrimm","floor":33,"turns":8},{"damage":69,"enemies":"Hallownest:3_Siblings","floor":35,"turns":7},{"damage":38,"enemies":"Hallownest:2_Littles","floor":38,"turns":3},{"damage":26,"enemies":"Hallownest:eliteCollector","floor":40,"turns":4},{"damage":12,"enemies":"Hallownest:monsterPrimalAspid","floor":42,"turns":2},{"damage":42,"enemies":"Hallownest:2_Wandering_and_1_Horned","floor":44,"turns":5},{"damage":28,"enemies":"Hallownest:2_Wing_and_1_Kings","floor":46,"turns":4},{"damage":15,"enemies":"Hallownest:Xero_Hu_Marmu","floor":47,"turns":4},{"damage":16,"enemies":"Hallownest:Shield_Sturdy","floor":48,"turns":6},{"damage":70,"enemies":"Hallownest:Radiance","floor":50,"turns":6}],"seed_played":"3255374978151410138","potions_obtained":[{"floor":4,"key":"BlessingOfTheForge"},{"floor":7,"key":"Milkshake"},{"floor":16,"key":"Slimebound:ThreeZeroPotion"},{"floor":24,"key":"Dexterity Potion"},{"floor":40,"key":"PowerPotion"},{"floor":44,"key":"Weak Potion"},{"floor":48,"key":"champ:CounterPotion"}],"is_trial":false,"path_per_floor":["M","?","M","M","T","R","E","R","T","?","M","$","R","$","R","B",null,"M","?","?","T","$","R","E","AVR","T","M","R","$","M","?","R","B",null,"M","?","?","M","AVR","E","R","M","T","M","R","M","M","M","R","B"],"character_chosen":"IRONCLAD","items_purchased":["Membership Card","Metallicize","conspire:Banana","Shrug It Off","conspire:ExplosiveBarrier","Cleave","Energy Potion","Metallicize","halation:BottledHappiness","Inflame","halation:Diary","Gremlin Food"],"campfire_rested":3,"item_purchase_floors":[0,0,0,0,0,0,0,12,12,22,22,29],"current_hp_per_floor":[69,69,73,75,75,75,56,56,56,56,62,62,62,62,62,14,89,93,93,93,93,93,93,70,70,70,78,78,78,77,83,83,65,113,52,52,64,32,32,14,49,47,47,15,52,34,29,21,61,0,0],"gold":340,"neow_bonus":"","is_daily":false,"chose_seed":false,"campfire_upgraded":7,"win_rate":0.0,"timestamp":1611937429,"path_taken":["M","?","?","M","?","R","E","R","T","?","M","?","R","$","R","BOSS","M","?","?","?","$","R","E","AVR","T","M","R","?","?","?","R","BOSS","M","?","?","?","AVR","E","R","M","T","M","R","M","M","M","R","BOSS"],"items_purchased_type":["Relic","Card","Card","Card","Card","Card","Potion","Card","Relic","Card","Relic","Relic"],"build_version":"2020-12-22","purchased_purges":1,"victory":false,"max_hp_per_floor":[81,81,82,83,83,83,85,85,85,85,85,85,85,85,85,89,89,93,93,93,93,93,93,97,97,97,99,99,99,103,109,109,113,113,115,115,115,115,115,117,117,121,121,125,125,129,133,135,135,139,139],"card_choices":[{"not_picked":["Armaments","Abandon"],"picked":"Whirlwind","floor":1},{"not_picked":["Feel No Pain","Second Wind"],"picked":"Flex","floor":3},{"not_picked":["Flex","Dropkick"],"picked":"Sword Boomerang","floor":4},{"not_picked":["Searing Blow","Headbutt","True Grit"],"picked":"SKIP","floor":7},{"not_picked":["Life Link","ReplayTheSpireMod:Corrosion Curse","ReplayTheSpireMod:Strike From Hell"],"picked":"SKIP","floor":11},{"not_picked":["conspire:HitWhereItHurts","Berserk"],"picked":"Brutality","floor":16},{"not_picked":["Pommel Strike","Body Slam"],"picked":"Second Wind","floor":18},{"not_picked":["Searing Blow","Havoc"],"picked":"Body Slam","floor":20},{"not_picked":["Anger+1","ReplayTheSpireMod:Strike From Hell"],"picked":"Flex","floor":20},{"not_picked":["Perfected Strike","conspire:Purge"],"picked":"Battle Trance+1","floor":24},{"not_picked":["Anger","Warcry"],"picked":"Seeing Red","floor":27},{"not_picked":["Anger","Run Through","ReplayTheSpireMod:Strike From Hell"],"picked":"SKIP","floor":27},{"not_picked":["Perfected Strike","ReplayTheSpireMod:Corrosion Curse"],"picked":"Warcry","floor":30},{"not_picked":["Thunderclap","Anger","Replay:Undeath\u0027s Touch"],"picked":"SKIP","floor":30},{"not_picked":["Fiend Fire","Offering"],"picked":"Double Tap","floor":33},{"not_picked":["Intimidate+1","Anger"],"picked":"Sword Boomerang+1","floor":35},{"not_picked":["Run Through","Fire Breathing+1"],"picked":"Replay:Undeath\u0027s Touch+1","floor":35},{"not_picked":["ReplayTheSpireMod:Strike From Hell","Sever Soul+1"],"picked":"Defy Death+1","floor":38},{"not_picked":["Wild Strike+1","Run Through+1"],"picked":"Iron Wave+1","floor":38},{"not_picked":["Eclipse","Battle Trance"],"picked":"Disarm+1","floor":40},{"not_picked":["Evolve+1","ReplayTheSpireMod:Strike From Hell+1"],"picked":"Entrench","floor":42},{"not_picked":["Defy Death","Wild Strike"],"picked":"Sword Boomerang+1","floor":42},{"not_picked":["Run Through","Perfected Strike"],"picked":"Armaments+1","floor":44},{"not_picked":["Life Link+1","True Grit+1","ReplayTheSpireMod:Strike From Hell+1"],"picked":"SKIP","floor":44},{"not_picked":["hubris:StunningStrike","Anger"],"picked":"Twin Strike+1","floor":46},{"not_picked":["Body Slam","Feel No Pain+1"],"picked":"Abandon+1","floor":46},{"not_picked":["Havoc","True Grit+1"],"picked":"Invigoration+1","floor":47},{"not_picked":["Run Through+1","Anger+1"],"picked":"conspire:ExplosiveBarrier+1","floor":47},{"not_picked":["Second Wind","Sever Soul"],"picked":"Pummel+1","floor":48},{"not_picked":["Armaments","Cleave+1","Headbutt+1"],"picked":"SKIP","floor":48}],"player_experience":43315,"relics_obtained":[{"floor":7,"key":"ReplayTheSpireMod:Spearhead"},{"floor":9,"key":"LugNut"},{"floor":21,"key":"halation:SelfBoilingWater"},{"floor":24,"key":"halation:BottledLove"},{"floor":26,"key":"Prayer Wheel"},{"floor":40,"key":"WizardHat"},{"floor":43,"key":"Smiling Mask"}],"event_choices":[],"is_beta":false,"boss_relics":[{"not_picked":["hubris:GrandSneckoEye","SacredBark"],"picked":"energizedSpire:OgreHead"},{"not_picked":["halation:MonkeysPaw","bronze:MakeshiftBattery","energizedSpire:TabascoSauce"]}],"items_purged_floors":[22],"is_endless":false,"potions_floor_spawned":[4,7,16,18,24,40,44,48],"killed_by":"Hallownest:Radiance","ascension_level":2}}