{"host":"3qkmyeoym75lj4wn","time":1611940622,"event":{"mods":["2.2 Compatiblity","BaseMod","Block Reminder","Colored Powertips","Highlight Path","Minty Spire (QoL Compilation)","Permanent Neow","Potion Indicator Mod","Rare Cards Sparkle","Relic Stats","StSLib","Unceasing Turn Reminder"],"gold_per_floor":[216,235,235,252,102,132,132,159,234,234,234],"floor_reached":10,"language":"ENG","playtime":300,"items_purged":[],"score":152,"play_id":"de889650-50e0-444c-b9e9-e1e88f3a50fc","local_time":"20210129171702","is_ascension_mode":true,"campfire_choices":[{"data":"Bash","floor":7,"key":"SMITH"}],"circlet_count":0,"master_deck":["AscendersBane","Strike_R","Strike_R","Strike_R","Strike_R","Strike_R","Defend_R","Defend_R","Defend_R","Defend_R","Bash+1","Inflame","Iron Wave","Dramatic Entrance","Flame Barrier"],"relics":["Burning Blood","Turnip","Strawberry","Du-Vu Doll","Paper Frog"],"acts_visited":["Exordium"],"potions_floor_usage":[6,8],"damage_taken":[{"damage":10,"enemies":"Small Slimes","floor":1,"turns":3},{"damage":11,"enemies":"2 Louse","floor":2,"turns":2},{"damage":6,"enemies":"Cultist","floor":4,"turns":4},{"damage":25,"enemies":"Lagavulin","floor":6,"turns":5},{"damage":50,"enemies":"Gremlin Nob","floor":8,"turns":5},{"damage":22,"enemies":"Lagavulin","floor":10,"turns":5}],"seed_played":"1106055289124983718","potions_obtained":[{"floor":6,"key":"BloodPotion"},{"floor":8,"key":"ElixirPotion"}],"is_trial":false,"path_per_floor":["M","M","?","M","$","E","R","E","T","E"],"character_chosen":"IRONCLAD","items_purchased":["Dramatic Entrance","AttackPotion"],"campfire_rested":0,"item_purchase_floors":[5,5],"current_hp_per_floor":[64,59,48,48,48,36,36,8,8,0,0],"gold":234,"neow_bonus":"HUNDRED_GOLD","is_daily":false,"chose_seed":false,"campfire_upgraded":1,"win_rate":0.0,"timestamp":1611940622,"path_taken":["M","M","?","M","$","E","R","E","T","E"],"items_purchased_type":["Card","Potion"],"build_version":"2020-12-22","purchased_purges":0,"victory":false,"max_hp_per_floor":[75,75,75,75,75,82,82,82,82,82,82],"relic_stats":{"counters":[6,24],"Turnip":[0],"obtain_stats":[{"Du-Vu Doll":8,"Strawberry":6,"Turnip":3,"Burning Blood":0,"Paper Frog":9},{"Du-Vu Doll":5,"Strawberry":4,"Turnip":2,"Burning Blood":0,"Paper Frog":5},{"Du-Vu Doll":19,"Strawberry":14,"Turnip":5,"Burning Blood":0,"Paper Frog":19}],"Burning Blood":30},"card_choices":[{"not_picked":["Sword Boomerang","Wild Strike","Seeing Red"],"picked":"SKIP","floor":1},{"not_picked":["Warcry","Bloodletting"],"picked":"Inflame","floor":2},{"not_picked":["Shrug It Off","Rage"],"picked":"Iron Wave","floor":4},{"not_picked":["Clash","Reckless Charge","Havoc"],"picked":"SKIP","floor":6},{"not_picked":["Iron Wave","Rupture"],"picked":"Flame Barrier","floor":8}],"player_experience":1709865,"relics_obtained":[{"floor":6,"key":"Strawberry"},{"floor":8,"key":"Du-Vu Doll"},{"floor":9,"key":"Paper Frog"}],"event_choices":[{"damage_healed":0,"gold_gain":0,"player_choice":"Success","damage_taken":11,"relics_obtained":["Turnip"],"max_hp_gain":0,"max_hp_loss":0,"event_name":"Scrap Ooze","floor":3,"gold_loss":0}],"is_beta":false,"boss_relics":[],"items_purged_floors":[],"is_endless":false,"potions_floor_spawned":[6,8],"killed_by":"Lagavulin","ascension_level":20}}