{"host":"gcl3kjho9wmyw479","time":1611963111,"event":{"mods":["Act Like it!","BaseMod","Better Note","Minty Spire (QoL Compilation)","Permanent Neow","Quick Restart","Replay The Spire","Shop Mod","StSLib","SuperFastMode","Wandering Minibosses"],"gold_per_floor":[111,111,42,53,68,101,101,101,127,127,227,257,283,313,313,414,414,433,433,449,449,271,271,271,139,166,166,166,166,200,233,233,338,338,338,338,245,245,245,273,288,288,288,288,323,323,382,396,396],"floor_reached":48,"language":"ENG","playtime":3139,"items_purged":["Steam"],"score":1019,"play_id":"01942945-4136-4573-80c3-f36deb46ebc5","local_time":"20210129183151","daily_mods":["SealedDeck","Heirloom","Flight","DeadlyEvents","Elite Swarm"],"is_ascension_mode":true,"campfire_choices":[{"data":"Blind","floor":7.0,"key":"SMITH"},{"data":"Fusion","floor":7.0,"key":"SMITH"},{"data":"Gash","floor":8.0,"key":"SMITH"},{"data":"Gash","floor":8.0,"key":"SMITH"},{"data":"Leap","floor":10.0,"key":"SMITH"},{"data":"Leap","floor":10.0,"key":"SMITH"},{"floor":15.0,"key":"REST"},{"data":"Machine Learning","floor":23,"key":"SMITH"},{"data":"Trip","floor":23,"key":"SMITH"},{"floor":24,"key":"RECALL"},{"data":"Genetic Algorithm","floor":27,"key":"SMITH"},{"data":"Reprogram","floor":27,"key":"SMITH"},{"data":"Sweeping Beam","floor":28,"key":"SMITH"},{"data":"FTL","floor":28,"key":"SMITH"},{"data":"Steam Power","floor":29,"key":"SMITH"},{"data":"Panic Button","floor":29,"key":"SMITH"},{"floor":32,"key":"DIG"},{"floor":42,"key":"REST"},{"floor":44,"key":"REST"},{"data":"Go for the Eyes","floor":46,"key":"SMITH"}],"circlet_count":0,"master_deck":["Leap+1","Leap+1","Gash+1","Reprogram+1","Fusion+1","Sweeping Beam+1","Gash+1","Blind+1","FTL+1","Machine Learning+1","Seek+1","Streamline+1","Trip+1","Go for the Eyes+1","Skim+1"],"relics":["Cracked Core","Ring of Chaos","Replay:Arrowhead","Nunchaku","ReplayTheSpireMod:Ninjato","Smiling Mask","Runic Pyramid","MerchantsRug","Ancient Tea Set","Oddly Smooth Stone","CaptainsWheel","Bag of Preparation","Replay:Drink Me","Gremlin Food","Ice Cream","Replay:Bandana","Replay:Mystery Machine"],"acts_visited":["Exordium","TheCity","TheBeyond"],"potions_floor_usage":[35,48],"damage_taken":[{"damage":0.0,"enemies":"Cultist","floor":1.0,"turns":4.0},{"damage":0.0,"enemies":"2 Louse","floor":4.0,"turns":3.0},{"damage":0.0,"enemies":"Small Slimes","floor":5.0,"turns":4.0},{"damage":30.0,"enemies":"3 Sentries","floor":6.0,"turns":7.0},{"damage":1.0,"enemies":"Lagavulin","floor":12.0,"turns":8.0},{"damage":0.0,"enemies":"Gremlin Nob","floor":13.0,"turns":3.0},{"damage":0.0,"enemies":"Lagavulin","floor":14.0,"turns":6.0},{"damage":1.0,"enemies":"Hexaghost","floor":16.0,"turns":6.0},{"damage":0.0,"enemies":"Chosen","floor":18.0,"turns":3.0},{"damage":0,"enemies":"3 Byrds","floor":20,"turns":4},{"damage":0,"enemies":"Book of Stabbing","floor":30,"turns":3},{"damage":2,"enemies":"Gremlin Leader","floor":31,"turns":4},{"damage":2,"enemies":"Pondfish","floor":33,"turns":7},{"damage":0,"enemies":"3 Darklings","floor":35,"turns":1},{"damage":30,"enemies":"R_Hoarder","floor":40,"turns":8},{"damage":8,"enemies":"Orb Walker","floor":41,"turns":2},{"damage":0,"enemies":"Reptomancer","floor":45,"turns":4},{"damage":0,"enemies":"Giant Head","floor":47,"turns":3},{"damage":53,"enemies":"R_Hoarder","floor":48,"turns":13}],"seed_played":"-5781033465320352444","potions_obtained":[{"floor":1.0,"key":"Weak Potion"},{"floor":6.0,"key":"ColorlessPotion"},{"floor":12.0,"key":"FocusPotion"},{"floor":14.0,"key":"DuplicationPotion"},{"floor":20,"key":"SkillPotion"},{"floor":33,"key":"SmokeBomb"},{"floor":40,"key":"Elixir"},{"floor":47,"key":"EssenceOfSteel"}],"is_trial":true,"path_per_floor":["M","WH","$","M","M","E","R","R","T","R","WH","E","E","E","R","B",null,"M","?","M","?","$","R","R","$","T","R","R","R","E","E","R","B",null,"M","?","$","?","$","E","M","R","T","R","E","R","E","E"],"character_chosen":"DEFECT","items_purchased":["FTL","Streamline+1","Trip","Genetic Algorithm","MerchantsRug","Go for the Eyes","Skim"],"campfire_rested":3,"item_purchase_floors":[3,22,22,25,25,37,37],"current_hp_per_floor":[75,75,75,75,75,45,45,45,45,45,45,44,44,44,66,65,75,75,75,75,75,75,75,75,75,75,75,75,75,75,73,73,71,57,57,57,57,57,57,27,19,36,36,53,53,53,53,0,0],"gold":396,"neow_bonus":"HUNDRED_GOLD","is_daily":false,"chose_seed":false,"campfire_upgraded":15,"win_rate":0.0,"timestamp":1611963111,"path_taken":["M","WH","?","M","?","E","R","R","T","R","WH","E","E","E","R","BOSS","M","?","M","?","$","R","R","$","T","R","R","R","E","?","R","BOSS","M","?","$","?","$","E","?","R","T","R","E","R","E","E"],"items_purchased_type":["Card","Card","Card","Card","Relic","Card","Card"],"build_version":"2020-12-22","purchased_purges":1,"victory":false,"max_hp_per_floor":[75,75,75,75,75,75,75,75,75,75,75,75,75,75,75,75,75,75,75,75,75,75,75,75,75,75,75,75,75,75,75,75,75,57,57,57,57,57,57,57,57,57,57,57,57,57,57,57,57],"card_choices":[{"not_picked":["Glacier","BasicCrystalCard","Ball Lightning"],"picked":"SKIP","floor":1.0},{"not_picked":["Purity","Dramatic Entrance"],"picked":"Blind","floor":2.0},{"not_picked":["Go for the Eyes","Coolheaded","ReplayTheSpireMod:Omega Cannon"],"picked":"SKIP","floor":4.0},{"not_picked":["Conserve Battery","Beam Cell"],"picked":"Cold Snap","floor":5.0},{"not_picked":["Amplify","Echo Form","Multi-Cast"],"picked":"SKIP","floor":6.0},{"not_picked":["ReplayTheSpireMod:Fabricate Wheel","Thunder Strike"],"picked":"Machine Learning","floor":12.0},{"not_picked":["Echo Form","Reboot","ReplayRNGCard"],"picked":"SKIP","floor":13.0},{"not_picked":["Hyperbeam","All For One"],"picked":"Seek","floor":14.0},{"not_picked":["Hello World","BasicCrystalCard","Force Field"],"picked":"SKIP","floor":18.0},{"not_picked":["ReplaySolidLightProjector","Storm","Stack"],"picked":"SKIP","floor":20},{"not_picked":["ReplayTheSpireMod:Fabricate Wheel","Thunder Strike","Buffer"],"picked":"SKIP","floor":30},{"not_picked":["Fission","Creative AI","ReplayTheSpireMod:Omega Cannon"],"picked":"SKIP","floor":31},{"not_picked":["Mirror Shield","Multi-Cast","Meteor Strike"],"picked":"SKIP","floor":40},{"not_picked":["Redo+1","Capacitor","Streamline"],"picked":"SKIP","floor":41},{"not_picked":["Fission","Buffer","Amplify"],"picked":"SKIP","floor":45},{"not_picked":["Meteor Strike","Core Surge","Creative AI"],"picked":"SKIP","floor":47}],"player_experience":183381,"relics_obtained":[{"floor":6.0,"key":"Nunchaku"},{"floor":12.0,"key":"ReplayTheSpireMod:Ninjato"},{"floor":13.0,"key":"Smiling Mask"},{"floor":14.0,"key":"Symbiotic Virus"},{"floor":26,"key":"Ancient Tea Set"},{"floor":30,"key":"Oddly Smooth Stone"},{"floor":31,"key":"CaptainsWheel"},{"floor":32,"key":"Bag of Preparation"},{"floor":40,"key":"Gremlin Food"},{"floor":43,"key":"Ice Cream"},{"floor":45,"key":"Replay:Bandana"},{"floor":47,"key":"Replay:Mystery Machine"}],"event_choices":[{"damage_healed":0.0,"max_hp_gain":0.0,"max_hp_loss":0.0,"gold_gain":0.0,"event_name":"Ghosts","player_choice":"Ignored","floor":19.0,"gold_loss":0.0,"damage_taken":0.0},{"cards_removed":["Cold Snap"],"damage_healed":0,"gold_gain":0,"player_choice":"Purged","damage_taken":0,"max_hp_gain":0,"max_hp_loss":0,"event_name":"Purifier","floor":21,"gold_loss":0},{"damage_healed":0,"gold_gain":0,"player_choice":"Memory 1","damage_taken":0,"max_hp_gain":0,"max_hp_loss":0,"event_name":"SensoryStone","floor":36,"gold_loss":0},{"damage_healed":0,"gold_gain":0,"player_choice":"Ignored","damage_taken":0,"max_hp_gain":0,"max_hp_loss":0,"event_name":"Tomb of Lord Red Mask","floor":38,"gold_loss":0}],"is_beta":false,"boss_relics":[{"not_picked":["Coffee Dripper","Replay:Grab Bag"],"picked":"Runic Pyramid"},{"not_picked":["Astrolabe","Runic Dome"],"picked":"Replay:Drink Me"}],"items_purged_floors":[22],"is_endless":false,"potions_floor_spawned":[1,6,12,14,20,33,40,47],"killed_by":"R_Hoarder","ascension_level":4}}