{"host":"ojezjkpqju62j8xy","time":1611907124,"event":{"mods":["ATMod(°¢èªMod)","Act Like it!","Aspiration","BaseMod","Conspire","Gensokyo","Minty Spire (QoL Compilation)","Pale of the Ancients","Replay The Spire","Spicy Shops","StSLib","¡¾ÒÅÎï¿¨ÅÆ¡¿REMEMod","²ÐÁôÖ®Îï"],"gold_per_floor":[110,10,44,61,78,78,108,123,177,11,40,0,33,43,43,115,115,132,75,75,91,35,35,63,63,63,63,2,28,347,391,391,391,391],"floor_reached":33,"language":"ZHS","playtime":1233,"items_purged":[],"score":621,"play_id":"1bd88f54-9611-432a-84bf-9c4d17e96d05","local_time":"20210129155844","is_ascension_mode":true,"campfire_choices":[{"floor":6.0,"key":"RECALL"},{"data":"PlaceholderMod:Inner","floor":15.0,"key":"SMITH"},{"data":"Demon Form","floor":23,"key":"SMITH"},{"floor":25,"key":"REST"},{"data":"Flex","floor":27,"key":"SMITH"},{"floor":32,"key":"REST"}],"circlet_count":0,"master_deck":["AscendersBane","Strike_R","Strike_R","Defend_R","Defend_R","Bash","AT_FamilyPortrait","PlaceholderMod:Inner+1","Cleave","Wild Strike","Cleave","Ghostly Armor","ReplayTheSpireMod:Limb From Limb","Dropkick","Rage","Carnage","Thunderclap","Cleave","Demon Form+1","Inflame","Inflame","Inflame","Poisoned Stab","REME_SpectralBlade","ReplayTheSpireMod:From All Sides","Flex+1","Flex+1","Warcry","Anger","Immolate","Replay:Undeath\u0027s Touch","Cleave"],"relics":["Burning Blood","AT_ATBox","REME_ComplimentaryCards","NeowsBlessing","aspiration:HummingbirdHeart","Replay:Mystery Machine","Vajra","Red Skull","aspiration:ChemicalBlood","Replay:PocketPolymizer","Painkiller Herb","Self Forming Clay","Champion Belt","StrikeDummy","AT_MibuBalloonWealth"],"acts_visited":["Gensokyo:Gensokyo","Gensokyo:Gensokyoer"],"potions_floor_usage":[16,16,18,24,29,29,30,31,31,33,33,33,33],"damage_taken":[{"damage":0.0,"enemies":"Gensokyo:Python","floor":1.0,"turns":1.0},{"damage":0.0,"enemies":"Gensokyo:Mamizou","floor":3.0,"turns":2.0},{"damage":0.0,"enemies":"Gensokyo:3_Fairies","floor":4.0,"turns":1.0},{"damage":0.0,"enemies":"Gensokyo:Gryphon","floor":5.0,"turns":3.0},{"damage":27.0,"enemies":"Gensokyo:Aya","floor":7.0,"turns":5.0},{"damage":0.0,"enemies":"Gensokyo:VengefulSpirit","floor":8.0,"turns":2.0},{"damage":17.0,"enemies":"Gensokyo:Cirno","floor":11.0,"turns":6.0},{"damage":27.0,"enemies":"Gensokyo:Aya","floor":13.0,"turns":4.0},{"damage":3.0,"enemies":"Gensokyo:2_Rabbits","floor":14.0,"turns":3.0},{"damage":57,"enemies":"Gensokyo:Kokoro","floor":16,"turns":6},{"damage":6,"enemies":"Gensokyo:3_Dogs","floor":18,"turns":4},{"damage":5,"enemies":"Gensokyo:Chomper","floor":21,"turns":3},{"damage":19,"enemies":"Gensokyo:Reisen","floor":24,"turns":5},{"damage":16,"enemies":"Gensokyo:Tenshi","floor":29,"turns":4},{"damage":19,"enemies":"Gensokyo:Slime_Group","floor":30,"turns":4},{"damage":15,"enemies":"Gensokyo:Wraith","floor":31,"turns":5},{"damage":135,"enemies":"Gensokyo:Eternal_Rivals","floor":33,"turns":7}],"seed_played":"942778445678193718","potions_obtained":[{"floor":1.0,"key":"ColorlessPotion"},{"floor":5.0,"key":"Elixir"},{"floor":8.0,"key":"Ancient Potion"},{"floor":13.0,"key":"Flashbang"},{"floor":16,"key":"LiquidBronze"},{"floor":18,"key":"PowerPotion"},{"floor":29,"key":"Energy Potion"},{"floor":31,"key":"LifebloodPotion"}],"is_trial":false,"path_per_floor":["M","?","?","M","M","R","E","M","T","$","E","?","E","M","R","B",null,"?","T","?","?","T","T","E","T","T","T","COS","E","?","?","T","B"],"character_chosen":"IRONCLAD","items_purchased":["Red Skull","Inflame","Flex"],"campfire_rested":2,"item_purchase_floors":[10,19,22],"current_hp_per_floor":[74,74,75,75,75,75,54,60,60,60,49,69,48,51,51,15,60,60,60,60,61,61,61,48,70,70,70,70,60,47,38,60,0,0],"gold":391,"neow_bonus":"THREE_ENEMY_KILL","is_daily":false,"chose_seed":false,"campfire_upgraded":3,"win_rate":0.0,"timestamp":1611907124,"path_taken":["M","?","?","?","M","R","E","M","T","$","E","?","E","M","R","BOSS","?","T","?","?","?","T","E","T","T","T","COS","E","?","?","T","BOSS"],"items_purchased_type":["Relic","Card","Card"],"build_version":"2020-12-22","purchased_purges":0,"victory":false,"max_hp_per_floor":[75,75,75,75,75,75,75,75,75,75,75,75,75,75,75,75,75,75,75,75,75,75,75,75,75,75,75,75,75,75,75,75,75,75],"card_choices":[{"not_picked":["Burning Pact","AT_GerminateFire"],"picked":"Cleave","floor":1.0},{"not_picked":["Replay:Undeath\u0027s Touch","Shrug It Off"],"picked":"Wild Strike","floor":3.0},{"not_picked":["Armaments","Warcry"],"picked":"Cleave","floor":4.0},{"not_picked":["Seeing Red","Rampage"],"picked":"Ghostly Armor","floor":5.0},{"not_picked":["AT_CaressingTears","Replay:Many Hands"],"picked":"ReplayTheSpireMod:Limb From Limb","floor":7.0},{"not_picked":["True Grit","Havoc"],"picked":"Dropkick","floor":8.0},{"not_picked":["Anger","Shrug It Off"],"picked":"Rage","floor":11.0},{"not_picked":["Anger","True Grit"],"picked":"Carnage","floor":13.0},{"not_picked":["Second Wind","AT_BodySlamDance"],"picked":"Thunderclap","floor":14.0},{"not_picked":["Brutality","Immolate"],"picked":"Demon Form","floor":16},{"not_picked":["Bloodletting","REME_FearOfPain"],"picked":"Inflame","floor":18},{"not_picked":["ReplayTheSpireMod:Corrosion Curse","Uppercut"],"picked":"Flex+1","floor":21},{"not_picked":["Juggernaut","Entrench+1"],"picked":"Anger","floor":24},{"not_picked":["Fire Breathing","Cleave"],"picked":"Immolate","floor":29},{"not_picked":["True Grit+1","Abandon+1"],"picked":"Replay:Undeath\u0027s Touch","floor":30},{"not_picked":["Fire Breathing","Warcry"],"picked":"Cleave","floor":31}],"player_experience":1493610,"relics_obtained":[{"floor":3.0,"key":"Replay:Mystery Machine"},{"floor":7.0,"key":"Vajra"},{"floor":11.0,"key":"aspiration:ChemicalBlood"},{"floor":13.0,"key":"Replay:PocketPolymizer"},{"floor":24,"key":"Self Forming Clay"},{"floor":26,"key":"Champion Belt"},{"floor":29,"key":"StrikeDummy"}],"event_choices":[],"is_beta":false,"boss_relics":[{"not_picked":["Replay:Wanted Poster","conspire:SeveredTorchhead"],"picked":"Painkiller Herb"}],"items_purged_floors":[],"is_endless":false,"potions_floor_spawned":[1,5,8,14,16,29,30,31],"killed_by":"Gensokyo:Eternal_Rivals","ascension_level":20}}