{"host":"o3b7ow6d1xe49css","time":1611918887,"event":{"mods":["Act Like it!","Aspiration","BaseMod","Bestiary","Better Altar","Better Match","Better Note","Better Sensory Stone","Better Skull","Better Third Choice","Colored Powertips","Conspire","Energized Spire","Force Act Four","GifTheSpireLib","Halation","Hermit","Hubris","Infinite Spire","Lobotomy","Minty Spire (QoL Compilation)","Quick Restart","Relic Filter Mod","Reliquary","Replay The Spire","Spicy Shops","Spikes Relics","Spire Arcade","StSLib","Stuff the Spire","The Blue Laboratory","Wandering Minibosses"],"gold_per_floor":[115,128,139,414,11,11,39,90,90,130,15,51,93,93,93,190,190,215,68,90,90,90,90,90,138,138,138,179,29,66,101,101,205,205,238,238,238,247,47,47,81,81,127,127,144,174,205,2,2,103,103,103,52,80,183],"floor_reached":56,"language":"ENG","playtime":2762,"items_purged":["Regret","Doubt","Strike_G","StuffTheSpire:ClusterCrunch"],"score":2080,"play_id":"315e717e-6990-44b1-bbd8-ac080ebb281a","local_time":"20210129021447","daily_mods":["Heirloom","Flight"],"is_ascension_mode":true,"campfire_choices":[{"data":"Wraith Form v2","floor":6,"key":"SMITH"},{"data":"Wraith Form v2","floor":6,"key":"SMITH"},{"data":"Blade Dance","floor":15,"key":"SMITH"},{"data":"Blade Dance","floor":15,"key":"SMITH"},{"data":"Acrobatics","floor":23,"key":"SMITH"},{"floor":23,"key":"RECALL"},{"data":"Neutralize","floor":27,"key":"SMITH"},{"data":"Hidden Blade","floor":27,"key":"SMITH"},{"data":"Adrenaline","floor":32,"key":"SMITH"},{"data":"Bullet Time","floor":32,"key":"SMITH"},{"data":"hubris:EnhanceAbility","floor":40,"key":"SMITH"},{"data":"Burst","floor":40,"key":"SMITH"},{"data":"ReplayTheSpireMod:Scrap Shanks","floor":42,"key":"SMITH"},{"data":"Prepared","floor":42,"key":"SMITH"},{"data":"Dagger Spray","floor":44,"key":"SMITH"},{"data":"Survivor","floor":44,"key":"SMITH"},{"data":"Defend_G","floor":49,"key":"SMITH"},{"data":"Defend_G","floor":49,"key":"SMITH"},{"data":"Defend_G","floor":52,"key":"SMITH"},{"data":"Defend_G","floor":52,"key":"SMITH"}],"circlet_count":0,"master_deck":["Strike_G","Strike_G","Strike_G","Defend_G+1","Defend_G+1","Defend_G","Defend_G+1","Defend_G+1","Survivor+1","Neutralize+1","Blade Dance+1","OSAHOGD","Wraith Form v2+1","Wraith Form v2+1","Prepared+1","Blade Dance+1","OldLady","Dagger Spray+1","Hidden Blade+1","Scorched","Acrobatics+1","UniverseFragment","Slice+1","Adrenaline+1","Bullet Time+1","ReplayTheSpireMod:Scrap Shanks+1","Blade Dance+1","Burst+1","BodiesMountain","Escape Plan+1","hubris:EnhanceAbility+1","Prepared+1"],"relics":["Ring of the Snake","Ring of Chaos","Replay:Towering Pillar of Hats","CogitoBucket","halation:PenCase","CeramicFish","Omamori","Durian","reliquary:WeakTea","ReplayTheSpireMod:CursedCoin","Toolbox","StuffTheSpire:OldFever","BlackRope","hubris:Towel","Honey Jar","ResearcherNote","aspiration:Nostalgia","hermit:Momento","Paper Crane","halation:PrussianBluePaint","Gremlin Horn","infinitespire:EmpoweringShard","aspiration:Lifesprig","infinitespire:WardingShard","Nunchaku","Replay:Bronze Core","SkinProphecy","hubris:MedicalManual","MiniBlackHole","Replay:Ringing Soul","Quantum Egg","Bronze Scales","hubris:Backtick","Dead Branch","Ring of Chaos","BicycleWheel"],"acts_visited":["Exordium","TheCity","TheBeyond","Exordium","TheEnding"],"potions_floor_usage":[7,7,12,13,16,25,28,55,55,55],"damage_taken":[{"damage":1,"enemies":"Small Slimes","floor":1,"turns":5},{"damage":0,"enemies":"Cultist","floor":2,"turns":4},{"damage":0,"enemies":"2 Louse","floor":3,"turns":3},{"damage":3,"enemies":"Gremlin Nob","floor":7,"turns":7},{"damage":39,"enemies":"Lagavulin","floor":8,"turns":12},{"damage":0,"enemies":"Gremlin Nob","floor":10,"turns":5},{"damage":0,"enemies":"Lagavulin","floor":12,"turns":7},{"damage":0,"enemies":"Gremlin Nob","floor":13,"turns":2},{"damage":11,"enemies":"Fading Forest","floor":16,"turns":11},{"damage":0,"enemies":"Chosen","floor":18,"turns":5},{"damage":19,"enemies":"2 Thieves","floor":20,"turns":3},{"damage":13,"enemies":"Book of Stabbing","floor":25,"turns":6},{"damage":0,"enemies":"Nightmare","floor":28,"turns":6},{"damage":0,"enemies":"Replay:Snechameleon","floor":30,"turns":3},{"damage":0,"enemies":"Gremlin Leader","floor":31,"turns":2},{"damage":0,"enemies":"hubris:MusketHawk","floor":33,"turns":6},{"damage":0,"enemies":"3 Shapes","floor":35,"turns":3},{"damage":0,"enemies":"Nemesis","floor":41,"turns":3},{"damage":0,"enemies":"Orb Walker","floor":45,"turns":1},{"damage":16,"enemies":"Nightmare","floor":46,"turns":6},{"damage":0,"enemies":"Nemesis","floor":47,"turns":1},{"damage":0,"enemies":"Donu and Deca","floor":50,"turns":2},{"damage":0,"enemies":"Shield and Spear","floor":54,"turns":1},{"damage":1,"enemies":"The Heart","floor":55,"turns":3}],"seed_played":"-7548683994952452890","potions_obtained":[{"floor":1,"key":"blueLaboratory:BottleOfRum"},{"floor":2,"key":"DistilledChaos"},{"floor":10,"key":"blueLaboratory:EnvenomedCoating"},{"floor":13,"key":"Cursed Concoction"},{"floor":18,"key":"infinitespire:BlackPotion"},{"floor":20,"key":"FearPotion"},{"floor":35,"key":"Poison Potion"},{"floor":47,"key":"CunningPotion"},{"floor":55,"key":"blueLaboratory:FruitPunch"}],"is_trial":true,"path_per_floor":["M","M","M","?","$","R","E","E","T","E","$","E","E","?","R","B",null,"M","$","M","?","?","R","AVR","E","T","R","NM","$","E","E","R","B",null,"M","?","AVR","?","$","R","E","R","T","R","M","NM","E","$","R","B",null,"R","$","E","B",null],"character_chosen":"THE_SILENT","items_purchased":["halation:PenCase","Wraith Form v2","Prepared","ReplayTheSpireMod:CursedCoin","Toolbox","Adrenaline Potion","Dagger Spray","aspiration:Nostalgia","Bullet Time","SteroidPotion","Bronze Scales","blueLaboratory:BlinkPotion","blueLaboratory:FrostheartPotion"],"campfire_rested":0,"item_purchase_floors":[5,5,5,11,11,11,11,19,29,39,48,48,53],"current_hp_per_floor":[69,69,69,69,69,69,66,27,32,32,32,32,32,32,32,29,64,64,64,45,45,45,45,45,32,32,32,32,32,32,32,32,32,64,64,64,64,64,64,64,77,77,77,77,79,72,80,80,80,85,85,85,85,87,89],"gold":183,"neow_bonus":"","is_daily":false,"chose_seed":false,"campfire_upgraded":19,"win_rate":0.0,"timestamp":1611918887,"path_taken":["M","M","M","?","$","R","E","E","T","E","?","E","E","?","R","BOSS","M","$","M","?","?","R","AVR","E","T","R","NM","$","E","E","R","BOSS","M","?","AVR","?","$","R","E","R","T","R","M","NM","E","$","R","BOSS","R","$","E","BOSS"],"items_purchased_type":["Relic","Card","Card","Relic","Relic","Potion","Card","Relic","Card","Potion","Relic","Potion","Potion"],"build_version":"2020-12-22","purchased_purges":4,"victory":true,"max_hp_per_floor":[70,70,70,70,70,70,70,70,75,75,75,75,75,75,75,75,75,75,75,75,75,75,75,75,75,75,75,75,75,75,75,75,75,75,75,75,75,75,75,75,77,77,77,77,79,81,83,83,83,85,85,85,85,87,89],"card_choices":[{"not_picked":["Flying Knee","Bane"],"picked":"Blade Dance","floor":1},{"not_picked":["Underhanded Strike","StuffTheSpire:BumpUp","Deadly Poison"],"picked":"SKIP","floor":2},{"not_picked":["QueenBee","LaLuna"],"picked":"OSAHOGD","floor":3},{"not_picked":["StuffTheSpire:BumpUp","ReplayTheSpireMod:The Works","hubris:Counter"],"picked":"SKIP","floor":3},{"not_picked":["BeautyBeast","MeatLantern","QueenOfHatred"],"picked":"Singing Bowl","floor":7},{"not_picked":["Fluid Movement","hubris:Counter","Poisoned Stab"],"picked":"SKIP","floor":7},{"not_picked":["CrumblingArmor","Murderer","SpiderBud"],"picked":"Singing Bowl","floor":8},{"not_picked":["SingingMachine","ShyLook"],"picked":"Mercenary","floor":8},{"not_picked":["Dodge and Roll","Backstab"],"picked":"Blade Dance","floor":8},{"not_picked":["Bloodbath","UniverseFragment"],"picked":"OldLady","floor":10},{"not_picked":["StuffTheSpire:Injection","ReplayTheSpireMod:Speed Training","Poisoned Stab"],"picked":"SKIP","floor":10},{"not_picked":["BeautyBeast","VoidDream","Murderer"],"picked":"Singing Bowl","floor":12},{"not_picked":["StuffTheSpire:ClusterCrunch","ReplayTheSpireMod:Tripwire"],"picked":"Hidden Blade","floor":12},{"not_picked":["PunishingBird","CrumblingArmor"],"picked":"Scorched","floor":13},{"not_picked":["Deadly Poison","StuffTheSpire:BumpUp","Underhanded Strike"],"picked":"SKIP","floor":13},{"not_picked":["BlackSwan","Woodsman","RedShoes"],"picked":"Singing Bowl","floor":16},{"not_picked":["VoidDream","BeautyBeast","Bloodbath"],"picked":"Singing Bowl","floor":18},{"not_picked":["StuffTheSpire:Incursion","Flechettes","Bane"],"picked":"StuffTheSpire:ClusterCrunch","floor":18},{"not_picked":["FieryBird","BigBadWolf","QueenOfHatred"],"picked":"Singing Bowl","floor":20},{"not_picked":["Poisoned Stab","StuffTheSpire:BumpUp","Corpse Explosion"],"picked":"Acrobatics","floor":20},{"not_picked":["SnowQueen","HappyTeddy"],"picked":"UniverseFragment","floor":25},{"not_picked":["Dodge and Roll","Leg Sweep","aspiration:Lunge"],"picked":"Slice+1","floor":25},{"not_picked":["SpiderBud","ShyLook","WallGazer"],"picked":"Singing Bowl","floor":28},{"not_picked":["Blade Dance","StuffTheSpire:Repulse","ShadowRift+1"],"picked":"Adrenaline","floor":28},{"not_picked":["Atom Bomb","Dash","hubris:Sniper"],"picked":"ReplayTheSpireMod:Scrap Shanks","floor":30},{"not_picked":["Scarecrow","LittlePrince","MHz"],"picked":"Singing Bowl","floor":31},{"not_picked":["Tactician+1","Malaise","Terror"],"picked":"Blade Dance+1","floor":31},{"not_picked":["SilentOrchestra","QueenOfHatred","LittleHelper"],"picked":"Singing Bowl","floor":33},{"not_picked":["Envenom","StuffTheSpire:FinalStruggle","Atom Bomb"],"picked":"Burst","floor":33},{"not_picked":["FairyFestival","CENSORED"],"picked":"BodiesMountain","floor":35},{"not_picked":["StuffTheSpire:Fury+1","StuffTheSpire:BumpUp","hubris:SlightOfHand"],"picked":"Escape Plan+1","floor":35},{"not_picked":["Replay:Parry","Jack Of All Trades","HandOfGreed"],"picked":"hubris:EnhanceAbility","floor":38},{"not_picked":["Dagger Spray","Deflect","Catalyst+1"],"picked":"Prepared+1","floor":41},{"not_picked":["QueenBee","BlackArmy","Porccubus"],"picked":"Singing Bowl","floor":45},{"not_picked":["Poisoned Stab+1","Caltrops+1","Sucker Punch","ReplayTheSpireMod:Scrap Shanks"],"picked":"SKIP","floor":45},{"not_picked":["Flying Knee","Slice+1","Bouncing Flask+1","Prepared"],"picked":"SKIP","floor":46},{"not_picked":["Predator","Distraction","hubris:TrickCloak","StuffTheSpire:ClusterCrunch+1"],"picked":"SKIP","floor":47},{"not_picked":["Prepared+1","Poisoned Stab","All Out Attack","Flying Knee+1"],"picked":"SKIP","floor":54}],"player_experience":1893352,"relics_obtained":[{"floor":7,"key":"CeramicFish"},{"floor":8,"key":"Omamori"},{"floor":9,"key":"Durian"},{"floor":10,"key":"reliquary:WeakTea"},{"floor":12,"key":"StuffTheSpire:OldFever"},{"floor":13,"key":"BlackRope"},{"floor":25,"key":"Gremlin Horn"},{"floor":26,"key":"infinitespire:EmpoweringShard"},{"floor":28,"key":"aspiration:Lifesprig"},{"floor":30,"key":"infinitespire:WardingShard"},{"floor":31,"key":"Nunchaku"},{"floor":41,"key":"MiniBlackHole"},{"floor":46,"key":"Replay:Ringing Soul"},{"floor":47,"key":"Quantum Egg"},{"floor":54,"key":"BicycleWheel"}],"event_choices":[{"damage_healed":0,"gold_gain":275,"player_choice":"Desecrate","damage_taken":0,"max_hp_gain":0,"max_hp_loss":0,"event_name":"Golden Shrine","floor":4,"gold_loss":0,"cards_obtained":["Regret"]},{"damage_healed":0,"gold_gain":0,"player_choice":"Ignored","damage_taken":0,"max_hp_gain":0,"max_hp_loss":0,"event_name":"betterNote:BetterNote","floor":21,"gold_loss":0,"cards_obtained":["Strike_P"]},{"damage_healed":0,"gold_gain":0,"player_choice":"Leave","damage_taken":0,"max_hp_gain":0,"max_hp_loss":0,"event_name":"conspire:Investor","floor":36,"gold_loss":0},{"damage_healed":0,"gold_gain":3,"player_choice":"1","damage_taken":0,"max_hp_gain":0,"max_hp_loss":0,"event_name":"betterStone:BetterStone","floor":38,"gold_loss":0}],"is_beta":false,"boss_relics":[{"not_picked":["Replay:Drink Me","reliquary:RedPaperclip"],"picked":"Honey Jar"},{"not_picked":["Snecko Scales","energizedSpire:StickyHand"],"picked":"Replay:Bronze Core"},{"not_picked":["Cursed Key","energizedSpire:SpiderWeb"],"picked":"hubris:Backtick"}],"items_purged_floors":[5,24,37,39],"is_endless":true,"potions_floor_spawned":[1,2,10,13,18,20,35,45,47,54,55],"ascension_level":5}}