{"host":"hzswyuuwdl03wwzr","time":1611951528,"event":{"mods":["100% Spire Juice","ATMod(∞¢Ë™Mod)","AchievementEnabler","Act Like it!","BaseMod","Gensokyo","Hallownest","Marisa£®ÏF”Í°°ƒß¿Ì…≥£©","Minty Spire (QoL Compilation)","Reliquary","Remilia_Scarlet Moed£®¿Ÿ√◊¿Ú—«°§Àπø®¿◊Ãÿ£©3.3.5","Replay The Spire","StSLib","The Animator","The Bug Knight","The Cursed","The Servant 0.9.4","Wide Potions","Yakumo Yukari mod","Youmu£®ªÍ∆«—˝√Œ£©","°æπ¶ƒ‹Mod°øªÏ„Á÷Æª∑–ﬁ∏¥≤π∂°","°æ“≈ŒÔø®≈∆°øREMEMod"],"gold_per_floor":[111,111,32,32,56,56,87,87,87,87,61,73,73,83,83,184,184,204,5,18,18,32,32,49,64,64,64,64,91,106,138,138,238,238,258,0,0,0,0],"floor_reached":38,"language":"ZHS","playtime":1491,"items_purged":["TheCursedMod:Defend_TheCursed"],"score":435,"play_id":"aead72bc-7074-450e-93a0-b7bb6c6520a2","local_time":"20210130041848","is_ascension_mode":false,"campfire_choices":[{"data":"TheCursedMod:CursedWand","floor":6,"key":"SMITH"},{"data":"TheCursedMod:HellfireBreathing","floor":8,"key":"SMITH"},{"data":"TheCursedMod:CleanUpWorkshop","floor":10,"key":"SMITH"},{"data":"TheCursedMod:HellsGateOpen","floor":15,"key":"SMITH"},{"data":"TheCursedMod:LuckyCharm","floor":23,"key":"SMITH"},{"floor":27,"key":"REST"},{"floor":32,"key":"REST"}],"circlet_count":0,"master_deck":["TheCursedMod:Strike_TheCursed","TheCursedMod:Strike_TheCursed","TheCursedMod:Strike_TheCursed","TheCursedMod:Strike_TheCursed","TheCursedMod:Defend_TheCursed","TheCursedMod:Defend_TheCursed","TheCursedMod:Defend_TheCursed","TheCursedMod:CleanUpWorkshop+1","TheCursedMod:Dregs","TheCursedMod:HellfireBreathing+1","TheCursedMod:CircleOfFlame","TheCursedMod:CursedBlade","TheCursedMod:HellsGateOpen+1","TheCursedMod:SoulCrush+1","TheCursedMod:CursedStaff+1","TheCursedMod:SmokeScreen+1","TheCursedMod:HellsGateOpen+1","TheCursedMod:EmpowerCircles","TheCursedMod:PrepareRite","TheCursedMod:CursedBoomerang","TheCursedMod:FleshFromBone","TheCursedMod:LuckyCharm+1","TheCursedMod:CursedAmulet","TheCursedMod:TroublousMinions+1","ReplayTheSpireMod:Splinters","TheCursedMod:DemonicPact","TheCursedMod:CursedShiv","TheCursedMod:SurpriseAttack","TheCursedMod:StunningStrike","CurseOfTheBell","TheCursedMod:SurpriseAttack","Wraith"],"relics":["TheCursedMod:BlackMagic101","AT_ATBox","REME_ComplimentaryCards","NeowsBlessing","Hallownest:DreamNailRelic","reliquary:Knoch","AT_ChloranthyRing","Garlic","Astrolabe","BargainBundle","Quantum Egg","Ring of Fury","ReplayTheSpireMod:Ring of Challenge","reliquary:PartyBalloon","Blood Vial","Calling Bell","Replay:Mystery Machine","Toxic Egg 2","Bird Faced Urn","Red Mask"],"acts_visited":["Hallownest:Greenpath","TheCity","TheBeyond"],"potions_floor_usage":[16,18,20,29,30,33,33,35],"damage_taken":[{"damage":0,"enemies":"2_ Uuma","floor":1,"turns":1},{"damage":0,"enemies":"Hallownest:eliteMossKnight","floor":7,"turns":1},{"damage":0,"enemies":"Hallownest:monsterHuskGuard","floor":12,"turns":1},{"damage":4,"enemies":"Hallownest:2_Baldur","floor":14,"turns":2},{"damage":13,"enemies":"Hallownest:BossBrokenVessel","floor":16,"turns":8},{"damage":0,"enemies":"Shell Parasite","floor":18,"turns":1},{"damage":0,"enemies":"3 Byrds","floor":20,"turns":3},{"damage":29,"enemies":"Centurion and Healer","floor":22,"turns":8},{"damage":14,"enemies":"Snake Plant","floor":24,"turns":5},{"damage":5,"enemies":"Sentry and Sphere","floor":25,"turns":5},{"damage":10,"enemies":"Gremlin Leader","floor":29,"turns":4},{"damage":2,"enemies":"Centurion and Healer","floor":30,"turns":6},{"damage":13,"enemies":"Replay:Snechameleon","floor":31,"turns":5},{"damage":14,"enemies":"Collector","floor":33,"turns":9},{"damage":8,"enemies":"Orb Walker","floor":35,"turns":3},{"damage":86,"enemies":"Remilia_Smww","floor":38,"turns":3}],"seed_played":"-7587649514009899684","potions_obtained":[{"floor":1,"key":"Fire Potion"},{"floor":16,"key":"SmokeBomb"},{"floor":25,"key":"Explosive Potion"},{"floor":30,"key":"Fire Potion"},{"floor":31,"key":"Reflective Coating"},{"floor":33,"key":"Swift Potion"}],"is_trial":false,"path_per_floor":["M","?","$","$","T","R","E","R","T","R","$","M","?","M","R","B",null,"M","$","M","?","M","R","M","M","T","R","?","E","M","E","R","B",null,"M","?","?","?"],"character_chosen":"THE_CURSED","items_purchased":["TheCursedMod:HellfireBreathing","TheCursedMod:CursedBlade","BargainBundle","TheCursedMod:EmpowerCircles","TheCursedMod:PrepareRite","TheCursedMod:CursedBoomerang","Elixir","Strength Potion","Explosive Potion"],"campfire_rested":2,"item_purchase_floors":[3,11,19,19,19,19,19,19,19],"current_hp_per_floor":[75,75,75,75,75,75,75,75,75,75,75,75,75,71,71,58,75,75,75,75,68,39,39,25,20,20,42,42,32,30,17,39,27,75,67,67,67,0,0],"gold":0,"neow_bonus":"THREE_ENEMY_KILL","is_daily":false,"chose_seed":false,"campfire_upgraded":5,"win_rate":0.0,"timestamp":1611951528,"path_taken":["M","?","?","$","?","R","E","R","T","R","$","?","?","M","R","BOSS","M","$","?","?","M","R","M","?","T","R","?","E","M","E","R","BOSS","M","?","?","?"],"items_purchased_type":["Card","Card","Relic","Card","Card","Card","Potion","Potion","Potion"],"build_version":"2020-12-22","purchased_purges":1,"victory":false,"max_hp_per_floor":[75,75,75,75,75,75,75,75,75,75,75,75,75,75,75,75,75,75,75,75,75,75,75,75,75,75,75,75,75,75,75,75,75,75,75,75,75,75,75],"card_choices":[{"not_picked":["TheCursedMod:CircleOfAmplification","TheCursedMod:RapidMovement","TheCursedMod:Torture"],"picked":"SKIP","floor":1},{"not_picked":["TheCursedMod:HellfireBreathing","TheCursedMod:CursedShiv"],"picked":"TheCursedMod:CircleOfFlame","floor":7},{"not_picked":["TheCursedMod:Stigma","TheCursedMod:TacticalStrike"],"picked":"TheCursedMod:HellsGateOpen","floor":12},{"not_picked":["TheCursedMod:Stretching","TheCursedMod:VitalStrike"],"picked":"TheCursedMod:CursedAmulet","floor":14},{"not_picked":["TheCursedMod:DemonSword","TheCursedMod:ShockAndAwe"],"picked":"TheCursedMod:CircleOfAbyss","floor":16},{"not_picked":["TheCursedMod:CircleOfFlame+1","TheCursedMod:CursedMace"],"picked":"TheCursedMod:HellsGateOpen+1","floor":18},{"not_picked":["TheCursedMod:VitalStrike","TheCursedMod:RapidMovement+1"],"picked":"TheCursedMod:FleshFromBone","floor":20},{"not_picked":["TheCursedMod:SpitefulPray","TheCursedMod:CircleOfCorruption"],"picked":"TheCursedMod:LuckyCharm","floor":22},{"not_picked":["TheCursedMod:Evocation","TheCursedMod:Obscuration"],"picked":"TheCursedMod:CursedAmulet","floor":24},{"not_picked":["TheCursedMod:BloodBarrier+1","TheCursedMod:Stretching+1"],"picked":"TheCursedMod:TroublousMinions+1","floor":25},{"not_picked":["TheCursedMod:CircleOfCorruption","TheCursedMod:ReleasedStrength+1"],"picked":"TheCursedMod:DemonicPact","floor":29},{"not_picked":["TheCursedMod:CursedAmulet","TheCursedMod:CursedStaff+1"],"picked":"TheCursedMod:CursedShiv","floor":30},{"not_picked":["TheCursedMod:CircleOfCorruption","TheCursedMod:CursedShiv+1"],"picked":"TheCursedMod:SurpriseAttack","floor":31},{"not_picked":["TheCursedMod:ForbiddenAlchemy","TheCursedMod:OutForBlood"],"picked":"TheCursedMod:StunningStrike","floor":33},{"not_picked":["TheCursedMod:CircleOfFlame+1","TheCursedMod:Stigma"],"picked":"TheCursedMod:SurpriseAttack","floor":35}],"player_experience":28523,"relics_obtained":[{"floor":5,"key":"reliquary:Knoch"},{"floor":7,"key":"AT_ChloranthyRing"},{"floor":9,"key":"Garlic"},{"floor":26,"key":"Quantum Egg"},{"floor":28,"key":"Ring of Fury"},{"floor":28,"key":"ReplayTheSpireMod:Ring of Challenge"},{"floor":29,"key":"reliquary:PartyBalloon"},{"floor":31,"key":"Blood Vial"},{"floor":34,"key":"Replay:Mystery Machine"},{"floor":34,"key":"Toxic Egg 2"},{"floor":34,"key":"Bird Faced Urn"}],"event_choices":[{"damage_healed":0,"gold_gain":0,"player_choice":"Damaged","damage_taken":7,"max_hp_gain":0,"max_hp_loss":0,"event_name":"Wheel of Change","floor":21,"gold_loss":0},{"damage_healed":0,"gold_gain":0,"player_choice":"Paid","damage_taken":0,"relics_obtained":["Red Mask"],"max_hp_gain":0,"max_hp_loss":0,"event_name":"Tomb of Lord Red Mask","floor":36,"gold_loss":258},{"damage_healed":0,"gold_gain":0,"player_choice":"Ignored","damage_taken":0,"max_hp_gain":0,"max_hp_loss":0,"event_name":"OrinTheCat","floor":37,"gold_loss":0}],"is_beta":false,"boss_relics":[{"not_picked":["Fusion Hammer","reliquary:Ember"],"picked":"Astrolabe"},{"not_picked":["Replay:Grab Bag","Empty Cage"],"picked":"Calling Bell"}],"items_purged_floors":[19],"is_endless":false,"potions_floor_spawned":[1,12,16,25,30,31,33],"killed_by":"Remilia_Smww","ascension_level":0}}