{"host":"5h6e4l6hpn0p5lap","time":1611883962,"event":{"mods":["AchievementEnabler","BaseMod","Better Altar","Better Match","Better Sensory Stone","Better Skull","Better Third Choice","Filter the Spire","Highlight Path","Minty Spire (QoL Compilation)","StSLib"],"gold_per_floor":[119,131,151,151,151,170,245,245,245],"floor_reached":8,"language":"ENG","playtime":348,"items_purged":[],"score":48,"play_id":"79a2e896-af12-4593-8fe8-b7457440c130","local_time":"20210128203242","is_ascension_mode":false,"campfire_choices":[],"circlet_count":0,"master_deck":["Strike_R","Strike_R","Strike_R","Strike_R","Strike_R","Defend_R","Defend_R","Defend_R","Defend_R","Bash","Feed","Clothesline","Shrug It Off","Sword Boomerang+1","Heavy Blade"],"relics":["Burning Blood","Singing Bowl"],"acts_visited":["Exordium"],"potions_floor_usage":[8],"damage_taken":[{"damage":6,"enemies":"Jaw Worm","floor":1,"turns":4},{"damage":9,"enemies":"2 Louse","floor":2,"turns":4},{"damage":2,"enemies":"Cultist","floor":3,"turns":4},{"damage":4,"enemies":"Exordium Thugs","floor":6,"turns":5},{"damage":76,"enemies":"Lagavulin","floor":8,"turns":11}],"seed_played":"-2732367985171189554","potions_obtained":[{"floor":1,"key":"Weak Potion"}],"is_trial":false,"path_per_floor":["M","M","M","?","T","M","?","E"],"character_chosen":"IRONCLAD","items_purchased":[],"campfire_rested":0,"item_purchase_floors":[],"current_hp_per_floor":[75,75,81,81,81,84,76,0,0],"gold":245,"neow_bonus":"THREE_RARE_CARDS","is_daily":false,"chose_seed":false,"campfire_upgraded":0,"win_rate":0.0,"timestamp":1611883962,"path_taken":["M","M","M","?","?","M","?","E"],"items_purchased_type":[],"build_version":"2020-12-22","purchased_purges":0,"victory":false,"max_hp_per_floor":[75,78,81,81,81,84,84,84,84],"card_choices":[{"not_picked":["Demon Form","Brutality"],"picked":"Feed","floor":0},{"not_picked":["Searing Blow","Cleave"],"picked":"Clothesline","floor":1},{"not_picked":["Clash","Uppercut"],"picked":"Shrug It Off","floor":2},{"not_picked":["Iron Wave","Body Slam"],"picked":"Sword Boomerang","floor":3},{"not_picked":["Dark Embrace","Flex"],"picked":"Heavy Blade","floor":6}],"player_experience":1014479,"relics_obtained":[{"floor":5,"key":"Singing Bowl"}],"event_choices":[{"damage_healed":0,"gold_gain":0,"player_choice":"Grow","damage_taken":0,"max_hp_gain":0,"max_hp_loss":0,"event_name":"Living Wall","floor":4,"gold_loss":0,"cards_upgraded":["Sword Boomerang"]},{"damage_healed":0,"gold_gain":75,"player_choice":"Touch","damage_taken":8,"max_hp_gain":0,"max_hp_loss":0,"event_name":"FaceTrader","floor":7,"gold_loss":0}],"is_beta":false,"boss_relics":[],"items_purged_floors":[],"is_endless":false,"potions_floor_spawned":[1],"killed_by":"Lagavulin","ascension_level":0}}