{"host":"bczg3e1yq3rp3pkk","time":1611890529,"event":{"mods":["Act Like it!","BaseMod","Conspire","Hermit","KinomotoSakuraMod(木之本樱)","Marisa（F雨　魔理沙）","Minty Spire (QoL Compilation)","Quick Restart","Replay The Spire","RumiaBox-露米娅的神秘盒子","Shop Mod","StSLib","The Bug Knight","The Construct","The Hierophant","The Servant 0.9.4","Warlord Emblem","[GremlinLeader]The Maniac","【遗物卡牌】REMEMod"],"gold_per_floor":[118,129,147,159,173,205,219,236,236,236,253,253,269,323,323,423,423,435,449,461,77,93,93,93,93,93,93,103,103,123,138,138,243,243,260,260,276,226,226,231,231],"floor_reached":40,"language":"ZHS","playtime":2554,"items_purged":["Strike_G"],"score":646,"play_id":"2c3056d7-3662-4e55-b430-82004b3faddf","local_time":"20210129112209","is_ascension_mode":false,"campfire_choices":[{"data":"Bouncing Flask","floor":10.0,"key":"SMITH"},{"data":"Catalyst","floor":12.0,"key":"SMITH"},{"data":"Dagger Spray","floor":15.0,"key":"SMITH"},{"data":"REME_ShadowForm","floor":23.0,"key":"SMITH"},{"data":"Die Die Die","floor":25.0,"key":"SMITH"},{"data":"Toxin Wave","floor":32.0,"key":"SMITH"}],"circlet_count":0,"master_deck":["Strike_G+2","Strike_G+1","Strike_G+1","Strike_G+1","Defend_G+1","Defend_G+1","Defend_G+1","Defend_G+1","Defend_G+2","Survivor","Neutralize","Wireheading","Deadly Poison","Bouncing Flask+1","Acrobatics","REME_ShadowForm+1","Catalyst+1","Prepared","Dagger Spray+1","Calculated Gamble","Die Die Die+1","Reflex","Backstab","Ghostly","Ghostly","Ghostly","Ghostly","Ghostly","Toxin Wave+1","Burst","Wraith","Noxious Fumes","conspire:SpireCoStock"],"relics":["REME_ComplimentaryCards","SoulBox","conspire:DecoderRing","Garlic","Simple Rune","conspire:RoyalGoblet","Matryoshka","Bag of Marbles","REME_PoisonedDagger","Cursed Key"],"acts_visited":["Exordium","TheCity","TheBeyond"],"potions_floor_usage":[],"damage_taken":[{"damage":5.0,"enemies":"Cultist","floor":1.0,"turns":4.0},{"damage":1.0,"enemies":"2 Louse","floor":2.0,"turns":3.0},{"damage":0.0,"enemies":"Jaw Worm","floor":3.0,"turns":3.0},{"damage":4.0,"enemies":"2 Fungi Beasts","floor":4.0,"turns":4.0},{"damage":2.0,"enemies":"3 Louse","floor":5.0,"turns":5.0},{"damage":21.0,"enemies":"3 Sentries","floor":6.0,"turns":7.0},{"damage":7.0,"enemies":"Looter","floor":7.0,"turns":4.0},{"damage":1.0,"enemies":"2 Fungi Beasts","floor":8.0,"turns":3.0},{"damage":1.0,"enemies":"Exordium Thugs","floor":11.0,"turns":5.0},{"damage":5.0,"enemies":"Red Slaver","floor":13.0,"turns":2.0},{"damage":0.0,"enemies":"The Guardian","floor":16.0,"turns":4.0},{"damage":15.0,"enemies":"conspire:FuzzyDice","floor":18.0,"turns":4.0},{"damage":0.0,"enemies":"Spheric Guardian","floor":19.0,"turns":3.0},{"damage":14.0,"enemies":"Snake Plant","floor":20.0,"turns":3.0},{"damage":3.0,"enemies":"Centurion and Healer","floor":22.0,"turns":7.0},{"damage":2.0,"enemies":"Snecko","floor":28.0,"turns":6.0},{"damage":1.0,"enemies":"conspire:HollyBat","floor":30.0,"turns":6.0},{"damage":6.0,"enemies":"Snake Plant","floor":31.0,"turns":4.0},{"damage":24.0,"enemies":"Pondfish","floor":33.0,"turns":9.0},{"damage":1.0,"enemies":"Orb Walker","floor":35.0,"turns":4.0},{"damage":10,"enemies":"3 Darklings","floor":37,"turns":6},{"damage":1,"enemies":"Jaw Worm Horde","floor":40,"turns":4}],"seed_played":"-2076940604026354569","potions_obtained":[{"floor":1.0,"key":"REME_GoldPotion"},{"floor":3.0,"key":"Energy Potion"},{"floor":5.0,"key":"Death Potion"},{"floor":7.0,"key":"DistilledChaos"},{"floor":8.0,"key":"DuplicationPotion"},{"floor":16.0,"key":"SteroidPotion"},{"floor":18.0,"key":"DistilledChaos"},{"floor":22.0,"key":"EntropicBrew"}],"is_trial":false,"path_per_floor":["M","M","M","M","M","E","M","M","T","R","M","R","M","T","R","B",null,"M","M","M","$","M","R","?","R","T","?","M","?","M","M","R","B",null,"M","?","M","?","?","M"],"character_chosen":"THE_SILENT","items_purchased":["Matryoshka","Backstab"],"campfire_rested":0,"item_purchase_floors":[21,21],"current_hp_per_floor":[65,64,64,60,58,37,30,29,29,29,28,28,23,23,23,23,70,55,55,41,41,38,38,35,35,35,35,33,33,32,26,26,2,35,34,34,24,24,24,23,23],"gold":231,"neow_bonus":"BOSS_RELIC","is_daily":false,"chose_seed":false,"campfire_upgraded":6,"win_rate":0.0,"timestamp":1611890529,"path_taken":["M","?","M","M","M","E","M","M","T","R","M","R","M","?","R","BOSS","M","M","M","$","M","R","?","R","T","?","M","?","M","M","R","BOSS","M","?","M","?","?","?"],"items_purchased_type":["Relic","Card"],"build_version":"2020-12-22","purchased_purges":1,"victory":false,"max_hp_per_floor":[70,70,70,70,70,70,70,70,70,70,70,70,70,70,70,70,70,70,70,70,70,70,70,35,35,35,35,35,35,35,35,35,35,35,35,35,35,35,35,35,35],"card_choices":[{"not_picked":["Outmaneuver","Sucker Punch"],"picked":"Deadly Poison","floor":1.0},{"not_picked":["Catalyst","ReplayTheSpireMod:Scrap Shanks"],"picked":"Bouncing Flask","floor":2.0},{"not_picked":["Finisher","Quick Slash"],"picked":"Acrobatics","floor":3.0},{"not_picked":["Hidden Blade","Slice"],"picked":"REME_ShadowForm","floor":4.0},{"not_picked":["Backflip","All Out Attack"],"picked":"Catalyst","floor":5.0},{"not_picked":["Deadly Poison","Dagger Throw"],"picked":"Prepared","floor":6.0},{"not_picked":["All Out Attack","Blade Dance","Choke"],"picked":"SKIP","floor":7.0},{"not_picked":["REME_LeechingPoison","ReplayTheSpireMod:Exploit Weakness"],"picked":"Dagger Spray","floor":8.0},{"not_picked":["Infinite Blades","Dagger Throw"],"picked":"Calculated Gamble","floor":11.0},{"not_picked":["Slice","Poisoned Stab","Deadly Poison"],"picked":"SKIP","floor":13.0},{"not_picked":["Night Terror","Envenom"],"picked":"Die Die Die","floor":16.0},{"not_picked":["Terror+1","Hidden Blade"],"picked":"Reflex","floor":18.0},{"not_picked":["Backflip","Blur","Quick Slash"],"picked":"SKIP","floor":19.0},{"not_picked":["Quick Slash","Dagger Throw","ReplayTheSpireMod:Scrap Shanks"],"picked":"SKIP","floor":20.0},{"not_picked":["Bane","Hidden Blade","Predator+1"],"picked":"SKIP","floor":22.0},{"not_picked":["Quick Slash+1","Deadly Poison"],"picked":"Toxin Wave","floor":28.0},{"not_picked":["Dagger Spray","ReplayTheSpireMod:Tripwire","Quick Slash"],"picked":"SKIP","floor":30.0},{"not_picked":["Outmaneuver","Terror","Hidden Blade"],"picked":"SKIP","floor":31.0},{"not_picked":["Doppelganger","Replay:Bag of Tricks"],"picked":"Burst","floor":33.0},{"not_picked":["Outmaneuver+1","Bane+1","Calculated Gamble+1"],"picked":"SKIP","floor":35.0},{"not_picked":["Backflip+1","Acrobatics"],"picked":"Noxious Fumes","floor":37}],"player_experience":385279,"relics_obtained":[{"floor":6.0,"key":"conspire:DecoderRing"},{"floor":9.0,"key":"Garlic"},{"floor":14.0,"key":"Simple Rune"},{"floor":26.0,"key":"Bag of Marbles"},{"floor":26.0,"key":"REME_PoisonedDagger"}],"event_choices":[{"damage_healed":0.0,"max_hp_gain":0.0,"max_hp_loss":35.0,"gold_gain":0.0,"event_name":"Ghosts","player_choice":"Became a Ghost","floor":24.0,"gold_loss":0.0,"damage_taken":0.0,"cards_obtained":["Ghostly","Ghostly","Ghostly","Ghostly","Ghostly"]},{"damage_healed":0.0,"max_hp_gain":0.0,"max_hp_loss":0.0,"gold_gain":0.0,"event_name":"Back to Basics","player_choice":"Simplicity","floor":27.0,"gold_loss":0.0,"damage_taken":0.0,"cards_upgraded":["Strike_G","Strike_G","Strike_G","Strike_G","Defend_G","Defend_G","Defend_G","Defend_G","Defend_G"]},{"damage_healed":0.0,"max_hp_gain":0.0,"max_hp_loss":0.0,"gold_gain":0.0,"event_name":"Vampires","player_choice":"Ignored","floor":29.0,"gold_loss":0.0,"damage_taken":0.0},{"damage_healed":0,"gold_gain":0,"player_choice":"Ignored","damage_taken":0,"max_hp_gain":0,"max_hp_loss":0,"event_name":"OrinTheCat","floor":36,"gold_loss":0},{"damage_healed":0,"gold_gain":0,"player_choice":"Invest 1","damage_taken":0,"max_hp_gain":0,"max_hp_loss":0,"event_name":"conspire:Investor","floor":38,"gold_loss":0},{"damage_healed":0,"gold_gain":0,"player_choice":"Ignored","damage_taken":0,"max_hp_gain":0,"max_hp_loss":0,"event_name":"SecretPortal","floor":39,"gold_loss":0}],"is_beta":false,"boss_relics":[{"not_picked":["ChewingGum","REME_DuelDisc"],"picked":"conspire:RoyalGoblet"},{"not_picked":["Honey Jar","Replay:Grab Bag"],"picked":"Cursed Key"}],"items_purged_floors":[21],"is_endless":false,"potions_floor_spawned":[1,3,5,7,8,16,18,22,33,35],"killed_by":"Jaw Worm Horde","ascension_level":0}}