{"host":"zk71suw73lg2r165","time":1611946205,"event":{"mods":["BaseMod","Colored Map","Minty Spire (QoL Compilation)","Permanent Neow","Relic Stats","StSLib"],"gold_per_floor":[114,124,137,137,155,155,190,190,190,225,242,259,259,279,279,279,279],"floor_reached":16,"language":"ENG","playtime":552,"items_purged":[],"score":228,"play_id":"7bc9c752-2466-4d76-bf86-4661f189edec","local_time":"20210129135005","is_ascension_mode":true,"campfire_choices":[{"data":"Skim","floor":6.0,"key":"SMITH"},{"floor":8,"key":"REST"},{"floor":15,"key":"REST"}],"circlet_count":0,"master_deck":["AscendersBane","Strike_B","Strike_B","Strike_B","Defend_B","Defend_B","Defend_B","Defend_B","Zap","Dualcast","Electrodynamics","Genetic Algorithm+1","Glacier","Skim+1","Steam","Undo","Lockon","Turbo","Barrage"],"relics":["Cracked Core","Ginger","Torii","Lizard Tail"],"acts_visited":["Exordium"],"potions_floor_usage":[7,12],"damage_taken":[{"damage":12.0,"enemies":"Small Slimes","floor":1.0,"turns":2.0},{"damage":5.0,"enemies":"2 Louse","floor":2.0,"turns":2.0},{"damage":1.0,"enemies":"Cultist","floor":3.0,"turns":4.0},{"damage":0.0,"enemies":"Gremlin Gang","floor":5.0,"turns":1.0},{"damage":36,"enemies":"Gremlin Nob","floor":7,"turns":6},{"damage":8,"enemies":"3 Sentries","floor":10,"turns":5},{"damage":9,"enemies":"Exordium Wildlife","floor":11,"turns":6},{"damage":1,"enemies":"Looter","floor":12,"turns":2},{"damage":0,"enemies":"Red Slaver","floor":14,"turns":3},{"damage":80,"enemies":"Slime Boss","floor":16,"turns":14}],"seed_played":"7423940491881375037","potions_obtained":[{"floor":1.0,"key":"Ancient Potion"},{"floor":3.0,"key":"LiquidBronze"},{"floor":10,"key":"Ancient Potion"},{"floor":11,"key":"SkillPotion"}],"is_trial":false,"path_per_floor":["M","M","M","?","M","R","E","R","T","E","M","M","?","M","R","B"],"character_chosen":"DEFECT","items_purchased":[],"campfire_rested":2,"item_purchase_floors":[],"current_hp_per_floor":[52,47,46,46,46,46,10,31,31,23,14,13,13,13,34,0,0],"gold":279,"neow_bonus":"ONE_RANDOM_RARE_CARD","is_daily":false,"chose_seed":false,"campfire_upgraded":1,"win_rate":0.0,"timestamp":1611946205,"path_taken":["M","M","M","?","M","R","E","R","T","E","M","M","?","M","R","BOSS"],"items_purchased_type":[],"build_version":"2020-12-22","purchased_purges":0,"victory":false,"max_hp_per_floor":[71,71,71,71,71,71,71,71,71,71,71,71,71,71,71,71,71],"relic_stats":{"Lizard Tail":35,"Torii":21,"counters":[10,45],"Ginger":[1],"obtain_stats":[{"Lizard Tail":10,"Torii":9,"Ginger":7,"Cracked Core":0},{"Lizard Tail":6,"Torii":5,"Ginger":5,"Cracked Core":0},{"Lizard Tail":20,"Torii":15,"Ginger":15,"Cracked Core":0}]},"card_choices":[{"not_picked":["Coolheaded","Gash"],"picked":"Genetic Algorithm","floor":1.0},{"not_picked":["BootSequence","Cold Snap"],"picked":"Glacier","floor":2.0},{"not_picked":["Blizzard","Beam Cell"],"picked":"Skim","floor":3.0},{"not_picked":["Beam Cell","Storm"],"picked":"Steam","floor":5.0},{"not_picked":["Auto Shields","Gash"],"picked":"Undo","floor":7},{"not_picked":["Redo","White Noise"],"picked":"Lockon","floor":10},{"not_picked":["Go for the Eyes","Gash"],"picked":"Turbo","floor":11},{"not_picked":["Hello World","Sweeping Beam","Skim"],"picked":"SKIP","floor":12},{"not_picked":["Fusion","Streamline"],"picked":"Barrage","floor":14}],"player_experience":1420449,"relics_obtained":[{"floor":7,"key":"Ginger"},{"floor":9,"key":"Torii"},{"floor":10,"key":"Lizard Tail"}],"event_choices":[{"damage_healed":0.0,"max_hp_gain":0.0,"max_hp_loss":0.0,"gold_gain":0.0,"event_name":"Living Wall","player_choice":"Grow","floor":4.0,"gold_loss":0.0,"damage_taken":0.0,"cards_upgraded":["Genetic Algorithm"]},{"cards_removed":["Strike_B"],"damage_healed":0,"gold_gain":0,"player_choice":"Purged","damage_taken":0,"max_hp_gain":0,"max_hp_loss":0,"event_name":"Purifier","floor":13,"gold_loss":0}],"is_beta":false,"boss_relics":[],"items_purged_floors":[],"is_endless":false,"potions_floor_spawned":[1,3,5,10,11],"killed_by":"Slime Boss","ascension_level":20}}