{"host":"mmro3auxcbu5pwad","time":1611918565,"event":{"mods":["Aspiration","BaseMod","Conspire","Energized Spire","Halation","Hubris","Infinite Spire","Minty Spire (QoL Compilation)","Permanent Neow","Replay The Spire","StSLib"],"gold_per_floor":[117,130,147,19,30,30,45,59,85,85,16,16,26,44,44,145,195,205,220,233,148,161,161,187,187,213,226,238,254,254,154,154,154,154],"floor_reached":33,"language":"ENG","playtime":985,"items_purged":["Strike_P","Strike_P"],"score":292,"play_id":"b2271c48-4dd4-46ea-8c47-a62349d97d9f","local_time":"20210129120925","is_ascension_mode":true,"campfire_choices":[{"data":"Eruption","floor":6,"key":"SMITH"},{"data":"Consecrate","floor":10,"key":"SMITH"},{"data":"Consecrate","floor":15,"key":"SMITH"},{"data":"FollowUp","floor":23,"key":"SMITH"},{"floor":25,"key":"REST"},{"floor":30,"key":"REST"},{"data":"Vigilance","floor":32,"key":"SMITH"}],"circlet_count":0,"master_deck":["Strike_P","Defend_P","Defend_P","Defend_P","Defend_P","Eruption+1","Vigilance+1","Consecrate+1","ReachHeaven+1","Consecrate+1","EmptyFist","Tantrum","FearNoEvil","EmptyFist","Conclude","FollowUp+1","Crescendo+1","EmptyFist+1","FearNoEvil","Replay:AtTheReady+1"],"relics":["PureWater","Regal Pillow","Tiny House","halation:AfternoonTea","halation:KoshaPiece","Boot"],"acts_visited":["Exordium","TheCity"],"potions_floor_usage":[7,18,18,28,29,33],"damage_taken":[{"damage":7,"enemies":"Small Slimes","floor":1,"turns":3},{"damage":1,"enemies":"Cultist","floor":2,"turns":3},{"damage":0,"enemies":"2 Louse","floor":3,"turns":4},{"damage":0,"enemies":"Large Slime","floor":5,"turns":2},{"damage":11,"enemies":"Looter","floor":7,"turns":2},{"damage":0,"enemies":"2 Fungi Beasts","floor":8,"turns":2},{"damage":0,"enemies":"Exordium Wildlife","floor":13,"turns":2},{"damage":0,"enemies":"3 Louse","floor":14,"turns":1},{"damage":46,"enemies":"Hexaghost","floor":16,"turns":8},{"damage":12,"enemies":"2 Thieves","floor":18,"turns":2},{"damage":0,"enemies":"Chosen","floor":19,"turns":3},{"damage":31,"enemies":"Centurion and Healer","floor":20,"turns":3},{"damage":0,"enemies":"3 Cultists","floor":22,"turns":2},{"damage":19,"enemies":"conspire:Head Lice","floor":24,"turns":6},{"damage":14,"enemies":"conspire:HollyBat","floor":27,"turns":5},{"damage":30,"enemies":"Snake Plant","floor":28,"turns":4},{"damage":9,"enemies":"Cultist and Chosen","floor":29,"turns":4},{"damage":83,"enemies":"hubris:MusketHawk","floor":33,"turns":6}],"seed_played":"5850483447414217965","potions_obtained":[{"floor":5,"key":"ColorlessPotion"},{"floor":7,"key":"Adrenaline Potion"},{"floor":8,"key":"SkillPotion"},{"floor":13,"key":"SkillPotion"},{"floor":17,"key":"SpeedPotion"},{"floor":24,"key":"Explosive Potion"},{"floor":27,"key":"Block Potion"},{"floor":28,"key":"Weak Potion"},{"floor":29,"key":"SpeedPotion"}],"is_trial":false,"path_per_floor":["M","M","M","$","M","R","M","M","T","R","$","?","M","M","R","B",null,"M","M","M","?","M","R","E","R","T","M","M","M","R","$","R","B"],"character_chosen":"WATCHER","items_purchased":["Consecrate","FearNoEvil"],"campfire_rested":2,"item_purchase_floors":[4,11],"current_hp_per_floor":[65,64,64,64,64,64,53,53,53,53,53,53,53,53,53,7,77,65,65,34,34,34,34,15,53,53,53,23,14,52,52,52,0,0],"gold":154,"neow_bonus":"THREE_CARDS","is_daily":false,"chose_seed":false,"campfire_upgraded":5,"win_rate":0.0,"timestamp":1611918565,"path_taken":["M","M","M","$","M","R","M","M","T","R","$","?","M","M","R","BOSS","M","M","M","?","M","R","E","R","T","M","M","M","R","$","R","BOSS"],"items_purchased_type":["Card","Card"],"build_version":"2020-12-22","purchased_purges":2,"victory":false,"max_hp_per_floor":[72,72,72,72,72,72,72,72,72,72,72,72,72,72,72,72,77,77,77,77,77,77,77,77,77,77,77,77,77,77,77,77,77,77],"card_choices":[{"not_picked":["EmptyBody","Replay:ManipulateFuture"],"picked":"Consecrate","floor":0},{"not_picked":["BowlingBash","ClearTheMind","CrushJoints"],"picked":"SKIP","floor":1},{"not_picked":["Prostrate","Replay:DivineShield"],"picked":"ReachHeaven","floor":2},{"not_picked":["DevaForm","Worship","Replay:AtTheReady"],"picked":"SKIP","floor":3},{"not_picked":["Replay:ManipulateFuture","WaveOfTheHand","Evaluate"],"picked":"SKIP","floor":5},{"not_picked":["BowlingBash","LikeWater"],"picked":"EmptyFist","floor":7},{"not_picked":["PathToVictory","Crescendo"],"picked":"Tantrum","floor":8},{"not_picked":["Wallop","Replay:DivineShield","Replay:ManipulateFuture"],"picked":"SKIP","floor":13},{"not_picked":["Prostrate","LessonLearned"],"picked":"EmptyFist","floor":14},{"not_picked":["Crescendo","SandsOfTime"],"picked":"Conclude","floor":18},{"not_picked":["ThirdEye","CrushJoints"],"picked":"FollowUp","floor":19},{"not_picked":["Evaluate","Replay:ManipulateFuture+1"],"picked":"Crescendo+1","floor":20},{"not_picked":["Blasphemy","FlyingSleeves"],"picked":"EmptyFist+1","floor":22},{"not_picked":["Pray","Evaluate","SpiritShield"],"picked":"SKIP","floor":24},{"not_picked":["Replay:Vibes","Evaluate+1"],"picked":"FearNoEvil","floor":27},{"not_picked":["FlurryOfBlows","BowlingBash","Collect"],"picked":"SKIP","floor":28},{"not_picked":["SashWhip","Vault"],"picked":"Replay:AtTheReady+1","floor":29}],"player_experience":84063,"relics_obtained":[{"floor":9,"key":"Regal Pillow"},{"floor":24,"key":"halation:KoshaPiece"},{"floor":26,"key":"Boot"}],"event_choices":[{"cards_removed":["Strike_P"],"damage_healed":0,"gold_gain":0,"player_choice":"Forget","damage_taken":0,"max_hp_gain":0,"max_hp_loss":0,"event_name":"Living Wall","floor":12,"gold_loss":0},{"damage_healed":0,"gold_gain":0,"player_choice":"Obtained Relic","damage_taken":0,"relics_obtained":["halation:AfternoonTea"],"max_hp_gain":0,"max_hp_loss":0,"event_name":"Addict","floor":21,"gold_loss":85}],"is_beta":false,"boss_relics":[{"not_picked":["Replay:Drink Me","Ring of Chaos"],"picked":"Tiny House"}],"items_purged_floors":[4,31],"is_endless":false,"potions_floor_spawned":[5,7,8,13,24,27,28,29],"killed_by":"hubris:MusketHawk","ascension_level":2}}