{"host":"w01zow3jg16g8jdh","time":1611927908,"event":{"mods":["AchievementEnabler","BaseMod","DeckTracker","Keyboard Shortcuts","Minty Spire (QoL Compilation)","Permanent Neow","StSLib","SuperFastMode"],"gold_per_floor":[110,110,35,0,13,54,54,83,106,127,77,97,107,133,133,205,205,226,255,44,44,44,44,94,109,132,82,95,95,122,143,143,143,143],"floor_reached":33,"language":"KOR","playtime":582,"items_purged":["Defend_G","Strike_G","Strike_G","Defend_G"],"score":568,"play_id":"ceee4e50-3f3d-4e52-92db-6c0ace379cde","local_time":"20210129224508","is_ascension_mode":true,"campfire_choices":[{"data":"Neutralize","floor":7.0,"key":"SMITH"},{"data":"Deadly Poison","floor":15.0,"key":"SMITH"},{"data":"Crippling Poison","floor":23,"key":"SMITH"},{"data":"Crippling Poison","floor":29,"key":"SMITH"},{"floor":32,"key":"REST"}],"circlet_count":0,"master_deck":["AscendersBane","Strike_G","Strike_G","Strike_G","Defend_G","Defend_G","Defend_G","Survivor","Neutralize+1","Flying Knee","Backstab","Dagger Throw","Crippling Poison+1","Deadly Poison+1","Backflip","Crippling Poison+1","Escape Plan","Footwork"],"relics":["Ring of the Snake","NeowsBlessing","CeramicFish","Smiling Mask","HornCleat","SlaversCollar","Anchor","Nunchaku"],"acts_visited":["Exordium","TheCity"],"potions_floor_usage":[19],"damage_taken":[{"damage":0.0,"enemies":"Small Slimes","floor":1.0,"turns":1.0},{"damage":0.0,"enemies":"2 Louse","floor":5.0,"turns":1.0},{"damage":0.0,"enemies":"Gremlin Nob","floor":6.0,"turns":1.0},{"damage":12.0,"enemies":"Jaw Worm","floor":8.0,"turns":4.0},{"damage":4.0,"enemies":"Blue Slaver","floor":10.0,"turns":3.0},{"damage":7.0,"enemies":"Exordium Wildlife","floor":12.0,"turns":5.0},{"damage":6.0,"enemies":"Lots of Slimes","floor":13.0,"turns":4.0},{"damage":12.0,"enemies":"3 Sentries","floor":14.0,"turns":8.0},{"damage":23.0,"enemies":"The Guardian","floor":16.0,"turns":12.0},{"damage":0.0,"enemies":"3 Byrds","floor":18.0,"turns":6.0},{"damage":0,"enemies":"Spheric Guardian","floor":19,"turns":3},{"damage":0,"enemies":"Centurion and Healer","floor":25,"turns":8},{"damage":16,"enemies":"3 Cultists","floor":28,"turns":5},{"damage":0,"enemies":"Snecko","floor":30,"turns":4},{"damage":18,"enemies":"Cultist and Chosen","floor":31,"turns":6},{"damage":38,"enemies":"Automaton","floor":33,"turns":6}],"seed_played":"3596390426189899586","potions_obtained":[{"floor":5.0,"key":"LiquidBronze"},{"floor":6.0,"key":"SpeedPotion"},{"floor":10.0,"key":"PowerPotion"},{"floor":13.0,"key":"Block Potion"},{"floor":14.0,"key":"AttackPotion"},{"floor":18.0,"key":"Poison Potion"},{"floor":28,"key":"Ancient Potion"}],"is_trial":false,"path_per_floor":["M","?","$","?","M","E","R","M","T","M","$","M","M","E","R","B",null,"M","M","$","?","?","R","?","M","T","$","M","R","M","M","R","B"],"character_chosen":"THE_SILENT","items_purchased":["Anchor"],"campfire_rested":1,"item_purchase_floors":[20],"current_hp_per_floor":[59,59,59,66,66,66,66,54,54,50,50,43,37,25,25,2,50,50,50,50,50,50,50,50,50,50,50,34,34,34,16,35,0,0],"gold":143,"neow_bonus":"THREE_ENEMY_KILL","is_daily":false,"chose_seed":false,"campfire_upgraded":4,"win_rate":0.0,"timestamp":1611927908,"path_taken":["M","?","$","?","M","E","R","M","T","M","?","M","M","E","R","BOSS","M","M","$","?","?","R","?","M","T","$","M","R","M","M","R","BOSS"],"items_purchased_type":["Relic"],"build_version":"2020-12-22","purchased_purges":4,"victory":false,"max_hp_per_floor":[66,66,66,66,66,66,66,66,66,66,66,66,66,66,66,66,66,66,66,66,66,66,66,66,66,66,66,66,66,66,66,66,66,66],"card_choices":[{"not_picked":["Slice","Predator"],"picked":"Flying Knee","floor":1.0},{"not_picked":["Prepared","Sucker Punch"],"picked":"Backstab","floor":5.0},{"not_picked":["Outmaneuver","Choke"],"picked":"Dagger Throw","floor":6.0},{"not_picked":["Underhanded Strike","Blade Dance"],"picked":"Crippling Poison","floor":8.0},{"not_picked":["Acrobatics","Underhanded Strike"],"picked":"Deadly Poison","floor":10.0},{"not_picked":["Flechettes","Predator","Blade Dance"],"picked":"SKIP","floor":12.0},{"not_picked":["A Thousand Cuts","Cloak And Dagger","Deadly Poison"],"picked":"SKIP","floor":13.0},{"not_picked":["Infinite Blades","Envenom","Underhanded Strike"],"picked":"SKIP","floor":14.0},{"not_picked":["Underhanded Strike","Sucker Punch"],"picked":"Backflip","floor":18.0},{"not_picked":["Dagger Throw","Poisoned Stab"],"picked":"Crippling Poison","floor":19},{"not_picked":["Dodge and Roll","Backstab","Sucker Punch"],"picked":"SKIP","floor":25},{"not_picked":["Slice","Prepared","Outmaneuver"],"picked":"SKIP","floor":28},{"not_picked":["Prepared","Dagger Throw"],"picked":"Escape Plan","floor":30},{"not_picked":["Outmaneuver","Finisher"],"picked":"Footwork","floor":31}],"player_experience":337271,"relics_obtained":[{"floor":6.0,"key":"CeramicFish"},{"floor":9.0,"key":"Smiling Mask"},{"floor":14.0,"key":"HornCleat"},{"floor":26,"key":"Nunchaku"}],"event_choices":[{"damage_healed":0.0,"max_hp_gain":0.0,"max_hp_loss":0.0,"gold_gain":0.0,"event_name":"Liars Game","player_choice":"Ignored","floor":2.0,"gold_loss":0.0,"damage_taken":0.0},{"damage_healed":16.0,"max_hp_gain":0.0,"max_hp_loss":0.0,"gold_gain":0.0,"event_name":"The Cleric","player_choice":"Healed","floor":4.0,"gold_loss":35.0,"damage_taken":0.0},{"damage_healed":0,"gold_gain":0,"player_choice":"Ignored","damage_taken":0,"max_hp_gain":0,"max_hp_loss":0,"event_name":"Vampires","floor":22,"gold_loss":0},{"damage_healed":0,"gold_gain":50,"player_choice":"Pray","damage_taken":0,"max_hp_gain":0,"max_hp_loss":0,"event_name":"Golden Shrine","floor":24,"gold_loss":0}],"is_beta":false,"boss_relics":[{"not_picked":["WristBlade","Busted Crown"],"picked":"SlaversCollar"}],"items_purged_floors":[3,11,20,27],"is_endless":false,"potions_floor_spawned":[5,6,10,13,14,18,28],"killed_by":"Automaton","ascension_level":20}}