{"host":"lww1aq5xm6g9guev","time":1611938485,"event":{"mods":["Act Like it!","BaseMod","Conspire","Minty Spire (QoL Compilation)","Rare Cards Sparkle","Replay The Spire","StSLib","The Hayseed"],"gold_per_floor":[116,163,163,20,40,67,80,80,80],"floor_reached":8,"language":"ZHS","playtime":488,"items_purged":[],"score":59,"play_id":"8a861d39-fda3-4527-b4bb-ad0d94ff8202","local_time":"20210130004125","is_ascension_mode":true,"campfire_choices":[],"circlet_count":0,"master_deck":["TheSimpletonMod:Strike_TheSimpleton","TheSimpletonMod:Strike_TheSimpleton","TheSimpletonMod:Strike_TheSimpleton","TheSimpletonMod:Strike_TheSimpleton","TheSimpletonMod:Defend_TheSimpleton","TheSimpletonMod:Defend_TheSimpleton","TheSimpletonMod:Defend_TheSimpleton","TheSimpletonMod:Defend_TheSimpleton","TheSimpletonMod:ReapAndSow","TheSimpletonMod:Ferment","TheSimpletonMod:SpiceUp","TheSimpletonMod:BirdFeeder","TheSimpletonMod:Sunseed","TheSimpletonMod:Corn"],"relics":["TheSimpletonMod:NightSoil","TheSimpletonMod:TheHarvester","Honey Jar","Anchor","Membership Card","conspire:Flyswatter"],"acts_visited":["Exordium"],"potions_floor_usage":[6],"damage_taken":[{"damage":1,"enemies":"conspire:RoseBush","floor":1,"turns":4},{"damage":17,"enemies":"conspire:MimicChest","floor":2,"turns":8},{"damage":2,"enemies":"Small Slimes","floor":5,"turns":4},{"damage":33,"enemies":"3 Sentries","floor":6,"turns":8},{"damage":0,"enemies":"Jaw Worm","floor":7,"turns":5},{"damage":0,"enemies":"Replay:BlueRogue","floor":8,"turns":1}],"seed_played":"3861265144453445940","potions_obtained":[{"floor":2,"key":"Explosive Potion"},{"floor":5,"key":"Elixir"},{"floor":7,"key":"PowerPotion"}],"is_trial":false,"path_per_floor":["M","?","?","$","M","E","M","E"],"character_chosen":"THE_SIMPLETON","items_purchased":["Membership Card"],"campfire_rested":0,"item_purchase_floors":[4],"current_hp_per_floor":[74,61,61,61,59,26,26,26,26],"gold":80,"neow_bonus":"BOSS_RELIC","is_daily":false,"chose_seed":false,"campfire_upgraded":0,"win_rate":0.0,"timestamp":1611938485,"path_taken":["M","?","?","$","M","E","M","E"],"items_purchased_type":["Relic"],"build_version":"2020-12-22","purchased_purges":0,"victory":false,"max_hp_per_floor":[75,75,75,75,75,75,75,75,75],"card_choices":[{"not_picked":["TheSimpletonMod:Onions","TheSimpletonMod:Thresh","TheSimpletonMod:SoilSample"],"picked":"TheSimpletonMod:Ferment","floor":1},{"not_picked":["TheSimpletonMod:BumperCrop","TheSimpletonMod:Fertilaser","TheSimpletonMod:Rototilling"],"picked":"TheSimpletonMod:SpiceUp","floor":2},{"not_picked":["TheSimpletonMod:Sunchoke","TheSimpletonMod:Swelter","TheSimpletonMod:Ferment"],"picked":"TheSimpletonMod:BirdFeeder","floor":5},{"not_picked":["TheSimpletonMod:Germinate","TheSimpletonMod:Rototilling","TheSimpletonMod:RootDown"],"picked":"TheSimpletonMod:Sunseed","floor":6},{"not_picked":["TheSimpletonMod:ToughenUp","TheSimpletonMod:Ferment","TheSimpletonMod:Fertilaser"],"picked":"TheSimpletonMod:Corn","floor":7}],"player_experience":102481,"relics_obtained":[{"floor":2,"key":"Anchor"},{"floor":6,"key":"conspire:Flyswatter"}],"event_choices":[{"cards_removed":["TheSimpletonMod:Haymaker"],"damage_healed":0,"gold_gain":0,"player_choice":"Offered Basic","damage_taken":0,"max_hp_gain":0,"max_hp_loss":0,"event_name":"Bonfire Elementals","floor":3,"gold_loss":0}],"is_beta":false,"boss_relics":[],"items_purged_floors":[],"is_endless":false,"potions_floor_spawned":[2,5,7],"killed_by":"Replay:BlueRogue","ascension_level":1}}