{"host":"lh9qfzqeqctr28d2","time":1611917718,"event":{"mods":["BaseMod","CapriCore","Luminous","Minty Spire (QoL Compilation)","Quick Restart","Relic Stats","Remilia£®¿Ÿ√◊¿Ú—«£©","StSLib","Yakumo Yukari mod"],"gold_per_floor":[118,132,132,36,161,190,190,216,216,216,60,60,138,243,243,320,320,330,380,445,456,67,99,99,118,118,132,182,216,65,142,142,221,271,284,434,107,183,233,264,264,314,341,391,92,142,173,191,191,191],"floor_reached":51,"language":"ZHS","playtime":1960,"items_purged":["Decay"],"score":1513,"play_id":"376c524c-758b-44bc-a755-3a148df27e7c","local_time":"20210129185518","is_ascension_mode":true,"campfire_choices":[{"data":"Stigmanizer","floor":7.0,"key":"SMITH"},{"floor":10.0,"key":"DIG"},{"data":"ScarletImprint","floor":12.0,"key":"SMITH"},{"floor":15.0,"key":"REST"},{"floor":24.0,"key":"REST"},{"floor":32.0,"key":"DIG"},{"floor":41.0,"key":"DIG"},{"floor":49.0,"key":"DIG"}],"circlet_count":0,"master_deck":["AscendersBane","Strike_RM","Strike_RM","Strike_RM+1","Strike_RM","Defend_RM","Defend_RM","Defend_RM","Defend_RM+1","RedMoon+1","ScarletShoot","BloodHunter","Stigmanizer+1","AfternoonTea","ScarletImprint+1","ForecastOfChange","VampirishNight+1","HunterOfTheNight","BloodAndWine","ScarletCoffin","MastersStateliness+1","QueenOfMidnight+1","Sadistic Nature+1","BombardNight"],"relics":["ScarletHat","NeowsBlessing","SsserpentHead","Regal Pillow","FairyMaid","Oddly Smooth Stone","Shovel","Toy Ornithopter","Orichalcum","Odd Mushroom","War Paint","APieceOfRedMist","Frozen Egg 2","Tiny Chest","Centennial Puzzle","Anchor","FossilizedHelix","Juzu Bracelet","Bag of Preparation","Art of War","Tiny House","Question Card","Happy Flower","Eternal Feather","Omamori","Pen Nib","Strange Spoon","PreservedInsect","Singing Bowl","Mercury Hourglass","Blood Vial"],"acts_visited":["Exordium","TheCity","TheBeyond"],"potions_floor_usage":[50,50],"damage_taken":[{"damage":0.0,"enemies":"Cultist","floor":1.0,"turns":1.0},{"damage":0.0,"enemies":"Jaw Worm","floor":2.0,"turns":1.0},{"damage":0.0,"enemies":"Lagavulin","floor":6.0,"turns":1.0},{"damage":2.0,"enemies":"3 Sentries","floor":8.0,"turns":10.0},{"damage":9.0,"enemies":"The Mushroom Lair","floor":13.0,"turns":4.0},{"damage":13.0,"enemies":"Lagavulin Event","floor":14.0,"turns":5.0},{"damage":53.0,"enemies":"Slime Boss","floor":16.0,"turns":21.0},{"damage":0.0,"enemies":"Chosen","floor":18.0,"turns":7.0},{"damage":0.0,"enemies":"3 Byrds","floor":20.0,"turns":5.0},{"damage":15.0,"enemies":"Sentry and Sphere","floor":21.0,"turns":7.0},{"damage":43.0,"enemies":"Book of Stabbing","floor":23.0,"turns":4.0},{"damage":16.0,"enemies":"Snecko","floor":25.0,"turns":6.0},{"damage":8.0,"enemies":"Snake Plant","floor":27.0,"turns":3.0},{"damage":15.0,"enemies":"Slavers","floor":29.0,"turns":7.0},{"damage":7.0,"enemies":"Champ","floor":33.0,"turns":12.0},{"damage":0.0,"enemies":"Orb Walker","floor":35.0,"turns":4.0},{"damage":3.0,"enemies":"Reptomancer","floor":40.0,"turns":6.0},{"damage":10.0,"enemies":"Nemesis","floor":47.0,"turns":7.0},{"damage":9.0,"enemies":"3 Shapes","floor":48.0,"turns":2.0},{"damage":68,"enemies":"Time Eater","floor":50,"turns":9}],"seed_played":"5082843084689059074","potions_obtained":[{"floor":1.0,"key":"LiquidMemories"},{"floor":6.0,"key":"Explosive Potion"},{"floor":13.0,"key":"FearPotion"},{"floor":16.0,"key":"PowerPotion"},{"floor":18.0,"key":"Energy Potion"},{"floor":20.0,"key":"DestinyDice"},{"floor":27.0,"key":"FearPotion"},{"floor":33.0,"key":"SteroidPotion"},{"floor":34.0,"key":"PowerPotion"},{"floor":40.0,"key":"Strength Potion"},{"floor":48.0,"key":"PanachePotion"}],"is_trial":false,"path_per_floor":["M","M","?","$","?","E","R","E","T","R","$","R","?","?","R","B",null,"M","?","M","M","$","E","R","M","T","M","?","E","$","T","R","B",null,"M","?","$","T","?","E","R","?","T","?","$","T","E","M","R","B",null],"character_chosen":"REMILIA","items_purchased":["Regal Pillow","Orichalcum","Frozen Egg 2","Tiny Chest","Juzu Bracelet","Question Card","Strange Spoon","PreservedInsect"],"campfire_rested":2,"item_purchase_floors":[4,11,22,22,30,37,45,45],"current_hp_per_floor":[63,63,63,63,52,52,52,52,52,52,52,52,48,43,70,17,57,60,60,65,55,55,30,66,56,56,49,49,54,54,54,54,61,73,75,75,75,75,75,75,75,75,75,75,75,75,71,64,76,30],"gold":191,"neow_bonus":"THREE_ENEMY_KILL","is_daily":false,"chose_seed":false,"campfire_upgraded":2,"win_rate":0.0,"timestamp":1611917718,"path_taken":["M","?","?","?","?","E","R","E","T","R","$","R","?","?","R","BOSS","M","?","?","M","$","E","R","M","T","M","?","E","$","?","R","BOSS","M","?","$","?","?","E","R","?","T","?","$","?","E","M","R","BOSS"],"items_purchased_type":["Relic","Relic","Relic","Relic","Relic","Relic","Relic","Relic"],"build_version":"2020-12-22","purchased_purges":1,"victory":true,"max_hp_per_floor":[70,70,70,70,70,70,70,70,70,70,70,70,70,70,70,70,70,70,70,70,70,70,70,70,70,70,70,70,70,70,70,70,70,75,75,75,75,75,75,75,75,75,75,75,75,75,75,77,77,77],"relic_stats":{"Regal Pillow":21,"Happy Flower":[8],"Singing Bowl":2,"counters":[20,122],"Eternal Feather":12,"Pen Nib":[3],"PreservedInsect":50,"Juzu Bracelet":1,"Bag of Preparation":[12],"Orichalcum":[138],"War Paint":["Defend_RM","RedMoon"],"Question Card":4,"Mercury Hourglass":[45],"Blood Vial":1,"SsserpentHead":700,"Strange Spoon":[1],"Centennial Puzzle":[24],"Shovel":4,"Tiny Chest":2,"Art of War":[4],"obtain_stats":[{"Regal Pillow":4,"Tiny House":34,"Singing Bowl":46,"FairyMaid":6,"Juzu Bracelet":30,"Bag of Preparation":31,"ScarletHat":0,"Blood Vial":49,"SsserpentHead":3,"Centennial Puzzle":23,"Shovel":9,"Tiny Chest":22,"NeowsBlessing":0,"Happy Flower":38,"Oddly Smooth Stone":8,"Eternal Feather":40,"Pen Nib":43,"PreservedInsect":45,"Omamori":41,"Orichalcum":11,"Odd Mushroom":13,"War Paint":14,"Frozen Egg 2":22,"Question Card":37,"Mercury Hourglass":47,"Strange Spoon":45,"APieceOfRedMist":17,"Anchor":26,"Art of War":32,"Toy Ornithopter":10,"FossilizedHelix":29},{"Regal Pillow":2,"Tiny House":15,"Singing Bowl":17,"FairyMaid":3,"Juzu Bracelet":14,"Bag of Preparation":14,"ScarletHat":0,"Blood Vial":19,"SsserpentHead":2,"Centennial Puzzle":11,"Shovel":4,"Tiny Chest":10,"NeowsBlessing":0,"Happy Flower":16,"Oddly Smooth Stone":4,"Eternal Feather":17,"Pen Nib":17,"PreservedInsect":17,"Omamori":17,"Orichalcum":4,"Odd Mushroom":5,"War Paint":6,"Frozen Egg 2":10,"Question Card":16,"Mercury Hourglass":18,"Strange Spoon":17,"APieceOfRedMist":7,"Anchor":12,"Art of War":14,"Toy Ornithopter":4,"FossilizedHelix":14},{"Regal Pillow":2,"Tiny House":94,"Singing Bowl":104,"FairyMaid":3,"Juzu Bracelet":82,"Bag of Preparation":82,"ScarletHat":0,"Blood Vial":113,"SsserpentHead":2,"Centennial Puzzle":66,"Shovel":13,"Tiny Chest":62,"NeowsBlessing":0,"Happy Flower":98,"Oddly Smooth Stone":13,"Eternal Feather":104,"Pen Nib":104,"PreservedInsect":104,"Omamori":104,"Orichalcum":13,"Odd Mushroom":17,"War Paint":22,"Frozen Egg 2":62,"Question Card":98,"Mercury Hourglass":111,"Strange Spoon":104,"APieceOfRedMist":43,"Anchor":72,"Art of War":82,"Toy Ornithopter":13,"FossilizedHelix":82}],"Toy Ornithopter":23},"card_choices":[{"not_picked":["VampireSweep","NightDance"],"picked":"BloodHunter","floor":1.0},{"not_picked":["VampireKiss","EmergencyRegeneration"],"picked":"Stigmanizer","floor":2.0},{"not_picked":["CharismaGuard","BloodyTrap"],"picked":"AfternoonTea","floor":6.0},{"not_picked":["BloodyTrap","ReincarnationDial"],"picked":"ScarletImprint","floor":8.0},{"not_picked":["BloodRain","ChaoticDestiny"],"picked":"ForecastOfChange","floor":16.0},{"not_picked":["ScarletDevil","MiserableFate","Stigmanizer"],"picked":"SKIP","floor":18.0},{"not_picked":["DiffusionOfMisfortune","CharismaGuard"],"picked":"VampirishNight+1","floor":20.0},{"not_picked":["AfternoonTea","UnstableMagic","NightDance"],"picked":"SKIP","floor":21.0},{"not_picked":["BloodHunter","ChainGang"],"picked":"HunterOfTheNight","floor":23.0},{"not_picked":["FavorOfDestiny+1","NightDance"],"picked":"BloodAndWine","floor":25.0},{"not_picked":["UnderTheZenith","HunterOfTheNight","RedRainbow"],"picked":"SKIP","floor":27.0},{"not_picked":["UnderTheZenith","EmergencyRegeneration","CharismaGuard+1"],"picked":"SKIP","floor":29.0},{"not_picked":["BloodyHallows","TricksterDevil+1"],"picked":"ScarletCoffin","floor":33.0},{"not_picked":["Stigmanizer","BadLadyScramble"],"picked":"MastersStateliness+1","floor":34.0},{"not_picked":["FavorOfDestiny","BloodHunter","BlasphemousPunishment"],"picked":"SKIP","floor":35.0},{"not_picked":["BombardNight+1","Ultimatum","EternalNight"],"picked":"QueenOfMidnight+1","floor":40.0},{"not_picked":["Impatience","Trip","Swift Strike"],"picked":"Sadistic Nature+1","floor":42.0},{"not_picked":["Stigmanizer","Septette","MastersStateliness+1"],"picked":"BombardNight","floor":47.0},{"not_picked":["BlasphemousPunishment","UnderTheZenith+1","EndlessAdversity+1","Stigmanizer"],"picked":"Singing Bowl","floor":48.0}],"player_experience":460985,"relics_obtained":[{"floor":6.0,"key":"FairyMaid"},{"floor":8.0,"key":"Oddly Smooth Stone"},{"floor":9.0,"key":"Shovel"},{"floor":10.0,"key":"Toy Ornithopter"},{"floor":13.0,"key":"Odd Mushroom"},{"floor":14.0,"key":"War Paint"},{"floor":23.0,"key":"Centennial Puzzle"},{"floor":26.0,"key":"Anchor"},{"floor":29.0,"key":"FossilizedHelix"},{"floor":31.0,"key":"Bag of Preparation"},{"floor":32.0,"key":"Art of War"},{"floor":38.0,"key":"Happy Flower"},{"floor":40.0,"key":"Eternal Feather"},{"floor":41.0,"key":"Omamori"},{"floor":43.0,"key":"Pen Nib"},{"floor":46.0,"key":"Singing Bowl"},{"floor":47.0,"key":"Mercury Hourglass"},{"floor":49.0,"key":"Blood Vial"}],"event_choices":[{"damage_healed":0.0,"max_hp_gain":0.0,"max_hp_loss":0.0,"gold_gain":0.0,"event_name":"FaceTrader","player_choice":"Trade","floor":3.0,"gold_loss":0.0,"damage_taken":0.0,"relics_obtained":["SsserpentHead"]},{"damage_healed":0.0,"max_hp_gain":0.0,"max_hp_loss":0.0,"gold_gain":75.0,"event_name":"World of Goop","player_choice":"Gather Gold","floor":5.0,"gold_loss":0.0,"damage_taken":11.0},{"damage_healed":0.0,"max_hp_gain":0.0,"max_hp_loss":0.0,"gold_gain":0.0,"event_name":"Mushrooms","player_choice":"Fought Mushrooms","floor":13.0,"gold_loss":0.0,"damage_taken":0.0},{"damage_healed":0.0,"max_hp_gain":0.0,"max_hp_loss":0.0,"gold_gain":0.0,"event_name":"Dead Adventurer","player_choice":"Searched \u00272\u0027 times","floor":14.0,"gold_loss":0.0,"damage_taken":0.0},{"damage_healed":0.0,"max_hp_gain":0.0,"max_hp_loss":0.0,"gold_gain":0.0,"event_name":"Match and Keep!","player_choice":"1 cards matched","floor":19.0,"gold_loss":0.0,"damage_taken":0.0,"cards_obtained":["BombardNight"]},{"damage_healed":0.0,"max_hp_gain":0.0,"max_hp_loss":0.0,"gold_gain":0.0,"event_name":"Wheel of Change","player_choice":"Cursed","floor":28.0,"gold_loss":0.0,"damage_taken":0.0,"cards_obtained":["Decay"]},{"damage_healed":0.0,"max_hp_gain":0.0,"max_hp_loss":0.0,"gold_gain":100.0,"event_name":"Golden Shrine","player_choice":"Pray","floor":36.0,"gold_loss":0.0,"damage_taken":0.0},{"cards_removed":["BombardNight"],"damage_healed":0.0,"max_hp_gain":0.0,"max_hp_loss":0.0,"gold_gain":0.0,"event_name":"Falling","player_choice":"Removed Attack","floor":39.0,"gold_loss":0.0,"damage_taken":0.0},{"damage_healed":0.0,"max_hp_gain":0.0,"max_hp_loss":0.0,"gold_gain":0.0,"event_name":"SensoryStone","player_choice":"Memory 1","floor":42.0,"gold_loss":0.0,"damage_taken":0.0}],"is_beta":false,"boss_relics":[{"not_picked":["Runic Dome","Cursed Key"],"picked":"APieceOfRedMist"},{"not_picked":["Empty Cage","SacredBark"],"picked":"Tiny House"}],"items_purged_floors":[37],"is_endless":false,"potions_floor_spawned":[1,6,13,16,18,27,33,40,48],"ascension_level":14}}