{"host":"6imq2rpndqdiuake","time":1611890503,"event":{"mods":["BaseMod","Minty Spire (QoL Compilation)","Permanent Neow","Relic Stats","StSLib"],"gold_per_floor":[369,382,402,419,16,49,49,79,159,159,174,188,188,207,207,311,311,322,341,352,267,285,285,295,295,318,51,51,79,79,95,95,199,199,219,219,219,232,53,63,63,75,75,75,148,23,23,34,34,34,34,34,34,34,34],"floor_reached":54,"language":"ENG","playtime":3282,"items_purged":["Strike_B","Strike_B","Strike_B"],"score":1143,"play_id":"742b33d3-1f7c-4a8b-95f3-1058c4772f49","local_time":"20210128192143","is_ascension_mode":true,"campfire_choices":[{"data":"Hyperbeam","floor":10,"key":"SMITH"},{"data":"Barrage","floor":13,"key":"SMITH"},{"data":"Consume","floor":15,"key":"SMITH"},{"data":"Coolheaded","floor":23,"key":"SMITH"},{"data":"Fission","floor":25,"key":"SMITH"},{"data":"Strike_B","floor":30,"key":"PURGE"},{"data":"Consume","floor":32,"key":"SMITH"},{"floor":47,"key":"RECALL"},{"data":"Defend_B","floor":49,"key":"PURGE"},{"data":"Hyperbeam+1","floor":52,"key":"PURGE"}],"circlet_count":0,"master_deck":["Defend_B","Defend_B","Defend_B","Dualcast","Cold Snap","Undo","Barrage+1","FTL","Cold Snap","Coolheaded+1","Consume+1","Fission+1","Doom and Gloom","Auto Shields+1","Turbo","Chill","Genetic Algorithm","Genetic Algorithm+1","Consume+1","Seek","Rebound","Defragment+1","Chill+1","Seek"],"relics":["Cracked Core","Orichalcum","Symbiotic Virus","Tiny Chest","Peace Pipe","Question Card","Inserter","Akabeko","Strawberry","Bronze Scales","Meat on the Bone","Toy Ornithopter","Runic Dome","Mummified Hand"],"acts_visited":["Exordium","TheCity","TheBeyond","TheEnding"],"potions_floor_usage":[8,16,24,42,50],"damage_taken":[{"damage":0,"enemies":"2 Louse","floor":1,"turns":2},{"damage":0,"enemies":"Cultist","floor":2,"turns":4},{"damage":0,"enemies":"Small Slimes","floor":3,"turns":3},{"damage":4,"enemies":"Looter","floor":4,"turns":4},{"damage":2,"enemies":"Gremlin Nob","floor":6,"turns":3},{"damage":10,"enemies":"3 Sentries","floor":8,"turns":7},{"damage":0,"enemies":"Large Slime","floor":11,"turns":4},{"damage":0,"enemies":"Exordium Wildlife","floor":12,"turns":1},{"damage":0,"enemies":"Lots of Slimes","floor":14,"turns":2},{"damage":0,"enemies":"The Guardian","floor":16,"turns":10},{"damage":2,"enemies":"Chosen","floor":18,"turns":4},{"damage":12,"enemies":"2 Thieves","floor":19,"turns":3},{"damage":2,"enemies":"Sentry and Sphere","floor":20,"turns":6},{"damage":8,"enemies":"Snecko","floor":22,"turns":4},{"damage":4,"enemies":"Centurion and Healer","floor":24,"turns":11},{"damage":13,"enemies":"Gremlin Leader","floor":29,"turns":7},{"damage":1,"enemies":"Cultist and Chosen","floor":31,"turns":4},{"damage":0,"enemies":"Collector","floor":33,"turns":24},{"damage":10,"enemies":"3 Darklings","floor":35,"turns":5},{"damage":0,"enemies":"Orb Walker","floor":38,"turns":3},{"damage":1,"enemies":"Spire Growth","floor":40,"turns":9},{"damage":40,"enemies":"Transient","floor":42,"turns":5},{"damage":0,"enemies":"Jaw Worm Horde","floor":48,"turns":2},{"damage":18,"enemies":"Time Eater","floor":50,"turns":28},{"damage":80,"enemies":"Shield and Spear","floor":54,"turns":8}],"seed_played":"2585119806451719917","potions_obtained":[{"floor":6,"key":"Regen Potion"},{"floor":8,"key":"Strength Potion"},{"floor":14,"key":"GamblersBrew"},{"floor":18,"key":"FearPotion"},{"floor":19,"key":"Dexterity Potion"},{"floor":38,"key":"Strength Potion"},{"floor":42,"key":"LiquidBronze"}],"is_trial":false,"path_per_floor":["M","M","M","M","$","E","?","E","T","R","M","M","R","M","R","B",null,"M","M","M","?","M","R","M","R","T","$","T","E","R","M","R","B",null,"M","?","?","M","$","M","?","M","T","$","T","$","R","M","R","B",null,"R","$","E"],"character_chosen":"DEFECT","items_purchased":["Orichalcum","Symbiotic Virus","Bronze Scales","Genetic Algorithm","Defragment"],"campfire_rested":0,"item_purchase_floors":[5,5,27,27,39],"current_hp_per_floor":[68,68,68,64,64,62,62,67,67,67,67,67,67,67,67,67,68,66,54,52,52,44,44,40,40,47,47,47,46,46,45,45,45,68,58,58,58,58,58,57,57,34,34,34,34,34,34,46,46,45,65,65,65,0,0],"gold":34,"neow_bonus":"TWO_FIFTY_GOLD","is_daily":false,"chose_seed":false,"campfire_upgraded":6,"win_rate":0.0,"timestamp":1611890503,"path_taken":["M","M","M","M","$","E","?","E","T","R","M","?","R","M","R","BOSS","M","M","M","?","M","R","M","R","T","$","?","E","R","M","R","BOSS","M","?","?","M","$","M","?","M","T","$","?","$","R","M","R","BOSS","R","$","E"],"items_purchased_type":["Relic","Relic","Relic","Card","Card"],"build_version":"2020-12-22","purchased_purges":3,"victory":false,"max_hp_per_floor":[68,68,68,68,68,68,68,68,68,68,68,68,68,68,68,68,68,68,68,68,68,68,68,68,68,75,75,75,75,75,75,75,75,75,75,71,71,71,71,71,71,71,71,71,71,71,71,71,71,71,71,71,71,71,71],"relic_stats":{"Peace Pipe":3,"Inserter":[61],"counters":[25,163],"Mummified Hand":[4],"Bronze Scales":[401],"Tiny Chest":2,"Orichalcum":[396],"Question Card":17,"obtain_stats":[{"Inserter":17,"Orichalcum":5,"Question Card":9,"Akabeko":21,"Peace Pipe":8,"Runic Dome":34,"Mummified Hand":45,"Strawberry":26,"Bronze Scales":27,"Tiny Chest":6,"Cracked Core":0,"Symbiotic Virus":5,"Toy Ornithopter":29,"Meat on the Bone":28},{"Inserter":10,"Orichalcum":4,"Question Card":6,"Akabeko":13,"Peace Pipe":6,"Runic Dome":18,"Mummified Hand":22,"Strawberry":15,"Bronze Scales":15,"Tiny Chest":5,"Cracked Core":0,"Symbiotic Virus":4,"Toy Ornithopter":16,"Meat on the Bone":15},{"Inserter":40,"Orichalcum":13,"Question Card":23,"Akabeko":53,"Peace Pipe":23,"Runic Dome":103,"Mummified Hand":125,"Strawberry":68,"Bronze Scales":68,"Tiny Chest":16,"Cracked Core":0,"Symbiotic Virus":13,"Toy Ornithopter":75,"Meat on the Bone":68}],"Toy Ornithopter":10,"Meat on the Bone":48},"card_choices":[{"not_picked":["Barrage","Blizzard"],"picked":"Cold Snap","floor":1},{"not_picked":["Steam","Gash"],"picked":"Undo","floor":2},{"not_picked":["Loop","Leap"],"picked":"Barrage","floor":3},{"not_picked":["Coolheaded","Auto Shields"],"picked":"FTL","floor":4},{"not_picked":["Scrape","Rebound"],"picked":"Cold Snap","floor":6},{"not_picked":["Doom and Gloom","Rip and Tear"],"picked":"Hyperbeam","floor":8},{"not_picked":["Cold Snap","Stack","Aggregate","Heatsinks"],"picked":"SKIP","floor":11},{"not_picked":["Turbo","Cold Snap","Steam"],"picked":"Coolheaded","floor":12},{"not_picked":["Sweeping Beam","Coolheaded","BootSequence"],"picked":"Consume","floor":14},{"not_picked":["Thunder Strike","All For One","Rainbow"],"picked":"Fission","floor":16},{"not_picked":["Steam","Self Repair","Conserve Battery","Loop"],"picked":"SKIP","floor":18},{"not_picked":["Redo+1","Sweeping Beam","Static Discharge"],"picked":"Doom and Gloom","floor":19},{"not_picked":["White Noise","Rebound+1","Scrape"],"picked":"Auto Shields+1","floor":20},{"not_picked":["Storm","Scrape","Cold Snap"],"picked":"Turbo","floor":22},{"not_picked":["Cold Snap+1","Rebound","Gash"],"picked":"Chill","floor":24},{"not_picked":["Amplify","Aggregate","Streamline+1"],"picked":"Genetic Algorithm+1","floor":29},{"not_picked":["Cold Snap+1","Hologram","Force Field+1"],"picked":"Consume","floor":31},{"not_picked":["Meteor Strike","Amplify","Biased Cognition"],"picked":"Seek","floor":33},{"not_picked":["Redo","Fusion+1","Ball Lightning","Beam Cell"],"picked":"SKIP","floor":35},{"not_picked":["Sweeping Beam+1","Streamline","Turbo+1"],"picked":"Rebound","floor":38},{"not_picked":["Streamline+1","Gash","Redo+1","Compile Driver+1"],"picked":"SKIP","floor":40},{"not_picked":["BootSequence+1","Scrape","Heatsinks"],"picked":"Chill+1","floor":42},{"not_picked":["Beam Cell+1","Conserve Battery","Coolheaded+1"],"picked":"Seek","floor":48}],"player_experience":1070028,"relics_obtained":[{"floor":6,"key":"Tiny Chest"},{"floor":8,"key":"Peace Pipe"},{"floor":9,"key":"Question Card"},{"floor":26,"key":"Strawberry"},{"floor":28,"key":"Meat on the Bone"},{"floor":29,"key":"Toy Ornithopter"},{"floor":45,"key":"Mummified Hand"}],"event_choices":[{"damage_healed":0,"gold_gain":0,"player_choice":"0 cards matched","damage_taken":0,"max_hp_gain":0,"max_hp_loss":0,"event_name":"Match and Keep!","floor":7,"gold_loss":0,"cards_obtained":[]},{"damage_healed":0,"gold_gain":0,"player_choice":"Obtained Relic","damage_taken":0,"relics_obtained":["Akabeko"],"max_hp_gain":0,"max_hp_loss":0,"event_name":"Addict","floor":21,"gold_loss":85},{"damage_healed":0,"gold_gain":0,"player_choice":"Max HP","damage_taken":0,"max_hp_gain":0,"max_hp_loss":4,"event_name":"Winding Halls","floor":36,"gold_loss":0},{"cards_removed":["Zap"],"damage_healed":0,"gold_gain":0,"player_choice":"Removed Skill","damage_taken":0,"max_hp_gain":0,"max_hp_loss":0,"event_name":"Falling","floor":37,"gold_loss":0},{"damage_healed":0,"gold_gain":0,"player_choice":"Forge","damage_taken":0,"max_hp_gain":0,"max_hp_loss":0,"event_name":"Accursed Blacksmith","floor":41,"gold_loss":0,"cards_upgraded":["Defragment"]}],"is_beta":false,"boss_relics":[{"not_picked":["Coffee Dripper","Snecko Eye"],"picked":"Inserter"},{"not_picked":["SlaversCollar","SacredBark"],"picked":"Runic Dome"}],"items_purged_floors":[27,39,46],"is_endless":false,"potions_floor_spawned":[6,8,14,18,19,38,42,48],"killed_by":"Shield and Spear","ascension_level":9}}