{"host":"jm9833yuloeli2yd","time":1611935808,"event":{"mods":["BaseMod","Better Altar","Better Match","Better Note","Better Sensory Stone","Better Skull","Better Third Choice","Better Vampires","BetterRewards","Colored Map","Colored Powertips","DeckTracker","Minty Spire (QoL Compilation)","Permanent Neow","Quick Restart","Slay-I","StSLib","SuperFastMode"],"gold_per_floor":[213,288,288,288,45,72,86,112,112,112,128,158,171,189,189,265,265,284,32,32,43,43,68,68,85,85,116,136,61,87,67,67,144,144,158,158,169,188,188,222,235,263,331,380,117,146,70,99,99,99,99,99],"floor_reached":51,"language":"ENG","playtime":2652,"items_purged":["Defend_G","Defend_G"],"score":1857,"play_id":"801776da-36a5-4b67-b4d8-19af439b8e9b","local_time":"20210129105648","is_ascension_mode":true,"campfire_choices":[{"data":"Terror","floor":15,"key":"SMITH"},{"data":"Footwork","floor":32,"key":"SMITH"},{"floor":49,"key":"RECALL"}],"circlet_count":0,"master_deck":["AscendersBane","Defend_G","Defend_G","Survivor","Neutralize","Poisoned Stab","Crippling Poison","After Image","Backflip","Terror+1","Bane","Finisher","PiercingWail","Endless Agony","Adrenaline","Footwork+1","Adrenaline","Prepared","Bouncing Flask","Blade Dance","Bite","Bite","Bite","Bite","Bite","All Out Attack","Backflip","Well Laid Plans","Blade Dance+1","Venomology","Endless Agony","Cloak And Dagger","Endless Agony+1","Die Die Die"],"relics":["Ring of the Snake","Dead Branch","Lee\u0027s Waffle","Nunchaku","Mango","Singing Bowl","InkBottle","Du-Vu Doll","HoveringKite","Snake Skull","Pear","Paper Crane","The Specimen","Letter Opener","Busted Crown","Meat on the Bone","Darkstone Periapt","TungstenRod","Sling","PreservedInsect","Juzu Bracelet"],"acts_visited":["Exordium","TheCity","TheBeyond"],"potions_floor_usage":[16,23,30,35,37,37,42,50,50,51,51],"damage_taken":[{"damage":1.0,"enemies":"2 Louse","floor":1.0,"turns":5.0},{"damage":16.0,"enemies":"3 Sentries","floor":6.0,"turns":7.0},{"damage":1.0,"enemies":"Small Slimes","floor":7.0,"turns":4.0},{"damage":32,"enemies":"Lagavulin","floor":8,"turns":9},{"damage":2,"enemies":"Cultist","floor":11,"turns":3},{"damage":37,"enemies":"Gremlin Nob","floor":12,"turns":5},{"damage":0,"enemies":"Red Slaver","floor":13,"turns":2},{"damage":1,"enemies":"2 Fungi Beasts","floor":14,"turns":3},{"damage":10,"enemies":"Hexaghost","floor":16,"turns":9},{"damage":3,"enemies":"2 Thieves","floor":18,"turns":3},{"damage":0,"enemies":"Chosen","floor":21,"turns":2},{"damage":7,"enemies":"Book of Stabbing","floor":23,"turns":4},{"damage":6,"enemies":"Shelled Parasite and Fungi","floor":25,"turns":4},{"damage":0,"enemies":"Slavers","floor":27,"turns":3},{"damage":1,"enemies":"Snecko","floor":28,"turns":6},{"damage":9,"enemies":"Book of Stabbing","floor":30,"turns":3},{"damage":21,"enemies":"Collector","floor":33,"turns":5},{"damage":0,"enemies":"3 Darklings","floor":35,"turns":2},{"damage":0,"enemies":"3 Shapes","floor":37,"turns":2},{"damage":12,"enemies":"Writhing Mass","floor":38,"turns":3},{"damage":2,"enemies":"Reptomancer","floor":40,"turns":4},{"damage":0,"enemies":"Jaw Worm Horde","floor":41,"turns":2},{"damage":19,"enemies":"Nemesis","floor":42,"turns":5},{"damage":13,"enemies":"2 Orb Walkers","floor":44,"turns":4},{"damage":0,"enemies":"Giant Head","floor":46,"turns":1},{"damage":0,"enemies":"Reptomancer","floor":48,"turns":2},{"damage":49,"enemies":"Donu and Deca","floor":50,"turns":8},{"damage":39,"enemies":"Time Eater","floor":51,"turns":5}],"seed_played":"2933451464741958160","potions_obtained":[{"floor":7.0,"key":"FairyPotion"},{"floor":8,"key":"Ancient Potion"},{"floor":13,"key":"Regen Potion"},{"floor":16,"key":"SteroidPotion"},{"floor":25,"key":"Strength Potion"},{"floor":28,"key":"CunningPotion"},{"floor":30,"key":"Explosive Potion"},{"floor":38,"key":"PowerPotion"}],"is_trial":false,"path_per_floor":["M","?","?","?","$","E","M","E","T","T","M","E","M","M","R","B",null,"M","$","?","M","?","E","?","M","T","E","M","$","E","?","R","B",null,"M","?","M","M","?","E","M","E","T","?","$","E","$","E","R","B","B"],"character_chosen":"THE_SILENT","items_purchased":["Lee\u0027s Waffle","Crippling Poison","Snake Skull","Footwork","Sling","Die Die Die"],"campfire_rested":0,"item_purchase_floors":[5,5,19,19,45,47],"current_hp_per_floor":[58,47,52,17,78,62,61,43,43,43,41,4,4,3,3,8,71,70,70,70,70,70,73,72,72,72,72,71,71,62,62,62,47,66,70,70,74,64,64,70,74,61,61,58,58,60,60,64,64,35,0,0],"gold":99,"neow_bonus":"HUNDRED_GOLD","is_daily":false,"chose_seed":false,"campfire_upgraded":2,"win_rate":0.0,"timestamp":1611935808,"path_taken":["M","?","?","?","$","E","M","E","T","?","M","E","?","M","R","BOSS","M","?","?","?","?","E","?","M","T","E","M","$","E","?","R","BOSS","M","?","?","M","?","E","M","E","T","?","$","E","?","E","R","BOSS","BOSS"],"items_purchased_type":["Relic","Card","Relic","Card","Relic","Card"],"build_version":"2020-12-22","purchased_purges":2,"victory":false,"max_hp_per_floor":[66,66,71,71,78,78,78,92,92,92,92,92,92,92,92,92,92,94,94,94,94,94,104,72,72,72,72,72,72,72,72,72,72,72,72,72,74,76,76,78,80,80,80,82,82,84,84,86,86,86,86,86],"card_choices":[{"not_picked":["Sucker Punch","Catalyst"],"picked":"Poisoned Stab","floor":1.0},{"not_picked":["All Out Attack","Outmaneuver"],"picked":"After Image","floor":6.0},{"not_picked":["Blur","PiercingWail"],"picked":"Backflip","floor":7.0},{"not_picked":["Accuracy","Deflect"],"picked":"Terror","floor":8},{"not_picked":["Sucker Punch","Crippling Poison"],"picked":"Bane","floor":11},{"not_picked":["Doppelganger","Predator"],"picked":"Finisher","floor":12},{"not_picked":["Cloak And Dagger","Acrobatics"],"picked":"PiercingWail","floor":13},{"not_picked":["Backflip","Terror"],"picked":"Endless Agony","floor":14},{"not_picked":["Malaise","Glass Knife"],"picked":"Adrenaline","floor":16},{"not_picked":["Catalyst","Underhanded Strike+1","Accuracy"],"picked":"Singing Bowl","floor":18},{"not_picked":["Outmaneuver","Underhanded Strike"],"picked":"Prepared","floor":21},{"not_picked":["Crippling Poison","Slice"],"picked":"Blade Dance","floor":23},{"not_picked":["Blade Dance","Terror"],"picked":"All Out Attack","floor":25},{"not_picked":["All Out Attack+1","Deflect"],"picked":"Backflip","floor":27},{"not_picked":["Escape Plan","Skewer"],"picked":"Well Laid Plans","floor":28},{"not_picked":["Riddle With Holes","Flying Knee"],"picked":"Blade Dance+1","floor":30},{"not_picked":["Doppelganger","Tools of the Trade"],"picked":"Venomology","floor":33},{"not_picked":[],"picked":"Endless Agony","floor":35},{"not_picked":["Slice"],"picked":"Singing Bowl","floor":37},{"not_picked":["Slice+1"],"picked":"Singing Bowl","floor":38},{"not_picked":["Quick Slash+1"],"picked":"Singing Bowl","floor":40},{"not_picked":["Blade Dance"],"picked":"Singing Bowl","floor":41},{"not_picked":[],"picked":"Endless Agony+1","floor":42},{"not_picked":["Acrobatics+1"],"picked":"Singing Bowl","floor":44},{"not_picked":["Setup"],"picked":"Singing Bowl","floor":46},{"not_picked":["Poisoned Stab+1"],"picked":"Singing Bowl","floor":48}],"player_experience":1341298,"relics_obtained":[{"floor":6.0,"key":"Nunchaku"},{"floor":8,"key":"Mango"},{"floor":9,"key":"Singing Bowl"},{"floor":10,"key":"InkBottle"},{"floor":12,"key":"Du-Vu Doll"},{"floor":23,"key":"Pear"},{"floor":26,"key":"Paper Crane"},{"floor":27,"key":"The Specimen"},{"floor":30,"key":"Letter Opener"},{"floor":40,"key":"Meat on the Bone"},{"floor":42,"key":"Darkstone Periapt"},{"floor":44,"key":"TungstenRod"},{"floor":46,"key":"PreservedInsect"},{"floor":48,"key":"Juzu Bracelet"}],"event_choices":[{"damage_healed":0.0,"max_hp_gain":0.0,"max_hp_loss":0.0,"gold_gain":75.0,"event_name":"betterThird:BetterGoop","player_choice":"Gold","floor":2.0,"gold_loss":0.0,"damage_taken":11.0},{"damage_healed":0.0,"max_hp_gain":5.0,"max_hp_loss":0.0,"gold_gain":0.0,"event_name":"Big Fish","player_choice":"Donut","floor":3.0,"gold_loss":0.0,"damage_taken":0.0},{"damage_healed":0.0,"max_hp_gain":0.0,"max_hp_loss":0.0,"gold_gain":0.0,"event_name":"betterThird:BetterScrap","player_choice":"Relic ","floor":4.0,"gold_loss":0.0,"damage_taken":35.0,"cards_obtained":["WindmillStrike"]},{"damage_healed":0,"gold_gain":0,"player_choice":"Copied","damage_taken":0,"max_hp_gain":0,"max_hp_loss":0,"event_name":"Duplicator","floor":20,"gold_loss":0,"cards_obtained":["Adrenaline"]},{"damage_healed":0,"gold_gain":0,"player_choice":"Read","damage_taken":0,"max_hp_gain":0,"max_hp_loss":0,"event_name":"The Library","floor":22,"gold_loss":0,"cards_obtained":["Bouncing Flask"]},{"damage_healed":0,"gold_gain":0,"player_choice":"Became a vampire","damage_taken":0,"max_hp_gain":0,"max_hp_loss":32,"event_name":"Vampires","floor":24,"gold_loss":0,"cards_obtained":["Bite","Bite","Bite","Bite","Bite"]},{"damage_healed":0,"gold_gain":0,"player_choice":"Bought 1 Potion","damage_taken":0,"max_hp_gain":0,"max_hp_loss":0,"event_name":"The Woman in Blue","floor":31,"gold_loss":0},{"damage_healed":0,"gold_gain":0,"cards_transformed":["Defend_G"],"player_choice":"Transformed","damage_taken":0,"max_hp_gain":0,"max_hp_loss":0,"event_name":"Transmorgrifier","floor":36,"gold_loss":0,"cards_obtained":["Cloak And Dagger"]},{"damage_healed":0,"gold_gain":0,"player_choice":"Ignored","damage_taken":0,"max_hp_gain":0,"max_hp_loss":0,"event_name":"Tomb of Lord Red Mask","floor":39,"gold_loss":0},{"damage_healed":0,"gold_gain":0,"player_choice":"Fight","damage_taken":0,"max_hp_gain":0,"max_hp_loss":0,"event_name":"Mysterious Sphere","floor":44,"gold_loss":0}],"is_beta":false,"boss_relics":[{"not_picked":["Empty Cage","Sozu"],"picked":"HoveringKite"},{"not_picked":["Velvet Choker","Astrolabe"],"picked":"Busted Crown"}],"items_purged_floors":[29,45],"is_endless":false,"potions_floor_spawned":[7,8,13,14,16,25,27,28,30,35,37,38,44,48],"killed_by":"Time Eater","ascension_level":20}}