{"host":"3y2rtlgteqp2nuo3","time":1611915749,"event":{"mods":["2.2 Compatiblity","AchievementEnabler","BaseMod","Colored Map","DeckTracker","Highlight Path","Keyboard Shortcuts","Minty Spire (QoL Compilation)","Permanent Neow","Quick Restart","StSLib","SuperFastMode","everything is the same but u backflip on backflip"],"gold_per_floor":[111,130,146,158,173,193,193,222,222,222,239,254,254,254,254,349,349,359,379,69,69,69],"floor_reached":21,"language":"KOR","playtime":432,"items_purged":[],"score":259,"play_id":"6e75ec76-e8ab-4552-907a-00ddd61485f8","local_time":"20210129192229","is_ascension_mode":true,"campfire_choices":[{"data":"Bash","floor":7,"key":"SMITH"},{"data":"Wild Strike","floor":10,"key":"SMITH"},{"data":"Pommel Strike","floor":13,"key":"SMITH"},{"floor":15,"key":"REST"}],"circlet_count":0,"master_deck":["Strike_R","Strike_R","Defend_R","Defend_R","Defend_R","Defend_R","Bash+1","Spot Weakness","Wild Strike+1","Impervious","Reckless Charge","Shrug It Off","Pommel Strike+1","Second Wind"],"relics":["Burning Blood","Incense Burner","Shovel","Sundial","Empty Cage","Mango"],"acts_visited":["Exordium","TheCity"],"potions_floor_usage":[],"damage_taken":[{"damage":6,"enemies":"Cultist","floor":1,"turns":3},{"damage":12,"enemies":"Jaw Worm","floor":2,"turns":7},{"damage":4,"enemies":"Small Slimes","floor":3,"turns":4},{"damage":11,"enemies":"2 Fungi Beasts","floor":4,"turns":3},{"damage":20,"enemies":"Lots of Slimes","floor":5,"turns":6},{"damage":4,"enemies":"Exordium Wildlife","floor":6,"turns":4},{"damage":42,"enemies":"Gremlin Nob","floor":8,"turns":5},{"damage":3,"enemies":"Looter","floor":11,"turns":2},{"damage":0,"enemies":"3 Louse","floor":12,"turns":3},{"damage":29,"enemies":"The Guardian","floor":16,"turns":9},{"damage":33,"enemies":"Spheric Guardian","floor":18,"turns":4},{"damage":4,"enemies":"Chosen","floor":19,"turns":4},{"damage":58,"enemies":"3 Cultists","floor":21,"turns":7}],"seed_played":"6569917112887358166","potions_obtained":[{"floor":2,"key":"Fire Potion"},{"floor":8,"key":"BloodPotion"},{"floor":11,"key":"SkillPotion"}],"is_trial":false,"path_per_floor":["M","M","M","M","M","M","R","E","T","R","M","M","R","T","R","B",null,"M","M","$","M"],"character_chosen":"IRONCLAD","items_purchased":["Mango"],"campfire_rested":1,"item_purchase_floors":[20],"current_hp_per_floor":[72,66,68,63,49,51,51,15,15,15,18,24,24,24,48,25,66,39,41,55,0,0],"gold":69,"neow_bonus":"REMOVE_CARD","is_daily":false,"chose_seed":false,"campfire_upgraded":3,"win_rate":0.0,"timestamp":1611915749,"path_taken":["M","M","M","M","M","M","R","E","T","R","M","M","R","?","R","BOSS","M","M","$","M"],"items_purchased_type":["Relic"],"build_version":"2020-12-22","purchased_purges":0,"victory":false,"max_hp_per_floor":[80,80,80,80,80,80,80,80,80,80,80,80,80,80,80,80,80,80,80,94,94,94],"card_choices":[{"not_picked":["Twin Strike","Disarm"],"picked":"Spot Weakness","floor":1},{"not_picked":["Thunderclap","Armaments"],"picked":"Wild Strike","floor":2},{"not_picked":["Wild Strike","Perfected Strike","Rupture"],"picked":"SKIP","floor":3},{"not_picked":["Anger","Warcry"],"picked":"Impervious","floor":4},{"not_picked":["Metallicize","Havoc"],"picked":"Reckless Charge","floor":5},{"not_picked":["Headbutt","Spot Weakness","Combust"],"picked":"SKIP","floor":6},{"not_picked":["Wild Strike","True Grit"],"picked":"Shrug It Off","floor":8},{"not_picked":["Thunderclap","Anger","Intimidate"],"picked":"SKIP","floor":11},{"not_picked":["Iron Wave","Havoc"],"picked":"Pommel Strike","floor":12},{"not_picked":["Headbutt","Combust"],"picked":"Second Wind","floor":18},{"not_picked":["True Grit","Seeing Red","Anger"],"picked":"SKIP","floor":19}],"player_experience":730480,"relics_obtained":[{"floor":8,"key":"Incense Burner"},{"floor":9,"key":"Shovel"},{"floor":14,"key":"Sundial"}],"event_choices":[],"is_beta":false,"boss_relics":[{"not_picked":["SacredBark","Coffee Dripper"],"picked":"Empty Cage"}],"items_purged_floors":[],"is_endless":false,"potions_floor_spawned":[2,8,11,12,16,19],"killed_by":"3 Cultists","ascension_level":8}}