{"host":"pgm1p3lvdjflie30","time":1611889053,"event":{"mods":["100% Spire Juice","ATMod(阿瑾Mod)","AchievementEnabler","Act Like it!","Alarm Clock","Aspiration","BaseMod","Challenge The Spire","Colored Map","Colored Powertips","Conspire","Dark Map","Dota2Spire","Downfall","Energized Spire","Faster Ascension Climbing","Gensokyo","Gremlin Mod","GungeonMod","Hallownest","Hermit","Highlight Path","HornydragonMod","Jedi Mod","Minty Spire (QoL Compilation)","MostiFishMod","Pale of the Ancients","Permanent Neow","Quarter Circle Forward PUNCH!","Quick Restart","Relic Stats","Replay The Spire","Robot Space Explorer","Spicy Shops","StSLib","TestMod","The Construct","The Gatherer","The Hayseed","The IronCluck","The Jungle","Waifu the Spire","[GremlinLeader]The Maniac","【功能Mod】混沌之?修复?丁","【?物卡牌】REMEMod","?留之物","篝火指南"],"gold_per_floor":[216,230,244,259,278,278,304,304,328,353,370,402,402,420,420,528,540,572,594,625,637,665,707,719,766,860,925,937,993,1035,1077,1089,1241,1253,1292,1334,1377,1409,1453,1465,1536,1584,1596,1637,1676,1764,1853,1901,917,959,971,26,37,81,135],"floor_reached":56,"language":"ZHS","playtime":2693,"items_purged":["maniac:Defend","maniac:Defend"],"score":1796,"play_id":"6cece7de-14f9-461c-9616-53f85377b52a","local_time":"20210129105733","is_ascension_mode":false,"campfire_choices":[{"floor":6,"key":"RECALL"},{"data":"maniac:BladesInCloak","floor":8,"key":"SMITH"},{"data":"maniac:BladeShoot","floor":13,"key":"SMITH"},{"floor":15,"key":"DIG"},{"data":"maniac:Collecting","floor":24,"key":"SMITH"},{"data":"Slimebound:CheckThePlaybook","floor":28,"key":"SMITH"},{"data":"maniac:BladesInCloak","floor":32,"key":"SMITH"},{"data":"maniac:BladesInCloak","floor":40,"key":"SMITH"}],"circlet_count":0,"master_deck":["maniac:Strike+1","maniac:Strike+1","maniac:Strike+1","maniac:Strike+1","maniac:Strike+1","maniac:Defend","maniac:BurnBlood","maniac:AbyssShackle","sneckomod:UnknownRarePower","AT_FamilyPortrait+1","maniac:SorceryHour+1","maniac:SpectralKnives","maniac:BladesInCloak+1","maniac:BladeShoot","maniac:BladeShoot+1","maniac:ExceedEnchantment","maniac:Whirlscythe","maniac:Confront","maniac:ShelteringEdge","maniac:FoilArmor","maniac:Collecting+1","CurseOfTheBell","maniac:BladeEnd","maniac:BladesInCloak+1","maniac:BladeShoot","Slimebound:CheckThePlaybook+1","maniac:EndOfTheRoad","maniac:SecretBackups","maniac:UntravelledPath","maniac:BladeShoot+1","maniac:BladeShoot","maniac:Infuriate+1","maniac:Trap+1","maniac:HammerDown+1","maniac:Confront+1","maniac:GlassScratch","maniac:BladesInCloak+1","maniac:Intimidate+1","maniac:Deal+1","maniac:Assassinate+1","maniac:ForsakenHand+1","maniac:Quickdraw+1","maniac:Refine+1","maniac:Confront","maniac:Refine+1","Injury","maniac:BladeShoot+1","maniac:PanickyParry+1","maniac:ArmToTheTeeth+1","maniac:Infuriate","maniac:FindAShortcut+1"],"relics":["maniac:DamagedAnvil","maniac:BrokenHorn","AT_ATBox","DaveBox","testmod-TestBox","REME_ComplimentaryCards","testmod-Fortitude","PatriotShield","SynthV:TestCard","DemoMod:GlassGuonStoneRelic","REME_IWantAll","AT_ArchangelStaff","qcfpunch:Unceasing_Flame","MawBank","Calling Bell","Dota2Spire:EchoSabre","DemoMod:GundromedaStrain","Replay:Bottled Eggs","Replay:Bandana","Golden Egg","Dota2Spire:CrimsonGuard","Ancient Tea Set","testmod-TheFather","Red Mask","Black Star","TheSimpletonMod:PicklingJar","conspire:GlowingRock","Akabeko","Blue Candle","jedi:purplefairy","Mercury Hourglass","War Paint","aspiration:Nostalgia","Iron Core","TungstenRod","SynthV","Dota2Spire:DrumOfEndurance","Dota2Spire:PowerTreads","qcfpunch:Red_Beret","DemoMod:PoisonVial","Dota2Spire:MonkeyKingBar","Toolbox","AT_ChloranthyRing","DemoMod:BlueGuonStone","ReplayTheSpireMod:CursedCoin","Centennial Puzzle","Dota2Spire:UrnOfShadows","qcfpunch:Black_Training_Shirt"],"acts_visited":["Exordium","TheCity","TheBeyond","TheEnding"],"potions_floor_usage":[7,7,20,22,23,23,23,39,55,55],"damage_taken":[{"damage":0,"enemies":"Jaw Worm","floor":1,"turns":1},{"damage":0,"enemies":"2 Louse","floor":2,"turns":1},{"damage":0,"enemies":"Small Slimes","floor":3,"turns":2},{"damage":0,"enemies":"Exordium Thugs","floor":4,"turns":2},{"damage":0,"enemies":"Exordium Wildlife","floor":5,"turns":2},{"damage":0,"enemies":"Gremlin Nob","floor":7,"turns":2},{"damage":0,"enemies":"3 Sentries","floor":10,"turns":2},{"damage":0,"enemies":"3 Louse","floor":11,"turns":2},{"damage":0,"enemies":"conspire:MimicChest","floor":12,"turns":1},{"damage":0,"enemies":"2 Fungi Beasts","floor":14,"turns":1},{"damage":0,"enemies":"Fading Forest","floor":16,"turns":5},{"damage":0,"enemies":"conspire:FuzzyDice","floor":18,"turns":2},{"damage":0,"enemies":"3 Byrds","floor":19,"turns":3},{"damage":0,"enemies":"Sentry and Sphere","floor":20,"turns":2},{"damage":3,"enemies":"Cultist and Chosen","floor":22,"turns":2},{"damage":0,"enemies":"REME_1_Revenger","floor":23,"turns":2},{"damage":0,"enemies":"3 Cultists","floor":25,"turns":2},{"damage":0,"enemies":"conspire:Head Lice","floor":27,"turns":2},{"damage":0,"enemies":"Masked Bandits","floor":29,"turns":1},{"damage":0,"enemies":"Chosen and Byrds","floor":30,"turns":2},{"damage":0,"enemies":"Sentry and Sphere","floor":31,"turns":1},{"damage":0,"enemies":"Collector","floor":33,"turns":2},{"damage":0,"enemies":"3 Darklings","floor":35,"turns":2},{"damage":0,"enemies":"Orb Walker","floor":36,"turns":1},{"damage":6,"enemies":"4 Shapes","floor":37,"turns":1},{"damage":0,"enemies":"Writhing Mass","floor":39,"turns":2},{"damage":0,"enemies":"R_Hoarder","floor":41,"turns":2},{"damage":5,"enemies":"Transient","floor":42,"turns":5},{"damage":3,"enemies":"Sphere and 2 Shapes","floor":44,"turns":1},{"damage":0,"enemies":"Jaw Worm Horde","floor":45,"turns":2},{"damage":1,"enemies":"Giant Head","floor":46,"turns":2},{"damage":0,"enemies":"Transient","floor":47,"turns":4},{"damage":0,"enemies":"3 Darklings","floor":48,"turns":2},{"damage":0,"enemies":"Donu and Deca","floor":50,"turns":2},{"damage":0,"enemies":"Shield and Spear","floor":54,"turns":1},{"damage":0,"enemies":"The Heart","floor":55,"turns":2}],"seed_played":"-6124874761121601452","potions_obtained":[{"floor":4,"key":"Reflective Coating"},{"floor":5,"key":"jedi:StrikingPotion"},{"floor":7,"key":"testmod-SpacePotion"},{"floor":14,"key":"Dota2Spire:HealingSalve"},{"floor":16,"key":"Regen Potion"},{"floor":18,"key":"TheSimpletonMod:MoonshinePotion"},{"floor":20,"key":"SkillPotion"},{"floor":23,"key":"Strength Potion"},{"floor":27,"key":"SkillPotion"},{"floor":31,"key":"Strength Potion"},{"floor":33,"key":"AttackPotion"},{"floor":42,"key":"bronze:BurnAndBuffPotion"}],"is_trial":false,"path_per_floor":["M","M","M","M","M","R","E","R","T","E","M","?","R","M","R_BF","B",null,"M","M","M","?","M","E","R","M","T","E","R","?","M","M","R","B",null,"M","M","M","M","M","R","E","M","T","M","M","E","M","M","R","B",null,"R","$","E","B",null],"character_chosen":"THE_MANIAC","items_purchased":["aspiration:Nostalgia","TungstenRod","SynthV","Dota2Spire:DrumOfEndurance","Dota2Spire:PowerTreads","qcfpunch:Red_Beret","DemoMod:PoisonVial","Dota2Spire:MonkeyKingBar","Toolbox","AT_ChloranthyRing","DemoMod:BlueGuonStone","ReplayTheSpireMod:CursedCoin","Centennial Puzzle"],"campfire_rested":0,"item_purchase_floors":[49,49,49,49,49,49,52,52,52,52,52,53,53],"current_hp_per_floor":[80,80,80,80,80,80,80,80,80,80,80,80,80,80,80,80,80,80,80,80,52,49,52,52,52,52,52,52,52,52,52,52,52,80,80,80,74,74,74,74,74,69,69,66,66,65,65,65,65,65,80,80,80,85,85],"gold":135,"neow_bonus":"HUNDRED_GOLD","is_daily":false,"chose_seed":false,"campfire_upgraded":6,"win_rate":0.0,"timestamp":1611889053,"path_taken":["M","M","M","M","M","R","E","R","T","E","M","?","R","M","R_BF","BOSS","M","M","M","?","M","E","R","M","T","E","R","?","M","M","R","BOSS","M","M","M","M","M","R","E","M","T","M","M","E","M","M","R","BOSS","R","$","E","BOSS"],"items_purchased_type":["Relic","Relic","Relic","Relic","Relic","Relic","Relic","Relic","Relic","Relic","Relic","Relic","Relic"],"build_version":"2020-12-22","purchased_purges":2,"victory":true,"max_hp_per_floor":[80,80,80,80,80,80,80,80,80,80,80,80,80,80,80,80,80,80,80,80,80,80,80,80,80,80,80,80,80,80,80,80,80,80,80,80,80,80,80,80,80,80,80,80,80,80,80,80,80,80,80,80,80,85,85],"relic_stats":{"Centennial Puzzle":[0],"counters":[37,72],"Blue Candle":[1],"Black Star":3,"War Paint":["maniac:SorceryHour","AT_FamilyPortrait"],"MawBank":456,"obtain_stats":[{"Dota2Spire:EchoSabre":17,"Golden Egg":25,"PatriotShield":0,"Iron Core":49,"Dota2Spire:PowerTreads":49,"DemoMod:BlueGuonStone":52,"AT_ATBox":0,"DaveBox":0,"DemoMod:PoisonVial":52,"SynthV":49,"Dota2Spire:DrumOfEndurance":49,"DemoMod:GlassGuonStoneRelic":4,"qcfpunch:Red_Beret":49,"REME_IWantAll":7,"AT_ArchangelStaff":10,"qcfpunch:Unceasing_Flame":12,"Ancient Tea Set":27,"maniac:BrokenHorn":0,"Replay:Bandana":23,"conspire:GlowingRock":41,"Centennial Puzzle":53,"Dota2Spire:CrimsonGuard":26,"Toolbox":52,"testmod-TheFather":29,"Red Mask":29,"Replay:Bottled Eggs":17,"TheSimpletonMod:PicklingJar":38,"AT_ChloranthyRing":52,"maniac:DamagedAnvil":0,"testmod-TestBox":0,"Dota2Spire:UrnOfShadows":54,"aspiration:Nostalgia":49,"ReplayTheSpireMod:CursedCoin":53,"Blue Candle":43,"qcfpunch:Black_Training_Shirt":54,"jedi:purplefairy":45,"War Paint":46,"MawBank":15,"Akabeko":41,"Mercury Hourglass":46,"testmod-Fortitude":0,"Calling Bell":17,"SynthV:TestCard":1,"DemoMod:GundromedaStrain":17,"Black Star":34,"Dota2Spire:MonkeyKingBar":52,"TungstenRod":49,"REME_ComplimentaryCards":0},{"Dota2Spire:EchoSabre":11,"Golden Egg":17,"PatriotShield":0,"Iron Core":34,"Dota2Spire:PowerTreads":34,"DemoMod:BlueGuonStone":35,"AT_ATBox":0,"DaveBox":0,"DemoMod:PoisonVial":35,"SynthV":34,"Dota2Spire:DrumOfEndurance":34,"DemoMod:GlassGuonStoneRelic":4,"qcfpunch:Red_Beret":34,"REME_IWantAll":6,"AT_ArchangelStaff":7,"qcfpunch:Unceasing_Flame":9,"Ancient Tea Set":18,"maniac:BrokenHorn":0,"Replay:Bandana":16,"conspire:GlowingRock":28,"Centennial Puzzle":35,"Dota2Spire:CrimsonGuard":17,"Toolbox":35,"testmod-TheFather":19,"Red Mask":19,"Replay:Bottled Eggs":11,"TheSimpletonMod:PicklingJar":26,"AT_ChloranthyRing":35,"maniac:DamagedAnvil":0,"testmod-TestBox":0,"Dota2Spire:UrnOfShadows":36,"aspiration:Nostalgia":34,"ReplayTheSpireMod:CursedCoin":35,"Blue Candle":29,"qcfpunch:Black_Training_Shirt":36,"jedi:purplefairy":31,"War Paint":32,"MawBank":10,"Akabeko":28,"Mercury Hourglass":32,"testmod-Fortitude":0,"Calling Bell":11,"SynthV:TestCard":1,"DemoMod:GundromedaStrain":11,"Black Star":22,"Dota2Spire:MonkeyKingBar":35,"TungstenRod":34,"REME_ComplimentaryCards":0},{"Dota2Spire:EchoSabre":21,"Golden Egg":33,"PatriotShield":0,"Iron Core":67,"Dota2Spire:PowerTreads":67,"DemoMod:BlueGuonStone":69,"AT_ATBox":0,"DaveBox":0,"DemoMod:PoisonVial":69,"SynthV":67,"Dota2Spire:DrumOfEndurance":67,"DemoMod:GlassGuonStoneRelic":6,"qcfpunch:Red_Beret":67,"REME_IWantAll":10,"AT_ArchangelStaff":12,"qcfpunch:Unceasing_Flame":15,"Ancient Tea Set":36,"maniac:BrokenHorn":0,"Replay:Bandana":32,"conspire:GlowingRock":51,"Centennial Puzzle":69,"Dota2Spire:CrimsonGuard":34,"Toolbox":69,"testmod-TheFather":37,"Red Mask":37,"Replay:Bottled Eggs":21,"TheSimpletonMod:PicklingJar":47,"AT_ChloranthyRing":69,"maniac:DamagedAnvil":0,"testmod-TestBox":0,"Dota2Spire:UrnOfShadows":70,"aspiration:Nostalgia":67,"ReplayTheSpireMod:CursedCoin":69,"Blue Candle":56,"qcfpunch:Black_Training_Shirt":70,"jedi:purplefairy":59,"War Paint":61,"MawBank":16,"Akabeko":51,"Mercury Hourglass":61,"testmod-Fortitude":0,"Calling Bell":21,"SynthV:TestCard":1,"DemoMod:GundromedaStrain":21,"Black Star":42,"Dota2Spire:MonkeyKingBar":69,"TungstenRod":67,"REME_ComplimentaryCards":0}],"TungstenRod":27,"Mercury Hourglass":[48]},"card_choices":[{"not_picked":["maniac:Retrospect","maniac:HammerStrike"],"picked":"maniac:SorceryHour","floor":1},{"not_picked":["maniac:WardAndDefend","maniac:Intimidate","maniac:MeleeStrike","maniac:Assassinate"],"picked":"maniac:SpectralKnives","floor":2},{"not_picked":["maniac:ShatteredShield","maniac:ListenToNone","maniac:UndyingDesire","maniac:Refine"],"picked":"maniac:BladesInCloak","floor":3},{"not_picked":["maniac:UndyingDesire","maniac:ShelteringEdge","maniac:Quickdraw","maniac:ColdHeart"],"picked":"maniac:BladeShoot","floor":4},{"not_picked":["maniac:ObscuredAttack","maniac:PanickyParry","maniac:Exterminator","maniac:ForsakenHand"],"picked":"maniac:BladeShoot","floor":5},{"not_picked":["maniac:Reforge","maniac:LootBarrage","maniac:BladeShoot","maniac:Refine"],"picked":"maniac:ExceedEnchantment","floor":7},{"not_picked":["maniac:FoilArmor","maniac:LootBarrage","maniac:FanTheHammer","maniac:MeleeStrike"],"picked":"maniac:Whirlscythe","floor":10},{"not_picked":["maniac:UntravelledPath","maniac:ShelteringEdge","maniac:Intimidate","maniac:AllOutAttack"],"picked":"maniac:Confront","floor":11},{"not_picked":["maniac:UntravelledPath","maniac:SorceryHour","maniac:Retrospect","maniac:DashForward"],"picked":"maniac:ShelteringEdge","floor":12},{"not_picked":["maniac:Intimidate","maniac:FindAShortcut","maniac:Confront","maniac:ManipulatedFaith"],"picked":"maniac:FoilArmor","floor":14},{"not_picked":["maniac:ShadowContact","maniac:FanTheHammer","maniac:RallyToMe","maniac:ForsakenHand"],"picked":"maniac:Collecting","floor":16},{"not_picked":["maniac:MeleeStrike+1","maniac:ShatteredShield","maniac:Intimidate","maniac:UntravelledPath"],"picked":"maniac:BladeEnd","floor":18},{"not_picked":["maniac:ListenToNone+1","maniac:AlleviatingSorcery","maniac:Refine+1","maniac:Intimidate"],"picked":"maniac:BladesInCloak","floor":19},{"not_picked":["maniac:ListenToNone","maniac:MeleeStrike","maniac:UndyingDesire","maniac:BladeEnd"],"picked":"maniac:BladeShoot","floor":20},{"not_picked":["maniac:ListenToNone+1","maniac:PanickyParry+1","maniac:AlleviatingSorcery","maniac:WardAndDefend+1"],"picked":"maniac:EndOfTheRoad","floor":22},{"not_picked":["maniac:ForsakenHand","maniac:ShelteringEdge","maniac:DashForward+1","maniac:FindAShortcut"],"picked":"maniac:SecretBackups","floor":23},{"not_picked":["maniac:Intimidate","maniac:Infuriate","maniac:ListenToNone+1","maniac:AlleviatingSorcery"],"picked":"maniac:UntravelledPath","floor":25},{"not_picked":["maniac:Retrospect","maniac:SpectralKnives+1","maniac:ShatteredShield","maniac:ArmToTheTeeth"],"picked":"maniac:BladeShoot+1","floor":27},{"not_picked":["maniac:ShelteringEdge","maniac:Blastwave","maniac:Recollect","maniac:WardAndDefend+1"],"picked":"maniac:BladeShoot","floor":29},{"not_picked":["maniac:ShelteringEdge+1","maniac:Intimidate","maniac:ManipulatedFaith","maniac:ColdHeart"],"picked":"maniac:Infuriate+1","floor":30},{"not_picked":["maniac:SpectralKnives","maniac:BladesInCloak+1","maniac:Recollect+1","maniac:BladeEnd+1"],"picked":"maniac:Trap","floor":31},{"not_picked":["maniac:ShadowContact","maniac:Trap","maniac:UnseenTerror","maniac:ReachVictory"],"picked":"maniac:HammerDown","floor":33},{"not_picked":["maniac:ShelteringEdge+1","maniac:WitnessTrueSorcery+1","maniac:FindAShortcut","maniac:MeleeStrike+1"],"picked":"maniac:Confront+1","floor":35},{"not_picked":["maniac:Infuriate","maniac:ManipulatedFaith","maniac:UntravelledPath+1","maniac:Confront"],"picked":"maniac:GlassScratch","floor":36},{"not_picked":["maniac:BladeShoot","maniac:AllOutAttack+1","maniac:BladeEnd","maniac:Intimidate"],"picked":"maniac:BladesInCloak","floor":37},{"not_picked":["maniac:UntravelledPath+1","maniac:ShelteringEdge","maniac:UndyingDesire+1","maniac:AllOutAttack+1"],"picked":"maniac:Intimidate+1","floor":39},{"not_picked":["maniac:BladesInCloak","maniac:SpectralKnives","maniac:SeekerKnife","maniac:Refine"],"picked":"maniac:Deal","floor":41},{"not_picked":["maniac:DashForward+1","maniac:ListenToNone+1","maniac:Intimidate+1","maniac:Refine"],"picked":"maniac:Assassinate+1","floor":42},{"not_picked":["maniac:SpectralKnives+1","maniac:ShelteringEdge","maniac:FoilArmor+1","maniac:DashForward"],"picked":"maniac:ForsakenHand","floor":44},{"not_picked":["maniac:BladesInCloak","maniac:BladeShoot","maniac:WardAndDefend+1","maniac:UntravelledPath+1"],"picked":"maniac:Quickdraw+1","floor":45},{"not_picked":["maniac:FindAShortcut","maniac:Reforge+1","maniac:PanickyParry+1","maniac:Intimidate"],"picked":"maniac:Refine+1","floor":46},{"not_picked":["maniac:FindAShortcut+1","maniac:BladeEnd","maniac:ListenToNone","maniac:DashForward+1"],"picked":"maniac:Confront","floor":47},{"not_picked":["maniac:Intimidate+1","maniac:Feint","maniac:DashForward+1","maniac:ExceedEnchantment"],"picked":"maniac:Refine+1","floor":48},{"not_picked":["maniac:BladeShoot+1","maniac:PanickyParry+1","maniac:ArmToTheTeeth+1","maniac:Infuriate","maniac:FindAShortcut+1"],"picked":"Singing Bowl","floor":54}],"player_experience":335622,"relics_obtained":[{"floor":1,"key":"SynthV:TestCard"},{"floor":7,"key":"REME_IWantAll"},{"floor":10,"key":"AT_ArchangelStaff"},{"floor":12,"key":"qcfpunch:Unceasing_Flame"},{"floor":15,"key":"MawBank"},{"floor":17,"key":"Dota2Spire:EchoSabre"},{"floor":17,"key":"DemoMod:GundromedaStrain"},{"floor":17,"key":"Replay:Bottled Eggs"},{"floor":23,"key":"Replay:Bandana"},{"floor":26,"key":"Dota2Spire:CrimsonGuard"},{"floor":27,"key":"Ancient Tea Set"},{"floor":29,"key":"Red Mask"},{"floor":41,"key":"conspire:GlowingRock"},{"floor":41,"key":"Akabeko"},{"floor":43,"key":"Blue Candle"},{"floor":46,"key":"Mercury Hourglass"},{"floor":46,"key":"War Paint"},{"floor":54,"key":"Dota2Spire:UrnOfShadows"},{"floor":54,"key":"qcfpunch:Black_Training_Shirt"}],"event_choices":[{"damage_healed":0,"gold_gain":0,"player_choice":"Fought Bandits","damage_taken":0,"max_hp_gain":0,"max_hp_loss":0,"event_name":"Masked Bandits","floor":29,"gold_loss":0}],"is_beta":false,"boss_relics":[{"not_picked":["Ring of Chaos","Coffee Dripper"],"picked":"Calling Bell"},{"not_picked":["aspiration:SecretTechniqueScroll","TimeKeys"],"picked":"Black Star"}],"items_purged_floors":[49,49],"is_endless":false,"potions_floor_spawned":[4,5,7,14,16,18,20,23,27,31,33,37,42,45,46,47],"ascension_level":0}}