{"host":"igj4vwc42ivwqexo","time":1611927147,"event":{"mods":["BaseMod","Better Third Choice","Koishi","Marisa????????","Minty Spire (QoL Compilation)","Potionbrewer","Shop Mod","StS++","StSLib","The Disciple","The Hierophant","The Sage","The Servant 0.9.4"],"gold_per_floor":[119,119,137,155,173,173,206,220,220,220,240,251,201,201,201,306,306,318,318,56,66,66,99,99,99,99,99,117,146,146,146],"floor_reached":30,"language":"ENG","playtime":3962,"items_purged":[],"score":320,"play_id":"fcec6c4c-d08b-4608-a0dd-5a2c2c857cff","local_time":"20210129143227","is_ascension_mode":false,"campfire_choices":[{"data":"KidneyShot","floor":6,"key":"SMITH"},{"data":"Read","floor":15,"key":"SMITH"},{"data":"SoulSculpture","floor":24,"key":"SMITH"},{"data":"Luminosity","floor":27,"key":"SMITH"}],"circlet_count":0,"master_deck":["Strike_S","Defend_S","Defend_S","KidneyShot+1","Exchange","RealityMarble","GearUp","Read+1","Luminosity+1","Deny","Ricochet","Desolation","StarChef","Regret","SoulSculpture+1","SoulSculpture+1","SurpressingFire+1","Defy+1","Moonlight","ShatteredReality+1","Read+1","MurderousAura"],"relics":["Uniform","Pantograph","Potion Belt","Astrolabe","Nloth\u0027s Gift","Question Card","Nilry\u0027s Codex","Lizard Tail","Pear","StSpp:WoodenPendulum"],"acts_visited":["Exordium","TheCity"],"potions_floor_usage":[5,7,21,23,30],"damage_taken":[{"damage":3,"enemies":"Jaw Worm","floor":1,"turns":4},{"damage":4,"enemies":"Cultist","floor":3,"turns":5},{"damage":4,"enemies":"2 Louse","floor":4,"turns":4},{"damage":5,"enemies":"Looter","floor":5,"turns":3},{"damage":0,"enemies":"3 Sentries","floor":7,"turns":17},{"damage":10,"enemies":"Gremlin Gang","floor":8,"turns":7},{"damage":6,"enemies":"2 Fungi Beasts","floor":11,"turns":3},{"damage":0,"enemies":"Large Slime","floor":12,"turns":6},{"damage":34,"enemies":"Hexaghost","floor":16,"turns":20},{"damage":0,"enemies":"Spheric Guardian","floor":18,"turns":6},{"damage":21,"enemies":"3 Byrds","floor":21,"turns":5},{"damage":2,"enemies":"Book of Stabbing","floor":23,"turns":6},{"damage":2,"enemies":"Snake Plant","floor":28,"turns":6},{"damage":44,"enemies":"Gremlin Leader","floor":29,"turns":10},{"damage":24,"enemies":"Colosseum Slavers","floor":30,"turns":5},{"damage":17,"enemies":"Colosseum Nobs","floor":30,"turns":2}],"seed_played":"-5459800419900833556","potions_obtained":[{"floor":1,"key":"Fire Potion"},{"floor":5,"key":"SkillPotion"},{"floor":7,"key":"StSpp:SecondWindPotion"},{"floor":12,"key":"SpeedPotion"},{"floor":16,"key":"Block Potion"},{"floor":18,"key":"potionbrewer:EndurancePotion"},{"floor":29,"key":"Weak Potion"}],"is_trial":false,"path_per_floor":["M","?","M","M","M","R","E","M","T","?","M","M","?","?","R","B",null,"M","?","$","M","?","E","R","?","T","R","M","E","?"],"character_chosen":"THE_SERVANT","items_purchased":["Question Card"],"campfire_rested":0,"item_purchase_floors":[20],"current_hp_per_floor":[68,61,57,53,48,48,48,38,38,71,65,65,65,65,65,37,71,71,71,71,50,34,32,32,32,42,42,40,40,0,0],"gold":146,"neow_bonus":"TEN_PERCENT_HP_BONUS","is_daily":false,"chose_seed":false,"campfire_upgraded":4,"win_rate":0.0,"timestamp":1611927147,"path_taken":["M","?","M","M","M","R","E","M","T","?","?","M","?","?","R","BOSS","M","?","$","?","?","E","R","?","T","R","?","E","?"],"items_purchased_type":["Relic"],"build_version":"2020-12-22","purchased_purges":0,"victory":false,"max_hp_per_floor":[71,71,71,71,71,71,71,71,71,71,71,71,71,71,71,71,71,71,71,71,71,71,71,71,71,81,81,81,81,81,81],"card_choices":[{"not_picked":["DualDimension","Moonlight"],"picked":"RealityMarble","floor":1},{"not_picked":["DoubleEdge","Potential"],"picked":"GearUp","floor":3},{"not_picked":["BottledTime","DoubleEdge"],"picked":"Read","floor":4},{"not_picked":["MoonPhase","Gouge"],"picked":"Luminosity","floor":5},{"not_picked":["Rearm","Defy"],"picked":"Deny","floor":7},{"not_picked":["TimeWarp","Contraction"],"picked":"Ricochet","floor":8},{"not_picked":["Barrier","Ricochet"],"picked":"Desolation","floor":11},{"not_picked":["DoubleEdge","Spin"],"picked":"StarChef","floor":12},{"not_picked":["Dilation","ForgedInTime"],"picked":"SoulSculpture","floor":16},{"not_picked":["ShatteredReality","Comet"],"picked":"Moonlight","floor":18},{"not_picked":["Advance","Revamp","Alleviate"],"picked":"ShatteredReality+1","floor":21},{"not_picked":["Dilation","Alleviate+1","DoubleEdge"],"picked":"Read+1","floor":23},{"not_picked":["Spin","Replace","TimeWarp+1","MoonPhase"],"picked":"SKIP","floor":28},{"not_picked":["Spin","Replace","InstantArmor"],"picked":"MurderousAura","floor":29}],"player_experience":399524,"relics_obtained":[{"floor":7,"key":"Pantograph"},{"floor":9,"key":"Ornamental Fan"},{"floor":22,"key":"Nilry\u0027s Codex"},{"floor":23,"key":"Lizard Tail"},{"floor":26,"key":"Pear"},{"floor":29,"key":"StSpp:WoodenPendulum"}],"event_choices":[{"cards_removed":["Strike_S"],"damage_healed":0,"gold_gain":0,"player_choice":"Card Removal","damage_taken":7,"max_hp_gain":0,"max_hp_loss":0,"event_name":"Golden Wing","floor":2,"gold_loss":0},{"damage_healed":33,"gold_gain":0,"player_choice":"Full Heal","damage_taken":0,"max_hp_gain":0,"max_hp_loss":0,"event_name":"Wheel of Change","floor":10,"gold_loss":0},{"cards_removed":["Defend_S"],"damage_healed":0,"gold_gain":0,"player_choice":"Card Removal","damage_taken":0,"max_hp_gain":0,"max_hp_loss":0,"event_name":"The Cleric","floor":13,"gold_loss":50},{"damage_healed":0,"gold_gain":0,"player_choice":"Box","damage_taken":0,"relics_obtained":["Potion Belt"],"max_hp_gain":0,"max_hp_loss":0,"event_name":"Big Fish","floor":14,"gold_loss":0,"cards_obtained":["Regret"]},{"damage_healed":0,"gold_gain":0,"player_choice":"Traded Relic","damage_taken":0,"relics_obtained":["Nloth\u0027s Gift"],"max_hp_gain":0,"max_hp_loss":0,"event_name":"N\u0027loth","floor":19,"relics_lost":["Ornamental Fan"],"gold_loss":0},{"damage_healed":0,"gold_gain":0,"player_choice":"Obtained Book","damage_taken":16,"max_hp_gain":0,"max_hp_loss":0,"event_name":"Cursed Tome","floor":22,"gold_loss":0},{"damage_healed":0,"gold_gain":0,"player_choice":"Bought 0 Potions","damage_taken":0,"max_hp_gain":0,"max_hp_loss":0,"event_name":"The Woman in Blue","floor":25,"gold_loss":0},{"damage_healed":0,"gold_gain":0,"player_choice":"Fight","damage_taken":0,"max_hp_gain":0,"max_hp_loss":0,"event_name":"Colosseum","floor":30,"gold_loss":0},{"damage_healed":0,"gold_gain":0,"player_choice":"Fought Nobs","damage_taken":0,"max_hp_gain":0,"max_hp_loss":0,"event_name":"Colosseum","floor":30,"gold_loss":0}],"is_beta":false,"boss_relics":[{"not_picked":["StoneMask","Philosopher\u0027s Stone"],"picked":"Astrolabe"}],"items_purged_floors":[],"is_endless":false,"potions_floor_spawned":[1,5,7,12,16,18,29,30],"killed_by":"Colosseum Nobs","ascension_level":0}}