{"host":"w01zow3jg16g8jdh","time":1611931470,"event":{"mods":["AchievementEnabler","BaseMod","DeckTracker","Keyboard Shortcuts","Minty Spire (QoL Compilation)","Permanent Neow","StSLib","SuperFastMode"],"gold_per_floor":[111,126,139,153,166,166,198,198,198,239,262,283,233,249,249,340,340,361,376,376,395,265,265,277,277,300,43,74,74,24,58,58,135,135,152,102,102,154,154,154,188,188,240,255,271,271,5,22,22,22,22,22,22,22,47,47],"floor_reached":57,"language":"KOR","playtime":1350,"items_purged":["Strike_G","Defend_G","Strike_G","Strike_G","Defend_G","Unload"],"score":2764,"play_id":"28162314-c3ce-48b4-84c4-0afddbc7e7b2","local_time":"20210129234430","is_ascension_mode":true,"campfire_choices":[{"data":"Corpse Explosion","floor":6.0,"key":"SMITH"},{"floor":15.0,"key":"REST"},{"floor":23.0,"key":"REST"},{"data":"Burst","floor":29.0,"key":"SMITH"},{"floor":32.0,"key":"REST"},{"data":"Catalyst","floor":40,"key":"SMITH"},{"data":"Well Laid Plans","floor":42,"key":"SMITH"},{"data":"Acrobatics","floor":46,"key":"SMITH"},{"floor":49,"key":"RECALL"},{"floor":53,"key":"DIG"}],"circlet_count":0,"master_deck":["AscendersBane","Strike_G","Defend_G+1","Defend_G","Survivor+1","Neutralize","Corpse Explosion+1","Backflip","PiercingWail","Underhanded Strike","Dagger Throw","Acrobatics+1","Burst+1","Prepared+1","Well Laid Plans+1","Noxious Fumes+1","Catalyst+1","Adrenaline"],"relics":["Ring of the Snake","Blood Vial","Bloody Idol","Smiling Mask","Ancient Tea Set","SacredBark","War Paint","PreservedInsect","Frozen Egg 2","Gremlin Horn","HoveringKite","Shovel","Art of War","Membership Card","Kunai","Boot"],"acts_visited":["Exordium","TheCity","TheBeyond","TheEnding"],"potions_floor_usage":[41,50],"damage_taken":[{"damage":5.0,"enemies":"Small Slimes","floor":1.0,"turns":5.0},{"damage":0.0,"enemies":"Jaw Worm","floor":2.0,"turns":3.0},{"damage":0.0,"enemies":"Cultist","floor":3.0,"turns":3.0},{"damage":0.0,"enemies":"Exordium Thugs","floor":4.0,"turns":2.0},{"damage":0.0,"enemies":"2 Fungi Beasts","floor":5.0,"turns":3.0},{"damage":14.0,"enemies":"Lagavulin","floor":7.0,"turns":7.0},{"damage":4.0,"enemies":"3 Sentries","floor":10.0,"turns":2.0},{"damage":1.0,"enemies":"Red Slaver","floor":11.0,"turns":4.0},{"damage":11.0,"enemies":"Exordium Thugs","floor":12.0,"turns":4.0},{"damage":0.0,"enemies":"Lots of Slimes","floor":14.0,"turns":1.0},{"damage":23.0,"enemies":"Slime Boss","floor":16.0,"turns":7.0},{"damage":9.0,"enemies":"3 Byrds","floor":18.0,"turns":3.0},{"damage":12.0,"enemies":"Shell Parasite","floor":19.0,"turns":4.0},{"damage":26.0,"enemies":"Centurion and Healer","floor":21.0,"turns":7.0},{"damage":0.0,"enemies":"Snake Plant","floor":24.0,"turns":2.0},{"damage":35.0,"enemies":"Book of Stabbing","floor":28.0,"turns":5.0},{"damage":15.0,"enemies":"Slavers","floor":31.0,"turns":2.0},{"damage":13.0,"enemies":"Collector","floor":33.0,"turns":5.0},{"damage":1.0,"enemies":"3 Shapes","floor":35.0,"turns":3.0},{"damage":23.0,"enemies":"2 Orb Walkers","floor":38.0,"turns":3.0},{"damage":11,"enemies":"Giant Head","floor":41,"turns":6},{"damage":0,"enemies":"Orb Walker","floor":44,"turns":1},{"damage":0,"enemies":"Jaw Worm Horde","floor":45,"turns":3},{"damage":1,"enemies":"Writhing Mass","floor":48,"turns":2},{"damage":21,"enemies":"Time Eater","floor":50,"turns":3},{"damage":63,"enemies":"Awakened One","floor":51,"turns":6},{"damage":28,"enemies":"Shield and Spear","floor":55,"turns":3},{"damage":92,"enemies":"The Heart","floor":56,"turns":4}],"seed_played":"-1989171821762024505","potions_obtained":[{"floor":2.0,"key":"Block Potion"},{"floor":3.0,"key":"Explosive Potion"},{"floor":5.0,"key":"SkillPotion"},{"floor":7.0,"key":"SneckoOil"},{"floor":12.0,"key":"LiquidBronze"},{"floor":14.0,"key":"CultistPotion"},{"floor":16.0,"key":"DistilledChaos"},{"floor":19.0,"key":"GhostInAJar"},{"floor":28.0,"key":"FearPotion"},{"floor":33.0,"key":"SpeedPotion"},{"floor":38.0,"key":"LiquidMemories"},{"floor":41,"key":"BlessingOfTheForge"},{"floor":45,"key":"Fruit Juice"}],"is_trial":false,"path_per_floor":["M","M","M","M","M","R","E","?","T","E","M","M","$","M","R","B",null,"M","M","?","M","$","R","M","?","T","$","E","R","$","E","R","B",null,"M","$","?","?","?","R","E","R","T","M","M","R","$","M","R","B","B",null,"R","$","E","B",null],"character_chosen":"THE_SILENT","items_purchased":["DistilledChaos","Well Laid Plans","PreservedInsect","Membership Card","Adrenaline"],"campfire_rested":3,"item_purchase_floors":[22,27,27,47,47],"current_hp_per_floor":[39,39,39,39,39,39,25,25,25,23,24,15,15,17,35,14,49,42,32,32,13,13,31,38,38,43,43,15,15,15,7,25,60,60,60,60,57,39,39,39,35,35,40,47,54,54,54,57,57,46,22,56,56,56,35,36],"gold":47,"neow_bonus":"TRANSFORM_TWO_CARDS","is_daily":false,"chose_seed":false,"campfire_upgraded":5,"win_rate":0.0,"timestamp":1611931470,"path_taken":["M","M","M","M","M","R","E","?","T","E","M","M","$","M","R","BOSS","M","M","?","M","$","R","M","?","T","$","E","R","$","E","R","BOSS","M","$","?","?","?","R","E","R","T","M","?","R","$","M","R","BOSS","BOSS","R","$","E","BOSS"],"items_purchased_type":["Potion","Card","Relic","Relic","Card"],"build_version":"2020-12-22","purchased_purges":6,"victory":true,"max_hp_per_floor":[66,66,66,66,66,66,66,60,60,60,60,60,60,60,60,60,60,60,60,60,60,60,60,60,60,60,60,60,60,60,60,60,60,60,60,60,57,57,57,57,57,57,57,57,57,57,57,57,57,67,67,67,67,67,67,67],"card_choices":[{"not_picked":["Quick Slash","Flechettes","Footwork"],"picked":"SKIP","floor":1.0},{"not_picked":["Quick Slash","Flechettes","Footwork"],"picked":"SKIP","floor":1.0},{"not_picked":["Footwork","Flying Knee","Endless Agony"],"picked":"SKIP","floor":2.0},{"not_picked":["Cloak And Dagger","Underhanded Strike"],"picked":"Backflip","floor":3.0},{"not_picked":["Poisoned Stab","Heel Hook"],"picked":"PiercingWail","floor":4.0},{"not_picked":["Caltrops","Deadly Poison"],"picked":"Underhanded Strike","floor":5.0},{"not_picked":["Expertise","Backflip"],"picked":"Dagger Throw","floor":7.0},{"not_picked":["Deadly Poison","After Image","Flying Knee"],"picked":"SKIP","floor":10.0},{"not_picked":["Deflect","Flying Knee","Sucker Punch"],"picked":"SKIP","floor":11.0},{"not_picked":["Dagger Throw","Poisoned Stab","Flying Knee"],"picked":"SKIP","floor":12.0},{"not_picked":["Quick Slash","Eviscerate"],"picked":"Acrobatics","floor":14.0},{"not_picked":["Corpse Explosion","Phantasmal Killer"],"picked":"Burst","floor":16.0},{"not_picked":["Cloak And Dagger","Dodge and Roll"],"picked":"Prepared+1","floor":18.0},{"not_picked":["Slice","Outmaneuver+1","Expertise+1"],"picked":"SKIP","floor":19.0},{"not_picked":["Riddle With Holes","Blade Dance","Dagger Spray"],"picked":"SKIP","floor":21.0},{"not_picked":["Dagger Spray+1","Dash","Concentrate"],"picked":"SKIP","floor":24.0},{"not_picked":["Backstab","Cloak And Dagger+1","Poisoned Stab"],"picked":"SKIP","floor":28.0},{"not_picked":["Accuracy+1","Flying Knee","Dagger Throw"],"picked":"SKIP","floor":31.0},{"not_picked":["Underhanded Strike","Cloak And Dagger"],"picked":"Noxious Fumes+1","floor":35.0},{"not_picked":["Poisoned Stab","Cloak And Dagger"],"picked":"Catalyst","floor":38.0},{"not_picked":["Cloak And Dagger","Dodge and Roll","Outmaneuver"],"picked":"SKIP","floor":41},{"not_picked":["Cloak And Dagger","Dodge and Roll","Outmaneuver"],"picked":"SKIP","floor":41},{"not_picked":["Eviscerate","Sucker Punch","Flechettes+1"],"picked":"SKIP","floor":44},{"not_picked":["Deadly Poison","Flying Knee+1","Sucker Punch+1"],"picked":"SKIP","floor":45},{"not_picked":["Quick Slash","Bane+1","Backstab"],"picked":"SKIP","floor":48},{"not_picked":["Bouncing Flask","Predator+1","Bane+1"],"picked":"SKIP","floor":55}],"player_experience":339548,"relics_obtained":[{"floor":7.0,"key":"Blood Vial"},{"floor":9.0,"key":"Smiling Mask"},{"floor":10.0,"key":"Ancient Tea Set"},{"floor":26.0,"key":"War Paint"},{"floor":28.0,"key":"Frozen Egg 2"},{"floor":31.0,"key":"Gremlin Horn"},{"floor":38.0,"key":"Shovel"},{"floor":41,"key":"Art of War"},{"floor":53,"key":"Kunai"},{"floor":55,"key":"Boot"}],"event_choices":[{"damage_healed":0.0,"max_hp_gain":0.0,"max_hp_loss":6.0,"gold_gain":0.0,"event_name":"Golden Idol","player_choice":"Lose Max HP","floor":8.0,"gold_loss":0.0,"damage_taken":0.0,"relics_obtained":["Golden Idol"]},{"damage_healed":0.0,"max_hp_gain":0.0,"max_hp_loss":0.0,"gold_gain":0.0,"event_name":"Forgotten Altar","player_choice":"Gave Idol","floor":20.0,"relics_lost":["Golden Idol"],"gold_loss":0.0,"damage_taken":0.0,"relics_obtained":["Bloody Idol"]},{"damage_healed":0.0,"max_hp_gain":0.0,"max_hp_loss":0.0,"gold_gain":0.0,"event_name":"Cursed Tome","player_choice":"Ignored","floor":25.0,"gold_loss":0.0,"damage_taken":0.0},{"damage_healed":0.0,"max_hp_gain":0.0,"max_hp_loss":3.0,"gold_gain":0.0,"event_name":"Winding Halls","player_choice":"Max HP","floor":37.0,"gold_loss":0.0,"damage_taken":0.0},{"damage_healed":0.0,"max_hp_gain":0.0,"max_hp_loss":0.0,"gold_gain":0.0,"event_name":"Mysterious Sphere","player_choice":"Fight","floor":38.0,"gold_loss":0.0,"damage_taken":0.0},{"damage_healed":0.0,"max_hp_gain":0.0,"max_hp_loss":0.0,"gold_gain":0.0,"event_name":"SecretPortal","player_choice":"Ignored","floor":39.0,"gold_loss":0.0,"damage_taken":0.0}],"is_beta":false,"boss_relics":[{"not_picked":["Tiny House","Fusion Hammer"],"picked":"SacredBark"},{"not_picked":["Black Star","Sozu"],"picked":"HoveringKite"}],"items_purged_floors":[13,22,27,30,36,47],"is_endless":false,"potions_floor_spawned":[2,3,5,7,12,14,16,19,28,33,38,41,45],"ascension_level":20}}