{"host":"xm0tf1maiknh0fp9","time":1611896225,"event":{"mods":["BaseMod","Colored Map","Colored Powertips","Googly Eyes","Minty Spire (QoL Compilation)","Replay The Spire","StSLib"],"gold_per_floor":[130,142,170,197,384,427,457,481,493,505,517,547,587,609,621,735,747,770,782,804,741,768,808,820,832,897,922,961,1002,1028,362,362,459,459,478,478,404,419,267,301,301,301,353,370,88,101,128,138,138,138],"floor_reached":51,"language":"ENG","playtime":1615,"items_purged":["Strike_P","Vigilance","Defend_P"],"score":793,"play_id":"2ee00361-2527-4321-a4ca-7a663478f2f5","local_time":"20210128235705","is_ascension_mode":true,"campfire_choices":[{"data":"Brilliance","floor":10.0,"key":"SMITH"},{"floor":15.0,"key":"REST"},{"floor":24,"key":"REST"},{"data":"Worship","floor":49,"key":"SMITH"}],"circlet_count":0,"master_deck":["Defend_P","Defend_P","Replay:BluntJabs","FearNoEvil","JustLucky","Brilliance+1","Tantrum","Worship+1","FlurryOfBlows+1","Devotion+1","FlyingSleeves+1","FlurryOfBlows","Establishment+1","Weave","CutThroughFate","CutThroughFate+1"],"relics":["PureWater","MawBank","Bronze Scales","Damaru","Tiny Chest","Replay:Drink Me","Bottled Lightning","Happy Flower","Nunchaku","Replay:Accelerometer","Lee\u0027s Waffle","Onion Ring","Bag of Preparation","Sozu","Garlic","Oddly Smooth Stone","Guide Book","Orichalcum"],"acts_visited":["Exordium","TheCity","TheBeyond"],"potions_floor_usage":[50,50],"damage_taken":[{"damage":0.0,"enemies":"2 Louse","floor":1.0,"turns":1.0},{"damage":0.0,"enemies":"Small Slimes","floor":3.0,"turns":3.0},{"damage":0.0,"enemies":"Cultist","floor":4.0,"turns":3.0},{"damage":31.0,"enemies":"Gremlin Nob","floor":6.0,"turns":4.0},{"damage":0.0,"enemies":"3 Louse","floor":7.0,"turns":2.0},{"damage":0.0,"enemies":"Exordium Wildlife","floor":8.0,"turns":3.0},{"damage":2.0,"enemies":"Blue Slaver","floor":12.0,"turns":3.0},{"damage":8.0,"enemies":"Replay:BlueRogue","floor":13.0,"turns":3.0},{"damage":0.0,"enemies":"2 Fungi Beasts","floor":14.0,"turns":1.0},{"damage":0.0,"enemies":"Slime Boss","floor":16.0,"turns":6.0},{"damage":1,"enemies":"Chosen","floor":18,"turns":3},{"damage":3,"enemies":"Shell Parasite","floor":20,"turns":3},{"damage":21,"enemies":"3 Cultists","floor":22,"turns":4},{"damage":21,"enemies":"Book of Stabbing","floor":23,"turns":2},{"damage":15,"enemies":"Shelled Parasite and Fungi","floor":27,"turns":2},{"damage":0,"enemies":"Gremlin Leader","floor":29,"turns":3},{"damage":0,"enemies":"Centurion and Healer","floor":30,"turns":3},{"damage":7,"enemies":"Champ","floor":33,"turns":4},{"damage":0,"enemies":"Orb Walker","floor":35,"turns":1},{"damage":3,"enemies":"3 Darklings","floor":38,"turns":3},{"damage":0,"enemies":"R_Hoarder","floor":40,"turns":5},{"damage":0,"enemies":"Writhing Mass","floor":44,"turns":3},{"damage":8,"enemies":"Maw","floor":46,"turns":4},{"damage":0,"enemies":"Reptomancer","floor":47,"turns":2},{"damage":0,"enemies":"Jaw Worm Horde","floor":48,"turns":2},{"damage":13,"enemies":"Replay:Hell Engine","floor":50,"turns":2}],"seed_played":"7510083636195409615","potions_obtained":[{"floor":3.0,"key":"Weak Potion"},{"floor":4.0,"key":"Dexterity Potion"},{"floor":7.0,"key":"Adrenaline Potion"},{"floor":13.0,"key":"SmokeBomb"},{"floor":20,"key":"Ancient Potion"}],"is_trial":false,"path_per_floor":["M","?","M","M","?","E","M","M","T","R","?","M","E","M","R","B",null,"M","$","M","?","M","E","R","?","T","M","T","E","M","$","R_BF","B",null,"M","?","$","M","$","E","T","?","T","M","$","M","E","M","R","B",null],"character_chosen":"WATCHER","items_purchased":["Lee\u0027s Waffle","Onion Ring","Bag of Preparation","FlurryOfBlows","Weave","CutThroughFate","Guide Book"],"campfire_rested":2,"item_purchase_floors":[31,31,31,31,37,39,45],"current_hp_per_floor":[72,72,72,72,72,41,41,41,41,41,34,32,24,24,45,45,54,53,53,50,50,29,8,24,24,24,9,9,9,9,61,61,54,61,61,61,61,58,58,58,58,58,58,58,58,50,50,50,50,37],"gold":138,"neow_bonus":"RANDOM_COMMON_RELIC","is_daily":false,"chose_seed":false,"campfire_upgraded":2,"win_rate":0.0,"timestamp":1611896225,"path_taken":["M","?","M","M","?","E","M","M","T","R","?","M","E","?","R","BOSS","M","$","M","?","M","E","R","?","T","M","?","E","M","?","R_BF","BOSS","M","?","$","M","?","E","?","?","T","?","$","M","E","M","R","BOSS"],"items_purchased_type":["Relic","Relic","Relic","Card","Card","Card","Relic"],"build_version":"2020-12-22","purchased_purges":3,"victory":true,"max_hp_per_floor":[72,72,72,72,72,72,72,72,72,72,72,72,72,72,72,72,54,54,54,54,54,54,54,54,54,54,54,54,54,54,61,61,61,61,61,61,61,61,61,61,61,61,61,61,61,61,61,61,61,61],"card_choices":[{"not_picked":["FollowUp","Sanctity"],"picked":"Replay:BluntJabs","floor":1.0},{"not_picked":["CutThroughFate","Replay:AtTheReady"],"picked":"FearNoEvil","floor":3.0},{"not_picked":["LikeWater","CrushJoints"],"picked":"JustLucky","floor":4.0},{"not_picked":["SashWhip","Tantrum"],"picked":"Brilliance","floor":6.0},{"not_picked":["CutThroughFate","Replay:BluntJabs"],"picked":"Tantrum","floor":7.0},{"not_picked":["Replay:AtTheReady","Halt","PathToVictory"],"picked":"SKIP","floor":8.0},{"not_picked":["SashWhip","Crescendo","Replay:BluntJabs"],"picked":"SKIP","floor":12.0},{"not_picked":["SashWhip","ThirdEye","CutThroughFate"],"picked":"SKIP","floor":13.0},{"not_picked":["Protect","ClearTheMind","InnerPeace"],"picked":"SKIP","floor":14.0},{"not_picked":["Replay:AtTheReady+1","WaveOfTheHand"],"picked":"Worship","floor":18},{"not_picked":["WaveOfTheHand+1","Pray","Fasting2+1"],"picked":"SKIP","floor":20},{"not_picked":["Prostrate","JustLucky"],"picked":"FlurryOfBlows+1","floor":22},{"not_picked":["CutThroughFate","WindmillStrike","Replay:Cycle"],"picked":"SKIP","floor":23},{"not_picked":["SashWhip","ThirdEye","Replay:BluntJabs"],"picked":"SKIP","floor":27},{"not_picked":["Replay:AtTheReady+1","Alpha"],"picked":"Devotion","floor":29},{"not_picked":["FollowUp+1","InnerPeace"],"picked":"FlyingSleeves+1","floor":30},{"not_picked":["ConjureBlade","Replay:LoomingThreat"],"picked":"Establishment","floor":33},{"not_picked":["Fasting2+1","SashWhip","FlyingSleeves"],"picked":"SKIP","floor":35},{"not_picked":["Evaluate","Collect+1","FearNoEvil"],"picked":"SKIP","floor":38},{"not_picked":["WheelKick+1","WindmillStrike+1","Replay:ManipulateFuture"],"picked":"SKIP","floor":40},{"not_picked":["Protect","Halt","TalkToTheHand+1"],"picked":"SKIP","floor":44},{"not_picked":["Conclude+1","Replay:ManipulateFuture+1","Collect"],"picked":"SKIP","floor":46},{"not_picked":["FlyingSleeves+1","ClearTheMind+1","Replay:Vibes"],"picked":"SKIP","floor":47},{"not_picked":["FlyingSleeves","FollowUp+1"],"picked":"CutThroughFate+1","floor":48}],"player_experience":154611,"relics_obtained":[{"floor":6.0,"key":"Bronze Scales"},{"floor":9.0,"key":"Damaru"},{"floor":13.0,"key":"Tiny Chest"},{"floor":23,"key":"Bottled Lightning"},{"floor":26,"key":"Happy Flower"},{"floor":28,"key":"Nunchaku"},{"floor":29,"key":"Replay:Accelerometer"},{"floor":40,"key":"Garlic"},{"floor":43,"key":"Oddly Smooth Stone"},{"floor":47,"key":"Orichalcum"}],"event_choices":[{"damage_healed":0.0,"max_hp_gain":0.0,"max_hp_loss":0.0,"gold_gain":175.0,"event_name":"Liars Game","player_choice":"AGREE","floor":5.0,"gold_loss":0.0,"damage_taken":0.0,"cards_obtained":["Doubt"]},{"damage_healed":0.0,"max_hp_gain":0.0,"max_hp_loss":0.0,"gold_gain":0.0,"event_name":"Wheel of Change","player_choice":"Damaged","floor":11.0,"gold_loss":0.0,"damage_taken":7.0},{"cards_removed":["Defend_P"],"damage_healed":0,"gold_gain":0,"player_choice":"Gave Gold","damage_taken":0,"max_hp_gain":0,"max_hp_loss":0,"event_name":"Beggar","floor":21,"gold_loss":75},{"damage_healed":0,"gold_gain":0,"player_choice":"Ignored","damage_taken":0,"max_hp_gain":0,"max_hp_loss":0,"event_name":"SecretPortal","floor":36,"gold_loss":0},{"cards_removed":["Eruption"],"damage_healed":0,"gold_gain":0,"player_choice":"Purged","damage_taken":0,"max_hp_gain":0,"max_hp_loss":0,"event_name":"Purifier","floor":42,"gold_loss":0}],"is_beta":false,"boss_relics":[{"not_picked":["Cursed Key","Replay:Wanted Poster"],"picked":"Replay:Drink Me"},{"not_picked":["ReplayTheSpireMod:DimensionalGlitch","Kintsugi"],"picked":"Sozu"}],"items_purged_floors":[31,39,45],"is_endless":false,"potions_floor_spawned":[3,4,7,13,20,22,29,35,38,46,47],"ascension_level":1}}