{"host":"4nqeo0vu1vuav7gg","time":1611938971,"event":{"mods":["AchievementEnabler","BaseMod","Block Reminder","Colored Map","Colored Powertips","Highlight Path","Minty Spire (QoL Compilation)","Quick Restart","Rare Cards Sparkle","Relic Relevance Reorder","StSLib"],"gold_per_floor":[112,126,140,290,290,316,316,326,351,401,401,63,97,114,114,188,188,199,36,47,62,78,78,78],"floor_reached":23,"language":"ENG","playtime":1119,"items_purged":["Strike_B"],"score":421,"play_id":"02c32b4d-8154-4e8b-85b1-02385c4aeaf9","local_time":"20210129174931","is_ascension_mode":true,"campfire_choices":[{"floor":7,"key":"REST"},{"floor":11,"key":"REST"},{"data":"Static Discharge","floor":15,"key":"SMITH"}],"circlet_count":0,"master_deck":["AscendersBane","Strike_B","Strike_B","Strike_B","Defend_B","Defend_B","Defend_B","Defend_B","Zap","Dualcast","Loop","Undo","Ball Lightning","Static Discharge+1","Cold Snap","Chill","Glacier","Echo Form","Genetic Algorithm","Blizzard","Sweeping Beam+1"],"relics":["FrozenCore","Bronze Scales","White Beast Statue","Tiny Chest","Lee\u0027s Waffle","MealTicket"],"acts_visited":["Exordium","TheCity"],"potions_floor_usage":[6,13,18,23],"damage_taken":[{"damage":0,"enemies":"Small Slimes","floor":1,"turns":2},{"damage":2,"enemies":"2 Louse","floor":2,"turns":3},{"damage":1,"enemies":"Cultist","floor":3,"turns":3},{"damage":22,"enemies":"Lagavulin","floor":6,"turns":7},{"damage":15,"enemies":"3 Louse","floor":8,"turns":4},{"damage":13,"enemies":"3 Sentries","floor":13,"turns":6},{"damage":1,"enemies":"Large Slime","floor":14,"turns":5},{"damage":35,"enemies":"The Guardian","floor":16,"turns":10},{"damage":2,"enemies":"3 Byrds","floor":18,"turns":2},{"damage":24,"enemies":"Spheric Guardian","floor":20,"turns":5},{"damage":40,"enemies":"Shelled Parasite and Fungi","floor":21,"turns":5},{"damage":20,"enemies":"Chosen and Byrds","floor":22,"turns":6},{"damage":9,"enemies":"Gremlin Leader","floor":23,"turns":4}],"seed_played":"-7756663168770324722","potions_obtained":[{"floor":3,"key":"FearPotion"},{"floor":6,"key":"SpeedPotion"},{"floor":8,"key":"AttackPotion"},{"floor":13,"key":"SpeedPotion"},{"floor":14,"key":"Explosive Potion"},{"floor":18,"key":"Dexterity Potion"},{"floor":22,"key":"Weak Potion"}],"is_trial":false,"path_per_floor":["M","M","M","?","?","E","R","M","T","?","R","$","E","M","R","B",null,"M","$","M","M","M","E"],"character_chosen":"DEFECT","items_purchased":["White Beast Statue","Lee\u0027s Waffle"],"campfire_rested":2,"item_purchase_floors":[12,19],"current_hp_per_floor":[60,58,57,57,50,28,53,38,38,30,55,70,57,56,56,21,69,67,92,68,28,8,0,0],"gold":78,"neow_bonus":"TWENTY_PERCENT_HP_BONUS","is_daily":false,"chose_seed":false,"campfire_upgraded":1,"win_rate":0.0,"timestamp":1611938971,"path_taken":["M","M","M","?","?","E","R","M","T","?","R","$","E","M","R","BOSS","M","$","M","?","M","E"],"items_purchased_type":["Relic","Relic"],"build_version":"2020-12-22","purchased_purges":1,"victory":false,"max_hp_per_floor":[85,85,85,85,85,85,85,85,85,85,85,85,85,85,85,85,85,85,92,92,92,92,92,92],"card_choices":[{"not_picked":["Conserve Battery","Undo"],"picked":"Loop","floor":1},{"not_picked":["Tempest","Scrape"],"picked":"Undo","floor":2},{"not_picked":["Chaos","Rip and Tear"],"picked":"Ball Lightning","floor":3},{"not_picked":["Conserve Battery","Leap"],"picked":"Static Discharge","floor":6},{"not_picked":["Streamline","Gash"],"picked":"Cold Snap","floor":8},{"not_picked":["Auto Shields","Redo"],"picked":"Chill","floor":13},{"not_picked":["Hologram","Beam Cell"],"picked":"Glacier","floor":14},{"not_picked":["Amplify","Hyperbeam"],"picked":"Echo Form","floor":16},{"not_picked":["Cold Snap","Sweeping Beam"],"picked":"Genetic Algorithm","floor":18},{"not_picked":["Self Repair","Rip and Tear"],"picked":"Blizzard","floor":20},{"not_picked":["Auto Shields","Recycle","Genetic Algorithm"],"picked":"SKIP","floor":21},{"not_picked":["Reprogram","Hologram"],"picked":"Sweeping Beam+1","floor":22}],"player_experience":1082576,"relics_obtained":[{"floor":6,"key":"Tiny Chest"},{"floor":9,"key":"MealTicket"},{"floor":13,"key":"Bronze Scales"}],"event_choices":[{"damage_healed":0,"gold_gain":150,"player_choice":"AGREE","damage_taken":0,"max_hp_gain":0,"max_hp_loss":0,"event_name":"Liars Game","floor":4,"gold_loss":0,"cards_obtained":["Doubt"]},{"cards_removed":["Doubt"],"damage_healed":0,"gold_gain":0,"player_choice":"Card Removal","damage_taken":7,"max_hp_gain":0,"max_hp_loss":0,"event_name":"Golden Wing","floor":5,"gold_loss":0},{"damage_healed":0,"gold_gain":50,"player_choice":"Touch","damage_taken":8,"max_hp_gain":0,"max_hp_loss":0,"event_name":"FaceTrader","floor":10,"gold_loss":0}],"is_beta":false,"boss_relics":[{"not_picked":["Velvet Choker","Pandora\u0027s Box"],"picked":"FrozenCore"}],"items_purged_floors":[12],"is_endless":false,"potions_floor_spawned":[3,6,8,13,14,16,18,20,21,22],"killed_by":"Gremlin Leader","ascension_level":19}}