{"host":"rzjc4nrqz5d54r3r","time":1611909597,"event":{"mods":["BaseMod","Colored Map","Keyboard Shortcuts","Minty Spire (QoL Compilation)","Quick Restart","StSLib","SuperFastMode","everything is the same but u backflip on backflip"],"gold_per_floor":[119,135,85,85,85,85,119,143,216,232,248,323,359,380,380,508,508,523,185,185,185,201,201,235,135,135,135,10,25,25,65,65,191,191,214,214,71,90,114,149,149,192,217,217,217,241,55,69,69,69],"floor_reached":51,"language":"KOR","playtime":1308,"items_purged":["Strike_R","Strike_R","Strike_R","Cleave"],"score":1092,"play_id":"829ce869-041b-4023-b7c7-a5d8a5f4eaa6","local_time":"20210129173957","is_ascension_mode":true,"campfire_choices":[{"data":"Flame Barrier","floor":6.0,"key":"SMITH"},{"floor":15.0,"key":"REST"},{"data":"Offering","floor":23.0,"key":"SMITH"},{"data":"Limit Break","floor":27.0,"key":"SMITH"},{"floor":32.0,"key":"REST"},{"data":"Battle Trance","floor":41.0,"key":"SMITH"},{"data":"Sword Boomerang","floor":44.0,"key":"SMITH"},{"data":"Fire Breathing","floor":49,"key":"SMITH"}],"circlet_count":0,"master_deck":["Bash","Flame Barrier+1","Second Wind","Fire Breathing+1","Pommel Strike","Limit Break+1","Offering+1","True Grit+1","Shrug It Off+1","Immolate","Battle Trance+1","Pummel","Feed","Cleave","Sword Boomerang+1","Fire Breathing"],"relics":["Burning Blood","Pen Nib","Golden Idol","MealTicket","Gremlin Horn","Bag of Marbles","Runic Dome","Ancient Tea Set","Nilry\u0027s Codex","MutagenicStrength","Art of War","Bronze Scales","Toy Ornithopter","Pandora\u0027s Box","Happy Flower","Nunchaku","PreservedInsect","Regal Pillow","Pantograph"],"acts_visited":["Exordium","TheCity","TheBeyond"],"potions_floor_usage":[50,50,50],"damage_taken":[{"damage":8.0,"enemies":"Jaw Worm","floor":1.0,"turns":5.0},{"damage":0.0,"enemies":"2 Louse","floor":2.0,"turns":4.0},{"damage":37.0,"enemies":"Lagavulin","floor":7.0,"turns":9.0},{"damage":0.0,"enemies":"Small Slimes","floor":8.0,"turns":3.0},{"damage":0.0,"enemies":"Red Slaver","floor":10.0,"turns":4.0},{"damage":0.0,"enemies":"Blue Slaver","floor":11.0,"turns":4.0},{"damage":44.0,"enemies":"Gremlin Nob","floor":13.0,"turns":5.0},{"damage":6.0,"enemies":"Exordium Wildlife","floor":14.0,"turns":5.0},{"damage":20.0,"enemies":"Slime Boss","floor":16.0,"turns":6.0},{"damage":6.0,"enemies":"Chosen","floor":18.0,"turns":3.0},{"damage":12.0,"enemies":"Spheric Guardian","floor":22.0,"turns":4.0},{"damage":6.0,"enemies":"Slavers","floor":24.0,"turns":4.0},{"damage":6.0,"enemies":"Cultist and Chosen","floor":29.0,"turns":4.0},{"damage":24.0,"enemies":"Book of Stabbing","floor":31.0,"turns":6.0},{"damage":53.0,"enemies":"Automaton","floor":33.0,"turns":12.0},{"damage":0.0,"enemies":"3 Darklings","floor":35.0,"turns":1.0},{"damage":6.0,"enemies":"3 Shapes","floor":38.0,"turns":1.0},{"damage":15.0,"enemies":"Spire Growth","floor":39.0,"turns":3.0},{"damage":6.0,"enemies":"Reptomancer","floor":40.0,"turns":3.0},{"damage":27.0,"enemies":"Nemesis","floor":42.0,"turns":3.0},{"damage":0.0,"enemies":"Jaw Worm Horde","floor":46.0,"turns":1.0},{"damage":0,"enemies":"4 Shapes","floor":48,"turns":1},{"damage":49,"enemies":"Donu and Deca","floor":50,"turns":5}],"seed_played":"6380705553933318811","potions_obtained":[{"floor":2.0,"key":"Swift Potion"},{"floor":8.0,"key":"PowerPotion"},{"floor":10.0,"key":"Block Potion"},{"floor":13.0,"key":"Strength Potion"},{"floor":24.0,"key":"Fire Potion"},{"floor":29.0,"key":"ColorlessPotion"},{"floor":38.0,"key":"Fire Potion"},{"floor":40.0,"key":"SkillPotion"},{"floor":42.0,"key":"SkillPotion"},{"floor":46.0,"key":"PowerPotion"}],"is_trial":false,"path_per_floor":["M","M","?","?","?","R","E","M","T","M","M","?","E","M","R","B",null,"M","$","?","?","M","R","E","$","T","R","$","M","?","E","R","B",null,"M","?","$","M","M","E","R","E","T","R","T","M","$","M","R","B",null],"character_chosen":"IRONCLAD","items_purchased":["Regen Potion","Block Potion","Ancient Tea Set","Happy Flower","Fire Breathing"],"campfire_rested":2,"item_purchase_floors":[19,19,19,37,47],"current_hp_per_floor":[70,76,76,74,67,67,36,42,42,48,54,47,9,9,31,17,60,60,74,58,58,52,52,64,74,74,74,74,74,74,56,74,32,64,73,73,77,80,74,82,82,64,64,64,64,73,88,95,95,52],"gold":69,"neow_bonus":"RANDOM_COMMON_RELIC","is_daily":false,"chose_seed":false,"campfire_upgraded":6,"win_rate":0.0,"timestamp":1611909597,"path_taken":["M","M","?","?","?","R","E","M","T","M","M","?","E","M","R","BOSS","M","$","?","?","M","R","E","$","T","R","?","M","?","E","R","BOSS","M","?","$","M","?","E","R","E","T","R","?","M","$","M","R","BOSS"],"items_purchased_type":["Potion","Potion","Relic","Relic","Card"],"build_version":"2020-12-22","purchased_purges":4,"victory":true,"max_hp_per_floor":[80,80,80,74,74,74,74,74,74,74,74,74,74,74,74,74,74,74,74,74,74,74,74,74,74,74,74,74,74,74,74,74,74,74,77,77,77,80,83,86,86,89,89,89,89,92,92,95,95,95],"card_choices":[{"not_picked":["Twin Strike","Anger"],"picked":"Flame Barrier","floor":1.0},{"not_picked":["Ghostly Armor","Warcry"],"picked":"Cleave","floor":2.0},{"not_picked":["Warcry","Cleave","Dark Embrace"],"picked":"SKIP","floor":7.0},{"not_picked":["Shrug It Off","Clothesline"],"picked":"Second Wind","floor":8.0},{"not_picked":["Anger","Twin Strike"],"picked":"Fire Breathing","floor":10.0},{"not_picked":["Intimidate","Anger"],"picked":"Pommel Strike","floor":11.0},{"not_picked":["True Grit","Pummel"],"picked":"Limit Break","floor":13.0},{"not_picked":["Clothesline","Thunderclap","Cleave"],"picked":"SKIP","floor":14.0},{"not_picked":["Berserk","Juggernaut"],"picked":"Offering","floor":16.0},{"not_picked":["Pommel Strike","Combust+1"],"picked":"True Grit+1","floor":18.0},{"not_picked":["Dark Embrace","Dropkick+1"],"picked":"Shrug It Off+1","floor":22.0},{"not_picked":["True Grit+1","Clash+1","Wild Strike+1"],"picked":"SKIP","floor":24.0},{"not_picked":["Body Slam","Wild Strike","Anger+1"],"picked":"SKIP","floor":29.0},{"not_picked":["Searing Blow","Thunderclap","Pummel"],"picked":"SKIP","floor":31.0},{"not_picked":["Berserk","Offering"],"picked":"Immolate","floor":33.0},{"not_picked":["Clash+1","Cleave+1","Body Slam"],"picked":"SKIP","floor":35.0},{"not_picked":["Wild Strike","Iron Wave+1","Carnage+1"],"picked":"SKIP","floor":38.0},{"not_picked":["Dropkick","Cleave","Rampage"],"picked":"SKIP","floor":39.0},{"not_picked":["Searing Blow+1","Entrench+1","Pummel+1"],"picked":"SKIP","floor":40.0},{"not_picked":["Cleave","Anger+1"],"picked":"Sword Boomerang","floor":42.0},{"not_picked":["Clash","Havoc","True Grit+1"],"picked":"SKIP","floor":46.0},{"not_picked":["Searing Blow","Body Slam+1","Seeing Red+1"],"picked":"SKIP","floor":48}],"player_experience":37805,"relics_obtained":[{"floor":7.0,"key":"MealTicket"},{"floor":9.0,"key":"Gremlin Horn"},{"floor":13.0,"key":"Bag of Marbles"},{"floor":20.0,"key":"Nilry\u0027s Codex"},{"floor":24.0,"key":"Art of War"},{"floor":26.0,"key":"Bronze Scales"},{"floor":31.0,"key":"Toy Ornithopter"},{"floor":40.0,"key":"Nunchaku"},{"floor":42.0,"key":"PreservedInsect"},{"floor":43.0,"key":"Regal Pillow"},{"floor":45.0,"key":"Pantograph"}],"event_choices":[{"cards_removed":["Strike_R"],"damage_healed":0.0,"max_hp_gain":0.0,"max_hp_loss":0.0,"gold_gain":0.0,"event_name":"The Cleric","player_choice":"Card Removal","floor":3.0,"gold_loss":50.0,"damage_taken":0.0},{"damage_healed":0.0,"max_hp_gain":0.0,"max_hp_loss":6.0,"gold_gain":0.0,"event_name":"Golden Idol","player_choice":"Lose Max HP","floor":4.0,"gold_loss":0.0,"damage_taken":0.0,"relics_obtained":["Golden Idol"]},{"cards_removed":["Strike_R"],"damage_healed":0.0,"max_hp_gain":0.0,"max_hp_loss":0.0,"gold_gain":0.0,"event_name":"Golden Wing","player_choice":"Card Removal","floor":5.0,"gold_loss":0.0,"damage_taken":7.0},{"damage_healed":0.0,"max_hp_gain":0.0,"max_hp_loss":0.0,"gold_gain":75.0,"event_name":"FaceTrader","player_choice":"Touch","floor":12.0,"gold_loss":0.0,"damage_taken":7.0},{"damage_healed":0.0,"max_hp_gain":0.0,"max_hp_loss":0.0,"gold_gain":0.0,"event_name":"Cursed Tome","player_choice":"Obtained Book","floor":20.0,"gold_loss":0.0,"damage_taken":16.0},{"damage_healed":0.0,"max_hp_gain":0.0,"max_hp_loss":0.0,"gold_gain":0.0,"event_name":"Drug Dealer","player_choice":"Inject Mutagens","floor":21.0,"gold_loss":0.0,"damage_taken":0.0,"relics_obtained":["MutagenicStrength"]},{"damage_healed":0.0,"max_hp_gain":0.0,"max_hp_loss":0.0,"gold_gain":0.0,"event_name":"Duplicator","player_choice":"Ignored","floor":36.0,"gold_loss":0.0,"damage_taken":0.0}],"is_beta":false,"boss_relics":[{"not_picked":["Empty Cage","Fusion Hammer"],"picked":"Runic Dome"},{"not_picked":["Snecko Eye","Mark of Pain"],"picked":"Pandora\u0027s Box"}],"items_purged_floors":[19,25,28,47],"is_endless":false,"potions_floor_spawned":[2,8,10,13,24,29,38,40,42,46],"ascension_level":7}}