{"host":"jbw470l122a0du6q","time":1611883229,"event":{"mods":["BaseMod","Better Altar","Better Match","Better Note","Better Sensory Stone","Better Skull","Better Third Choice","Dark Map","Downfall","Duelist Mod","GifTheSpireLib","Hermit","MarisaÅiñ∂âJÅ@ñÇóùçπÅj","Minty Spire (QoL Compilation)","StSLib","The Construct","The Cursed","The Disciple","The Marked","The Runesmith","The Servant 0.9.4"],"gold_per_floor":[143,143,68,88,13,13,45,45,68,68,68,68,81,81,81,179,179,199,199,58,135,150,170,170,190,190,190,190],"floor_reached":27,"language":"ENG","playtime":7178,"items_purged":[],"score":246,"play_id":"b8bed9f5-a127-4d8f-9eea-f722d6871797","local_time":"20210128202029","is_ascension_mode":true,"campfire_choices":[{"data":"theDuelist:DarkHorizon","floor":6.0,"key":"SMITH"},{"data":"theDuelist:Yami","floor":8.0,"key":"SMITH"},{"data":"theDuelist:Terraforming","floor":15.0,"key":"SMITH"},{"floor":24,"key":"REST"}],"circlet_count":0,"master_deck":["theDuelist:DarkMagician","theDuelist:CastleWalls","theDuelist:Terraforming+1","theDuelist:DarkHorizon+1","theDuelist:ExodiaLA","theDuelist:MysticalElf","theDuelist:CastleWalls","theDuelist:RainbowMagician","theDuelist:Sparks","theDuelist:Yami+1","theDuelist:Sparks","theDuelist:ExodiaHead","theDuelist:NeoMagic","theDuelist:MysticalElf","theDuelist:NeoMagic","theDuelist:ExodiaNecross+1","theDuelist:RainbowMagician","theDuelist:ExodiaRL","theDuelist:BookSecret","theDuelist:SwordsRevealing","theDuelist:ApprenticeIllusionMagician+1","theDuelist:InjectionFairy","theDuelist:Kuribohrn+1"],"relics":["theDuelist:MillenniumPuzzle","theDuelist:CardPoolRelic","theDuelist:CardPoolBasicRelic","theDuelist:BoosterPackPoolRelic","theDuelist:CardPoolAddRelic","theDuelist:CardPoolMinusRelic","theDuelist:CardPoolSaveRelic","theDuelist:CardPoolOptionsRelic","NeowsBlessing","theDuelist:CursedHealer","Peace Pipe","Boot","theDuelist:MonsterEggRelic","Mark of Pain","Runesmith:Nanobots","Bottled Lightning"],"acts_visited":["Exordium","TheCity"],"potions_floor_usage":[18],"damage_taken":[{"damage":0.0,"enemies":"2 Louse","floor":1.0,"turns":1.0},{"damage":0.0,"enemies":"Cultist","floor":4.0,"turns":1.0},{"damage":0.0,"enemies":"3 Sentries","floor":7.0,"turns":2.0},{"damage":0.0,"enemies":"Jaw Worm","floor":13.0,"turns":4.0},{"damage":34.0,"enemies":"The Guardian","floor":16.0,"turns":7.0},{"damage":21,"enemies":"Spheric Guardian","floor":18,"turns":5},{"damage":16,"enemies":"2 Thieves","floor":22,"turns":3},{"damage":17,"enemies":"Snake Plant","floor":23,"turns":5},{"damage":0,"enemies":"Centurion and Healer","floor":25,"turns":3},{"damage":66,"enemies":"Gremlin Leader","floor":27,"turns":5}],"seed_played":"-6919526176084453310","potions_obtained":[{"floor":7.0,"key":"theDuelist:StunPotion"},{"floor":13.0,"key":"theDuelist:SolderPotionB"},{"floor":16,"key":"SpeedPotion"},{"floor":22,"key":"theDuelist:SolderPotionB"}],"is_trial":false,"path_per_floor":["M","?","?","M","$","R","E","R","T","$","$","?","M","?","R","B",null,"M","?","$","T","M","M","R","M","T","E"],"character_chosen":"THE_DUELIST","items_purchased":["theDuelist:Yami","theDuelist:SwordsRevealing"],"campfire_rested":1,"item_purchase_floors":[5,20],"current_hp_per_floor":[80,80,80,80,80,80,80,80,80,80,80,80,80,74,74,40,80,59,59,59,59,43,26,50,54,54,0,0],"gold":190,"neow_bonus":"THREE_ENEMY_KILL","is_daily":false,"chose_seed":false,"campfire_upgraded":3,"win_rate":0.0,"timestamp":1611883229,"path_taken":["M","?","?","M","$","R","E","R","T","?","$","?","?","?","R","BOSS","BOSS","M","?","$","?","M","M","R","M","T","E"],"items_purchased_type":["Card","Card"],"build_version":"2020-12-22","purchased_purges":0,"victory":false,"max_hp_per_floor":[80,80,80,80,80,80,80,80,80,80,80,80,80,80,80,80,80,80,80,80,80,80,80,80,80,80,80,80],"card_choices":[{"not_picked":["theDuelist:DarkPaladin","theDuelist:SangaWater"],"picked":"theDuelist:ExodiaHead","floor":1.0},{"not_picked":["theDuelist:BlockGolem","theDuelist:EvilswarmHeliotrope","theDuelist:GemElephant","theDuelist:IrisEarthMother+1"],"picked":"theDuelist:RainbowMagician","floor":3.0},{"not_picked":["theDuelist:BlizzardWarrior","theDuelist:SpellShatteringArrow","theDuelist:CallAtlanteans","theDuelist:OnslaughtFireKings"],"picked":"theDuelist:DarkHorizon","floor":3.0},{"not_picked":["theDuelist:ApprenticeIllusionMagician+1","theDuelist:CosmicHorrorGangiel","theDuelist:AlienTelepath","theDuelist:WitchBlackRose"],"picked":"theDuelist:ExodiaNecross+1","floor":4.0},{"not_picked":["theDuelist:GuardianAngel","theDuelist:AltarTribute","theDuelist:BlueDragonSummoner","theDuelist:LegendaryFlameLord+1"],"picked":"theDuelist:ExodiaLA","floor":7.0},{"not_picked":["theDuelist:MillenniumGolem","theDuelist:GoldenApples","theDuelist:GaiaMidNightSun","theDuelist:GauntletWarrior"],"picked":"theDuelist:Terraforming","floor":13.0},{"not_picked":["theDuelist:GateGuardian","theDuelist:IceQueen","theDuelist:RainbowDarkDragon","theDuelist:ExodiaHead+1"],"picked":"theDuelist:RainbowMagician","floor":16},{"not_picked":["theDuelist:InjectionFairy","theDuelist:Mudballman","theDuelist:PowerKaishin","theDuelist:WhiteMagicalHat"],"picked":"theDuelist:ExodiaRL","floor":18},{"not_picked":["theDuelist:LegendaryFlameLord+1","theDuelist:Wildfire+1"],"picked":"theDuelist:ApprenticeIllusionMagician+1","floor":22},{"not_picked":["theDuelist:DarkMagician+1","theDuelist:LordD+1","theDuelist:WhiteMagicalHat","theDuelist:WitchBlackRose+1"],"picked":"theDuelist:InjectionFairy","floor":23},{"not_picked":["theDuelist:Hinotama+1","theDuelist:DestroyerGolem","theDuelist:ReleaseFromStone+1","theDuelist:UltimateOffering"],"picked":"theDuelist:Kuribohrn+1","floor":25}],"player_experience":57737,"relics_obtained":[{"floor":7.0,"key":"Peace Pipe"},{"floor":9.0,"key":"Boot"},{"floor":21,"key":"Runesmith:Nanobots"},{"floor":26,"key":"Bottled Lightning"}],"event_choices":[{"damage_healed":0.0,"max_hp_gain":0.0,"max_hp_loss":0.0,"gold_gain":0.0,"event_name":"Tomb of the Nameless","player_choice":"Succumb - +25HP/Cursed Relic","duelist":true,"floor":2.0,"gold_loss":0.0,"damage_taken":0.0},{"damage_healed":0.0,"max_hp_gain":0.0,"max_hp_loss":0.0,"gold_gain":0.0,"event_name":"betterMatch:BetterMatch","player_choice":"3","floor":3.0,"gold_loss":0.0,"damage_taken":0.0,"cards_obtained":["betterMatch:ColorlessRareCard"]},{"damage_healed":0.0,"max_hp_gain":0.0,"max_hp_loss":0.0,"gold_gain":0.0,"event_name":"Visit from Anubis","player_choice":"Leave","duelist":true,"floor":12.0,"gold_loss":0.0,"damage_taken":0.0},{"damage_healed":0.0,"max_hp_gain":0.0,"max_hp_loss":0.0,"gold_gain":0.0,"event_name":"Aknamkanon\u0027s Tomb","player_choice":"Dig - random Duelist relic","duelist":true,"floor":14.0,"gold_loss":0.0,"damage_taken":0.0},{"damage_healed":0,"gold_gain":0,"cards_transformed":["theDuelist:Sparks"],"player_choice":"Transformed","damage_taken":0,"max_hp_gain":0,"max_hp_loss":0,"event_name":"Transmorgrifier","floor":19,"gold_loss":0,"cards_obtained":["theDuelist:BookSecret"]}],"is_beta":false,"boss_relics":[{"not_picked":["Velvet Choker","Fusion Hammer"],"picked":"Mark of Pain"}],"items_purged_floors":[],"is_endless":false,"potions_floor_spawned":[7,13,16,22],"killed_by":"Gremlin Leader","ascension_level":1}}