{"host":"tr12w2fixbnujl15","time":1611958821,"event":{"mods":["100% Spire Juice","2.2 Compatiblity","A Penny For Your Troubles","Arknights The Spire","BaseMod","Better Skull","Better Vampires","BetterRewards","CapriCore","Clockwork Mod","Colored Powertips","Evolution","Gremlin Skip","Hermit","Hubris","Infinite Spire","JesterMod","Kalas","KinomotoSakuraMod(????)","Koishi","Mad Scientist","Magitek Elite","Mathematician","Minty Spire (QoL Compilation)","Permanent Neow","Quick Restart","Reimu??????","Relic Filter","Remilia_Scarlet Moed?????·?????3.3.5","Replay The Spire","Shop Mod","StSLib","SuperFastMode","The Accelerator","The Animator","The Bug Knight","The Construct","The Cursed","The Hayseed","The Hierophant","The Immortal","The Mystic","The Necromancer","The Runesmith","The Sage","The Senshi","The Servant 0.9.4","The Spell Scribe","The Vixen","TheFirefly","TheSwordswoman","TheVelvet","Transform Curses","WarShipGirlsR/????R mod","Yakumo Yukari mod","[IsaacMod]????"],"gold_per_floor":[112,57,57,57,57,87,87,121,192,192,245,43,62,74,74,239,239,332,364,463,506,506,506,548,548],"floor_reached":24,"language":"ENG","playtime":460,"items_purged":[],"score":302,"play_id":"84967c3d-c49b-4c51-8213-2270a04cfb72","local_time":"20210129172021","is_ascension_mode":false,"campfire_choices":[{"floor":7,"key":"REST"},{"data":"Core Surge","floor":10,"key":"SMITH"},{"floor":15,"key":"REST"},{"floor":23,"key":"REST"}],"circlet_count":0,"master_deck":["Ball Lightning","Ball Lightning","Ball Lightning","Ball Lightning","Conserve Battery","Conserve Battery","Conserve Battery","Conserve Battery","Zap","Dualcast","Compile Driver","Static Discharge+1","Static Discharge+1","Core Surge+1","Cold Snap","Flash of Steel","Barrage","Sunder","FIFO Queue","Sweeping Beam","Hello World","Mirror Shield","hubris:Lust","thefirefly:StealthMode","Creative AI","Flash of Steel","infinitespire:Punishment","Conserve Battery","Ball Lightning+1","Coolheaded","Beam Cell+1","Self Repair"],"relics":["Cracked Core","EVO:Axolotl","HushsDoor","NeowsBlessing","SalivaCoin","Calipers","Anchor","infinitespire:Bottled Soul","MerchantsRug","ReplayTheSpireMod:SealedPack","Pen Nib"],"acts_visited":["Exordium","TheCity"],"potions_floor_usage":[18,21],"damage_taken":[{"damage":0,"enemies":"Jaw Worm","floor":1,"turns":1},{"damage":0,"enemies":"Lagavulin","floor":6,"turns":1},{"damage":0,"enemies":"3 Sentries","floor":8,"turns":1},{"damage":0,"enemies":"Cultist","floor":13,"turns":2},{"damage":0,"enemies":"Small Slimes","floor":14,"turns":2},{"damage":35,"enemies":"The Guardian","floor":16,"turns":6},{"damage":26,"enemies":"3 Byrds","floor":18,"turns":4},{"damage":13,"enemies":"Shell Parasite","floor":19,"turns":3},{"damage":20,"enemies":"Snake Plant","floor":21,"turns":5},{"damage":36,"enemies":"Centurion and Healer","floor":24,"turns":3}],"seed_played":"2385732188726272277","potions_obtained":[{"floor":6,"key":"construct:ShiftPotion"},{"floor":13,"key":"SpeedPotion"},{"floor":16,"key":"PowerPotion"},{"floor":18,"key":"infinitespire:BlackPotion"},{"floor":21,"key":"Strength Potion"}],"is_trial":false,"path_per_floor":["M","$","?","?","?","E","R","E","T","R","?","$","M","M","R","B",null,"M","M","?","M","?","R","M"],"character_chosen":"DEFECT","items_purchased":["Static Discharge","MerchantsRug","FIFO Queue"],"campfire_rested":3,"item_purchase_floors":[2,12,12],"current_hp_per_floor":[81,81,81,65,65,65,81,81,81,81,66,66,66,66,81,46,81,55,42,22,2,5,30,0,0],"gold":548,"neow_bonus":"THREE_ENEMY_KILL","is_daily":false,"chose_seed":false,"campfire_upgraded":1,"win_rate":0.0,"timestamp":1611958821,"path_taken":["M","$","?","?","?","E","R","E","T","R","?","?","M","M","R","BOSS","M","M","?","M","?","R","?"],"items_purchased_type":["Card","Relic","Card"],"build_version":"2020-12-22","purchased_purges":0,"victory":false,"max_hp_per_floor":[81,81,81,81,81,81,81,81,81,81,81,81,81,81,81,81,81,81,81,81,81,84,84,84,84],"card_choices":[{"not_picked":[],"picked":"BettingIsNotGood","floor":0},{"not_picked":["Cold Snap","Distribution"],"picked":"Compile Driver","floor":1},{"not_picked":["BasicCrystalCard","Sunder"],"picked":"Barrage","floor":6},{"not_picked":["Panic Button","Undo"],"picked":"Sunder","floor":8},{"not_picked":["Gash","ReplaySort"],"picked":"Sweeping Beam","floor":13},{"not_picked":["Hologram","ReplayTheSpireMod:System Scan"],"picked":"Hello World","floor":14},{"not_picked":["hubris:DoWhile","hubris:SpecializedCircuitry"],"picked":"Mirror Shield","floor":16},{"not_picked":["RemiliaMod:CAattack_t","mysticmod:ShockingGrasp"],"picked":"thefirefly:StealthMode","floor":17},{"not_picked":["hubris:Prefetch","Reboot"],"picked":"Creative AI","floor":17},{"not_picked":["Replay:BasicMightCard","BettingIsNotGood"],"picked":"Flash of Steel","floor":17},{"not_picked":["infinitespire:FinalStrike","ReplayTheSpireMod:Chaos Vortex"],"picked":"infinitespire:Punishment","floor":17},{"not_picked":["Leap+1","Panic Button"],"picked":"Conserve Battery","floor":18},{"not_picked":["Stack","Scrape+1"],"picked":"Ball Lightning+1","floor":19},{"not_picked":["Recycle","Rebound"],"picked":"Coolheaded","floor":20},{"not_picked":["Steam","Compile Driver"],"picked":"Beam Cell+1","floor":20},{"not_picked":["Reinforced Body","Hyperbeam"],"picked":"Self Repair","floor":21}],"player_experience":93644,"relics_obtained":[{"floor":6,"key":"Calipers"},{"floor":8,"key":"Anchor"},{"floor":9,"key":"infinitespire:Bottled Soul"},{"floor":20,"key":"Pen Nib"}],"event_choices":[{"damage_healed":0,"gold_gain":0,"player_choice":"2 cards matched","damage_taken":0,"max_hp_gain":0,"max_hp_loss":0,"event_name":"Match and Keep!","floor":3,"gold_loss":0,"cards_obtained":["Core Surge","Cold Snap"]},{"damage_healed":0,"gold_gain":0,"player_choice":"Entered Light","damage_taken":16,"max_hp_gain":0,"max_hp_loss":0,"event_name":"Shining Light","floor":4,"gold_loss":0,"cards_upgraded":["Static Discharge","Static Discharge"]},{"damage_healed":0,"gold_gain":0,"cards_transformed":["BettingIsNotGood"],"player_choice":"Transformed","damage_taken":0,"max_hp_gain":0,"max_hp_loss":0,"event_name":"Transmorgrifier","floor":5,"gold_loss":0,"cards_obtained":["Flash of Steel"]}],"is_beta":false,"boss_relics":[{"not_picked":["Ring of Chaos","hubris:RunicObelisk"],"picked":"ReplayTheSpireMod:SealedPack"},{"not_picked":[]}],"items_purged_floors":[],"is_endless":false,"potions_floor_spawned":[6,13,16,18,21],"killed_by":"Centurion and Healer","ascension_level":0}}