{"host":"oigynbtg272c19pw","time":1611952928,"event":{"mods":["BaseMod","Colored Map","Minty Spire (QoL Compilation)","Relic Stats","Slay the Relics Exporter","StSLib"],"gold_per_floor":[111,54,54,65,131,165,165,192,192,192,207,219,237,263,263,338,338,358,408,419,202,215,215,249,268,317,317,331,331,348,377,377,377,377],"floor_reached":33,"playtime":1717,"items_purged":["Clash"],"score":793,"play_id":"2ebfd408-2c5f-451e-890f-40a7a4f19d40","local_time":"20210129214208","is_ascension_mode":true,"campfire_choices":[{"floor":7.0,"key":"REST"},{"data":"Immolate","floor":10.0,"key":"SMITH"},{"data":"Shockwave","floor":15.0,"key":"SMITH"},{"data":"Feed","floor":23.0,"key":"SMITH"},{"data":"Feel No Pain","floor":27.0,"key":"SMITH"},{"data":"True Grit","floor":29.0,"key":"SMITH"},{"data":"Perfected Strike","floor":32.0,"key":"SMITH"}],"circlet_count":0,"master_deck":["AscendersBane","Strike_R+1","Strike_R+1","Strike_R+1","Strike_R+1","Strike_R+1","Defend_R+1","Defend_R+1","Defend_R+1","Defend_R+1","Bash","Immolate+1","Battle Trance","Headbutt","Pommel Strike","Second Wind","True Grit+1","Shrug It Off","Shockwave+1","Offering","Feed+1","Feel No Pain","Shrug It Off","Disarm","Feel No Pain+1","Intimidate+1","Body Slam+1","Shrug It Off+1","Perfected Strike+1"],"relics":["Burning Blood","SsserpentHead","StrikeDummy","Pantograph","Singing Bowl","Akabeko","Runic Pyramid","Prayer Wheel","Orichalcum","Peace Pipe"],"acts_visited":["Exordium","TheCity"],"potions_floor_usage":[],"damage_taken":[{"damage":0.0,"enemies":"Cultist","floor":1.0,"turns":2.0},{"damage":12.0,"enemies":"2 Louse","floor":4.0,"turns":3.0},{"damage":3.0,"enemies":"Small Slimes","floor":5.0,"turns":3.0},{"damage":35.0,"enemies":"3 Sentries","floor":6.0,"turns":7.0},{"damage":0.0,"enemies":"Gremlin Nob","floor":8.0,"turns":2.0},{"damage":5.0,"enemies":"Gremlin Gang","floor":11.0,"turns":2.0},{"damage":7.0,"enemies":"Exordium Thugs","floor":12.0,"turns":3.0},{"damage":17.0,"enemies":"Looter","floor":13.0,"turns":3.0},{"damage":22.0,"enemies":"Lagavulin","floor":14.0,"turns":7.0},{"damage":42.0,"enemies":"The Guardian","floor":16.0,"turns":12.0},{"damage":6.0,"enemies":"Chosen","floor":18.0,"turns":4.0},{"damage":6.0,"enemies":"Spheric Guardian","floor":20.0,"turns":1.0},{"damage":6.0,"enemies":"Chosen and Byrds","floor":22.0,"turns":4.0},{"damage":6.0,"enemies":"Gremlin Leader","floor":24.0,"turns":6.0},{"damage":40.0,"enemies":"Snecko","floor":25.0,"turns":8.0},{"damage":0.0,"enemies":"Cultist and Chosen","floor":28.0,"turns":3.0},{"damage":8.0,"enemies":"Centurion and Healer","floor":30.0,"turns":5.0},{"damage":15.0,"enemies":"Book of Stabbing","floor":31.0,"turns":7.0},{"damage":132,"enemies":"Champ","floor":33,"turns":17}],"seed_played":"1293943536061530466","potions_obtained":[{"floor":6.0,"key":"SneckoOil"},{"floor":8.0,"key":"Dexterity Potion"},{"floor":12.0,"key":"Strength Potion"},{"floor":13.0,"key":"FairyPotion"},{"floor":20.0,"key":"SkillPotion"},{"floor":28.0,"key":"Ancient Potion"},{"floor":31.0,"key":"Explosive Potion"}],"is_trial":false,"path_per_floor":["M","$","?","M","M","E","R","E","T","R","M","M","M","E","R","B",null,"M","?","M","$","M","R","E","M","T","R","M","R","M","E","R","B"],"character_chosen":"IRONCLAD","items_purchased":["Clash","Feel No Pain","Shrug It Off"],"campfire_rested":1,"item_purchase_floors":[2,21,21],"current_hp_per_floor":[56,56,56,50,53,24,46,52,52,52,55,54,43,27,27,16,62,64,64,64,64,67,67,71,41,41,41,51,51,55,50,50,0,0],"gold":377,"neow_bonus":"THREE_RARE_CARDS","is_daily":false,"chose_seed":false,"campfire_upgraded":6,"win_rate":0.0,"timestamp":1611952928,"path_taken":["M","?","?","M","?","E","R","E","T","R","M","M","M","E","R","BOSS","M","?","M","$","M","R","E","M","T","R","M","R","M","E","R","BOSS"],"items_purchased_type":["Card","Card","Card"],"build_version":"2020-12-13","purchased_purges":1,"victory":false,"max_hp_per_floor":[75,75,75,75,75,75,75,75,75,75,77,77,77,77,77,77,77,79,79,79,79,82,82,86,90,90,90,94,94,100,104,104,104,104],"relic_stats":{"Peace Pipe":0,"SsserpentHead":100,"Singing Bowl":10,"counters":[19,99],"Pantograph":50,"Prayer Wheel":3,"Orichalcum":[36],"obtain_stats":[{"Peace Pipe":31,"SsserpentHead":3,"Singing Bowl":9,"Pantograph":8,"Prayer Wheel":24,"Orichalcum":26,"StrikeDummy":6,"Burning Blood":0,"Akabeko":14,"Runic Pyramid":17},{"Peace Pipe":18,"SsserpentHead":1,"Singing Bowl":5,"Pantograph":5,"Prayer Wheel":14,"Orichalcum":15,"StrikeDummy":4,"Burning Blood":0,"Akabeko":9,"Runic Pyramid":10},{"Peace Pipe":82,"SsserpentHead":2,"Singing Bowl":17,"Pantograph":17,"Prayer Wheel":59,"Orichalcum":67,"StrikeDummy":15,"Burning Blood":0,"Akabeko":32,"Runic Pyramid":44}],"Burning Blood":108},"card_choices":[{"not_picked":["Fiend Fire","Barricade"],"picked":"Immolate","floor":0.0},{"not_picked":["Thunderclap","Blood for Blood"],"picked":"Battle Trance","floor":1.0},{"not_picked":["Heavy Blade","Havoc","Sword Boomerang"],"picked":"SKIP","floor":4.0},{"not_picked":["Heavy Blade","Infernal Blade"],"picked":"Headbutt","floor":5.0},{"not_picked":["Entrench","Pummel"],"picked":"Pommel Strike","floor":6.0},{"not_picked":["Bloodletting","Headbutt"],"picked":"Second Wind","floor":8.0},{"not_picked":["Second Wind","Thunderclap","Sword Boomerang"],"picked":"Singing Bowl","floor":11.0},{"not_picked":["Thunderclap","Searing Blow"],"picked":"True Grit","floor":12.0},{"not_picked":["Whirlwind","Warcry"],"picked":"Shrug It Off","floor":13.0},{"not_picked":["Bludgeon","Reaper"],"picked":"Shockwave","floor":14.0},{"not_picked":["Double Tap","Bludgeon"],"picked":"Offering","floor":16.0},{"not_picked":["Infernal Blade","Warcry","Heavy Blade"],"picked":"Singing Bowl","floor":18.0},{"not_picked":["Clash","Intimidate+1"],"picked":"Feed","floor":20.0},{"not_picked":["Anger","Havoc"],"picked":"Disarm","floor":22.0},{"not_picked":["Twin Strike","Fire Breathing+1"],"picked":"Feel No Pain","floor":24.0},{"not_picked":["Shockwave","True Grit"],"picked":"Intimidate+1","floor":25.0},{"not_picked":["Second Wind","Cleave"],"picked":"Body Slam+1","floor":25.0},{"not_picked":["Pommel Strike","Anger","Clothesline"],"picked":"Singing Bowl","floor":28.0},{"not_picked":["Feel No Pain","Juggernaut","Flex"],"picked":"Singing Bowl","floor":28.0},{"not_picked":["Heavy Blade","Armaments"],"picked":"Shrug It Off+1","floor":30.0},{"not_picked":["Sword Boomerang","Entrench","Havoc"],"picked":"Singing Bowl","floor":30.0},{"not_picked":["Body Slam","Searing Blow"],"picked":"Perfected Strike","floor":31.0}],"player_experience":1504341,"relics_obtained":[{"floor":6.0,"key":"StrikeDummy"},{"floor":8.0,"key":"Pantograph"},{"floor":9.0,"key":"Singing Bowl"},{"floor":14.0,"key":"Akabeko"},{"floor":24.0,"key":"Prayer Wheel"},{"floor":26.0,"key":"Orichalcum"},{"floor":31.0,"key":"Peace Pipe"}],"event_choices":[{"damage_healed":0.0,"max_hp_gain":0.0,"max_hp_loss":0.0,"gold_gain":0.0,"event_name":"FaceTrader","player_choice":"Trade","floor":3.0,"gold_loss":0.0,"damage_taken":0.0,"relics_obtained":["SsserpentHead"]},{"damage_healed":0.0,"max_hp_gain":0.0,"max_hp_loss":0.0,"gold_gain":0.0,"event_name":"Back to Basics","player_choice":"Simplicity","floor":19.0,"gold_loss":0.0,"damage_taken":0.0,"cards_upgraded":["Strike_R","Strike_R","Strike_R","Strike_R","Strike_R","Defend_R","Defend_R","Defend_R","Defend_R"]}],"is_beta":false,"boss_relics":[{"not_picked":["Empty Cage","Coffee Dripper"],"picked":"Runic Pyramid"}],"items_purged_floors":[21],"is_endless":false,"potions_floor_spawned":[6,8,12,13,20,28,31],"killed_by":"Champ","ascension_level":20}}