{"host":"pgm1p3lvdjflie30","time":1611913718,"event":{"mods":["100% Spire Juice","ATMod(阿瑾Mod)","AchievementEnabler","Alarm Clock","Aspiration","BaseMod","Colored Map","Colored Powertips","Conspire","Dark Map","Dota2Spire","Downfall","Energized Spire","GungeonMod","Hermit","Highlight Path","HornydragonMod","Minty Spire (QoL Compilation)","MostiFishMod","Quarter Circle Forward PUNCH!","Quick Restart","Relic Stats","Replay The Spire","Robot Space Explorer","Spicy Shops","StSLib","TestMod","The Construct","The Hayseed","The IronCluck","The Jungle","Waifu the Spire","【?物卡牌】REMEMod","篝火指南"],"gold_per_floor":[113,131,142,160,16,48,48,59,129,44,59,59,59,73,73,172,52,68,68,68,68,68,93,93,106,106,2,33,33,433,444,444,544,544,555,15,15,15,15,15,15,48,48],"floor_reached":44,"language":"ZHS","playtime":1278,"items_purged":["Regret"],"score":1019,"play_id":"7fdedaac-c283-4425-89b6-221552139e92","local_time":"20210129174838","is_ascension_mode":false,"campfire_choices":[{"floor":7.0,"key":"RECALL"},{"data":"Moonworks:IndiscriminateFireSupport","floor":24.0,"key":"SMITH"},{"data":"Moonworks:JonathanRush","floor":29.0,"key":"SMITH"},{"data":"Moonworks:JonathanRush","floor":32.0,"key":"SMITH"},{"data":"Moonworks:Encore","floor":40.0,"key":"SMITH"}],"circlet_count":0,"master_deck":["Moonworks:Strike","Moonworks:Strike","Moonworks:Strike","Moonworks:Strike","Moonworks:Defend","Moonworks:Defend","Moonworks:Ambush","Moonworks:LongDistanceShot","AT_OneInchPunch+1","Heart6","Moonworks:Assault","Moonworks:RocketCannon","Moonworks:JonathanRush+1","Moonworks:IndiscriminateFireSupport+1","Moonworks:JonathanRush","Moonworks:JonathanRush+1","Moonworks:CloudOfSeagulls","Moonworks:EvilSpyWorkPreparation","Moonworks:FinalSurgery","Moonworks:FinalBattle","Moonworks:CloudOfSeagulls+1","Moonworks:LuckyCharm","Moonworks:ExtendedPhotonRifle+1","Moonworks:Encore+1","Moonworks:CloudOfSeagulls","Moonworks:IndiscriminateFireSupport+1","Moonworks:StiffCrystal","Moonworks:SinkOrSwim","Moonworks:BeyondHell","Moonworks:NicePresent+1"],"relics":["Moonworks:BrokenBomb","Moonworks:Homemark","AT_ATBox","testmod-TestBox","REME_ComplimentaryCards","testmod-OneHitWonder","PatriotShield","SynthV:TestCard","aspiration:Nostalgia","Ring of the Snake","DemoMod:OrangeGuonStone","HereWithMe","aspiration:RitualStick","Mummified Hand","Ornamental Fan","Dota2Spire:MaskOfMadness","energizedSpire:NeverEndingSparkler","Mirror","Blood Vial","Replay:Rubber Ducky"],"acts_visited":["Exordium","TheCity","TheBeyond","TheEnding"],"potions_floor_usage":[43],"damage_taken":[{"damage":0.0,"enemies":"Cultist","floor":1.0,"turns":2.0},{"damage":0.0,"enemies":"Small Slimes","floor":2.0,"turns":2.0},{"damage":0.0,"enemies":"2 Louse","floor":3.0,"turns":1.0},{"damage":0.0,"enemies":"Looter","floor":4.0,"turns":1.0},{"damage":0.0,"enemies":"Lagavulin","floor":6.0,"turns":2.0},{"damage":0.0,"enemies":"Gremlin Gang","floor":8.0,"turns":1.0},{"damage":0.0,"enemies":"Large Slime","floor":11.0,"turns":1.0},{"damage":0.0,"enemies":"Looter","floor":14.0,"turns":1.0},{"damage":19.0,"enemies":"The Guardian","floor":16.0,"turns":3.0},{"damage":0.0,"enemies":"2 Thieves","floor":18.0,"turns":1.0},{"damage":0.0,"enemies":"Gremlin Leader","floor":23.0,"turns":2.0},{"damage":0.0,"enemies":"Spheric Guardian","floor":25.0,"turns":1.0},{"damage":4.0,"enemies":"Centurion and Healer","floor":27.0,"turns":3.0},{"damage":5.0,"enemies":"Replay:Snechameleon","floor":28.0,"turns":2.0},{"damage":0.0,"enemies":"Sentry and Sphere","floor":31.0,"turns":1.0},{"damage":4.0,"enemies":"Collector","floor":33.0,"turns":3.0},{"damage":0.0,"enemies":"3 Shapes","floor":35.0,"turns":1.0},{"damage":17.0,"enemies":"Replay:Hell Engine","floor":38.0,"turns":4.0},{"damage":2.0,"enemies":"Shield and Spear","floor":42.0,"turns":3.0},{"damage":43,"enemies":"The Heart","floor":43,"turns":5}],"seed_played":"-4448335569901136983","potions_obtained":[{"floor":4.0,"key":"SpeedPotion"},{"floor":8.0,"key":"Dota2Spire:HealingSalve"},{"floor":11.0,"key":"SteroidPotion"},{"floor":16.0,"key":"PowerPotion"},{"floor":27.0,"key":"LifebloodPotion"},{"floor":28.0,"key":"Dexterity Potion"},{"floor":42.0,"key":"DemoMod:LeadSkinPotion"}],"is_trial":false,"path_per_floor":["M","M","M","M","$","E","R","M","T","?","M","?","$","M","R_BF","B",null,"M","?","?","?","$","E","R","M","T","M","E","R","?","M","R","B",null,"M","$","?","B",null,"R","$","E","B",null],"character_chosen":"THE_STARBREAKER","items_purchased":["aspiration:Nostalgia","Mirror","Blood Vial","Fire Potion"],"campfire_rested":0,"item_purchase_floors":[5,36,36,36],"current_hp_per_floor":[66,66,66,66,66,66,66,66,66,66,66,66,66,66,66,53,66,66,53,53,53,53,53,53,53,53,55,56,56,56,56,56,52,66,66,66,66,49,66,66,66,64,35],"gold":48,"neow_bonus":"TEN_PERCENT_HP_BONUS","is_daily":false,"chose_seed":false,"campfire_upgraded":4,"win_rate":0.0,"timestamp":1611913718,"path_taken":["M","M","M","M","?","E","R","M","T","?","?","?","$","?","R_BF","BOSS","M","?","?","?","$","E","R","M","T","?","E","R","?","M","R","BOSS","M","$","?","BOSS","R","$","E","BOSS"],"items_purchased_type":["Relic","Relic","Relic","Potion"],"build_version":"2020-12-22","purchased_purges":1,"victory":true,"max_hp_per_floor":[66,66,66,66,66,66,66,66,66,66,66,66,66,66,66,66,66,66,66,66,66,66,66,66,66,66,66,66,66,66,66,66,66,66,66,66,66,66,66,66,66,66,66],"relic_stats":{"Blood Vial":2,"counters":[20,40],"Mummified Hand":[7],"Ornamental Fan":[140],"obtain_stats":[{"Dota2Spire:MaskOfMadness":28,"PatriotShield":0,"AT_ATBox":0,"testmod-TestBox":0,"DaveBox":0,"aspiration:Nostalgia":5,"DemoMod:OrangeGuonStone":6,"DemoMod:GlassGuonStoneRelic":3,"aspiration:RitualStick":19,"Replay:Rubber Ducky":42,"Blood Vial":36,"SynthV:TestCard":1,"Mummified Hand":23,"Ornamental Fan":26,"energizedSpire:NeverEndingSparkler":34,"Moonworks:Homemark":0,"HereWithMe":17,"Mirror":36,"testmod-OneHitWonder":0,"Moonworks:BrokenBomb":0,"REME_ComplimentaryCards":0,"Ring of the Snake":5},{"Dota2Spire:MaskOfMadness":14,"PatriotShield":0,"AT_ATBox":0,"testmod-TestBox":0,"DaveBox":0,"aspiration:Nostalgia":4,"DemoMod:OrangeGuonStone":5,"DemoMod:GlassGuonStoneRelic":3,"aspiration:RitualStick":10,"Replay:Rubber Ducky":19,"Blood Vial":17,"SynthV:TestCard":1,"Mummified Hand":11,"Ornamental Fan":12,"energizedSpire:NeverEndingSparkler":16,"Moonworks:Homemark":0,"HereWithMe":9,"Mirror":17,"testmod-OneHitWonder":0,"Moonworks:BrokenBomb":0,"REME_ComplimentaryCards":0,"Ring of the Snake":4},{"Dota2Spire:MaskOfMadness":23,"PatriotShield":0,"AT_ATBox":0,"testmod-TestBox":0,"DaveBox":0,"aspiration:Nostalgia":6,"DemoMod:OrangeGuonStone":8,"DemoMod:GlassGuonStoneRelic":5,"aspiration:RitualStick":15,"Replay:Rubber Ducky":35,"Blood Vial":28,"SynthV:TestCard":2,"Mummified Hand":17,"Ornamental Fan":18,"energizedSpire:NeverEndingSparkler":27,"Moonworks:Homemark":0,"HereWithMe":14,"Mirror":28,"testmod-OneHitWonder":0,"Moonworks:BrokenBomb":0,"REME_ComplimentaryCards":0,"Ring of the Snake":6}],"aspiration:RitualStick":[1],"Ring of the Snake":[32]},"card_choices":[{"not_picked":["Moonworks:LulusLuckyEgg","Moonworks:ImOnFire"],"picked":"Moonworks:Assault","floor":1.0},{"not_picked":["Moonworks:EvilSpyWorkPreparation","Moonworks:SakisCookie","Moonworks:NicePresent","Moonworks:DeployBits"],"picked":"Moonworks:RocketCannon","floor":2.0},{"not_picked":["Moonworks:SakisCookie","Moonworks:CompletionReward","Moonworks:DeployBits","Moonworks:ImOnFire"],"picked":"Moonworks:JonathanRush","floor":3.0},{"not_picked":["Moonworks:CastOff","Moonworks:NicePresent","Moonworks:CrystalBarrier","Moonworks:DeployBits"],"picked":"Moonworks:IndiscriminateFireSupport","floor":4.0},{"not_picked":["Moonworks:CompletionReward","Moonworks:IntelligenceOfficer","Moonworks:NicePresent","Moonworks:IndiscriminateFireSupport"],"picked":"Moonworks:JonathanRush","floor":6.0},{"not_picked":["Moonworks:Flamethrower","Moonworks:DeployBits","Moonworks:AngelHand","Moonworks:NicePresent"],"picked":"Moonworks:JonathanRush","floor":8.0},{"not_picked":["Moonworks:BeyondHell","Moonworks:BigBangBell","Moonworks:MixPhenomenon","Moonworks:IndiscriminateFireSupport"],"picked":"Moonworks:CloudOfSeagulls","floor":11.0},{"not_picked":["Moonworks:UnluckyCharm","Moonworks:TacticalRetreat","Moonworks:CompletionReward","Moonworks:Poppoformation"],"picked":"Moonworks:EvilSpyWorkPreparation","floor":14.0},{"not_picked":["Moonworks:EvilMastermind","Moonworks:StarBlastingFuse","Moonworks:MeltingMemories","Moonworks:Accelerator"],"picked":"Moonworks:FinalBattle","floor":16.0},{"not_picked":["Moonworks:CompletionReward+1","Moonworks:EvilSpyWorkPreparation","Moonworks:Bloodlust","Moonworks:LuckyCharm"],"picked":"Moonworks:CloudOfSeagulls+1","floor":18.0},{"not_picked":["Moonworks:DeployBits","Moonworks:CloudOfSeagulls","Moonworks:BigMagnum","Moonworks:SweetBattle+1"],"picked":"Moonworks:ExtendedPhotonRifle+1","floor":23.0},{"not_picked":["Moonworks:AwakeningOfTalent","Moonworks:SweetBattle","Moonworks:NicePresent","Moonworks:MiracleRedBeanIceCream"],"picked":"Moonworks:Encore","floor":25.0},{"not_picked":["Moonworks:RedAndBlue","Moonworks:DeployBits","Moonworks:Dinner","Moonworks:Bloodlust"],"picked":"Moonworks:CloudOfSeagulls","floor":27.0},{"not_picked":["Moonworks:Flamethrower","Moonworks:MiracleWalker","Moonworks:CookingTime+1","Moonworks:LuckyCharm+1"],"picked":"Moonworks:IndiscriminateFireSupport+1","floor":28.0},{"not_picked":["Moonworks:EvilSpyWorkPreparation","Moonworks:BigMagnum","Moonworks:Assault","Moonworks:BindingChains"],"picked":"Moonworks:StiffCrystal","floor":31.0},{"not_picked":["Moonworks:CrystalBarrier","Moonworks:Gamble","Moonworks:Accelerator","Moonworks:HolyNight"],"picked":"Moonworks:SinkOrSwim","floor":33.0},{"not_picked":["Moonworks:MiracleRedBeanIceCream+1","Moonworks:EvilSpyWorkPreparation+1","Moonworks:RedAndBlue","Moonworks:BigMagnum"],"picked":"Moonworks:BeyondHell","floor":35.0},{"not_picked":["Moonworks:CompletionReward+1","Moonworks:ImOnFire+1","Moonworks:JonathanRush","Moonworks:BigMagnum"],"picked":"Moonworks:NicePresent+1","floor":42.0}],"player_experience":323349,"relics_obtained":[{"floor":1.0,"key":"SynthV:TestCard"},{"floor":6.0,"key":"DemoMod:OrangeGuonStone"},{"floor":23.0,"key":"Mummified Hand"},{"floor":26.0,"key":"Ornamental Fan"},{"floor":28.0,"key":"Dota2Spire:MaskOfMadness"},{"floor":42.0,"key":"Replay:Rubber Ducky"}],"event_choices":[{"damage_healed":0.0,"max_hp_gain":0.0,"max_hp_loss":0.0,"gold_gain":275.0,"event_name":"Golden Shrine","player_choice":"Desecrate","floor":10.0,"gold_loss":0.0,"damage_taken":0.0,"cards_obtained":["Regret"]},{"damage_healed":0.0,"max_hp_gain":0.0,"max_hp_loss":0.0,"gold_gain":0.0,"event_name":"Upgrade Shrine","player_choice":"Upgraded","floor":12.0,"gold_loss":0.0,"damage_taken":0.0,"cards_upgraded":["AT_OneInchPunch"]},{"damage_healed":0.0,"max_hp_gain":0.0,"max_hp_loss":0.0,"gold_gain":0.0,"event_name":"conspire:Investor","player_choice":"Leave","floor":20.0,"gold_loss":0.0,"damage_taken":0.0},{"damage_healed":0.0,"max_hp_gain":0.0,"max_hp_loss":0.0,"gold_gain":0.0,"cards_transformed":["Moonworks:Defend"],"event_name":"Transmorgrifier","player_choice":"Transformed","floor":21.0,"gold_loss":0.0,"damage_taken":0.0,"cards_obtained":["Moonworks:LuckyCharm"]},{"damage_healed":0.0,"max_hp_gain":0.0,"max_hp_loss":0.0,"gold_gain":400.0,"event_name":"恩洛斯的?子","player_choice":"Sell","floor":30.0,"relics_lost":["DaveBox"],"gold_loss":0.0,"damage_taken":0.0},{"damage_healed":0.0,"max_hp_gain":0.0,"max_hp_loss":0.0,"gold_gain":0.0,"event_name":"SecretPortal","player_choice":"Took Portal","floor":37.0,"gold_loss":0.0,"damage_taken":0.0}],"is_beta":false,"boss_relics":[{"not_picked":["testmod-Temperance","testmod-SaigiyounoYou"],"picked":"HereWithMe"},{"not_picked":["testmod-BatchProcessingSystem","BloodWine"],"picked":"energizedSpire:NeverEndingSparkler"}],"items_purged_floors":[36],"is_endless":false,"potions_floor_spawned":[4,8,11,16,27,28,42],"ascension_level":0}}