{"host":"d30a110yzuqvj3hw","time":1611906456,"event":{"mods":["Alarm Clock","Aspiration","BaseMod","Downfall","Energized Spire","Googly Eyes","Highlight Path","KomeijiMod","Minty Spire (QoL Compilation)","Quarter Circle Forward PUNCH!","Quick Restart","Replay The Spire","Spicy Shops","Spire Arcade","StSLib","The Disciple","The Jungle","[GremlinLeader]The Maniac"],"gold_per_floor":[109,128,128,145,7,7,7],"floor_reached":6,"language":"ZHS","playtime":104,"items_purged":[],"score":36,"play_id":"3c475e0a-982e-4fc7-ae50-491f469a9b27","local_time":"20210129154736","is_ascension_mode":false,"campfire_choices":[],"circlet_count":0,"master_deck":["maniac:Strike","maniac:Strike","maniac:Strike","maniac:Strike","maniac:Defend","maniac:Defend","maniac:Defend","maniac:Defend","maniac:BurnBlood","maniac:AbyssShackle","maniac:BladeEnd","maniac:LootBarrage","maniac:ReachVictory","maniac:Quickdraw","maniac:HammerDown"],"relics":["maniac:DamagedAnvil","maniac:BrokenHorn","NeowsBlessing"],"acts_visited":["Exordium"],"potions_floor_usage":[],"damage_taken":[{"damage":0,"enemies":"Small Slimes","floor":1,"turns":1},{"damage":0,"enemies":"Cultist","floor":2,"turns":1},{"damage":0,"enemies":"Jaw Worm","floor":4,"turns":1},{"damage":25,"enemies":"3 Sentries","floor":6,"turns":2}],"seed_played":"-4878712158328174836","potions_obtained":[{"floor":1,"key":"FearPotion"},{"floor":4,"key":"SkillPotion"}],"is_trial":false,"path_per_floor":["M","M","?","M","$","E"],"character_chosen":"THE_MANIAC","items_purchased":["maniac:HammerDown"],"campfire_rested":0,"item_purchase_floors":[5],"current_hp_per_floor":[80,80,80,80,80,55,55],"gold":7,"neow_bonus":"THREE_ENEMY_KILL","is_daily":false,"chose_seed":false,"campfire_upgraded":0,"win_rate":0.0,"timestamp":1611906456,"path_taken":["M","M","?","M","$","E"],"items_purchased_type":["Card"],"build_version":"2020-12-22","purchased_purges":0,"victory":false,"max_hp_per_floor":[80,80,80,80,80,80,80],"card_choices":[{"not_picked":["maniac:Traceback","maniac:HammerStrike"],"picked":"maniac:BladeEnd","floor":1},{"not_picked":["maniac:ShelteringEdge","maniac:ShatteredShield"],"picked":"maniac:LootBarrage","floor":2},{"not_picked":["maniac:FindAShortcut","maniac:ShelteringEdge"],"picked":"maniac:Quickdraw","floor":4}],"player_experience":498623,"relics_obtained":[],"event_choices":[{"damage_healed":0,"gold_gain":0,"cards_transformed":["maniac:Strike"],"player_choice":"Transformed","damage_taken":0,"max_hp_gain":0,"max_hp_loss":0,"event_name":"Transmorgrifier","floor":3,"gold_loss":0,"cards_obtained":["maniac:ReachVictory"]}],"is_beta":false,"boss_relics":[],"items_purged_floors":[],"is_endless":false,"potions_floor_spawned":[1,4],"killed_by":"3 Sentries","ascension_level":0}}