{"host":"Tonhão","time":1611928167,"event":{"mods":["Aspiration","BaseMod","Conspire","Downfall","Friendly Minions","Halation","Hermit","Highlight Path","Hubris","Infinite Spire","Jedi Mod","Minty Spire (QoL Compilation)","Relic Sorter","Replay The Spire","Spicy Shops","StSLib","The Animator","The Construct","The Cursed","The Jester","The Senshi","The Servant 0.9.4"],"gold_per_floor":[110,110,110,110,126,158,158,158,183,183,216,216,230,246,246,348,348,363,363,363,363,374,392,392,412,412,412,412,412,423,423,423,520,520,533,533,533,550,550,550,585,619,668,679,699,144,144,166,230,237],"floor_reached":51,"language":"ENG","playtime":2864,"items_purged":["Decay"],"score":708,"play_id":"2fc7a793-412e-45c9-b75d-67437da7b5a6","local_time":"20210129104927","is_ascension_mode":false,"campfire_choices":[{"floor":8,"key":"REST"},{"data":"theSenshi:MoonPrismPowerMakeUp","floor":10,"key":"SMITH"},{"floor":12,"key":"RECALL"},{"data":"theSenshi:LateForSchool","floor":15,"key":"SMITH"},{"floor":24,"key":"REST"},{"floor":28,"key":"REST"},{"floor":32,"key":"REST"},{"floor":40,"key":"REST"},{"floor":47,"key":"REST"},{"data":"Discovery","floor":47,"key":"SMITH"}],"circlet_count":0,"master_deck":["theSenshi:SailorKick","theSenshi:SailorKick","theSenshi:SailorKick","theSenshi:SailorKick","theSenshi:SailorBlock","theSenshi:SailorBlock","theSenshi:SailorBlock","theSenshi:SailorBlock","theSenshi:RoseThrow","theSenshi:MoonPrismPowerMakeUp+1","theSenshi:SupersonicWaves+1","theSenshi:LateForSchool+1","theSenshi:KlutzyLuck+1","theSenshi:IWillPunishYou","theSenshi:MoonTiaraMagic+1","Discovery+1","theSenshi:MoonPrincessHalation+1","theSenshi:MoonPrincessHalation+1"],"relics":["theSenshi:TransformationBroochRelic","jedi:matchstick","ReplayTheSpireMod:EnergyBall","aspiration:TomeofQuesting","NeowsBlessing","Ring of Misfortune","Ring of Peace","halation:EternalFortune","Calipers","halation:PinkAlligatorPlush","Simple Rune","theSenshi:ChokerRelic","Pantograph","Slimebound:StickyStick","hubris:SlimyHat","SlaversCollar","aspiration:PoetsPen_weak","infinitespire:Magic Flask","theSenshi:CosmicHeartCompactRelic","Nunchaku","Replay:Lucky Slots","conspire:GlowingRock","Replay:Baseball"],"acts_visited":["Exordium","TheCity","TheBeyond"],"potions_floor_usage":[11,16,23,23,25,33,35,50,50],"damage_taken":[{"damage":0,"enemies":"Jaw Worm","floor":1,"turns":1},{"damage":0,"enemies":"2 Louse","floor":5,"turns":1},{"damage":0,"enemies":"Lagavulin","floor":6,"turns":2},{"damage":6,"enemies":"Gremlin Nob","floor":11,"turns":4},{"damage":0,"enemies":"Small Slimes","floor":13,"turns":3},{"damage":0,"enemies":"2 Fungi Beasts","floor":14,"turns":3},{"damage":22,"enemies":"Slime Boss","floor":16,"turns":12},{"damage":20,"enemies":"2 Thieves","floor":18,"turns":4},{"damage":10,"enemies":"conspire:FuzzyDice","floor":22,"turns":7},{"damage":16,"enemies":"Snake Plant","floor":23,"turns":5},{"damage":62,"enemies":"Chosen and Byrds","floor":25,"turns":10},{"damage":13,"enemies":"Shelled Parasite and Fungi","floor":30,"turns":8},{"damage":73,"enemies":"hubris:MusketHawk","floor":33,"turns":11},{"damage":25,"enemies":"3 Shapes","floor":35,"turns":4},{"damage":8,"enemies":"3 Darklings","floor":38,"turns":7},{"damage":0,"enemies":"Giant Head","floor":41,"turns":7},{"damage":0,"enemies":"conspire:MimicChest","floor":42,"turns":4},{"damage":0,"enemies":"Transient","floor":44,"turns":5},{"damage":0,"enemies":"Maw","floor":45,"turns":5},{"damage":0,"enemies":"Spire Growth","floor":48,"turns":3},{"damage":44,"enemies":"Donu and Deca","floor":50,"turns":8}],"seed_played":"-7616963889518354420","potions_obtained":[{"floor":5,"key":"hexamod:SoulburnPotion"},{"floor":6,"key":"SpeedPotion"},{"floor":13,"key":"SteroidPotion"},{"floor":18,"key":"Flashbang"},{"floor":22,"key":"Swift Potion"},{"floor":30,"key":"champ:CounterPotion"},{"floor":33,"key":"Fire Potion"},{"floor":41,"key":"BlessingOfTheForge"},{"floor":44,"key":"BlessingOfTheForge"},{"floor":45,"key":"Explosive Potion"},{"floor":48,"key":"SkillPotion"}],"is_trial":false,"path_per_floor":["M","?","?","?","M","E","?","R","T","R","E","R","M","M","R","B",null,"M","?","?","AVR","M","M","R","M","T","T","R","?","M","?","R","B",null,"M","?","?","M","AVR","R","E","?","T","M","M","$","R","M","R","B",null],"character_chosen":"THE_SENSHI","items_purchased":["Replay:Lucky Slots","conspire:GlowingRock","Replay:Baseball"],"campfire_rested":6,"item_purchase_floors":[46,46,46],"current_hp_per_floor":[75,75,78,78,78,78,62,78,78,78,72,72,72,75,75,56,84,64,64,64,64,54,38,63,1,1,1,26,26,13,13,38,84,84,59,59,59,51,51,76,76,76,76,76,76,76,84,84,84,40],"gold":237,"neow_bonus":"THREE_ENEMY_KILL","is_daily":false,"chose_seed":false,"campfire_upgraded":3,"win_rate":0.0,"timestamp":1611928167,"path_taken":["M","?","?","?","M","E","?","R","T","R","E","R","M","M","R","BOSS","M","?","?","AVR","?","M","R","M","T","?","R","?","?","?","R","BOSS","M","?","?","M","AVR","R","E","?","T","M","M","$","R","M","R","BOSS"],"items_purchased_type":["Relic","Relic","Relic"],"build_version":"2020-11-17","purchased_purges":1,"victory":true,"max_hp_per_floor":[75,75,78,78,78,78,78,78,78,78,78,78,78,81,81,84,84,84,84,84,84,84,84,84,84,84,84,84,84,84,84,84,84,84,84,84,84,84,84,84,84,84,84,84,84,84,84,84,84,84],"card_choices":[{"not_picked":["theSenshi:TallSilhouette","theSenshi:TuxedoMaskAssists","theSenshi:SailorMarsAssists"],"picked":"SKIP","floor":1},{"not_picked":["theSenshi:SchoolBag","theSenshi:TuxedoMaskAssists"],"picked":"theSenshi:SupersonicWaves","floor":5},{"not_picked":["theSenshi:YouCanTalk","theSenshi:GlimpseOfThePast","theSenshi:SailorPlanetPower"],"picked":"SKIP","floor":6},{"not_picked":["theSenshi:SailorMarsAssists","theSenshi:SailorChibiMoonAssists","theSenshi:LunaSensingAllies"],"picked":"SKIP","floor":11},{"not_picked":["theSenshi:Sidestep","theSenshi:MoonTiaraMagic"],"picked":"theSenshi:LateForSchool","floor":13},{"not_picked":["theSenshi:SailorVenusAssists","theSenshi:MoonsReflection","theSenshi:Sidestep"],"picked":"SKIP","floor":14},{"not_picked":["theSenshi:UranusStrength+1","theSenshi:SailorMarsAssists"],"picked":"theSenshi:KlutzyLuck+1","floor":18},{"not_picked":["theSenshi:GatheringStrength","theSenshi:EncouragingSpeech","theSenshi:SailorMarsAssists"],"picked":"SKIP","floor":22},{"not_picked":["theSenshi:TuxedoMaskAssists+1","theSenshi:MoonCosmicPowerMakeUp","theSenshi:SailorVenusAssists"],"picked":"SKIP","floor":23},{"not_picked":["theSenshi:RainbowMoonHeartAche+1","theSenshi:Sidestep","theSenshi:TallSilhouette+1"],"picked":"SKIP","floor":25},{"not_picked":["theSenshi:SailorVenusAssists","theSenshi:SailorChibiMoonAssists"],"picked":"theSenshi:IWillPunishYou","floor":30},{"not_picked":["theSenshi:SchoolBag+1","theSenshi:TuxedoSmokingBomber"],"picked":"theSenshi:MoonTiaraMagic+1","floor":35},{"not_picked":["hubris:Ssssneak","Jack Of All Trades"],"picked":"Discovery","floor":36},{"not_picked":["theSenshi:MoonCrystalPowerMakeUp","theSenshi:SailorVenusAssists"],"picked":"theSenshi:MoonPrincessHalation+1","floor":38},{"not_picked":["theSenshi:VenusGlamour+1","theSenshi:MoonTiaraMagic"],"picked":"theSenshi:MoonPrincessHalation+1","floor":41},{"not_picked":["theSenshi:InTheNickOfTime+1","theSenshi:DramaticEntrance","theSenshi:GatheringStrength"],"picked":"SKIP","floor":44},{"not_picked":["theSenshi:Sidestep","theSenshi:MercurysCunning","theSenshi:SilverMoonCrystalPowerKiss"],"picked":"SKIP","floor":45},{"not_picked":["theSenshi:MoonsReflection+1","theSenshi:SchoolBag","theSenshi:SaturnsMystery"],"picked":"SKIP","floor":48}],"player_experience":104711,"relics_obtained":[{"floor":2,"key":"Ring of Misfortune"},{"floor":2,"key":"Ring of Peace"},{"floor":6,"key":"Calipers"},{"floor":9,"key":"aspiration:TomeofQuesting"},{"floor":11,"key":"jedi:matchstick"},{"floor":14,"key":"halation:EternalFortune"},{"floor":16,"key":"halation:EternalFortune"},{"floor":26,"key":"Pantograph"},{"floor":27,"key":"Slimebound:StickyStick"},{"floor":31,"key":"hubris:SlimyHat"},{"floor":41,"key":"infinitespire:Magic Flask"},{"floor":42,"key":"theSenshi:CosmicHeartCompactRelic"},{"floor":43,"key":"Nunchaku"}],"event_choices":[{"cards_removed":["Amnesia"],"damage_healed":0,"gold_gain":0,"player_choice":"Forget","damage_taken":0,"max_hp_gain":0,"max_hp_loss":0,"event_name":"Living Wall","floor":4,"gold_loss":0},{"damage_healed":0,"gold_gain":0,"player_choice":"Entered Light","damage_taken":16,"max_hp_gain":0,"max_hp_loss":0,"event_name":"Shining Light","floor":7,"gold_loss":0,"cards_upgraded":["theSenshi:SailorKick","theSenshi:SupersonicWaves"]},{"damage_healed":0,"gold_gain":0,"player_choice":"Smashed Altar","damage_taken":0,"max_hp_gain":0,"max_hp_loss":0,"event_name":"Forgotten Altar","floor":19,"gold_loss":0,"cards_obtained":["Decay"]},{"damage_healed":0,"gold_gain":0,"player_choice":"Memory 1","damage_taken":0,"max_hp_gain":0,"max_hp_loss":0,"event_name":"SensoryStone","floor":36,"gold_loss":0},{"damage_healed":0,"gold_gain":0,"player_choice":"Ignored","damage_taken":0,"max_hp_gain":0,"max_hp_loss":0,"event_name":"Tomb of Lord Red Mask","floor":37,"gold_loss":0}],"is_beta":true,"boss_relics":[{"not_picked":["Fusion Hammer","Big Top"],"picked":"halation:PinkAlligatorPlush"},{"not_picked":["aspiration:RandomNobGenerator","halation:Risk"],"picked":"SlaversCollar"}],"items_purged_floors":[46],"is_endless":false,"potions_floor_spawned":[5,6,13,18,22,30,33,41,44,45,48],"ascension_level":0}}