{"host":"oeqgep2lwmjgysjb","time":1611904385,"event":{"mods":["AchievementEnabler","Aspiration","BaseMod","BetterRewards","Colored Powertips","Conspire","Custom Start","Downfall","Hubris","Infinite Spire","Minty Spire (QoL Compilation)","Quick Restart","Replay The Spire","Shop Mod","StSLib","The Hierophant","The Poker Player","The Runesmith"],"gold_per_floor":[110,130,10,24,35,35,50,84,84,184,194,210,210,210,210,315,315,331,61,73,88,103,103,103,103,133,133,159,159,175,535,547,565,565,668,668,679,679,696,372,372,372,402,422,477,499,499,499,521,602,602,610,610,610,41,90,100],"floor_reached":58,"language":"ENG","playtime":5209,"items_purged":["Strike_B","Strike_B","Injury","Strike_B"],"score":1240,"play_id":"7b4683db-a2cc-49fa-957f-1f270ef44bdd","local_time":"20210129181305","is_ascension_mode":false,"campfire_choices":[{"data":"Defragment","floor":6,"key":"SMITH"},{"data":"Static Discharge","floor":13,"key":"SMITH"},{"data":"Thunder Strike","floor":25,"key":"SMITH"},{"data":"Capacitor","floor":27,"key":"SMITH"},{"floor":34,"key":"REST"},{"floor":42,"key":"RECALL"},{"data":"Conserve Battery","floor":48,"key":"SMITH"},{"data":"Hologram","floor":48,"key":"SMITH"},{"data":"Zap","floor":54,"key":"SMITH"},{"data":"Dualcast","floor":54,"key":"SMITH"}],"circlet_count":0,"master_deck":["Strike_B","Defend_B+1","Defend_B+1","Defend_B","Defend_B","Zap+1","Dualcast+1","Static Discharge+1","Defragment+1","Fission+1","Ball Lightning+1","Ball Lightning+1","Capacitor+1","Hologram+1","Conserve Battery+1","Thunder Strike+1","Coolheaded+1","Coolheaded","Ball Lightning","Defragment+1","Creative AI+1","infinitespire:NeuralNetwork+1","Hologram+1","Storm+1","Machine Learning+1","Tempest+1","Capacitor+1","Conserve Battery+1","conspire:Rain+1","Panic Button+1","Loop+1","Defragment+1"],"relics":["Cracked Core","NeowsBlessing","infinitespire:Lucky Rock","Pantograph","Frozen Egg 2","hubris:Backtick","Mummified Hand","Replay:Rubber Ducky","Mirror","Tiny Chest","SacredBark","hubris:MobiusCoin","aspiration:Nostalgia","PureWater","Simple Rune","Replay:Bandana","Omamori","Replay:Arrowhead","Replay:Bottled Eggs","Chemical X","Bottled Flame"],"acts_visited":["Exordium","TheCity","TheBeyond","TheEnding"],"potions_floor_usage":[11,16,26,35,52,57],"damage_taken":[{"damage":0,"enemies":"Cultist","floor":1,"turns":1},{"damage":0,"enemies":"Jaw Worm","floor":2,"turns":1},{"damage":2,"enemies":"conspire:RoseBush","floor":4,"turns":1},{"damage":12,"enemies":"3 Louse","floor":5,"turns":3},{"damage":9,"enemies":"Blue Slaver","floor":7,"turns":3},{"damage":22,"enemies":"3 Sentries","floor":8,"turns":4},{"damage":4,"enemies":"Gremlin Gang","floor":11,"turns":3},{"damage":4,"enemies":"2 Fungi Beasts","floor":12,"turns":3},{"damage":26,"enemies":"The Guardian","floor":16,"turns":7},{"damage":0,"enemies":"Chosen","floor":18,"turns":3},{"damage":3,"enemies":"Spheric Guardian","floor":20,"turns":5},{"damage":6,"enemies":"Centurion and Healer","floor":21,"turns":6},{"damage":0,"enemies":"Sentry and Sphere","floor":22,"turns":3},{"damage":0,"enemies":"conspire:SneckoGhost","floor":26,"turns":5},{"damage":0,"enemies":"conspire:HollyBat","floor":30,"turns":6},{"damage":0,"enemies":"Snecko","floor":32,"turns":4},{"damage":0,"enemies":"Shelled Parasite and Fungi","floor":33,"turns":4},{"damage":0,"enemies":"conspire:MysteriousRune","floor":35,"turns":3},{"damage":8,"enemies":"3 Shapes","floor":37,"turns":3},{"damage":4,"enemies":"Orb Walker","floor":39,"turns":2},{"damage":1,"enemies":"Nemesis","floor":43,"turns":5},{"damage":0,"enemies":"Sphere and 2 Shapes","floor":44,"turns":2},{"damage":22,"enemies":"Jaw Worm Horde","floor":46,"turns":4},{"damage":1,"enemies":"Writhing Mass","floor":49,"turns":3},{"damage":0,"enemies":"Transient","floor":50,"turns":5},{"damage":29,"enemies":"conspire:OrnateMirror","floor":52,"turns":6},{"damage":1,"enemies":"Shield and Spear","floor":56,"turns":3},{"damage":22,"enemies":"The Heart","floor":57,"turns":7}],"seed_played":"1102092978376132987","potions_obtained":[{"floor":2,"key":"FairyPotion"},{"floor":5,"key":"AttackPotion"},{"floor":7,"key":"Strength Potion"},{"floor":11,"key":"Swift Potion"},{"floor":18,"key":"PowerPotion"},{"floor":20,"key":"FocusPotion"},{"floor":30,"key":"conspire:TimeTravelPotion"},{"floor":35,"key":"Explosive Potion"},{"floor":43,"key":"FocusPotion"},{"floor":49,"key":"Guardian:BlockOnCardUsePotion"}],"is_trial":false,"path_per_floor":["M","M","$","M","M","R","M","E","T","?","M","M","R","?","R","B",null,"M","$","M","M","M","PTL","PTL","R","E","R","T","AVR","M","?","M","M","R","B",null,"M","T","M","$","T","R","E","M","T","M","T","R","M","M","R","B",null,"R","$","E","B",null],"character_chosen":"DEFECT","items_purchased":["Fission+1","Replay:Rubber Ducky","Coolheaded","Capacitor+1","aspiration:Nostalgia","Defragment+1","Replay:Bottled Eggs","Chemical X"],"campfire_rested":1,"item_purchase_floors":[3,19,19,40,40,55,55,55],"current_hp_per_floor":[75,75,75,73,61,61,52,30,30,30,26,22,22,22,44,43,75,75,75,72,66,66,66,66,66,66,66,66,66,66,30,30,30,52,52,75,67,67,63,63,63,63,62,62,62,40,40,40,39,39,61,46,75,75,75,74,53],"gold":100,"neow_bonus":"THREE_ENEMY_KILL","is_daily":false,"chose_seed":false,"campfire_upgraded":8,"win_rate":0.0,"timestamp":1611904385,"path_taken":["M","M","$","M","?","R","M","E","T","?","M","?","R","?","R","BOSS","M","$","M","M","M","PTL","PTL","R","E","R","T","AVR","M","?","?","?","R","BOSS","M","?","?","$","?","R","E","M","T","?","?","R","M","M","R","BOSS","R","$","E","BOSS"],"items_purchased_type":["Card","Relic","Card","Card","Relic","Card","Relic","Relic"],"build_version":"2020-12-22","purchased_purges":4,"victory":true,"max_hp_per_floor":[75,75,75,75,75,75,75,75,75,75,75,75,75,75,75,75,75,75,75,75,75,75,75,75,75,75,75,75,75,75,75,75,75,75,75,75,75,75,75,75,75,75,75,75,75,75,75,75,75,75,75,75,75,75,75,75,75],"card_choices":[{"not_picked":["Hologram","Turbo"],"picked":"Static Discharge","floor":1},{"not_picked":["Darkness","Blizzard"],"picked":"Defragment","floor":2},{"not_picked":["Hello World","Go for the Eyes"],"picked":"Ball Lightning","floor":4},{"not_picked":["Darkness","Streamline"],"picked":"Ball Lightning","floor":5},{"not_picked":["BasicCrystalCard","Streamline"],"picked":"Capacitor","floor":7},{"not_picked":["ReplaySolidLightProjector","hubris:SpecializedCircuitry","Gash"],"picked":"SKIP","floor":8},{"not_picked":["Gash","Redo"],"picked":"Hologram","floor":11},{"not_picked":["Go for the Eyes","Chill"],"picked":"Conserve Battery","floor":12},{"not_picked":["Meteor Strike","ReplayTheSpireMod:Omega Cannon"],"picked":"Thunder Strike","floor":16},{"not_picked":["Go for the Eyes","Turbo+1"],"picked":"Coolheaded+1","floor":18},{"not_picked":["Rebound+1","Time Bomb"],"picked":"Ball Lightning","floor":20},{"not_picked":["Ball Lightning","Rip and Tear"],"picked":"Defragment+1","floor":21},{"not_picked":["Doom and Gloom+1","Go for the Eyes","Redo+1"],"picked":"SKIP","floor":22},{"not_picked":["ReplayTheSpireMod:Dual Polarity","hubris:Prefetch"],"picked":"Creative AI+1","floor":26},{"not_picked":["Coolheaded","Compile Driver"],"picked":"Hologram+1","floor":30},{"not_picked":["Conserve Battery","Genetic Algorithm"],"picked":"Storm+1","floor":32},{"not_picked":["Panic Button","Stack","Hologram"],"picked":"SKIP","floor":33},{"not_picked":["Core Surge","Multi-Cast"],"picked":"Machine Learning+1","floor":35},{"not_picked":["BootSequence+1","Hello World+1"],"picked":"Tempest+1","floor":37},{"not_picked":["Cold Snap","Auto Shields","Compile Driver+1"],"picked":"SKIP","floor":39},{"not_picked":["Undo","hubris:DoWhile"],"picked":"Conserve Battery+1","floor":43},{"not_picked":["Go for the Eyes","ReplayTheSpireMod:Repulse"],"picked":"conspire:Rain+1","floor":44},{"not_picked":["Stack+1","Go for the Eyes+1"],"picked":"Panic Button+1","floor":46},{"not_picked":["Darkness","White Noise+1","Coolheaded+1"],"picked":"SKIP","floor":49},{"not_picked":["Coolheaded","Steam"],"picked":"Loop+1","floor":50},{"not_picked":["Barrage","Sweeping Beam","Multi-Cast"],"picked":"SKIP","floor":56}],"player_experience":392474,"relics_obtained":[{"floor":8,"key":"infinitespire:Lucky Rock"},{"floor":9,"key":"Pantograph"},{"floor":26,"key":"Mirror"},{"floor":38,"key":"hubris:MobiusCoin"},{"floor":41,"key":"Simple Rune"},{"floor":43,"key":"Replay:Bandana"},{"floor":45,"key":"Omamori"},{"floor":47,"key":"Replay:Arrowhead"},{"floor":56,"key":"Bottled Flame"}],"event_choices":[{"damage_healed":0,"gold_gain":100,"player_choice":"Pray","damage_taken":0,"max_hp_gain":0,"max_hp_loss":0,"event_name":"Golden Shrine","floor":10,"gold_loss":0},{"damage_healed":0,"gold_gain":360,"player_choice":"GOLD GOLD GOLD GOLD ","damage_taken":36,"max_hp_gain":0,"max_hp_loss":0,"event_name":"Knowing Skull","floor":31,"potions_obtained":[],"gold_loss":0,"cards_obtained":[]}],"is_beta":false,"boss_relics":[{"not_picked":["Replay:Grab Bag","hubris:ScarierMask"],"picked":"hubris:Backtick"},{"not_picked":["hubris:CrackedHourglass","hubris:RunicObelisk"],"picked":"SacredBark"}],"items_purged_floors":[19,29,40,55],"is_endless":false,"potions_floor_spawned":[2,5,7,11,18,20,30,35,37,43,49,50],"ascension_level":0}}