{"host":"3jpwrwmmgyabjceh","time":1611925399,"event":{"mods":["AchievementEnabler","BaseMod","Colored Map","Colored Powertips","Highlight Path","Minty Spire (QoL Compilation)","Quick Restart","Relic Stats","StSLib","SuperFastMode"],"gold_per_floor":[113,113,127,127,52,77,77,77,77],"floor_reached":8,"language":"ENG","playtime":250,"items_purged":["Strike_R"],"score":73,"play_id":"666756ee-d2a0-4a40-9e90-06c7459d4ddc","local_time":"20210129160319","is_ascension_mode":true,"campfire_choices":[{"data":"Bash","floor":7,"key":"SMITH"}],"circlet_count":0,"master_deck":["Strike_R","Strike_R","Strike_R","Defend_R","Defend_R","Defend_R","Defend_R","Bash+1","Hemokinesis","Evolve","Whirlwind"],"relics":["Runic Pyramid","Ornamental Fan","Bag of Marbles"],"acts_visited":["Exordium"],"potions_floor_usage":[8],"damage_taken":[{"damage":6,"enemies":"Cultist","floor":1,"turns":3},{"damage":3,"enemies":"2 Louse","floor":3,"turns":3},{"damage":24,"enemies":"Gremlin Nob","floor":6,"turns":4},{"damage":27,"enemies":"3 Sentries","floor":8,"turns":4}],"seed_played":"7247475307049708761","potions_obtained":[{"floor":1,"key":"LiquidBronze"}],"is_trial":false,"path_per_floor":["M","?","M","?","$","E","R","E"],"character_chosen":"IRONCLAD","items_purchased":[],"campfire_rested":0,"item_purchase_floors":[],"current_hp_per_floor":[66,66,63,51,51,27,27,0,0],"gold":77,"neow_bonus":"BOSS_RELIC","is_daily":false,"chose_seed":false,"campfire_upgraded":1,"win_rate":0.0,"timestamp":1611925399,"path_taken":["M","?","M","?","$","E","R","E"],"items_purchased_type":[],"build_version":"2020-12-22","purchased_purges":1,"victory":false,"max_hp_per_floor":[80,80,80,80,80,80,80,80,80],"relic_stats":{"counters":[4,14],"Ornamental Fan":[8],"obtain_stats":[{"Ornamental Fan":4,"Bag of Marbles":6,"Burning Blood":0,"Runic Pyramid":0},{"Ornamental Fan":2,"Bag of Marbles":3,"Burning Blood":0,"Runic Pyramid":0},{"Ornamental Fan":6,"Bag of Marbles":10,"Burning Blood":0,"Runic Pyramid":0}]},"card_choices":[{"not_picked":["Power Through","Armaments"],"picked":"Hemokinesis","floor":1},{"not_picked":["Seeing Red","Headbutt","Bloodletting"],"picked":"SKIP","floor":3},{"not_picked":["Body Slam","Sword Boomerang"],"picked":"Whirlwind","floor":6}],"player_experience":295815,"relics_obtained":[{"floor":6,"key":"Bag of Marbles"}],"event_choices":[{"damage_healed":0,"gold_gain":0,"cards_transformed":["Strike_R"],"player_choice":"Change","damage_taken":0,"max_hp_gain":0,"max_hp_loss":0,"event_name":"Living Wall","floor":2,"gold_loss":0,"cards_obtained":["Evolve"]},{"damage_healed":0,"gold_gain":0,"player_choice":"Success","damage_taken":12,"relics_obtained":["Ornamental Fan"],"max_hp_gain":0,"max_hp_loss":0,"event_name":"Scrap Ooze","floor":4,"gold_loss":0}],"is_beta":false,"boss_relics":[],"items_purged_floors":[5],"is_endless":false,"potions_floor_spawned":[1],"killed_by":"3 Sentries","ascension_level":7}}