{"host":"zk71suw73lg2r165","time":1611892574,"event":{"mods":["BaseMod","Colored Map","Minty Spire (QoL Compilation)","Permanent Neow","Relic Stats","StSLib"],"gold_per_floor":[363,363,14,164,177,177,188,188,188,188,188,188,206,235,235,314,314,333,56,56,66,116,116,149,149,149,149,159,170,190,210,210,284,284,298,323,334,6,6,6,39,39,65,65,65],"floor_reached":44,"language":"ENG","playtime":1390,"items_purged":["Strike_B"],"score":958,"play_id":"55ff223d-199f-41da-9b3e-b29c689d35de","local_time":"20210128225614","is_ascension_mode":true,"campfire_choices":[{"floor":6.0,"key":"REST"},{"data":"Consume","floor":8.0,"key":"SMITH"},{"data":"Lockon","floor":10.0,"key":"SMITH"},{"data":"Ball Lightning","floor":12.0,"key":"SMITH"},{"floor":15.0,"key":"REST"},{"floor":23.0,"key":"REST"},{"data":"Apotheosis","floor":25.0,"key":"SMITH"},{"floor":27.0,"key":"REST"},{"floor":32.0,"key":"REST"},{"floor":40.0,"key":"RECALL"},{"floor":42.0,"key":"REST"}],"circlet_count":0,"master_deck":["AscendersBane","Strike_B","Strike_B","Strike_B","Defend_B","Defend_B","Defend_B","Defend_B","Zap","Dualcast","Lockon+1","Consume+1","Conserve Battery","Ball Lightning+1","Doom and Gloom","Cold Snap","Electrodynamics","Apotheosis+1","Capacitor","Turbo","Coolheaded","Loop+1","FTL","Self Repair","Creative AI","Defragment+1","Self Repair","Double Energy"],"relics":["Cracked Core","Bag of Preparation","Cables","Sundial","Lantern","Philosopher\u0027s Stone","Vajra","Mummified Hand","Inserter","Prayer Wheel","Torii","Question Card"],"acts_visited":["Exordium","TheCity","TheBeyond"],"potions_floor_usage":[44],"damage_taken":[{"damage":8.0,"enemies":"Small Slimes","floor":1.0,"turns":3.0},{"damage":9.0,"enemies":"2 Louse","floor":5.0,"turns":3.0},{"damage":0.0,"enemies":"Cultist","floor":7.0,"turns":3.0},{"damage":7.0,"enemies":"2 Fungi Beasts","floor":13.0,"turns":3.0},{"damage":25.0,"enemies":"Lagavulin","floor":14.0,"turns":5.0},{"damage":4.0,"enemies":"Hexaghost","floor":16.0,"turns":9.0},{"damage":0.0,"enemies":"Chosen","floor":18.0,"turns":3.0},{"damage":20.0,"enemies":"2 Thieves","floor":21.0,"turns":3.0},{"damage":19.0,"enemies":"Gremlin Leader","floor":24.0,"turns":4.0},{"damage":28.0,"enemies":"Shelled Parasite and Fungi","floor":28.0,"turns":3.0},{"damage":0.0,"enemies":"Snecko","floor":29.0,"turns":2.0},{"damage":11.0,"enemies":"3 Cultists","floor":30.0,"turns":4.0},{"damage":0.0,"enemies":"Snake Plant","floor":31.0,"turns":2.0},{"damage":31.0,"enemies":"Champ","floor":33.0,"turns":8.0},{"damage":7.0,"enemies":"3 Shapes","floor":35.0,"turns":3.0},{"damage":0.0,"enemies":"Mind Bloom Boss Battle","floor":36.0,"turns":2.0},{"damage":17.0,"enemies":"Orb Walker","floor":37.0,"turns":3.0},{"damage":58.0,"enemies":"Giant Head","floor":41.0,"turns":6.0},{"damage":52,"enemies":"Nemesis","floor":44,"turns":4}],"seed_played":"-1153861679318651761","potions_obtained":[{"floor":1.0,"key":"Dexterity Potion"},{"floor":18.0,"key":"Explosive Potion"},{"floor":21.0,"key":"Block Potion"},{"floor":24.0,"key":"GamblersBrew"},{"floor":33.0,"key":"Regen Potion"},{"floor":36.0,"key":"SpeedPotion"}],"is_trial":false,"path_per_floor":["M","?","$","?","M","R","M","R","T","R","?","R","M","E","R","B",null,"M","$","?","M","?","R","E","R","T","R","M","M","M","M","R","B",null,"M","?","M","$","?","R","E","R","T","E"],"character_chosen":"DEFECT","items_purchased":["Cables","Consume","Apotheosis","Torii"],"campfire_rested":6,"item_purchase_floors":[3,3,19,38],"current_hp_per_floor":[38,33,33,33,24,45,45,45,45,45,38,38,31,6,27,23,59,59,59,59,39,32,53,34,34,34,55,27,27,16,16,37,13,57,57,57,65,65,65,65,27,47,47,0,0],"gold":65,"neow_bonus":"TWO_FIFTY_GOLD","is_daily":false,"chose_seed":false,"campfire_upgraded":4,"win_rate":0.0,"timestamp":1611892574,"path_taken":["M","?","$","?","M","R","M","R","T","R","?","R","M","E","R","BOSS","M","$","?","M","?","R","E","R","T","R","M","?","M","M","R","BOSS","M","?","M","$","?","R","E","R","T","E"],"items_purchased_type":["Relic","Card","Card","Relic"],"build_version":"2020-12-22","purchased_purges":1,"victory":false,"max_hp_per_floor":[71,71,71,71,71,71,71,71,71,71,71,71,71,71,71,71,71,71,71,71,71,71,71,71,71,71,71,71,71,71,71,71,71,71,71,71,71,71,67,67,67,67,67,67,67],"relic_stats":{"Inserter":[9],"Torii":3,"counters":[19,73],"Sundial":[6],"Mummified Hand":[45],"Prayer Wheel":1,"Bag of Preparation":[36],"Question Card":0,"obtain_stats":[{"Lantern":14,"Inserter":34,"Torii":38,"Sundial":9,"Mummified Hand":26,"Vajra":24,"Philosopher\u0027s Stone":17,"Prayer Wheel":36,"Bag of Preparation":2,"Cracked Core":0,"Question Card":41,"Cables":3},{"Lantern":5,"Inserter":14,"Torii":17,"Sundial":3,"Mummified Hand":9,"Vajra":9,"Philosopher\u0027s Stone":6,"Prayer Wheel":16,"Bag of Preparation":1,"Cracked Core":0,"Question Card":18,"Cables":1},{"Lantern":17,"Inserter":55,"Torii":63,"Sundial":9,"Mummified Hand":36,"Vajra":36,"Philosopher\u0027s Stone":26,"Prayer Wheel":60,"Bag of Preparation":3,"Cracked Core":0,"Question Card":69,"Cables":3}],"Cables":[60,47,11,2,0]},"card_choices":[{"not_picked":["Go for the Eyes","Stack"],"picked":"Lockon","floor":1.0},{"not_picked":["Go for the Eyes","Cold Snap"],"picked":"Conserve Battery","floor":5.0},{"not_picked":["Storm","Skim"],"picked":"Ball Lightning","floor":7.0},{"not_picked":["Rebound","Streamline"],"picked":"Doom and Gloom","floor":13.0},{"not_picked":["Gash","Auto Shields"],"picked":"Cold Snap","floor":14.0},{"not_picked":["Fission","Reboot"],"picked":"Electrodynamics","floor":16.0},{"not_picked":["Rip and Tear","Steam","Gash+1"],"picked":"SKIP","floor":18.0},{"not_picked":["Rebound+1","Creative AI"],"picked":"Turbo","floor":21.0},{"not_picked":["Steam","Tempest"],"picked":"Coolheaded","floor":24.0},{"not_picked":["Auto Shields","Hologram"],"picked":"Loop+1","floor":28.0},{"not_picked":["Redo","Sunder"],"picked":"FTL","floor":29.0},{"not_picked":["Rebound","Chaos","Scrape"],"picked":"SKIP","floor":30.0},{"not_picked":["Coolheaded","Skim"],"picked":"Self Repair","floor":31.0},{"not_picked":["Machine Learning","Electrodynamics"],"picked":"Creative AI","floor":33.0},{"not_picked":["Melter","Reinforced Body"],"picked":"Defragment+1","floor":35.0},{"not_picked":["Redo","Rip and Tear"],"picked":"Self Repair","floor":36.0},{"not_picked":["Lockon+1","Compile Driver","Rebound"],"picked":"SKIP","floor":37.0},{"not_picked":["Stack","Consume","Core Surge"],"picked":"SKIP","floor":37.0},{"not_picked":["Hologram","Scrape"],"picked":"Double Energy","floor":41.0}],"player_experience":1413354,"relics_obtained":[{"floor":9.0,"key":"Sundial"},{"floor":14.0,"key":"Lantern"},{"floor":24.0,"key":"Vajra"},{"floor":26.0,"key":"Mummified Hand"},{"floor":36.0,"key":"Prayer Wheel"},{"floor":41.0,"key":"Question Card"}],"event_choices":[{"damage_healed":0.0,"max_hp_gain":0.0,"max_hp_loss":0.0,"gold_gain":0.0,"event_name":"Scrap Ooze","player_choice":"Success","floor":2.0,"gold_loss":0.0,"damage_taken":5.0,"relics_obtained":["Bag of Preparation"]},{"damage_healed":0.0,"max_hp_gain":0.0,"max_hp_loss":0.0,"gold_gain":150.0,"event_name":"Liars Game","player_choice":"AGREE","floor":4.0,"gold_loss":0.0,"damage_taken":0.0,"cards_obtained":["Doubt"]},{"cards_removed":["Doubt"],"damage_healed":0.0,"max_hp_gain":0.0,"max_hp_loss":0.0,"gold_gain":0.0,"event_name":"Golden Wing","player_choice":"Card Removal","floor":11.0,"gold_loss":0.0,"damage_taken":7.0},{"damage_healed":0.0,"max_hp_gain":0.0,"max_hp_loss":0.0,"gold_gain":0.0,"event_name":"The Library","player_choice":"Read","floor":20.0,"gold_loss":0.0,"damage_taken":0.0,"cards_obtained":["Capacitor"]},{"damage_healed":0.0,"max_hp_gain":0.0,"max_hp_loss":0.0,"gold_gain":50.0,"event_name":"FaceTrader","player_choice":"Touch","floor":22.0,"gold_loss":0.0,"damage_taken":7.0},{"damage_healed":0.0,"max_hp_gain":0.0,"max_hp_loss":0.0,"gold_gain":0.0,"event_name":"MindBloom","player_choice":"Fight","floor":36.0,"gold_loss":0.0,"damage_taken":0.0},{"damage_healed":0.0,"max_hp_gain":0.0,"max_hp_loss":4.0,"gold_gain":0.0,"event_name":"Winding Halls","player_choice":"Max HP","floor":39.0,"gold_loss":0.0,"damage_taken":0.0}],"is_beta":false,"boss_relics":[{"not_picked":["Cursed Key","Ectoplasm"],"picked":"Philosopher\u0027s Stone"},{"not_picked":["Sozu","Nuclear Battery"],"picked":"Inserter"}],"items_purged_floors":[19],"is_endless":false,"potions_floor_spawned":[1,18,21,24,33,36],"killed_by":"Nemesis","ascension_level":20}}