{"host":"i6mndjcatnxpmw23","time":1611881943,"event":{"mods":["BaseMod","Hunter ??","Marisa????????","Minty Spire (QoL Compilation)","Shop Mod","The Servant 0.9.4","UnlockEverythingMod"],"gold_per_floor":[109,109,129,129,148,182,182,192,192,123,139,139,139,139],"floor_reached":13,"language":"ZHS","playtime":688,"items_purged":[],"score":85,"play_id":"237d8d6f-4fb2-48c2-841a-028911de772f","local_time":"20210129085903","is_ascension_mode":false,"campfire_choices":[{"data":"MillisecondPulsars","floor":7,"key":"SMITH"},{"data":"SuperNova","floor":12,"key":"SMITH"}],"circlet_count":0,"master_deck":["Strike_MRS","Strike_MRS","Strike_MRS","Strike_MRS","Defend_MRS","Defend_MRS","Defend_MRS","Defend_MRS","MasterSpark","UpSweep","DeepEcoloBomb","AsteroidBelt","MillisecondPulsars+1","SuperNova+1","WitchLeyline","SprinkleStarSeal","IllusionStar"],"relics":["MiniHakkero","NeowsBlessing","Centennial Puzzle","Anchor"],"acts_visited":["Exordium"],"potions_floor_usage":[6],"damage_taken":[{"damage":0,"enemies":"Jaw Worm","floor":1,"turns":1},{"damage":0,"enemies":"2 Louse","floor":3,"turns":1},{"damage":0,"enemies":"Cultist","floor":5,"turns":1},{"damage":21,"enemies":"Gremlin Nob","floor":6,"turns":5},{"damage":22,"enemies":"Exordium Wildlife","floor":8,"turns":6},{"damage":10,"enemies":"Large Slime","floor":11,"turns":7},{"damage":27,"enemies":"3 Sentries","floor":13,"turns":4}],"seed_played":"-7104151673239232632","potions_obtained":[{"floor":1,"key":"Dexterity Potion"}],"is_trial":false,"path_per_floor":["M","?","M","?","M","E","R","M","T","$","M","R","E"],"character_chosen":"MARISA","items_purchased":["SprinkleStarSeal"],"campfire_rested":0,"item_purchase_floors":[10],"current_hp_per_floor":[75,75,75,75,75,54,54,32,32,32,22,22,0,0],"gold":139,"neow_bonus":"THREE_ENEMY_KILL","is_daily":false,"chose_seed":false,"campfire_upgraded":2,"win_rate":0.0,"timestamp":1611881943,"path_taken":["M","?","M","?","?","E","R","M","T","?","M","R","E"],"items_purchased_type":["Card"],"build_version":"2020-12-22","purchased_purges":0,"victory":false,"max_hp_per_floor":[75,75,75,75,75,75,75,75,75,75,75,75,75,75],"card_choices":[{"not_picked":["6A","DC"],"picked":"DeepEcoloBomb","floor":1},{"not_picked":["MysteriousBeam","DoubleSpark"],"picked":"AsteroidBelt","floor":3},{"not_picked":["Robbery","RefractionSpark"],"picked":"MillisecondPulsars","floor":5},{"not_picked":["MysteriousBeam","AlicesGift"],"picked":"SuperNova","floor":6},{"not_picked":["UnstableBomb","WitchOfGreed"],"picked":"WitchLeyline","floor":8},{"not_picked":["MilkyWay","MagicAbsorber"],"picked":"IllusionStar","floor":11}],"player_experience":21404,"relics_obtained":[{"floor":6,"key":"Centennial Puzzle"},{"floor":9,"key":"Anchor"}],"event_choices":[{"damage_healed":0,"gold_gain":0,"player_choice":"Ignored","damage_taken":0,"max_hp_gain":0,"max_hp_loss":0,"event_name":"Liars Game","floor":2,"gold_loss":0},{"damage_healed":0,"gold_gain":0,"player_choice":"Leave","damage_taken":0,"max_hp_gain":0,"max_hp_loss":0,"event_name":"The Cleric","floor":4,"gold_loss":0}],"is_beta":false,"boss_relics":[],"items_purged_floors":[],"is_endless":false,"potions_floor_spawned":[1],"killed_by":"3 Sentries","ascension_level":0}}