{"host":"8d3fefv2347kqkpz","time":1611922960,"event":{"mods":["AchievementEnabler","Act Like it!","Aspiration","BaseMod","Better Vampires","Colored Map","Colored Powertips","Conspire","GifTheSpireLib","Highlight Path","Hubris","Mimic Mod","Minty Spire (QoL Compilation)","Quick Restart","Rare Cards Sparkle","Relic Stats","Replay The Spire","Spicy Shops","StSLib","The Jungle","Waifu the Spire"],"gold_per_floor":[12,12,26,26,126,126,143,163,163,163,113,113,113,15,15,15,15],"floor_reached":16,"language":"ZHS","playtime":355,"items_purged":["Strike_R"],"score":88,"play_id":"9d72a558-41b8-4ec0-9a04-1a887ae2df71","local_time":"20210129202240","is_ascension_mode":false,"campfire_choices":[{"data":"Demonic Infusion","floor":6.0,"key":"SMITH"},{"floor":10.0,"key":"REST"},{"data":"Inflame","floor":15.0,"key":"SMITH"},{"data":"Eruption","floor":15.0,"key":"SMITH"}],"circlet_count":0,"master_deck":["Strike_R","Strike_R","Strike_R","Strike_R","Defend_R","Defend_R","Defend_R","Defend_R","Demonic Infusion+1","Eruption+1","FollowUp","Inflame+1"],"relics":["Replay:M_SmolderingBlood","Smiling Mask","Replay:Arrowhead"],"acts_visited":["Exordium"],"potions_floor_usage":[],"damage_taken":[{"damage":2.0,"enemies":"conspire:RoseBush","floor":1.0,"turns":3.0},{"damage":20.0,"enemies":"Small Slimes","floor":3.0,"turns":2.0},{"damage":0.0,"enemies":"Cultist","floor":7.0,"turns":2.0},{"damage":25.0,"enemies":"Large Slime","floor":8.0,"turns":8.0},{"damage":62,"enemies":"The Guardian","floor":16,"turns":4}],"seed_played":"-1473616836396923535","potions_obtained":[{"floor":3.0,"key":"Elixir"},{"floor":7.0,"key":"Weak Potion"}],"is_trial":false,"path_per_floor":["M","?","M","?","?","R","M","M","T","R","$","?","?","$","R","B"],"character_chosen":"IRONCLAD","items_purchased":["Inflame"],"campfire_rested":1,"item_purchase_floors":[14],"current_hp_per_floor":[80,80,60,60,60,60,60,35,35,59,59,52,52,52,52,0,0],"gold":15,"neow_bonus":"THREE_RARE_CARDS","is_daily":false,"chose_seed":false,"campfire_upgraded":3,"win_rate":0.0,"timestamp":1611922960,"path_taken":["M","?","M","?","?","R","M","?","T","R","$","?","?","$","R","BOSS"],"items_purchased_type":["Card"],"build_version":"2020-12-22","purchased_purges":1,"victory":false,"max_hp_per_floor":[80,80,80,80,80,80,80,80,80,80,80,80,80,80,80,80,80],"relic_stats":{"counters":[5,19],"Smiling Mask":25,"obtain_stats":[{"Replay:M_SmolderingBlood":2,"Smiling Mask":9,"Burning Blood":0,"Replay:Arrowhead":12},{"Replay:M_SmolderingBlood":1,"Smiling Mask":4,"Burning Blood":0,"Replay:Arrowhead":4},{"Replay:M_SmolderingBlood":3,"Smiling Mask":15,"Burning Blood":0,"Replay:Arrowhead":15}]},"card_choices":[{"not_picked":["Bludgeon","Hemogenesis"],"picked":"Demonic Infusion","floor":0.0},{"not_picked":["Clothesline","Flex","hubris:SharpeningStone"],"picked":"SKIP","floor":1.0},{"not_picked":["Dual Wield","WreathOfFlame","Headbutt"],"picked":"SKIP","floor":3.0},{"not_picked":["BowlingBash","Limit Break","Intimidate"],"picked":"SKIP","floor":7.0},{"not_picked":["hubris:CleavingFinish","BowlingBash","True Grit"],"picked":"SKIP","floor":8.0}],"player_experience":224841,"relics_obtained":[{"floor":9.0,"key":"Smiling Mask"}],"event_choices":[{"damage_healed":0.0,"max_hp_gain":0.0,"max_hp_loss":0.0,"gold_gain":100.0,"event_name":"Golden Shrine","player_choice":"Pray","floor":5.0,"gold_loss":0.0,"damage_taken":0.0},{"damage_healed":0.0,"max_hp_gain":0.0,"max_hp_loss":0.0,"gold_gain":0.0,"event_name":"Scrap Ooze","player_choice":"Success","floor":12.0,"gold_loss":0.0,"damage_taken":7.0,"relics_obtained":["Replay:Arrowhead"]}],"is_beta":false,"boss_relics":[],"items_purged_floors":[11],"is_endless":false,"potions_floor_spawned":[3,7],"killed_by":"The Guardian","ascension_level":0}}