{"host":"xgnmnr8f8w1a0eo3","time":1611892936,"event":{"mods":["BaseMod","Downfall","Highlight Path","Minty Spire (QoL Compilation)","Permanent Neow","Relic Stats","StSLib","everything is the same but u backflip on backflip"],"gold_per_floor":[99,99,99,99,99,99,146,173,173,173,192,227,227,257,273,376,376,376,388,18,28,28,28,28],"floor_reached":22,"language":"ENG","playtime":4563,"items_purged":[],"score":260,"play_id":"9964dcc5-d742-410e-92bf-9f23d9226276","local_time":"20210128200216","is_ascension_mode":true,"campfire_choices":[{"data":"sneckomod:TailWhip","floor":1.0,"key":"SMITH"},{"data":"sneckomod:UnknownStrike","floor":9.0,"key":"SMITH"},{"data":"sneckomod:UnknownUncommonAttack","floor":13.0,"key":"SMITH"},{"data":"sneckomod:Transmogrify","floor":18.0,"key":"SMITH"}],"circlet_count":0,"master_deck":["sneckomod:Strike","sneckomod:Strike","sneckomod:Strike","sneckomod:Defend","sneckomod:Defend","sneckomod:Defend","sneckomod:TailWhip+1","sneckomod:SnekBite+1","downfall:Aged","sneckomod:CheapStock","sneckomod:QuickMove","Meteor Strike","sneckomod:Transmogrify+1","sneckomod:UnknownUncommonSkill+1","sneckomod:UnknownCommonSkill","sneckomod:UnknownCommonSkill","sneckomod:Unknown2Cost+1","sneckomod:UnknownCommonAttack+1","sneckomod:UnknownUncommonAttack+1","sneckomod:UnknownUncommonAttack+1"],"relics":["sneckomod:SneckoSoul","Pantograph","CultistMask","hexamod:Sixitude","Coffee Dripper","Bronze Scales","hexamod:CandleOfCauterizing","TungstenRod"],"acts_visited":["Exordium","TheCity"],"potions_floor_usage":[],"damage_taken":[{"damage":0.0,"enemies":"Jaw Worm","floor":2.0,"turns":1.0},{"damage":0.0,"enemies":"Cultist","floor":4.0,"turns":1.0},{"damage":0.0,"enemies":"downfall:FleeingMerchant","floor":5.0,"turns":1.0},{"damage":0.0,"enemies":"2 Louse","floor":6.0,"turns":1.0},{"damage":0.0,"enemies":"Lagavulin","floor":8.0,"turns":1.0},{"damage":15.0,"enemies":"Exordium Thugs","floor":11.0,"turns":4.0},{"damage":22.0,"enemies":"3 Sentries","floor":12.0,"turns":6.0},{"damage":10.0,"enemies":"Gremlin Nob","floor":14.0,"turns":2.0},{"damage":18.0,"enemies":"3 Louse","floor":15.0,"turns":4.0},{"damage":30.0,"enemies":"IC_STATUS_ARCHETYPE","floor":16.0,"turns":8.0},{"damage":0.0,"enemies":"3 Byrds","floor":19.0,"turns":3.0},{"damage":5.0,"enemies":"downfall:FleeingMerchant","floor":20.0,"turns":4.0},{"damage":0,"enemies":"Snake Plant","floor":21,"turns":1},{"damage":0,"enemies":"Snake Plant","floor":22,"turns":1}],"seed_played":"-5781649361076636815","potions_obtained":[{"floor":8.0,"key":"sneckomod:MuddlingPotion"},{"floor":11.0,"key":"Weak Potion"},{"floor":15.0,"key":"Weak Potion"},{"floor":16.0,"key":"Guardian:BlockOnCardUsePotion"},{"floor":19.0,"key":"PowerPotion"},{"floor":21,"key":"SkillPotion"}],"is_trial":false,"path_per_floor":["R","M","?","M","$","M","T","E","R","?","M","E","R","E","M","B",null,"R","M","$","M","?"],"character_chosen":"THE_SNECKO","items_purchased":["TungstenRod","sneckomod:UnknownCommonSkill"],"campfire_rested":0,"item_purchase_floors":[20,20],"current_hp_per_floor":[90,90,90,90,90,90,90,90,90,90,75,53,53,43,25,20,90,90,90,85,85,85,85,85],"gold":28,"neow_bonus":"THREE_ENEMY_KILL","is_daily":false,"chose_seed":false,"campfire_upgraded":4,"win_rate":0.0,"timestamp":1611892936,"path_taken":["R","M","?","?","?","M","T","E","R","?","?","E","R","E","M","BOSS","R","M","$","M","?"],"items_purchased_type":["Relic","Card"],"build_version":"2020-12-22","purchased_purges":0,"victory":false,"max_hp_per_floor":[90,90,90,90,90,90,90,90,90,90,90,90,90,90,90,90,90,90,90,90,90,90,90,90],"relic_stats":{"counters":[13,32],"Pantograph":25,"Bronze Scales":[115],"obtain_stats":[{"hexamod:CandleOfCauterizing":12,"Bronze Scales":7,"Pantograph":8,"Circlet":5,"hexamod:Sixitude":14,"downfall:HeartsMalice":0,"CultistMask":10,"Coffee Dripper":17,"sneckomod:SneckoSoul":0,"TungstenRod":20},{"hexamod:CandleOfCauterizing":7,"Bronze Scales":4,"Pantograph":5,"Circlet":3,"hexamod:Sixitude":8,"downfall:HeartsMalice":0,"CultistMask":5,"Coffee Dripper":10,"sneckomod:SneckoSoul":0,"TungstenRod":12},{"hexamod:CandleOfCauterizing":10,"Bronze Scales":0,"Pantograph":0,"Circlet":0,"hexamod:Sixitude":12,"downfall:HeartsMalice":0,"CultistMask":0,"Coffee Dripper":24,"sneckomod:SneckoSoul":0,"TungstenRod":31}],"TungstenRod":0},"card_choices":[{"not_picked":["sneckomod:UnknownCommonAttack","sneckomod:QuickBite"],"picked":"sneckomod:UnknownUncommonAttack","floor":2.0},{"not_picked":["sneckomod:UnknownColorless","sneckomod:SlitherStrike"],"picked":"sneckomod:UnknownDraw","floor":4.0},{"not_picked":["sneckomod:SoulDraw","sneckomod:DiceBlock"],"picked":"sneckomod:UnknownUncommonAttack","floor":5.0},{"not_picked":["sneckomod:DangerNoodle","sneckomod:SoulDraw"],"picked":"sneckomod:CheapStock","floor":6.0},{"not_picked":["sneckomod:UnknownCommonAttack","sneckomod:QuickBite"],"picked":"sneckomod:UnknownStrike","floor":8.0},{"not_picked":["sneckomod:WideSting","sneckomod:Nope"],"picked":"sneckomod:Unknown2Cost","floor":11.0},{"not_picked":["sneckomod:SoulDraw","sneckomod:UnendingSupply"],"picked":"sneckomod:Memorize","floor":12.0},{"not_picked":["sneckomod:SnakeSap","sneckomod:RainOfDice"],"picked":"sneckomod:UnknownCommonAttack","floor":14.0},{"not_picked":["sneckomod:SnakeSap","sneckomod:SoulDraw"],"picked":"sneckomod:QuickMove","floor":15.0},{"not_picked":["sneckomod:SerpentMind","sneckomod:DangerNoodle"],"picked":"sneckomod:Transmogrify","floor":16.0},{"not_picked":["sneckomod:DiceCrush","sneckomod:UnknownExhaust"],"picked":"sneckomod:UnknownCommonAttack+1","floor":19.0},{"not_picked":["sneckomod:WideSting","sneckomod:PureSnecko+1"],"picked":"sneckomod:UnknownCommonSkill","floor":20.0},{"not_picked":["sneckomod:MasterEye","sneckomod:DefensiveFlair+1"],"picked":"sneckomod:UnknownUncommonSkill+1","floor":21}],"player_experience":1198313,"relics_obtained":[{"floor":7.0,"key":"Bronze Scales"},{"floor":8.0,"key":"Pantograph"},{"floor":12.0,"key":"hexamod:CandleOfCauterizing"},{"floor":14.0,"key":"hexamod:Sixitude"},{"floor":19.0,"key":"Bronze Scales"},{"floor":20.0,"key":"hexamod:CandleOfCauterizing"}],"event_choices":[{"damage_healed":0.0,"max_hp_gain":0.0,"max_hp_loss":0.0,"gold_gain":0.0,"event_name":"FaceTrader","player_choice":"Trade","floor":10.0,"gold_loss":0.0,"damage_taken":0.0,"relics_obtained":["CultistMask"]}],"is_beta":false,"boss_relics":[{"not_picked":["Busted Crown","Velvet Choker"],"picked":"Coffee Dripper"}],"items_purged_floors":[],"is_endless":false,"potions_floor_spawned":[8,11,15,16,19,21],"killed_by":"Snake Plant","ascension_level":1}}