{"host":"qekv59dthhdg54sz","time":1611898921,"event":{"mods":["AchievementEnabler","BaseMod","Colored Map","DeckTracker","KOR Keyword Fix","Minty Spire (QoL Compilation)","Rare Cards Sparkle","StSLib","SuperFastMode"],"gold_per_floor":[115,115,127,127,127,127,160,173,228,62,79,79,79],"floor_reached":12,"language":"KOR","playtime":138,"items_purged":[],"score":191,"play_id":"688909e3-9f49-46fc-9c8d-42d8b973b723","local_time":"20210129144201","is_ascension_mode":true,"campfire_choices":[{"data":"Dropkick","floor":6,"key":"SMITH"}],"circlet_count":0,"master_deck":["AscendersBane","Strike_R","Strike_R+1","Strike_R","Defend_R","Defend_R","Defend_R","Defend_R","Bash","Sword Boomerang+1","Dropkick+1","Fire Breathing","Shrug It Off","Spot Weakness","Reaper","Evolve"],"relics":["Burning Blood","NeowsBlessing","Lantern","Dream Catcher"],"acts_visited":["Exordium"],"potions_floor_usage":[12],"damage_taken":[{"damage":0,"enemies":"Small Slimes","floor":1,"turns":1},{"damage":0,"enemies":"Jaw Worm","floor":3,"turns":1},{"damage":0,"enemies":"3 Sentries","floor":7,"turns":1},{"damage":8,"enemies":"2 Louse","floor":8,"turns":3},{"damage":40,"enemies":"Exordium Thugs","floor":11,"turns":7},{"damage":18,"enemies":"Gremlin Nob","floor":12,"turns":3}],"seed_played":"-7615774150499350609","potions_obtained":[{"floor":7,"key":"BlessingOfTheForge"},{"floor":8,"key":"Dexterity Potion"}],"is_trial":false,"path_per_floor":["M","?","M","?","?","R","E","M","T","$","M","E"],"character_chosen":"IRONCLAD","items_purchased":["Spot Weakness","Reaper"],"campfire_rested":0,"item_purchase_floors":[10,10],"current_hp_per_floor":[74,51,57,50,50,50,56,54,54,54,20,2,2],"gold":79,"neow_bonus":"THREE_ENEMY_KILL","is_daily":false,"chose_seed":false,"campfire_upgraded":1,"win_rate":0.0,"timestamp":1611898921,"path_taken":["M","?","M","?","?","R","E","?","T","$","M","E"],"items_purchased_type":["Card","Card"],"build_version":"2020-12-22","purchased_purges":0,"victory":false,"max_hp_per_floor":[75,75,75,75,75,75,75,75,75,75,75,75,75],"card_choices":[{"not_picked":["Clothesline","Iron Wave"],"picked":"Sword Boomerang","floor":1},{"not_picked":["Thunderclap","Body Slam"],"picked":"Dropkick","floor":3},{"not_picked":["Whirlwind","Sword Boomerang"],"picked":"Fire Breathing","floor":7},{"not_picked":["Intimidate","Iron Wave"],"picked":"Shrug It Off","floor":8},{"not_picked":["Iron Wave","Perfected Strike"],"picked":"Evolve","floor":11}],"player_experience":869002,"relics_obtained":[{"floor":7,"key":"Lantern"},{"floor":9,"key":"Dream Catcher"}],"event_choices":[{"damage_healed":0,"gold_gain":0,"player_choice":"Entered Light","damage_taken":23,"max_hp_gain":0,"max_hp_loss":0,"event_name":"Shining Light","floor":2,"gold_loss":0,"cards_upgraded":["Sword Boomerang","Strike_R"]},{"cards_removed":["Strike_R"],"damage_healed":0,"gold_gain":0,"player_choice":"Card Removal","damage_taken":7,"max_hp_gain":0,"max_hp_loss":0,"event_name":"Golden Wing","floor":4,"gold_loss":0},{"cards_removed":["Strike_R"],"damage_healed":0,"gold_gain":0,"player_choice":"Purged","damage_taken":0,"max_hp_gain":0,"max_hp_loss":0,"event_name":"Purifier","floor":5,"gold_loss":0}],"is_beta":false,"boss_relics":[],"items_purged_floors":[],"is_endless":false,"potions_floor_spawned":[7,8],"killed_by":"Gremlin Nob","ascension_level":17}}