{"host":"y24pqu7jih1n8m3t","time":1611888150,"event":{"mods":["AchievementEnabler","BaseMod","Bestiary","Block Reminder","Colored Map","Colored Powertips","DeckTracker","Highlight Path","Minty Spire (QoL Compilation)","Permanent Neow","Quick Restart","Rare Cards Sparkle","Relic Stats"],"gold_per_floor":[164,112,132,13,13,28,28,60,72,98,116,116,136,136,163,163,265,265,276,296,306,317,317,317],"floor_reached":22,"language":"ENG","playtime":1316,"items_purged":[],"score":230,"play_id":"bcd1d44c-a1c1-47ab-87ec-3acfe88a96e0","local_time":"20210128214230","is_ascension_mode":true,"campfire_choices":[{"data":"Buffer","floor":6,"key":"SMITH"},{"floor":11,"key":"REST"},{"floor":13,"key":"REST"},{"floor":15,"key":"REST"}],"circlet_count":0,"master_deck":["Strike_B","Strike_B","Strike_B","Defend_B","Defend_B","Defend_B","Defend_B","Zap","Dualcast","Buffer+1","Heatsinks","Streamline","Storm","Ball Lightning","Storm","Thunder Strike","FTL","Loop","Tempest","Echo Form","Heatsinks","Cold Snap+1","Static Discharge+1","Turbo"],"relics":["Cracked Core","Happy Flower","Lantern","Smiling Mask","Snecko Eye"],"acts_visited":["Exordium","TheCity"],"potions_floor_usage":[12,16,16,20],"damage_taken":[{"damage":3,"enemies":"Small Slimes","floor":1,"turns":4},{"damage":9,"enemies":"Cultist","floor":2,"turns":5},{"damage":7,"enemies":"Jaw Worm","floor":5,"turns":3},{"damage":18,"enemies":"Gremlin Nob","floor":7,"turns":4},{"damage":14,"enemies":"Red Slaver","floor":8,"turns":2},{"damage":0,"enemies":"Looter","floor":10,"turns":1},{"damage":4,"enemies":"3 Louse","floor":12,"turns":3},{"damage":40,"enemies":"3 Sentries","floor":14,"turns":6},{"damage":11,"enemies":"The Guardian","floor":16,"turns":8},{"damage":18,"enemies":"3 Byrds","floor":18,"turns":2},{"damage":0,"enemies":"Spheric Guardian","floor":19,"turns":3},{"damage":28,"enemies":"Shelled Parasite and Fungi","floor":20,"turns":4},{"damage":12,"enemies":"Cultist and Chosen","floor":21,"turns":3},{"damage":26,"enemies":"3 Cultists","floor":22,"turns":3}],"seed_played":"2354984869907222919","potions_obtained":[{"floor":1,"key":"SteroidPotion"},{"floor":10,"key":"PowerPotion"},{"floor":12,"key":"BlessingOfTheForge"},{"floor":19,"key":"Swift Potion"},{"floor":21,"key":"LiquidMemories"}],"is_trial":false,"path_per_floor":["M","M","$","?","M","R","E","M","T","M","R","M","R","E","R","B",null,"M","M","M","M","M"],"character_chosen":"DEFECT","items_purchased":["Storm","Ball Lightning"],"campfire_rested":3,"item_purchase_floors":[3,3],"current_hp_per_floor":[61,51,42,42,42,35,35,17,3,3,3,25,21,43,3,25,14,75,57,57,29,17,0,0],"gold":317,"neow_bonus":"THREE_RARE_CARDS","is_daily":false,"chose_seed":false,"campfire_upgraded":1,"win_rate":0.0,"timestamp":1611888150,"path_taken":["M","M","$","?","M","R","E","M","T","M","R","M","R","E","R","BOSS","M","?","M","M","M"],"items_purchased_type":["Card","Card"],"build_version":"2020-12-22","purchased_purges":0,"victory":false,"max_hp_per_floor":[69,75,75,75,75,75,75,75,75,75,75,75,75,75,75,75,75,75,75,75,75,75,75,75],"relic_stats":{"Happy Flower":[11],"counters":[14,51],"Snecko Eye":[25,37,25,29],"Smiling Mask":0,"obtain_stats":[{"Lantern":9,"Happy Flower":7,"Snecko Eye":17,"Cracked Core":0,"Smiling Mask":14},{"Lantern":5,"Happy Flower":4,"Snecko Eye":9,"Cracked Core":0,"Smiling Mask":8},{"Lantern":18,"Happy Flower":16,"Snecko Eye":36,"Cracked Core":0,"Smiling Mask":28}]},"card_choices":[{"not_picked":["Meteor Strike","Multi-Cast"],"picked":"Buffer","floor":0},{"not_picked":["Redo","Turbo"],"picked":"Heatsinks","floor":1},{"not_picked":["Barrage","Lockon"],"picked":"Streamline","floor":2},{"not_picked":["Streamline","Skim"],"picked":"Storm","floor":5},{"not_picked":["Storm","Streamline"],"picked":"Thunder Strike","floor":7},{"not_picked":["Blizzard","Capacitor"],"picked":"FTL","floor":8},{"not_picked":["Ball Lightning","Conserve Battery"],"picked":"Loop","floor":10},{"not_picked":["Steam","Reprogram","Streamline"],"picked":"SKIP","floor":12},{"not_picked":["Turbo","Reprogram"],"picked":"Tempest","floor":14},{"not_picked":["Multi-Cast","Hyperbeam"],"picked":"Echo Form","floor":16},{"not_picked":["Chill","Ball Lightning"],"picked":"Heatsinks","floor":18},{"not_picked":["Barrage","Chaos+1"],"picked":"Cold Snap+1","floor":19},{"not_picked":["Sweeping Beam","Blizzard"],"picked":"Static Discharge+1","floor":20},{"not_picked":["Genetic Algorithm","Rebound+1"],"picked":"Turbo","floor":21}],"player_experience":205274,"relics_obtained":[{"floor":7,"key":"Happy Flower"},{"floor":9,"key":"Lantern"},{"floor":14,"key":"Smiling Mask"}],"event_choices":[{"cards_removed":["Strike_B"],"damage_healed":0,"gold_gain":0,"player_choice":"Card Removal","damage_taken":0,"max_hp_gain":0,"max_hp_loss":0,"event_name":"Wheel of Change","floor":4,"gold_loss":0}],"is_beta":false,"boss_relics":[{"not_picked":["Calling Bell","SacredBark"],"picked":"Snecko Eye"}],"items_purged_floors":[],"is_endless":false,"potions_floor_spawned":[1,10,12,19,21],"killed_by":"3 Cultists","ascension_level":3}}