{"host":"skr63qsdfgeey3it","time":1611897832,"event":{"mods":["BaseMod","Colored Map","Hubris","Minty Spire (QoL Compilation)","Replay The Spire","Spicy Shops","StSLib"],"gold_per_floor":[10,24,35,35,62,97,97,109,109,109,109,109,33,33,33,129,129,144,144,262,288,307,307,343,343,369,388,408,441,36,79,79,174,174,199,74,190,37,37,77,77,117,140,181,296,337,356,56,56,56],"floor_reached":51,"language":"ENG","playtime":2389,"items_purged":["Strike_G","Defend_G","Writhe","Writhe"],"score":1790,"play_id":"dbaa0d96-b88c-4d38-8c42-03b6719034cd","local_time":"20210128232352","is_ascension_mode":true,"campfire_choices":[{"data":"ReplayTheSpireMod:Scrap Shanks","floor":7,"key":"SMITH"},{"data":"Prepared","floor":10,"key":"SMITH"},{"floor":12,"key":"REST"},{"floor":23,"key":"REST"},{"data":"Storm of Steel","floor":25,"key":"SMITH"},{"data":"ReplayTheSpireMod:Shiv Toss","floor":32,"key":"SMITH"},{"data":"ReplayTheSpireMod:Scrap Shanks","floor":41,"key":"SMITH"},{"data":"Calculated Gamble","floor":49,"key":"SMITH"}],"circlet_count":0,"master_deck":["AscendersBane","Strike_G","Strike_G","Defend_G","Defend_G","Defend_G","Survivor","Neutralize","Terror","Dagger Throw","ReplayTheSpireMod:Scrap Shanks+1","Underhanded Strike+1","Predator","ReplayTheSpireMod:Scrap Shanks+1","Prepared+1","Storm of Steel+1","ReplayTheSpireMod:Shiv Toss+1","Ghostly+1","Ghostly+1","Ghostly+1","Ghostly+1","Ghostly+1","Dodge and Roll","Acrobatics+1","Dodge and Roll+1","Blade Dance","ReplayTheSpireMod:Splinters","Prepared","Prepared","Storm of Steel","Phantasmal Killer","Calculated Gamble+1"],"relics":["Ring of the Snake","Tiny Chest","Bottled Tornado","hubris:Metronome","Golden Idol","Ancient Tea Set","hubris:Icosahedron","hubris:CrackedHourglass","Anchor","Incense Burner","Akabeko","Lantern","Lee\u0027s Waffle","hubris:EmptyBottle","Orichalcum","Replay:Ancient Bell","Toy Ornithopter","Replay:Bottled Eggs","Tough Bandages","Boot","Membership Card","Ginger","Durian","Replay:Bottled Steam","Strawberry","hubris:ToyBattleship","Frozen Egg 2","Mummified Hand"],"acts_visited":["Exordium","TheCity","TheBeyond"],"potions_floor_usage":[24,28,33,33,40,40,44,44,46,50,50],"damage_taken":[{"damage":4,"enemies":"Cultist","floor":1,"turns":3},{"damage":0,"enemies":"Jaw Worm","floor":2,"turns":3},{"damage":1,"enemies":"2 Louse","floor":3,"turns":3},{"damage":3,"enemies":"Replay:BlueRogue","floor":6,"turns":4},{"damage":4,"enemies":"2 Fungi Beasts","floor":8,"turns":3},{"damage":50,"enemies":"Fading Forest","floor":16,"turns":11},{"damage":0,"enemies":"Spheric Guardian","floor":18,"turns":1},{"damage":2,"enemies":"Shell Parasite","floor":20,"turns":4},{"damage":14,"enemies":"Snecko","floor":22,"turns":3},{"damage":1,"enemies":"Gremlin Leader","floor":24,"turns":5},{"damage":0,"enemies":"Snake Plant","floor":27,"turns":3},{"damage":0,"enemies":"Chosen and Byrds","floor":28,"turns":1},{"damage":0,"enemies":"Slavers","floor":29,"turns":3},{"damage":4,"enemies":"Book of Stabbing","floor":31,"turns":5},{"damage":0,"enemies":"Automaton","floor":33,"turns":4},{"damage":0,"enemies":"3 Shapes","floor":35,"turns":3},{"damage":0,"enemies":"R_Hoarder","floor":40,"turns":7},{"damage":0,"enemies":"Giant Head","floor":42,"turns":3},{"damage":0,"enemies":"R_Hoarder","floor":44,"turns":5},{"damage":0,"enemies":"3 Darklings","floor":45,"turns":3},{"damage":0,"enemies":"Reptomancer","floor":46,"turns":2},{"damage":0,"enemies":"Spire Growth","floor":47,"turns":3},{"damage":0,"enemies":"hubris:GrandSnecko","floor":50,"turns":5}],"seed_played":"8859782741679640602","potions_obtained":[{"floor":1,"key":"FearPotion"},{"floor":2,"key":"Explosive Potion"},{"floor":28,"key":"Strength Potion"},{"floor":29,"key":"Strength Potion"},{"floor":33,"key":"Poison Potion"},{"floor":42,"key":"FearPotion"},{"floor":45,"key":"Swift Potion"},{"floor":46,"key":"Fire Potion"}],"is_trial":false,"path_per_floor":["M","M","M","?","T","E","R","M","T","R","?","R","$","?","R_BF","B",null,"M","?","M","T","M","R","E","R","T","M","M","E","$","E","R","B",null,"M","$","?","$","T","E","R","E","T","E","M","E","M","$","R","B",null],"character_chosen":"THE_SILENT","items_purchased":["Ancient Tea Set","Lee\u0027s Waffle","hubris:EmptyBottle","Membership Card","Mummified Hand","Phantasmal Killer","Calculated Gamble"],"campfire_rested":2,"item_purchase_floors":[13,30,30,38,48,48,48],"current_hp_per_floor":[59,59,58,58,58,55,55,51,51,51,34,55,55,55,70,40,63,63,35,33,33,19,29,28,28,28,28,28,28,42,38,38,38,41,41,41,31,31,31,46,46,46,53,54,54,54,54,54,54,54],"gold":56,"neow_bonus":"TRANSFORM_TWO_CARDS","is_daily":false,"chose_seed":false,"campfire_upgraded":6,"win_rate":0.0,"timestamp":1611897832,"path_taken":["M","M","?","?","?","E","R","M","T","R","?","R","$","?","R_BF","BOSS","M","?","M","?","M","R","E","R","T","M","M","E","$","E","R","BOSS","M","$","?","$","?","E","R","E","T","E","M","E","M","$","R","BOSS"],"items_purchased_type":["Relic","Relic","Relic","Relic","Relic","Card","Card"],"build_version":"2020-12-22","purchased_purges":4,"victory":true,"max_hp_per_floor":[70,70,70,70,70,70,70,70,70,70,70,70,70,70,70,70,70,70,35,35,35,35,35,35,35,35,35,35,35,42,42,42,42,42,42,42,42,42,42,47,47,47,54,54,54,54,54,54,54,54],"card_choices":[{"not_picked":["Expertise","Calculated Gamble"],"picked":"ReplayTheSpireMod:Scrap Shanks","floor":1},{"not_picked":["Sucker Punch","PiercingWail"],"picked":"Underhanded Strike","floor":2},{"not_picked":["Sneak Up","Riddle With Holes"],"picked":"Predator","floor":3},{"not_picked":["Dash","Poison Darts"],"picked":"ReplayTheSpireMod:Scrap Shanks","floor":6},{"not_picked":["Predator","Deflect"],"picked":"Prepared","floor":8},{"not_picked":["After Image","Doppelganger"],"picked":"Storm of Steel","floor":16},{"not_picked":["PiercingWail","Dagger Throw+1"],"picked":"ReplayTheSpireMod:Shiv Toss","floor":18},{"not_picked":["Backflip","Venomology"],"picked":"Dodge and Roll","floor":20},{"not_picked":["Dagger Spray","Dagger Throw","Sucker Punch"],"picked":"SKIP","floor":22},{"not_picked":["Crippling Poison","Hidden Blade","Catalyst"],"picked":"SKIP","floor":24},{"not_picked":["Poisoned Stab","Setup"],"picked":"Acrobatics+1","floor":27},{"not_picked":["Skewer","Dagger Spray"],"picked":"Dodge and Roll+1","floor":28},{"not_picked":["Endless Agony","Bouncing Flask","Concentrate"],"picked":"SKIP","floor":29},{"not_picked":["ReplayTheSpireMod:Scrap Shanks","Venomology"],"picked":"Blade Dance","floor":31},{"not_picked":["Sickly","Spreading Infection"],"picked":"Writhe","floor":34},{"not_picked":["hubris:Gluttony","Parasite"],"picked":"ReplayTheSpireMod:Splinters","floor":34},{"not_picked":["hubris:Sloth","ReplayTheSpireMod:Restless Dread"],"picked":"Writhe","floor":34},{"not_picked":["Backflip","Flechettes+1"],"picked":"Prepared","floor":35},{"not_picked":["Deflect","Catalyst"],"picked":"Prepared","floor":37},{"not_picked":["Tactician","Choke"],"picked":"Storm of Steel","floor":40},{"not_picked":["Deflect","Setup","Flying Knee"],"picked":"SKIP","floor":42},{"not_picked":["PiercingWail+1","Slice+1","Poisoned Stab+1"],"picked":"SKIP","floor":44},{"not_picked":["Slice","Underhanded Strike","hubris:SlightOfHand+1"],"picked":"SKIP","floor":45},{"not_picked":["Deflect","Dodge and Roll","Hidden Blade+1"],"picked":"SKIP","floor":46},{"not_picked":["Cloak And Dagger+1","Night Terror","Dash"],"picked":"SKIP","floor":47}],"player_experience":823127,"relics_obtained":[{"floor":5,"key":"Tiny Chest"},{"floor":6,"key":"Bottled Tornado"},{"floor":9,"key":"hubris:Metronome"},{"floor":21,"key":"Anchor"},{"floor":24,"key":"Incense Burner"},{"floor":26,"key":"Akabeko"},{"floor":29,"key":"Lantern"},{"floor":31,"key":"Orichalcum"},{"floor":37,"key":"Boot"},{"floor":39,"key":"Ginger"},{"floor":40,"key":"Durian"},{"floor":42,"key":"Replay:Bottled Steam"},{"floor":43,"key":"Strawberry"},{"floor":44,"key":"hubris:ToyBattleship"},{"floor":46,"key":"Frozen Egg 2"}],"event_choices":[{"cards_removed":["Strike_G"],"damage_healed":0,"gold_gain":0,"player_choice":"Forget","damage_taken":0,"max_hp_gain":0,"max_hp_loss":0,"event_name":"Living Wall","floor":4,"gold_loss":0},{"damage_healed":0,"gold_gain":0,"player_choice":"Take Damage","damage_taken":17,"relics_obtained":["Golden Idol"],"max_hp_gain":0,"max_hp_loss":0,"event_name":"Golden Idol","floor":11,"gold_loss":0},{"damage_healed":0,"gold_gain":0,"player_choice":"Became a Ghost","damage_taken":0,"max_hp_gain":0,"max_hp_loss":35,"event_name":"Ghosts","floor":19,"gold_loss":0,"cards_obtained":["Ghostly","Ghostly","Ghostly","Ghostly","Ghostly"]}],"is_beta":false,"boss_relics":[{"not_picked":["hubris:ScarierMask","Replay:Grab Bag"],"picked":"hubris:CrackedHourglass"},{"not_picked":["Runic Pyramid","Philosopher\u0027s Stone"],"picked":"Replay:Ancient Bell"},{"not_picked":["CeramicFish","Happy Flower"],"picked":"Toy Ornithopter"},{"not_picked":["HornCleat","hubris:DisguiseKit"],"picked":"Replay:Bottled Eggs"},{"not_picked":["hubris:64BitClover","Pondfish Scales"],"picked":"Tough Bandages"}],"items_purged_floors":[30,30,36,48],"is_endless":false,"potions_floor_spawned":[1,2,6,16,18,28,29,31,33,42,45,46],"ascension_level":13}}