{"host":"jfbo3eu2ui08ej1u","time":1611897037,"event":{"mods":["2.2 Compatiblity","AchievementEnabler","Act Like it!","Aspiration","BaseMod","Better Altar","Better Match","Better Note","Better Sensory Stone","Better Skull","Better Third Choice","Block Reminder","Colored Map","Colored Powertips","Conspire","DeckTracker","Displayed Cursed Tome","Energized Spire","Fox Events","GifTheSpireLib","Hubris","Infinite Spire","Marked Mod","Minty Spire (QoL Compilation)","Pale of the Ancients","Poor People Problems","Quick Restart","Relic Filter","Reliquary","Reorder Act Four","Replay The Spire","Shop Mod","Spicy Shops","Spire Arcade","StSLib","Stuff the Spire","The Blue Laboratory","The Disciple","The Forsaken","The Hierophant","The Marked","Uncapped","Unceasing Turn Reminder","Wandering Minibosses"],"gold_per_floor":[215,114,126,139,159,159,179,189,189,189,220,220,249,266,266,343,293,313,325,343,343,135,135,146,178,178,178,178,210,210,230,230,306,306,316,316,328,77,77,77,107,167,193,222,240,251,251,277,277,277,277,295,314,314,16,16,33,33,33,33,33],"floor_reached":62,"language":"ENG","playtime":3684,"items_purged":["Injury","Strike_P","Strike_P","Strike_P"],"score":2591,"play_id":"e4fe3af8-92de-4582-b5ce-cbadef49d36b","local_time":"20210129001037","is_ascension_mode":true,"campfire_choices":[{"data":"MarkedMod:OneThousandNeedles","floor":6.0,"key":"SMITH"},{"data":"Wireheading","floor":12.0,"key":"SMITH"},{"data":"ThirdEye","floor":15.0,"key":"SMITH"},{"data":"MarkedMod:GentlePulse","floor":23.0,"key":"SMITH"},{"floor":28.0,"key":"REST"},{"data":"Meditate","floor":30.0,"key":"SMITH"},{"data":"EmptyMind","floor":32.0,"key":"SMITH"},{"data":"MarkedMod:NorthStar","floor":40.0,"key":"SMITH"},{"floor":49.0,"key":"REST"},{"data":"DeusExMachina","floor":56,"key":"SMITH"},{"data":"WaveOfTheHand","floor":58,"key":"SMITH"}],"circlet_count":0,"master_deck":["AscendersBane","Strike_P","Defend_P","Defend_P","Defend_P","Defend_P","Vigilance","Wallop","PathToVictory","PathToVictory+1","Wireheading+1","MarkedMod:OneThousandNeedles+1","DeceiveReality","PathToVictory+1","Judgement","EmptyMind+1","ThirdEye+1","DeusExMachina+1","ClearTheMind","Meditate+1","MarkedMod:GentlePulse+1","Protect","DeceiveReality+1","InnerPeace","conspire:Banana","Wireheading","JustLucky","MarkedMod:NorthStar+1","Pot Of Greed","Pot Of Greed","Pot Of Greed","infinitespire:Collect","EmptyMind","MarkedMod:ChiBlock","InnerPeace","PathToVictory+1","Replay:ManipulateFuture+1","Pot Of Greed","WaveOfTheHand+1","PathToVictory","Protect","ReplayTheSpireMod:Private Reserves","Replay:ManipulateFuture+1"],"relics":["PureWater","ReplayTheSpireMod:CursedCoin","Replay:Bottled Snecko","White Beast Statue","Blood Vial","energizedSpire:HugeHouse","infinitespire:WardingShard","conspire:Dentures","Bag of Preparation","Grinning Jar","reliquary:Buckler","Strawberry","reliquary:TridentHead","hubris:Towel","Potion Belt","paleoftheancients:Timepiece","paleoftheancients:KeyRelic","Letter Opener","CultistMask","paleoftheancients:SoulOfTheGuardian","reliquary:IridiumChain"],"acts_visited":["Exordium","TheCity","TheBeyond","paleoftheancients:PaleOfTheAncients"],"potions_floor_usage":[52,61],"damage_taken":[{"damage":0.0,"enemies":"Cultist","floor":1.0,"turns":3.0},{"damage":0.0,"enemies":"Small Slimes","floor":3.0,"turns":2.0},{"damage":2.0,"enemies":"2 Louse","floor":4.0,"turns":3.0},{"damage":11.0,"enemies":"Blue Slaver","floor":5.0,"turns":5.0},{"damage":0.0,"enemies":"Large Slime","floor":7.0,"turns":2.0},{"damage":3.0,"enemies":"2 Fungi Beasts","floor":8.0,"turns":3.0},{"damage":8.0,"enemies":"3 Sentries","floor":11.0,"turns":7.0},{"damage":3.0,"enemies":"Lagavulin","floor":13.0,"turns":4.0},{"damage":0.0,"enemies":"Looter","floor":14.0,"turns":2.0},{"damage":47.0,"enemies":"Fading Forest","floor":16.0,"turns":13.0},{"damage":0.0,"enemies":"conspire:FuzzyDice","floor":18.0,"turns":5.0},{"damage":0.0,"enemies":"Spheric Guardian","floor":19.0,"turns":2.0},{"damage":0.0,"enemies":"Snecko","floor":20.0,"turns":3.0},{"damage":0.0,"enemies":"Centurion and Healer","floor":24.0,"turns":5.0},{"damage":20.0,"enemies":"Book of Stabbing","floor":25.0,"turns":5.0},{"damage":1.0,"enemies":"Slavers","floor":29.0,"turns":6.0},{"damage":0.0,"enemies":"conspire:HollyBat","floor":31.0,"turns":5.0},{"damage":29.0,"enemies":"hubris:MusketHawk","floor":33.0,"turns":6.0},{"damage":0.0,"enemies":"3 Darklings","floor":35.0,"turns":3.0},{"damage":0.0,"enemies":"Orb Walker","floor":37.0,"turns":4.0},{"damage":14.0,"enemies":"Giant Head","floor":41.0,"turns":6.0},{"damage":8.0,"enemies":"Nemesis","floor":44.0,"turns":5.0},{"damage":0.0,"enemies":"3 Darklings","floor":45.0,"turns":4.0},{"damage":0.0,"enemies":"4 Shapes","floor":46.0,"turns":3.0},{"damage":10.0,"enemies":"Reptomancer","floor":48.0,"turns":3.0},{"damage":12.0,"enemies":"infinitespire:MassOfShapes","floor":50.0,"turns":6.0},{"damage":5,"enemies":"Replay:Hell Engine","floor":51,"turns":6},{"damage":24,"enemies":"Replay:Hell Engine","floor":52,"turns":6},{"damage":22,"enemies":"Replay:Hell Engine","floor":53,"turns":5},{"damage":0,"enemies":"Replay:Hell Engine","floor":57,"turns":5},{"damage":165,"enemies":"paleoftheancients:N","floor":61,"turns":6}],"seed_played":"4402394874135811787","potions_obtained":[{"floor":5.0,"key":"SpeedPotion"},{"floor":11.0,"key":"Fire Potion"},{"floor":13.0,"key":"SpeedPotion"},{"floor":16.0,"key":"GamblersBrew"},{"floor":18.0,"key":"PowerPotion"},{"floor":19.0,"key":"blueLaboratory:FruitPunch"},{"floor":20.0,"key":"blueLaboratory:PyrophylliteBrew"},{"floor":24.0,"key":"ColorlessPotion"},{"floor":25.0,"key":"SneckoOil"},{"floor":29.0,"key":"Fire Potion"},{"floor":31.0,"key":"blueLaboratory:LouseDecoction"},{"floor":41.0,"key":"Dexterity Potion"},{"floor":42.0,"key":"Fruit Juice"},{"floor":44.0,"key":"blueLaboratory:LouseDecoction"},{"floor":45.0,"key":"BlessingOfTheForge"},{"floor":48.0,"key":"Death Potion"},{"floor":52,"key":"Cursed Concoction"},{"floor":57,"key":"Dexterity Potion"}],"is_trial":false,"path_per_floor":["M","$","M","M","M","R","M","M","T","?","E","R","E","M","R","B",null,"M","M","M","?","$","R","M","E","T","?","R","E","R","M","R","B",null,"M","?","M","$","AVR","R","E","?","T","E","M","M","?","E","R","B","B","M","M","?","$","R","M","R","T","?","B",null],"character_chosen":"WATCHER","items_purchased":["PathToVictory","ReplayTheSpireMod:CursedCoin","blueLaboratory:FruitPunch","Wireheading","Protect","DeceiveReality+1","MarkedMod:NorthStar","PathToVictory","Protect","ReplayTheSpireMod:Private Reserves"],"campfire_rested":2,"item_purchase_floors":[2,2,2,2,22,22,38,55,55,55],"current_hp_per_floor":[61,61,61,59,48,48,48,45,45,45,39,39,36,38,38,1,49,51,53,57,57,57,57,59,41,41,41,61,63,63,66,66,40,63,66,66,69,69,69,69,58,58,65,65,68,70,70,63,88,78,87,79,77,77,77,77,87,87,87,87,95],"gold":33,"neow_bonus":"HUNDRED_GOLD","is_daily":false,"chose_seed":false,"campfire_upgraded":9,"win_rate":0.0,"timestamp":1611897037,"path_taken":["M","$","?","M","M","R","?","M","T","?","E","R","E","M","R","BOSS","M","M","M","?","$","R","M","E","T","?","R","E","R","M","R","BOSS","M","?","?","?","AVR","R","E","?","T","E","M","M","?","E","R","BOSS","BOSS","M","M","?","$","R","M","R","T","?","BOSS"],"items_purchased_type":["Card","Relic","Potion","Card","Card","Card","Card","Card","Card","Card"],"build_version":"2020-12-22","purchased_purges":4,"victory":true,"max_hp_per_floor":[68,68,68,68,68,68,68,68,68,68,70,70,70,70,70,70,65,65,65,67,67,67,67,67,67,67,67,67,68,68,69,69,70,70,71,71,72,72,72,72,73,73,80,86,87,87,87,88,88,90,91,92,93,93,93,93,94,94,94,94,95],"card_choices":[{"not_picked":["CutThroughFate","Collect"],"picked":"Wallop","floor":1.0},{"not_picked":["WindmillStrike","Indignation"],"picked":"MarkedMod:OneThousandNeedles","floor":3.0},{"not_picked":["WheelKick","Halt","Replay:Battleflow"],"picked":"SKIP","floor":4.0},{"not_picked":["Collect","FollowUp"],"picked":"BowlingBash","floor":5.0},{"not_picked":["Prostrate","Replay:LoomingThreat"],"picked":"DeceiveReality","floor":7.0},{"not_picked":["Replay:BluntJabs","WreathOfFlame"],"picked":"PathToVictory","floor":8.0},{"not_picked":["Prostrate","FlurryOfBlows"],"picked":"Judgement","floor":11.0},{"not_picked":["Replay:BluntJabs","Wallop"],"picked":"EmptyMind","floor":13.0},{"not_picked":["MarkedMod:GentlePulse","MentalFortress"],"picked":"ThirdEye","floor":14.0},{"not_picked":["SpiritShield","Scrawl"],"picked":"DeusExMachina","floor":16.0},{"not_picked":["Perseverance","Crescendo"],"picked":"Meditate","floor":18.0},{"not_picked":["Halt","WreathOfFlame","WheelKick"],"picked":"SKIP","floor":19.0},{"not_picked":["CrushJoints","Weave"],"picked":"MarkedMod:GentlePulse","floor":20.0},{"not_picked":["WheelKick","ClearTheMind+1"],"picked":"InnerPeace","floor":24.0},{"not_picked":["MarkedMod:Acupuncture","CarveReality","MarkedMod:GentlePulse"],"picked":"SKIP","floor":25.0},{"not_picked":["ReplayTheSpireMod:Uncanny Aura","Replay:Bootleg Shield Generator"],"picked":"conspire:Banana","floor":27.0},{"not_picked":["EmptyBody","FearNoEvil","Crescendo"],"picked":"SKIP","floor":29.0},{"not_picked":["Halt","CrushJoints"],"picked":"Wireheading","floor":31.0},{"not_picked":["EmptyFist","SashWhip+1","FearNoEvil"],"picked":"SKIP","floor":35.0},{"not_picked":["TalkToTheHand","Replay:Vibes"],"picked":"JustLucky","floor":37.0},{"not_picked":["SandsOfTime","BattleHymn+1","FollowUp+1"],"picked":"SKIP","floor":41.0},{"not_picked":["Protect","Weave"],"picked":"EmptyMind","floor":44.0},{"not_picked":["Replay:Cycle","MarkedMod:FirstStrike"],"picked":"MarkedMod:ChiBlock","floor":45.0},{"not_picked":["Replay:ManipulateFuture","CrushJoints"],"picked":"InnerPeace","floor":46.0},{"not_picked":["LessonLearned","Pray+1","Vengeance"],"picked":"SKIP","floor":48.0},{"not_picked":["Replay:AtTheReady+1","BowlingBash"],"picked":"PathToVictory+1","floor":52},{"not_picked":["Fasting2","MarkedMod:SlowDance"],"picked":"Replay:ManipulateFuture+1","floor":53},{"not_picked":["SashWhip","Halt+1"],"picked":"Replay:ManipulateFuture+1","floor":57}],"player_experience":1251338,"relics_obtained":[{"floor":9.0,"key":"Replay:Bottled Snecko"},{"floor":11.0,"key":"White Beast Statue"},{"floor":13.0,"key":"Blood Vial"},{"floor":25.0,"key":"infinitespire:WardingShard"},{"floor":26.0,"key":"conspire:Dentures"},{"floor":29.0,"key":"Bag of Preparation"},{"floor":41.0,"key":"reliquary:Buckler"},{"floor":43.0,"key":"Strawberry"},{"floor":44.0,"key":"reliquary:TridentHead"},{"floor":48.0,"key":"Potion Belt"},{"floor":53,"key":"paleoftheancients:SoulOfTheGuardian"},{"floor":59,"key":"reliquary:IridiumChain"}],"event_choices":[{"cards_removed":["Strike_P"],"damage_healed":0.0,"max_hp_gain":0.0,"max_hp_loss":0.0,"gold_gain":0.0,"event_name":"Purifier","player_choice":"Purged","floor":10.0,"gold_loss":0.0,"damage_taken":0.0},{"damage_healed":0.0,"max_hp_gain":0.0,"max_hp_loss":0.0,"gold_gain":0.0,"event_name":"Vampires","player_choice":"Ignored","floor":21.0,"gold_loss":0.0,"damage_taken":0.0},{"damage_healed":0.0,"max_hp_gain":0.0,"max_hp_loss":0.0,"gold_gain":2.0,"event_name":"betterStone:BetterStone","player_choice":"1","floor":27.0,"gold_loss":0.0,"damage_taken":0.0},{"cards_removed":["Eruption"],"damage_healed":0.0,"max_hp_gain":0.0,"max_hp_loss":0.0,"gold_gain":0.0,"event_name":"Purifier","player_choice":"Purged","floor":36.0,"gold_loss":0.0,"damage_taken":0.0}],"is_beta":false,"boss_relics":[{"not_picked":["Kintsugi","Snecko Eye"],"picked":"energizedSpire:HugeHouse"},{"not_picked":["aspiration:PoetsPen_weak","Ring of Chaos","hubris:GrandSneckoEye"]}],"items_purged_floors":[2,22,39,55],"is_endless":false,"potions_floor_spawned":[5,11,13,14,16,18,19,20,24,25,29,31,33,35,37,41,44,45,46,48,52,53,57],"ascension_level":20}}