{"host":"gafwejejal4v72m6","time":1611899849,"event":{"mods":["AchievementEnabler","Aspiration","BaseMod","BetterRewards","Clockwork Mod","Conspire","Hermit","Hubris","Infinite Spire","Minty Spire (QoL Compilation)","Rare Cards Sparkle","Reliquary","Shop Mod","StS++","StSLib","The Animator","The Necromancer"],"gold_per_floor":[121,140,140,155,170,170,199,199,199,199,22,42,61,61,61,177,177,193,193,212,222,67,67,84,11,79,79,79],"floor_reached":27,"language":"RUS","playtime":2731,"items_purged":["animator:Strike"],"score":240,"play_id":"61bcf019-c20f-4c9c-8abd-ea0115c62d0d","local_time":"20210129125729","is_ascension_mode":false,"campfire_choices":[{"data":"animator:Spearman","floor":6,"key":"SMITH"},{"floor":10,"key":"RECALL"},{"data":"animator:Aqua","floor":15,"key":"SMITH"},{"floor":23,"key":"REST"}],"circlet_count":0,"master_deck":["animator:Strike_Konosuba","animator:Defend_Konosuba","animator:Strike","animator:Defend","animator:Defend","animator:Defend","animator:Kazuma","animator:Aqua+1","animator:WinryRockbell+1","animator:IchigoKurosaki","animator:Priestess","animator:ElricEdward","animator:Spearman+1","animator:Pride","animator:FielNirvalen","animator:ElricAlphonse","animator:IzunaHatsuse","animator:GoblinSlayer","animator:Gluttony+1","animator:DolaRiku","animator:Sora","animator:DolaStephanie","animator:SwordMaiden"],"relics":["animator:LivingPicture","animator:ColorlessFragment","Oddly Smooth Stone","hubris:BundleOfHerbs","Champion Belt","hubris:Reverence","aspiration:RitualDagger"],"acts_visited":["Exordium","TheCity"],"potions_floor_usage":[5,16,16],"damage_taken":[{"damage":7,"enemies":"infinitespire:Voidling","floor":1,"turns":9},{"damage":0,"enemies":"conspire:RoseBush","floor":2,"turns":6},{"damage":0,"enemies":"Small Slimes","floor":4,"turns":8},{"damage":5,"enemies":"Exordium Thugs","floor":5,"turns":4},{"damage":0,"enemies":"Lagavulin","floor":7,"turns":8},{"damage":3,"enemies":"Looter","floor":12,"turns":4},{"damage":0,"enemies":"conspire:2 RoseBushes","floor":13,"turns":5},{"damage":63,"enemies":"Hexaghost","floor":16,"turns":18},{"damage":26,"enemies":"Shell Parasite","floor":18,"turns":10},{"damage":21,"enemies":"Chosen","floor":20,"turns":5},{"damage":31,"enemies":"conspire:HollyBat","floor":21,"turns":9},{"damage":91,"enemies":"Cultist and Chosen","floor":24,"turns":10},{"damage":39,"enemies":"Snecko","floor":27,"turns":4}],"seed_played":"-8842551643764738136","potions_obtained":[{"floor":1,"key":"Block Potion"},{"floor":2,"key":"Fire Potion"},{"floor":5,"key":"Ancient Potion"},{"floor":12,"key":"GamblersBrew"},{"floor":16,"key":"conspire:TimeTravelPotion"},{"floor":18,"key":"Ancient Potion"},{"floor":24,"key":"animator:GrowthPotion"}],"is_trial":false,"path_per_floor":["M","M","?","M","M","R","E","?","T","R","$","M","M","?","R","B",null,"M","?","M","M","$","R","M","$","T","M"],"character_chosen":"THE_ANIMATOR","items_purchased":["Oddly Smooth Stone","animator:WinryRockbell","animator:IchigoKurosaki","animator:ColorlessFragment","animator:Sora","animator:SwordMaiden"],"campfire_rested":1,"item_purchase_floors":[0,0,0,11,22,25],"current_hp_per_floor":[40,42,42,45,42,42,44,67,67,67,67,64,66,59,59,2,67,44,44,30,13,13,33,29,29,29,0,0],"gold":79,"neow_bonus":"","is_daily":false,"chose_seed":false,"campfire_upgraded":2,"win_rate":0.0,"timestamp":1611899849,"path_taken":["M","?","?","M","M","R","E","?","T","R","$","M","?","?","R","BOSS","M","?","M","M","$","R","M","?","T","M"],"items_purchased_type":["Relic","Card","Card","Relic","Card","Card"],"build_version":"2020-12-22","purchased_purges":1,"victory":false,"max_hp_per_floor":[66,66,66,67,67,67,67,67,67,67,67,67,67,67,67,67,67,67,67,67,67,67,67,67,67,67,67,67],"card_choices":[{"not_picked":["animator:Millim","animator:Chung"],"picked":"animator:Priestess","floor":1},{"not_picked":["animator:Elsword","animator:Priestess"],"picked":"animator:ElricEdward","floor":2},{"not_picked":["animator:Emonzaemon","animator:CowGirl"],"picked":"animator:Spearman","floor":4},{"not_picked":["animator:Sloth","animator:MaesHughes"],"picked":"animator:Pride","floor":5},{"not_picked":["animator:Konayuki","animator:Ara"],"picked":"animator:FielNirvalen","floor":7},{"not_picked":["animator:Konayuki","animator:Lu"],"picked":"animator:ElricAlphonse","floor":12},{"not_picked":["animator:YaoHaDucy","animator:MaesHughes"],"picked":"animator:IzunaHatsuse","floor":13},{"not_picked":["animator:SwordMaiden","animator:ItamiYouji"],"picked":"animator:GoblinSlayer","floor":16},{"not_picked":["animator:ElricEdward","animator:Pride"],"picked":"animator:Gluttony","floor":18},{"not_picked":["animator:Tyuule","animator:ElricEdward"],"picked":"animator:DolaRiku","floor":20},{"not_picked":["animator:YaoHaDucy","animator:LeleiLaLalena+1","animator:Chung"],"picked":"SKIP","floor":21},{"not_picked":["animator:Jibril","animator:DolaRiku"],"picked":"animator:DolaStephanie","floor":24}],"player_experience":119668,"relics_obtained":[{"floor":7,"key":"Champion Belt"},{"floor":9,"key":"hubris:Reverence"}],"event_choices":[{"damage_healed":0,"gold_gain":0,"player_choice":"Grow","damage_taken":0,"max_hp_gain":0,"max_hp_loss":0,"event_name":"Living Wall","floor":3,"gold_loss":0,"cards_upgraded":["animator:WinryRockbell"]},{"damage_healed":23,"gold_gain":0,"player_choice":"Full Heal","damage_taken":0,"max_hp_gain":0,"max_hp_loss":0,"event_name":"Wheel of Change","floor":8,"gold_loss":0},{"cards_removed":["animator:Strike"],"damage_healed":0,"gold_gain":0,"player_choice":"Card Removal","damage_taken":7,"max_hp_gain":0,"max_hp_loss":0,"event_name":"Golden Wing","floor":14,"gold_loss":0},{"damage_healed":0,"gold_gain":0,"player_choice":"Upgraded","damage_taken":0,"max_hp_gain":0,"max_hp_loss":0,"event_name":"Upgrade Shrine","floor":19,"gold_loss":0,"cards_upgraded":["animator:Gluttony"]}],"is_beta":false,"boss_relics":[{"not_picked":["conspire:SpecialSausage","Cursed Key"],"picked":"aspiration:RitualDagger"}],"items_purged_floors":[0],"is_endless":false,"potions_floor_spawned":[1,2,5,12,16,18,21,24],"killed_by":"Snecko","ascension_level":0}}