{"host":"xbz8clyls40kgz45","time":1611899674,"event":{"mods":["AchievementEnabler","BaseMod","BetterRewards","Colored Map","Colored Powertips","DeckTracker","Downfall","Googly Eyes","Minty Spire (QoL Compilation)","Quick Restart","Rare Cards Sparkle","Relic Stats","Replay The Spire","Shop Mod","StSLib","The Saiyan"],"gold_per_floor":[99,116,116,127,327,327,402,348,358,375,375,387,387,387,387],"floor_reached":13,"language":"ENG","playtime":974,"items_purged":[],"score":75,"play_id":"6a0cea2c-2d62-4e99-80a0-f72e2a803cba","local_time":"20210128225434","is_ascension_mode":false,"campfire_choices":[{"floor":1,"key":"DIG"},{"floor":11,"key":"REST"}],"circlet_count":0,"master_deck":["Guardian:Strike_Guardian","Guardian:Strike_Guardian+1","Guardian:Strike_Guardian+1","Guardian:Strike_Guardian","Guardian:Defend_Guardian","Guardian:Defend_Guardian","Guardian:Defend_Guardian","Guardian:Defend_Guardian","Guardian:CurlUp+1","Guardian:TwinSlam","Guardian:Gem_Cyan","downfall:Malfunctioning","Guardian:TimeCapacitor","Guardian:BronzeOrb","Guardian:Gem_Lightblue","Guardian:BronzeArmor","Guardian:Gem_Cyan","Guardian:Recover","Guardian:Gem_Lightblue"],"relics":["Guardian:ModeShifter","Regal Pillow","downfall:ShatteredFragment","Replay:Bottled Snecko"],"acts_visited":["Exordium"],"potions_floor_usage":[8,13],"damage_taken":[{"damage":14,"enemies":"Jaw Worm","floor":2,"turns":6},{"damage":0,"enemies":"Small Slimes","floor":4,"turns":3},{"damage":5,"enemies":"downfall:FleeingMerchant","floor":8,"turns":4},{"damage":7,"enemies":"2 Louse","floor":9,"turns":3},{"damage":17,"enemies":"Large Slime","floor":10,"turns":8},{"damage":6,"enemies":"Exordium Wildlife","floor":12,"turns":5},{"damage":59,"enemies":"Lagavulin","floor":13,"turns":14}],"seed_played":"6664554750020531276","potions_obtained":[{"floor":4,"key":"Reflective Coating"},{"floor":10,"key":"Energy Potion"},{"floor":12,"key":"SpeedPotion"}],"is_trial":false,"path_per_floor":["R_BF","M","?","M","?","?","T","$","M","M","R","M","E"],"character_chosen":"GUARDIAN","items_purchased":["Guardian:BronzeArmor"],"campfire_rested":1,"item_purchase_floors":[8],"current_hp_per_floor":[88,74,74,74,74,50,50,45,38,21,62,56,0,0,0],"gold":387,"neow_bonus":"TEN_PERCENT_HP_BONUS","is_daily":false,"chose_seed":false,"campfire_upgraded":0,"win_rate":0.0,"timestamp":1611899674,"path_taken":["R_BF","M","?","M","?","?","T","?","M","M","R","M","E"],"items_purchased_type":["Card"],"build_version":"2020-12-22","purchased_purges":0,"victory":false,"max_hp_per_floor":[88,88,88,88,88,88,88,88,88,88,88,88,88,88,88],"relic_stats":{"Regal Pillow":15,"counters":[7,43],"obtain_stats":[{"Regal Pillow":1,"downfall:ShatteredFragment":6,"Guardian:ModeShifter":0,"Replay:Bottled Snecko":7},{"Regal Pillow":0,"downfall:ShatteredFragment":2,"Guardian:ModeShifter":0,"Replay:Bottled Snecko":2},{"Regal Pillow":0,"downfall:ShatteredFragment":9,"Guardian:ModeShifter":0,"Replay:Bottled Snecko":9}]},"card_choices":[{"not_picked":["Guardian:Recover","Guardian:Reroute"],"picked":"Guardian:Gem_Cyan","floor":2},{"not_picked":["Guardian:TimeBomb","Guardian:MultiBeam"],"picked":"Guardian:TimeCapacitor","floor":4},{"not_picked":["Guardian:Incinerate","Guardian:Gem_Fragmented"],"picked":"Guardian:BronzeOrb","floor":5},{"not_picked":["Guardian:Gem_Blue","Guardian:Reroute"],"picked":"Guardian:Gem_Lightblue","floor":8},{"not_picked":["Guardian:DonusPower","Guardian:Emergency"],"picked":"Guardian:Gem_Cyan","floor":9},{"not_picked":["Guardian:WalkerClaw","Guardian:Emergency"],"picked":"Guardian:Recover","floor":10},{"not_picked":["Guardian:Incinerate","Guardian:BronzeOrb"],"picked":"Guardian:Gem_Lightblue","floor":12}],"player_experience":170565,"relics_obtained":[{"floor":1,"key":"Regal Pillow"},{"floor":7,"key":"Replay:Bottled Snecko"}],"event_choices":[],"is_beta":false,"boss_relics":[],"items_purged_floors":[],"is_endless":false,"potions_floor_spawned":[4,10,12],"killed_by":"Lagavulin","ascension_level":0}}