{"host":"zk71suw73lg2r165","time":1611892868,"event":{"mods":["BaseMod","Colored Map","Minty Spire (QoL Compilation)","Permanent Neow","Relic Stats","StSLib"],"gold_per_floor":[113,24,299,319,339,339,339],"floor_reached":6,"language":"ENG","playtime":217,"items_purged":[],"score":72,"play_id":"e1778ab2-eeab-41b8-8f32-e79b0bd64181","local_time":"20210128230108","is_ascension_mode":true,"campfire_choices":[],"circlet_count":0,"master_deck":["AscendersBane","Strike_G","Strike_G","Strike_G","Strike_G","Strike_G","Defend_G","Defend_G","Defend_G","Defend_G","Defend_G","Survivor","Neutralize","Pain","Blade Dance","Deflect","Noxious Fumes","Regret","Leg Sweep","Backflip","Calculated Gamble","Tactician"],"relics":["Ring of the Snake","Prayer Wheel"],"acts_visited":["Exordium"],"potions_floor_usage":[],"damage_taken":[{"damage":5,"enemies":"Cultist","floor":1,"turns":4},{"damage":2,"enemies":"Small Slimes","floor":4,"turns":5},{"damage":6,"enemies":"2 Louse","floor":5,"turns":5},{"damage":49,"enemies":"Gremlin Nob","floor":6,"turns":4}],"seed_played":"-1708931292248829500","potions_obtained":[{"floor":1,"key":"SteroidPotion"}],"is_trial":false,"path_per_floor":["M","$","?","M","M","E"],"character_chosen":"THE_SILENT","items_purchased":["Noxious Fumes"],"campfire_rested":0,"item_purchase_floors":[2],"current_hp_per_floor":[54,54,54,52,46,0,0],"gold":339,"neow_bonus":"ONE_RARE_RELIC","is_daily":false,"chose_seed":false,"campfire_upgraded":0,"win_rate":0.0,"timestamp":1611892868,"path_taken":["M","?","?","?","M","E"],"items_purchased_type":["Card"],"build_version":"2020-12-22","purchased_purges":0,"victory":false,"max_hp_per_floor":[66,66,66,66,66,66,66],"relic_stats":{"counters":[4,18],"Prayer Wheel":3,"obtain_stats":[{"Prayer Wheel":0,"Ring of the Snake":0},{"Prayer Wheel":0,"Ring of the Snake":0},{"Prayer Wheel":0,"Ring of the Snake":0}],"Ring of the Snake":[8]},"card_choices":[{"not_picked":["Prepared","PiercingWail"],"picked":"Blade Dance","floor":1},{"not_picked":["Bane","Outmaneuver"],"picked":"Deflect","floor":1},{"not_picked":["PiercingWail","Underhanded Strike"],"picked":"Leg Sweep","floor":4},{"not_picked":["Dodge and Roll","Expertise"],"picked":"Backflip","floor":4},{"not_picked":["Distraction","Sucker Punch"],"picked":"Calculated Gamble","floor":5},{"not_picked":["Reflex","Tactician","Terror"],"picked":"SKIP","floor":5},{"not_picked":["Reflex","Terror"],"picked":"Tactician","floor":5}],"player_experience":1414744,"relics_obtained":[],"event_choices":[{"damage_healed":0,"gold_gain":275,"player_choice":"Desecrate","damage_taken":0,"max_hp_gain":0,"max_hp_loss":0,"event_name":"Golden Shrine","floor":3,"gold_loss":0,"cards_obtained":["Regret"]}],"is_beta":false,"boss_relics":[],"items_purged_floors":[],"is_endless":false,"potions_floor_spawned":[1],"killed_by":"Gremlin Nob","ascension_level":20}}