{"host":"0cnpp25a4xqhnyrs","time":1611883709,"event":{"mods":["BaseMod","BetterRewards","DeckTracker","Downfall","Minty Spire (QoL Compilation)","Quick Restart","StSLib","Transform Curses"],"gold_per_floor":[118,133,133,133,160,160,191,191,218,236,236,264,277,310,310,408,408,426,526,542,321,353,353,353],"floor_reached":23,"language":"ENG","playtime":1697,"items_purged":["Infernal Blade"],"score":252,"play_id":"1e63a9c7-8ff1-495e-80e7-653be87e1082","local_time":"20210128192829","daily_mods":["Heirloom","DeadlyEvents","Elite Swarm"],"is_ascension_mode":false,"campfire_choices":[{"data":"Body Slam","floor":6,"key":"SMITH"},{"floor":8,"key":"REST"},{"floor":11,"key":"REST"},{"floor":15,"key":"REST"}],"circlet_count":0,"master_deck":["Strike_R","Strike_R","Strike_R","Strike_R","Strike_R","Defend_R+1","Defend_R","Defend_R+1","Defend_R","Bash","Body Slam+1","Limit Break","Rampage","champ:EnchantCrown","Searing Blow","champ:EnchantSword","Barricade","Rage","champ:DefensiveShout+1","champ:GutPunch","champ:GutPunch+1","Rupture+1","champ:Duel+1","Double Tap"],"relics":["Burning Blood","TungstenRod","Red Skull","Centennial Puzzle","Boot","War Paint","Letter Opener","Peace Pipe","SacredBark","Orrery","Paper Frog"],"acts_visited":["Exordium","TheCity"],"potions_floor_usage":[12,20,22],"damage_taken":[{"damage":3,"enemies":"Cultist","floor":1,"turns":4},{"damage":0,"enemies":"Jaw Worm","floor":2,"turns":3},{"damage":63,"enemies":"Gremlin Nob","floor":7,"turns":6},{"damage":9,"enemies":"Small Slimes","floor":10,"turns":3},{"damage":0,"enemies":"Lagavulin","floor":12,"turns":2},{"damage":19,"enemies":"Exordium Thugs","floor":13,"turns":6},{"damage":22,"enemies":"3 Sentries","floor":14,"turns":7},{"damage":44,"enemies":"Slime Boss","floor":16,"turns":8},{"damage":20,"enemies":"Shell Parasite","floor":18,"turns":7},{"damage":8,"enemies":"Chosen","floor":20,"turns":7},{"damage":62,"enemies":"Gremlin Leader","floor":22,"turns":9},{"damage":21,"enemies":"Slavers","floor":23,"turns":1}],"seed_played":"3668112677768382312","potions_obtained":[{"floor":2,"key":"AttackPotion"},{"floor":10,"key":"ElixirPotion"},{"floor":16,"key":"Guardian:BlockOnCardUsePotion"},{"floor":18,"key":"Swift Potion"}],"is_trial":true,"path_per_floor":["M","M","$","?","T","R","E","R","T","M","R","E","M","E","R","B",null,"M","?","M","$","E","E"],"character_chosen":"IRONCLAD","items_purchased":["Orrery"],"campfire_rested":3,"item_purchase_floors":[21],"current_hp_per_floor":[80,80,80,75,75,75,18,42,42,39,63,69,56,40,64,26,80,66,66,64,64,19,0,0],"gold":353,"neow_bonus":"","is_daily":false,"chose_seed":false,"campfire_upgraded":1,"win_rate":0.0,"timestamp":1611883709,"path_taken":["M","?","$","?","?","R","E","R","T","M","R","E","M","?","R","BOSS","M","?","?","$","?","E"],"items_purchased_type":["Relic"],"build_version":"2020-12-22","purchased_purges":1,"victory":false,"max_hp_per_floor":[80,80,80,80,80,80,80,80,80,80,80,80,80,80,80,80,80,80,80,80,80,80,80,80],"card_choices":[{"not_picked":["Clash","Sentinel"],"picked":"Infernal Blade","floor":1},{"not_picked":["Pommel Strike","champ:PreciseThrust"],"picked":"Body Slam","floor":2},{"not_picked":["champ:EnchantSword","Bludgeon"],"picked":"Limit Break","floor":7},{"not_picked":["Pummel","Carnage"],"picked":"Rampage","floor":10},{"not_picked":["Berserk","Bludgeon"],"picked":"champ:EnchantCrown","floor":12},{"not_picked":["Iron Wave","Clash"],"picked":"Searing Blow","floor":13},{"not_picked":["Limit Break","champ:HoldFirm"],"picked":"champ:EnchantSword","floor":14},{"not_picked":["champ:TripleStrike","champ:ShieldThrow"],"picked":"Barricade","floor":16},{"not_picked":["champ:EnGarde+1","champ:PreemptiveStrike"],"picked":"Rage","floor":18},{"not_picked":["champ:BerserkersShout+1","champ:PreciseThrust","champ:FanOfKnives"],"picked":"SKIP","floor":20},{"not_picked":["champ:GutPunch","champ:FalseCounter"],"picked":"champ:DefensiveShout+1","floor":21},{"not_picked":["champ:BerserkersShout+1","Clash"],"picked":"champ:GutPunch","floor":21},{"not_picked":["champ:SwordThrow","Twin Strike"],"picked":"champ:GutPunch+1","floor":21},{"not_picked":["champ:PerfectedStrike+1","champ:CrownThrow"],"picked":"Rupture+1","floor":21},{"not_picked":["champ:Shatter","champ:MurderStrike"],"picked":"champ:Duel+1","floor":21},{"not_picked":["champ:UltimateStance","champ:EnchantShield"],"picked":"Double Tap","floor":22}],"player_experience":80807,"relics_obtained":[{"floor":5,"key":"Centennial Puzzle"},{"floor":7,"key":"Boot"},{"floor":9,"key":"War Paint"},{"floor":12,"key":"Letter Opener"},{"floor":14,"key":"Peace Pipe"},{"floor":22,"key":"Paper Frog"}],"event_choices":[{"damage_healed":0,"gold_gain":0,"player_choice":"Success","damage_taken":7,"relics_obtained":["Red Skull"],"max_hp_gain":0,"max_hp_loss":0,"event_name":"Scrap Ooze","floor":4,"gold_loss":0},{"damage_healed":0,"gold_gain":100,"player_choice":"Pray","damage_taken":0,"max_hp_gain":0,"max_hp_loss":0,"event_name":"Golden Shrine","floor":19,"gold_loss":0}],"is_beta":false,"boss_relics":[{"not_picked":["Astrolabe","bronze:MakeshiftBattery"],"picked":"SacredBark"}],"items_purged_floors":[21],"is_endless":false,"potions_floor_spawned":[2,10,16,18],"killed_by":"Slavers","ascension_level":0}}