{"host":"21ilc3txkeir89i9","time":1611953179,"event":{"mods":["BaseMod","BetterRewards","Block Reminder","Card Forge","Hermit","Minty Spire (QoL Compilation)","Spicy Shops","StSLib","The Jungle"],"gold_per_floor":[110,124,124,188,208,242,242,277,277,277,297,309,309,323,323,428,428,440,178,232,232,242,276,276,77,159,171,171,86,8,37,37,141,141,158,158,208,218,8,8,39,39,39,54,66,66,83,0,0,0,0,0,0,32,32],"floor_reached":56,"language":"ENG","playtime":2621,"items_purged":["Parasite"],"score":1447,"play_id":"64d579dc-b80c-4036-9a9e-c10cf07d2714","local_time":"20210129124619","is_ascension_mode":true,"campfire_choices":[{"floor":7,"key":"RECALL"},{"floor":10,"key":"REST"},{"floor":15,"key":"REST"},{"floor":28,"key":"REST"},{"floor":32,"key":"REST"},{"floor":40,"key":"REST"},{"floor":49,"key":"REST"},{"floor":52,"key":"REST"}],"circlet_count":0,"master_deck":["Strike_B+1","Strike_B+1","Defend_B+1","Defend_B+1","Defend_B+1","Defend_B+1","Zap+1","Dualcast+1","Ball Lightning+1","Thunder Strike+1","Fusion+1","Doom and Gloom+1","FTL+1","Conserve Battery+1","Electrodynamics+1","Rainbow+1","Conserve Battery+1","Creative AI+1","Leap+1","Defragment+1","Streamline+1","Ball Lightning+1","Coolheaded+1","Redo+1","Echo Form+1","Storm+1","Fusion+1","Static Discharge+1","Sweeping Beam+1","Conserve Battery+1","Defragment+1","Secret Technique+1","Conserve Battery+1","Redo+1","Redo+1","BootSequence+1"],"relics":["Cracked Core","Hammer of Thor","Seething Fire","Anvil of the Gods","Happy Flower","Cables","Inserter","Membership Card","Tiny Chest","Strawberry","WarpedTongs","Orichalcum","HornCleat","Bronze Scales","OrangePellets","Bottled Flame","Mercury Hourglass","Omamori","Runic Capacitor","Singing Bowl","Torii","Letter Opener","Dream Catcher","Bottled Tornado","Juzu Bracelet","Red Mask","Bottled Lightning"],"acts_visited":["Exordium","TheCity","TheBeyond","TheEnding"],"potions_floor_usage":[16,23,31,45,55,55,55],"damage_taken":[{"damage":0,"enemies":"Cultist","floor":1,"turns":4},{"damage":0,"enemies":"Small Slimes","floor":2,"turns":3},{"damage":0,"enemies":"2 Louse","floor":5,"turns":3},{"damage":0,"enemies":"Lagavulin","floor":6,"turns":5},{"damage":17,"enemies":"3 Sentries","floor":8,"turns":5},{"damage":2,"enemies":"Lots of Slimes","floor":11,"turns":3},{"damage":11,"enemies":"Exordium Wildlife","floor":12,"turns":2},{"damage":0,"enemies":"Exordium Thugs","floor":14,"turns":2},{"damage":0,"enemies":"Slime Boss","floor":16,"turns":3},{"damage":0,"enemies":"Spheric Guardian","floor":18,"turns":3},{"damage":30,"enemies":"2 Thieves","floor":22,"turns":3},{"damage":13,"enemies":"Gremlin Leader","floor":23,"turns":5},{"damage":0,"enemies":"Snake Plant","floor":27,"turns":3},{"damage":21,"enemies":"Slavers","floor":31,"turns":4},{"damage":41,"enemies":"Automaton","floor":33,"turns":7},{"damage":26,"enemies":"Orb Walker","floor":35,"turns":4},{"damage":0,"enemies":"Mind Bloom Boss Battle","floor":37,"turns":4},{"damage":9,"enemies":"3 Darklings","floor":38,"turns":4},{"damage":22,"enemies":"Reptomancer","floor":41,"turns":4},{"damage":14,"enemies":"Transient","floor":44,"turns":5},{"damage":1,"enemies":"Sphere and 2 Shapes","floor":45,"turns":3},{"damage":10,"enemies":"Writhing Mass","floor":47,"turns":4},{"damage":61,"enemies":"Awakened One","floor":50,"turns":7},{"damage":17,"enemies":"Shield and Spear","floor":54,"turns":4},{"damage":68,"enemies":"The Heart","floor":55,"turns":5}],"seed_played":"1809839783687378436","potions_obtained":[{"floor":1,"key":"LiquidBronze"},{"floor":8,"key":"Energy Potion"},{"floor":11,"key":"FocusPotion"},{"floor":16,"key":"PotionOfCapacity"},{"floor":22,"key":"Fire Potion"},{"floor":38,"key":"Swift Potion"},{"floor":44,"key":"Block Potion"},{"floor":47,"key":"AttackPotion"}],"is_trial":false,"path_per_floor":["M","M","?","?","M","E","R","E","T","R","M","M","?","M","R","B",null,"M","$","T","?","M","E","T","$","T","M","R","?","$","E","R","B",null,"M","?","?","M","$","R","E","T","T","M","M","?","M","?","R","B",null,"R","$","E","B",null],"character_chosen":"DEFECT","items_purchased":["Membership Card","Defragment","Tiny Chest","Bronze Scales","OrangePellets","Bottled Flame","Runic Capacitor","Letter Opener","Static Discharge","Sweeping Beam"],"campfire_rested":7,"item_purchase_floors":[19,19,19,25,25,25,30,39,39,39],"current_hp_per_floor":[82,82,82,82,82,82,82,65,65,82,80,69,69,69,82,82,82,82,82,89,89,59,46,46,46,46,46,72,72,72,51,77,36,89,65,65,65,56,56,82,62,62,62,48,47,47,37,37,64,3,90,90,90,73,5],"gold":32,"neow_bonus":"TEN_PERCENT_HP_BONUS","is_daily":false,"chose_seed":false,"campfire_upgraded":0,"win_rate":0.0,"timestamp":1611953179,"path_taken":["M","?","?","?","M","E","R","E","T","R","M","M","?","M","R","BOSS","M","$","?","?","?","E","?","$","T","M","R","?","$","E","R","BOSS","M","?","?","M","$","R","E","?","T","M","M","?","M","?","R","BOSS","R","$","E","BOSS"],"items_purchased_type":["Relic","Card","Relic","Relic","Relic","Relic","Relic","Relic","Card","Card"],"build_version":"2020-12-22","purchased_purges":1,"victory":true,"max_hp_per_floor":[82,82,82,82,82,82,82,82,82,82,82,82,82,82,82,82,82,82,82,89,89,89,89,89,89,89,89,89,89,89,89,89,89,89,91,91,91,91,88,88,90,90,90,90,90,90,90,90,90,90,90,90,90,90,90],"card_choices":[{"not_picked":["Reprogram","Skim"],"picked":"Cold Snap","floor":1},{"not_picked":["Gash","Steam"],"picked":"Ball Lightning","floor":2},{"not_picked":["Leap","Heatsinks"],"picked":"Fusion","floor":5},{"not_picked":["Cold Snap","Beam Cell"],"picked":"Doom and Gloom","floor":6},{"not_picked":["Skim","Buffer"],"picked":"FTL","floor":8},{"not_picked":["Streamline","BootSequence"],"picked":"Conserve Battery","floor":11},{"not_picked":["Conserve Battery","Skim"],"picked":"Electrodynamics","floor":12},{"not_picked":["Skim","BootSequence"],"picked":"Conserve Battery","floor":14},{"not_picked":["Electrodynamics","All For One"],"picked":"Creative AI","floor":16},{"not_picked":["Streamline","Self Repair+1"],"picked":"Leap","floor":18},{"not_picked":["Steam","Recycle"],"picked":"Streamline","floor":22},{"not_picked":["Streamline","Compile Driver"],"picked":"Ball Lightning","floor":23},{"not_picked":["Gash","Hologram"],"picked":"Coolheaded+1","floor":27},{"not_picked":["Ball Lightning","Cold Snap+1"],"picked":"Redo+1","floor":31},{"not_picked":["Multi-Cast","Thunder Strike"],"picked":"Echo Form","floor":33},{"not_picked":["Reinforced Body","Streamline+1","Compile Driver+1"],"picked":"Singing Bowl","floor":35},{"not_picked":["Steam Power","Darkness+1"],"picked":"Storm+1","floor":37},{"not_picked":["FTL+1","Gash"],"picked":"Fusion+1","floor":38},{"not_picked":["Static Discharge+1","Stack+1","Storm"],"picked":"Singing Bowl","floor":41},{"not_picked":["Sweeping Beam","Compile Driver+1"],"picked":"Conserve Battery","floor":44},{"not_picked":["FTL","Compile Driver+1"],"picked":"Defragment+1","floor":45},{"not_picked":["Finesse","PanicButton"],"picked":"Secret Technique","floor":46},{"not_picked":["Cold Snap+1","Ball Lightning+1"],"picked":"Conserve Battery+1","floor":47},{"not_picked":["Go for the Eyes+1","Tempest"],"picked":"Redo","floor":49},{"not_picked":["Sweeping Beam","Go for the Eyes+1"],"picked":"Redo","floor":52},{"not_picked":["Reboot","Heatsinks+1"],"picked":"BootSequence+1","floor":54}],"player_experience":255166,"relics_obtained":[{"floor":6,"key":"Happy Flower"},{"floor":8,"key":"Cables"},{"floor":20,"key":"Strawberry"},{"floor":23,"key":"Orichalcum"},{"floor":24,"key":"HornCleat"},{"floor":26,"key":"Mercury Hourglass"},{"floor":31,"key":"Singing Bowl"},{"floor":37,"key":"Torii"},{"floor":41,"key":"Dream Catcher"},{"floor":42,"key":"Bottled Tornado"},{"floor":43,"key":"Juzu Bracelet"},{"floor":54,"key":"Bottled Lightning"}],"event_choices":[{"damage_healed":0,"gold_gain":0,"cards_transformed":["Strike_B"],"player_choice":"Change","damage_taken":0,"max_hp_gain":0,"max_hp_loss":0,"event_name":"Living Wall","floor":3,"gold_loss":0,"cards_obtained":["Thunder Strike"]},{"damage_healed":0,"gold_gain":64,"player_choice":"Gained Gold","damage_taken":0,"max_hp_gain":0,"max_hp_loss":0,"event_name":"Golden Wing","floor":4,"gold_loss":0},{"damage_healed":0,"gold_gain":0,"cards_transformed":["Strike_B"],"player_choice":"Transformed","damage_taken":0,"max_hp_gain":0,"max_hp_loss":0,"event_name":"Transmorgrifier","floor":13,"gold_loss":0,"cards_obtained":["Rainbow"]},{"damage_healed":0,"gold_gain":0,"player_choice":"Rummage","damage_taken":0,"relics_obtained":["WarpedTongs"],"max_hp_gain":0,"max_hp_loss":0,"event_name":"Accursed Blacksmith","floor":21,"gold_loss":0,"cards_obtained":["Pain"]},{"damage_healed":0,"gold_gain":0,"player_choice":"Obtained Relic","damage_taken":0,"relics_obtained":["Omamori"],"max_hp_gain":0,"max_hp_loss":0,"event_name":"Addict","floor":29,"gold_loss":85},{"cards_removed":["Cold Snap"],"damage_healed":0,"gold_gain":0,"player_choice":"Removed Attack","damage_taken":0,"max_hp_gain":0,"max_hp_loss":0,"event_name":"Falling","floor":36,"gold_loss":0},{"damage_healed":0,"gold_gain":0,"player_choice":"Fight","damage_taken":0,"max_hp_gain":0,"max_hp_loss":0,"event_name":"MindBloom","floor":37,"gold_loss":0},{"damage_healed":0,"gold_gain":0,"player_choice":"Memory 1","damage_taken":0,"max_hp_gain":0,"max_hp_loss":0,"event_name":"SensoryStone","floor":46,"gold_loss":0},{"damage_healed":0,"gold_gain":0,"player_choice":"Paid","damage_taken":0,"relics_obtained":["Red Mask"],"max_hp_gain":0,"max_hp_loss":0,"event_name":"Tomb of Lord Red Mask","floor":48,"gold_loss":83}],"is_beta":false,"boss_relics":[{"not_picked":["Runic Pyramid","Cursed Key"],"picked":"Inserter"},{"not_picked":["Runic Dome","Coffee Dripper","Snecko Eye"]}],"items_purged_floors":[39],"is_endless":false,"potions_floor_spawned":[1,8,11,12,16,18,22,38,44,47],"ascension_level":1}}