{"host":"2ty4h143nj8vwezc","time":1611963359,"event":{"mods":["BaseMod","Colored Map","Highlight Path","Minty Spire (QoL Compilation)","Quick Restart","StSLib"],"gold_per_floor":[112,127,141,141,155,155,230,280,304,304,329,329,364,374,374,374,374],"floor_reached":16,"language":"ENG","playtime":1045,"items_purged":[],"score":210,"play_id":"e0f93082-fe91-4dea-bfed-94d6f83ae288","local_time":"20210129183559","is_ascension_mode":true,"campfire_choices":[{"data":"Setup","floor":6,"key":"SMITH"},{"floor":10,"key":"REST"},{"floor":12,"key":"REST"},{"floor":15,"key":"REST"}],"circlet_count":0,"master_deck":["AscendersBane","Strike_G","Strike_G","Strike_G","Strike_G","Defend_G","Defend_G","Defend_G","Defend_G","Defend_G","Survivor","Neutralize","Terror","Flying Knee","Setup+1","Crippling Poison","Bane","Noxious Fumes"],"relics":["Ring of the Snake","NeowsBlessing","Orichalcum","Nunchaku","MealTicket","Toxic Egg 2"],"acts_visited":["Exordium"],"potions_floor_usage":[8,11,14],"damage_taken":[{"damage":0,"enemies":"Small Slimes","floor":1,"turns":1},{"damage":0,"enemies":"2 Louse","floor":2,"turns":1},{"damage":0,"enemies":"Cultist","floor":3,"turns":1},{"damage":8,"enemies":"Blue Slaver","floor":5,"turns":4},{"damage":15,"enemies":"Gremlin Nob","floor":8,"turns":4},{"damage":16,"enemies":"3 Sentries","floor":11,"turns":12},{"damage":31,"enemies":"Lagavulin","floor":13,"turns":9},{"damage":10,"enemies":"Large Slime","floor":14,"turns":6},{"damage":28,"enemies":"The Guardian","floor":16,"turns":9}],"seed_played":"5973763214617113198","potions_obtained":[{"floor":1,"key":"ColorlessPotion"},{"floor":3,"key":"Energy Potion"},{"floor":13,"key":"AttackPotion"}],"is_trial":false,"path_per_floor":["M","M","M","?","M","R","?","E","T","R","E","R","E","M","R","B"],"character_chosen":"THE_SILENT","items_purchased":[],"campfire_rested":3,"item_purchase_floors":[],"current_hp_per_floor":[59,59,59,59,51,51,40,25,25,44,28,47,16,6,25,0,0],"gold":374,"neow_bonus":"THREE_ENEMY_KILL","is_daily":false,"chose_seed":false,"campfire_upgraded":1,"win_rate":0.0,"timestamp":1611963359,"path_taken":["M","M","M","?","M","R","?","E","T","R","E","R","E","M","R","BOSS"],"items_purchased_type":[],"build_version":"2020-12-22","purchased_purges":0,"victory":false,"max_hp_per_floor":[66,66,66,66,66,66,66,66,66,66,66,66,66,66,66,66,66],"card_choices":[{"not_picked":["Poisoned Stab","Infinite Blades"],"picked":"Terror","floor":1},{"not_picked":["Poisoned Stab","Dagger Spray"],"picked":"Flying Knee","floor":2},{"not_picked":["Deflect","Dagger Spray"],"picked":"Setup","floor":3},{"not_picked":["Slice","Dagger Spray"],"picked":"Crippling Poison","floor":5},{"not_picked":["Dagger Throw","Malaise","Underhanded Strike"],"picked":"SKIP","floor":8},{"not_picked":["Eviscerate","Deflect"],"picked":"Bane","floor":11},{"not_picked":["Outmaneuver+1","Choke"],"picked":"Noxious Fumes","floor":13},{"not_picked":["Underhanded Strike","Sucker Punch","Choke"],"picked":"SKIP","floor":14}],"player_experience":301887,"relics_obtained":[{"floor":8,"key":"Orichalcum"},{"floor":9,"key":"Nunchaku"},{"floor":11,"key":"MealTicket"},{"floor":13,"key":"Toxic Egg 2"}],"event_choices":[{"cards_removed":["Strike_G"],"damage_healed":0,"gold_gain":0,"player_choice":"Forget","damage_taken":0,"max_hp_gain":0,"max_hp_loss":0,"event_name":"Living Wall","floor":4,"gold_loss":0},{"damage_healed":0,"gold_gain":75,"player_choice":"Gather Gold","damage_taken":11,"max_hp_gain":0,"max_hp_loss":0,"event_name":"World of Goop","floor":7,"gold_loss":0}],"is_beta":false,"boss_relics":[],"items_purged_floors":[],"is_endless":false,"potions_floor_spawned":[1,3,13],"killed_by":"The Guardian","ascension_level":15}}