{"host":"83h5c79dzf5zv2a9","time":1611918610,"event":{"mods":["2.2 Compatiblity","BaseMod","Bestiary","Colored Map","Colored Powertips","Curses Come First","Highlight Path","Keyboard Shortcuts","Minty Spire (QoL Compilation)","Relic Stats","Slay the Relics Exporter","StSLib","SuperFastMode"],"gold_per_floor":[111,111,111,122,139,171,171,171,171],"floor_reached":8,"language":"ENG","playtime":333,"items_purged":[],"score":56,"play_id":"42ce0b3c-fb20-411a-8340-8fbfbd7926b7","local_time":"20210129121010","is_ascension_mode":false,"campfire_choices":[{"floor":7,"key":"REST"}],"circlet_count":0,"master_deck":["Strike_G","Strike_G","Strike_G","Strike_G","Strike_G","Defend_G","Defend_G","Defend_G","Defend_G","Defend_G","Survivor","Neutralize","Outmaneuver","Prepared","Flying Knee","Unload"],"relics":["Ring of the Snake","NeowsBlessing","FaceOfCleric","Lantern"],"acts_visited":["Exordium"],"potions_floor_usage":[],"damage_taken":[{"damage":0,"enemies":"Small Slimes","floor":1,"turns":1},{"damage":0,"enemies":"2 Louse","floor":4,"turns":1},{"damage":0,"enemies":"Cultist","floor":5,"turns":1},{"damage":50,"enemies":"3 Sentries","floor":6,"turns":15},{"damage":58,"enemies":"Gremlin Nob","floor":8,"turns":5}],"seed_played":"8067027760637365275","potions_obtained":[{"floor":5,"key":"EssenceOfSteel"}],"is_trial":false,"path_per_floor":["M","?","?","M","M","E","R","E"],"character_chosen":"THE_SILENT","items_purchased":[],"campfire_rested":1,"item_purchase_floors":[],"current_hp_per_floor":[70,70,70,71,72,23,44,0,0],"gold":171,"neow_bonus":"THREE_ENEMY_KILL","is_daily":false,"chose_seed":false,"campfire_upgraded":0,"win_rate":0.0,"timestamp":1611918610,"path_taken":["M","?","?","M","?","E","R","E"],"items_purchased_type":[],"build_version":"2020-12-22","purchased_purges":0,"victory":false,"max_hp_per_floor":[70,70,70,71,72,73,73,73,73],"relic_stats":{"FaceOfCleric":3,"counters":[5,23],"obtain_stats":[{"Lantern":6,"NeowsBlessing":0,"FaceOfCleric":3,"Ring of the Snake":0},{"Lantern":4,"NeowsBlessing":0,"FaceOfCleric":1,"Ring of the Snake":0},{"Lantern":18,"NeowsBlessing":0,"FaceOfCleric":1,"Ring of the Snake":0}],"Ring of the Snake":[10]},"card_choices":[{"not_picked":["PiercingWail","Acrobatics"],"picked":"Outmaneuver","floor":1},{"not_picked":["Outmaneuver","Deflect"],"picked":"Prepared","floor":4},{"not_picked":["Outmaneuver","Dagger Throw"],"picked":"Flying Knee","floor":5},{"not_picked":["Footwork","Flechettes"],"picked":"Unload","floor":6}],"player_experience":5196,"relics_obtained":[{"floor":6,"key":"Lantern"}],"event_choices":[{"damage_healed":0,"gold_gain":0,"player_choice":"Leave","damage_taken":0,"max_hp_gain":0,"max_hp_loss":0,"event_name":"The Cleric","floor":2,"gold_loss":0},{"damage_healed":0,"gold_gain":0,"player_choice":"Trade","damage_taken":0,"relics_obtained":["FaceOfCleric"],"max_hp_gain":0,"max_hp_loss":0,"event_name":"FaceTrader","floor":3,"gold_loss":0}],"is_beta":false,"boss_relics":[],"items_purged_floors":[],"is_endless":false,"potions_floor_spawned":[5],"killed_by":"Gremlin Nob","ascension_level":0}}