{"host":"2smcgt1ki1qcud40","time":1611939600,"event":{"mods":["BaseMod","Minty Spire (QoL Compilation)"],"gold_per_floor":[117,132,132,145,145,183,183,226,249,249,86,86,101,144,144,235,235,255,255,255,255,278,322,322,322,322,360,42,61,100,124,124,223,223,244,61,84,98,118,161,161,175,257,257,257,290,351,387,387,387],"floor_reached":51,"language":"ENG","playtime":4047,"items_purged":["Defend_P","Strike_P"],"score":1531,"play_id":"eec11f68-98e3-49e5-b695-9e9010ad7e1e","local_time":"20210129180000","is_ascension_mode":true,"campfire_choices":[{"data":"Eruption","floor":7.0,"key":"SMITH"},{"data":"CutThroughFate","floor":10.0,"key":"SMITH"},{"floor":12.0,"key":"REST"},{"data":"Nirvana","floor":15.0,"key":"SMITH"},{"data":"Omniscience","floor":25.0,"key":"SMITH"},{"floor":32.0,"key":"REST"},{"data":"Apotheosis","floor":41.0,"key":"SMITH"},{"data":"Dark Shackles","floor":45.0,"key":"SMITH"},{"data":"Scrawl","floor":49.0,"key":"SMITH"}],"circlet_count":0,"master_deck":["AscendersBane","Defend_P+1","Eruption+1","Vigilance","FearNoEvil","Collect+1","CutThroughFate","FlurryOfBlows","CutThroughFate+1","Nirvana+1","EmptyFist","BowlingBash","Weave","Omniscience+1","Prostrate+1","WindmillStrike+1","Ragnarok+1","Protect","DeceiveReality","Weave","Halt","Wallop+1","Writhe","Nirvana+1","Apotheosis+1","Worship","JustLucky","Indignation","Establishment+1","Prostrate","Perseverance","ThirdEye+1","Perseverance","FlurryOfBlows","Dark Shackles+1","Finesse","Panache+1","ForeignInfluence+1","ThirdEye+1","Scrawl+1"],"relics":["PureWater","Golden Idol","Anchor","Ancient Tea Set","Bag of Preparation","Centennial Puzzle","Astrolabe","Frozen Egg 2","Darkstone Periapt","Question Card","Bottled Lightning","PreservedInsect","Toy Ornithopter","Coffee Dripper","Membership Card","Ice Cream","Nunchaku","TungstenRod","Pantograph"],"acts_visited":["Exordium","TheCity","TheBeyond"],"potions_floor_usage":[],"damage_taken":[{"damage":4.0,"enemies":"Jaw Worm","floor":1.0,"turns":3.0},{"damage":3.0,"enemies":"2 Louse","floor":2.0,"turns":2.0},{"damage":0.0,"enemies":"Small Slimes","floor":4.0,"turns":3.0},{"damage":2.0,"enemies":"Lagavulin","floor":6.0,"turns":4.0},{"damage":9.0,"enemies":"3 Sentries","floor":8.0,"turns":6.0},{"damage":0.0,"enemies":"3 Louse","floor":13.0,"turns":2.0},{"damage":0.0,"enemies":"Lagavulin","floor":14.0,"turns":4.0},{"damage":0.0,"enemies":"Slime Boss","floor":16.0,"turns":5.0},{"damage":0.0,"enemies":"2 Thieves","floor":18.0,"turns":3.0},{"damage":0.0,"enemies":"Chosen","floor":22.0,"turns":3.0},{"damage":19.0,"enemies":"Slavers","floor":23.0,"turns":5.0},{"damage":0.0,"enemies":"Gremlin Leader","floor":27.0,"turns":3.0},{"damage":17.0,"enemies":"Snecko","floor":29.0,"turns":5.0},{"damage":16.0,"enemies":"Slavers","floor":30.0,"turns":4.0},{"damage":13.0,"enemies":"Centurion and Healer","floor":31.0,"turns":3.0},{"damage":13.0,"enemies":"Automaton","floor":33.0,"turns":7.0},{"damage":2.0,"enemies":"3 Darklings","floor":35.0,"turns":5.0},{"damage":6.0,"enemies":"Orb Walker","floor":37.0,"turns":3.0},{"damage":1.0,"enemies":"Spire Growth","floor":38.0,"turns":7.0},{"damage":0.0,"enemies":"Jaw Worm Horde","floor":39.0,"turns":5.0},{"damage":8.0,"enemies":"Reptomancer","floor":40.0,"turns":6.0},{"damage":25.0,"enemies":"4 Shapes","floor":42.0,"turns":9.0},{"damage":9.0,"enemies":"Giant Head","floor":46.0,"turns":6.0},{"damage":11.0,"enemies":"2 Orb Walkers","floor":47.0,"turns":4.0},{"damage":13.0,"enemies":"Reptomancer","floor":48.0,"turns":3.0},{"damage":17,"enemies":"Time Eater","floor":50,"turns":8}],"seed_played":"3689907766550836844","potions_obtained":[{"floor":1.0,"key":"PowerPotion"},{"floor":6.0,"key":"Swift Potion"},{"floor":8.0,"key":"SteroidPotion"},{"floor":27.0,"key":"BlessingOfTheForge"},{"floor":30.0,"key":"Dexterity Potion"},{"floor":31.0,"key":"Weak Potion"},{"floor":33.0,"key":"Regen Potion"},{"floor":35.0,"key":"StancePotion"},{"floor":37.0,"key":"Regen Potion"},{"floor":47.0,"key":"FearPotion"},{"floor":48.0,"key":"LiquidBronze"}],"is_trial":false,"path_per_floor":["M","M","?","M","?","E","R","E","T","R","$","R","M","E","R","B",null,"M","?","?","T","M","E","?","R","T","E","$","M","E","M","R","B",null,"M","$","M","M","M","E","R","M","T","?","R","E","?","E","R","B",null],"character_chosen":"WATCHER","items_purchased":["Nirvana","EmptyFist","Apotheosis","Worship","Membership Card","Perseverance"],"campfire_rested":2,"item_purchase_floors":[11,11,28,28,36,36],"current_hp_per_floor":[51,48,32,32,32,30,30,21,21,21,21,43,43,43,43,43,66,66,66,66,66,66,47,53,53,53,53,53,36,20,7,31,18,65,80,80,74,73,78,80,80,55,55,45,45,36,25,12,12,20],"gold":387,"neow_bonus":"TWENTY_PERCENT_HP_BONUS","is_daily":false,"chose_seed":false,"campfire_upgraded":7,"win_rate":0.0,"timestamp":1611939600,"path_taken":["M","M","?","M","?","E","R","E","T","R","$","R","M","E","R","BOSS","M","?","?","?","M","E","?","R","T","E","?","M","E","M","R","BOSS","M","?","M","M","M","E","R","M","T","?","R","E","?","E","R","BOSS"],"items_purchased_type":["Card","Card","Card","Card","Relic","Card"],"build_version":"2020-12-22","purchased_purges":2,"victory":true,"max_hp_per_floor":[80,80,80,80,74,74,74,74,74,74,74,74,74,74,74,74,74,74,74,74,74,74,74,80,80,80,80,80,80,80,80,80,80,80,80,80,80,80,80,80,80,80,80,80,80,80,80,80,80,80],"card_choices":[{"not_picked":["BattleHymn","EmptyFist"],"picked":"FearNoEvil","floor":1.0},{"not_picked":["Halt","Perseverance"],"picked":"Collect","floor":2.0},{"not_picked":["Halt","SashWhip"],"picked":"CutThroughFate","floor":4.0},{"not_picked":["EmptyFist","Halt"],"picked":"FlurryOfBlows","floor":6.0},{"not_picked":["WreathOfFlame","Scrawl"],"picked":"CutThroughFate","floor":8.0},{"not_picked":["CutThroughFate","Study"],"picked":"BowlingBash","floor":13.0},{"not_picked":["JustLucky","WindmillStrike"],"picked":"Weave","floor":14.0},{"not_picked":["Blasphemy","Brilliance"],"picked":"Omniscience","floor":16.0},{"not_picked":["Halt","FollowUp"],"picked":"Protect","floor":18.0},{"not_picked":["Prostrate","CrushJoints"],"picked":"Halt","floor":22.0},{"not_picked":["EmptyFist","Meditate+1"],"picked":"Wallop+1","floor":23.0},{"not_picked":["FearNoEvil","Indignation","Vengeance"],"picked":"Nirvana+1","floor":27.0},{"not_picked":["CutThroughFate","PathToVictory","EmptyFist","DeusExMachina"],"picked":"SKIP","floor":29.0},{"not_picked":["Protect","PathToVictory","CarveReality"],"picked":"JustLucky","floor":30.0},{"not_picked":["Collect+1","BowlingBash","PathToVictory"],"picked":"Indignation","floor":31.0},{"not_picked":["MasterReality+1","Wish","Judgement"],"picked":"Establishment+1","floor":33.0},{"not_picked":["CrushJoints","SashWhip","Pray"],"picked":"Prostrate","floor":35.0},{"not_picked":["Evaluate","FollowUp","WindmillStrike"],"picked":"ThirdEye+1","floor":37.0},{"not_picked":["Vengeance","ClearTheMind","Worship+1"],"picked":"Perseverance","floor":38.0},{"not_picked":["ClearTheMind","Crescendo","WheelKick+1"],"picked":"FlurryOfBlows","floor":39.0},{"not_picked":["WindmillStrike","CutThroughFate","PathToVictory+1","SignatureMove"],"picked":"SKIP","floor":40.0},{"not_picked":["CrushJoints","FlurryOfBlows","SashWhip+1","WreathOfFlame+1"],"picked":"SKIP","floor":42.0},{"not_picked":["Forethought","Magnetism+1","Secret Technique"],"picked":"Dark Shackles","floor":44.0},{"not_picked":["Dramatic Entrance","Chrysalis","Trip"],"picked":"Finesse","floor":44.0},{"not_picked":["Good Instincts","Dramatic Entrance","Deep Breath"],"picked":"Panache+1","floor":44.0},{"not_picked":["Meditate","Protect+1","FlyingSleeves"],"picked":"ForeignInfluence+1","floor":46.0},{"not_picked":["ForeignInfluence","Weave","JustLucky"],"picked":"ThirdEye+1","floor":47.0},{"not_picked":["BowlingBash+1","EmptyMind","EmptyBody+1"],"picked":"Scrawl","floor":48.0}],"player_experience":711943,"relics_obtained":[{"floor":6.0,"key":"Anchor"},{"floor":8.0,"key":"Ancient Tea Set"},{"floor":9.0,"key":"Bag of Preparation"},{"floor":14.0,"key":"Centennial Puzzle"},{"floor":21.0,"key":"Frozen Egg 2"},{"floor":23.0,"key":"Darkstone Periapt"},{"floor":26.0,"key":"Bottled Lightning"},{"floor":27.0,"key":"PreservedInsect"},{"floor":30.0,"key":"Toy Ornithopter"},{"floor":40.0,"key":"Ice Cream"},{"floor":46.0,"key":"Nunchaku"},{"floor":47.0,"key":"TungstenRod"},{"floor":48.0,"key":"Pantograph"}],"event_choices":[{"damage_healed":0.0,"max_hp_gain":0.0,"max_hp_loss":0.0,"gold_gain":0.0,"event_name":"Shining Light","player_choice":"Entered Light","floor":3.0,"gold_loss":0.0,"damage_taken":16.0,"cards_upgraded":["Collect","Defend_P"]},{"damage_healed":0.0,"max_hp_gain":0.0,"max_hp_loss":6.0,"gold_gain":0.0,"event_name":"Golden Idol","player_choice":"Lose Max HP","floor":5.0,"gold_loss":0.0,"damage_taken":0.0,"relics_obtained":["Golden Idol"]},{"damage_healed":0.0,"max_hp_gain":0.0,"max_hp_loss":0.0,"gold_gain":0.0,"event_name":"Vampires","player_choice":"Ignored","floor":19.0,"gold_loss":0.0,"damage_taken":0.0},{"damage_healed":0.0,"max_hp_gain":0.0,"max_hp_loss":0.0,"gold_gain":0.0,"cards_transformed":["Strike_P","Defend_P"],"event_name":"Drug Dealer","player_choice":"Became Test Subject","floor":20.0,"gold_loss":0.0,"damage_taken":0.0,"cards_obtained":["DeceiveReality","Weave"]},{"damage_healed":0.0,"max_hp_gain":0.0,"max_hp_loss":0.0,"gold_gain":0.0,"event_name":"The Mausoleum","player_choice":"Opened","floor":24.0,"gold_loss":0.0,"damage_taken":0.0,"relics_obtained":["Question Card"],"cards_obtained":["Writhe"]},{"damage_healed":0.0,"max_hp_gain":0.0,"max_hp_loss":0.0,"gold_gain":0.0,"event_name":"SensoryStone","player_choice":"Memory 3","floor":44.0,"gold_loss":0.0,"damage_taken":10.0},{"damage_healed":0.0,"max_hp_gain":0.0,"max_hp_loss":0.0,"gold_gain":0.0,"event_name":"Mysterious Sphere","player_choice":"Fight","floor":47.0,"gold_loss":0.0,"damage_taken":0.0}],"is_beta":false,"boss_relics":[{"not_picked":["Empty Cage","SlaversCollar"],"picked":"Astrolabe"},{"not_picked":["Sozu","Snecko Eye"],"picked":"Coffee Dripper"}],"items_purged_floors":[11,28],"is_endless":false,"potions_floor_spawned":[1,6,8,16,27,30,31,33,35,37,38,47,48],"ascension_level":14}}