{"host":"drjz7zl15rqtgg20","time":1611925387,"event":{"mods":["BaseMod","Colored Map","Downfall","Minty Spire (QoL Compilation)","StSLib"],"gold_per_floor":[99,117,130,150,84,84,109,9,29,29,129,16,42,57,74,171,171,71,89,106,119,119,133,159,193,193,193,193],"floor_reached":26,"language":"ENG","playtime":2204,"items_purged":[],"score":255,"play_id":"7713624d-994f-49bc-aade-616284f6ed2d","local_time":"20210129080307","is_ascension_mode":false,"campfire_choices":[{"floor":1,"key":"RECALL"},{"data":"hexamod:Rewind","floor":8,"key":"SMITH"},{"data":"hexamod:GhostLash","floor":10,"key":"SMITH"},{"data":"hexamod:Again","floor":18,"key":"SMITH"}],"circlet_count":0,"master_deck":["hexamod:Strike","hexamod:Strike","hexamod:Defend","hexamod:Defend","hexamod:Defend","hexamod:Sear","hexamod:Float","hexamod:Again+1","hexamod:Rewind+1","hexamod:ExtraCrispy","hexamod:GhostLash+1","hexamod:BacktrackSmack","hexamod:AdvancingGuard","hexamod:NightmareStrike","Flash of Steel","hexamod:EmpoweredFlame","hexamod:CatchUp","hexamod:FirstSeal","hexamod:PhantomCloak+1","hexamod:GhostOfSpireFuture"],"relics":["hexamod:SpiritBrand","downfall:HeartBlessingRed","Blue Candle","downfall:HeartBlessingBlue","Nloth\u0027s Gift","Dream Catcher","Bottled Flame"],"acts_visited":["Exordium","TheCity"],"potions_floor_usage":[12,20],"damage_taken":[{"damage":1,"enemies":"Jaw Worm","floor":2,"turns":3},{"damage":1,"enemies":"Cultist","floor":3,"turns":3},{"damage":0,"enemies":"2 Louse","floor":4,"turns":2},{"damage":5,"enemies":"downfall:FleeingMerchant","floor":5,"turns":4},{"damage":13,"enemies":"Exordium Thugs","floor":9,"turns":3},{"damage":2,"enemies":"downfall:FleeingMerchant","floor":12,"turns":4},{"damage":0,"enemies":"3 Sentries","floor":13,"turns":6},{"damage":6,"enemies":"Lots of Slimes","floor":14,"turns":4},{"damage":0,"enemies":"Blue Slaver","floor":15,"turns":2},{"damage":20,"enemies":"DF_ARCHETYPE_STREAMLINE","floor":16,"turns":8},{"damage":5,"enemies":"Chosen","floor":19,"turns":4},{"damage":7,"enemies":"Snecko","floor":20,"turns":5},{"damage":17,"enemies":"3 Cultists","floor":21,"turns":5},{"damage":16,"enemies":"Snake Plant","floor":23,"turns":4},{"damage":35,"enemies":"Book of Stabbing","floor":25,"turns":6},{"damage":5,"enemies":"Cultist and Chosen","floor":26,"turns":4}],"seed_played":"1375604981170479449","potions_obtained":[{"floor":4,"key":"SpeedPotion"},{"floor":9,"key":"champ:CounterPotion"},{"floor":13,"key":"LiquidMemories"},{"floor":16,"key":"PowerPotion"},{"floor":20,"key":"Fire Potion"}],"is_trial":false,"path_per_floor":["R","M","M","M","$","?","T","R","M","R","?","$","E","M","M","B",null,"R","M","M","M","?","M","T","E","M"],"character_chosen":"THE_SPIRIT","items_purchased":["hexamod:AdvancingGuard","Flash of Steel"],"campfire_rested":0,"item_purchase_floors":[5,12],"current_hp_per_floor":[70,69,68,68,63,63,63,63,50,50,50,48,48,42,42,22,70,80,75,68,58,58,49,49,14,9,9,9],"gold":193,"neow_bonus":"TRANSFORM_CARD","is_daily":false,"chose_seed":false,"campfire_upgraded":3,"win_rate":0.0,"timestamp":1611925387,"path_taken":["R","M","M","M","$","?","T","R","?","R","?","$","E","M","M","BOSS","R","M","M","M","?","?","T","E","M"],"items_purchased_type":["Card","Card"],"build_version":"2020-12-22","purchased_purges":0,"victory":false,"max_hp_per_floor":[70,70,70,70,70,70,70,70,70,70,70,70,70,70,70,70,70,80,80,80,80,80,80,80,80,80,80,80],"card_choices":[{"not_picked":["hexamod:ThermalTransfer","hexamod:GhostShield"],"picked":"hexamod:Rewind","floor":2},{"not_picked":["hexamod:Incineration","hexamod:HeatMetal"],"picked":"hexamod:ExtraCrispy","floor":3},{"not_picked":["hexamod:ChargedBarrage","hexamod:Again"],"picked":"hexamod:GhostLash","floor":4},{"not_picked":["hexamod:HeatCrush","hexamod:FlamesFromBeyond"],"picked":"hexamod:BacktrackSmack","floor":5},{"not_picked":["hexamod:ExtraCrispy","hexamod:NightmareStrike","hexamod:FourthSeal"],"picked":"SKIP","floor":9},{"not_picked":["hexamod:GhostShield","hexamod:NightmareStrike","hexamod:RainOfEmbers"],"picked":"SKIP","floor":12},{"not_picked":["hexamod:Haunt","hexamod:RetreatToShadows"],"picked":"hexamod:EmpoweredFlame","floor":13},{"not_picked":["hexamod:Firestarter","hexamod:SpectralAdrenaline","hexamod:SoulSteal"],"picked":"SKIP","floor":14},{"not_picked":["hexamod:SecondSeal","hexamod:Firestarter","hexamod:SpectersWail"],"picked":"SKIP","floor":15},{"not_picked":["hexamod:HeatMetal","hexamod:AdvancingGuard"],"picked":"hexamod:CatchUp","floor":19},{"not_picked":["hexamod:HeatMetal","hexamod:AdvancingGuard"],"picked":"hexamod:FirstSeal","floor":20},{"not_picked":["hexamod:EtherealExpedition+1","hexamod:BurningTouch+1"],"picked":"hexamod:PhantomCloak+1","floor":21},{"not_picked":["hexamod:FourthSeal","hexamod:BurningTouch","hexamod:FlamesFromBeyond"],"picked":"SKIP","floor":23},{"not_picked":["hexamod:GhostOfSpirePresent","hexamod:HexaLevel"],"picked":"hexamod:GhostOfSpireFuture","floor":25}],"player_experience":616407,"relics_obtained":[{"floor":13,"key":"Blue Candle"},{"floor":24,"key":"Dream Catcher"},{"floor":25,"key":"Bottled Flame"}],"event_choices":[],"is_beta":false,"boss_relics":[{"not_picked":["SacredBark","hexamod:UnbrokenSoul"],"picked":"Empty Cage"}],"items_purged_floors":[],"is_endless":false,"potions_floor_spawned":[4,9,13,16,20,21,23],"killed_by":"Cultist and Chosen","ascension_level":0}}