{"host":"2se5dq1do2gp0x9k","time":1611894587,"event":{"mods":["AchievementEnabler","BaseMod","Block Reminder","Colored Map","Colored Powertips","Minty Spire (QoL Compilation)","Relic Stats","StSLib","SuperFastMode"],"gold_per_floor":[109,122,28,28,28,59,59,59,82,126,145,165,209,223,223,318,318,341,364,414,339,358,358,383,383,408,408,408],"floor_reached":27,"language":"ENG","playtime":675,"items_purged":[],"score":516,"play_id":"40875afa-9aeb-4abc-a793-198776bcc66d","local_time":"20210128202947","is_ascension_mode":true,"campfire_choices":[{"data":"Doom and Gloom","floor":7,"key":"SMITH"},{"floor":15,"key":"REST"},{"floor":23,"key":"REST"},{"data":"Rainbow","floor":25,"key":"SMITH"}],"circlet_count":0,"master_deck":["AscendersBane","Defend_B","Defend_B","Zap","Dualcast","Cold Snap","Skim","Doom and Gloom+1","Conserve Battery","White Noise","Reprogram","Chaos","Darkness","Coolheaded","Glacier","Redo","Seek","Fission+1","Biased Cognition+1","Static Discharge+1","Coolheaded","Amplify","Rainbow+1","Cold Snap"],"relics":["Cracked Core","NeowsBlessing","Golden Idol","Bronze Scales","Pen Nib","Akabeko","Strawberry","Astrolabe","Art of War"],"acts_visited":["Exordium","TheCity"],"potions_floor_usage":[13,16,27],"damage_taken":[{"damage":0,"enemies":"Jaw Worm","floor":1,"turns":1},{"damage":0,"enemies":"2 Louse","floor":2,"turns":1},{"damage":0,"enemies":"Gremlin Nob","floor":6,"turns":1},{"damage":17,"enemies":"Lagavulin","floor":10,"turns":6},{"damage":0,"enemies":"Cultist","floor":11,"turns":3},{"damage":18,"enemies":"Large Slime","floor":12,"turns":4},{"damage":13,"enemies":"3 Sentries","floor":13,"turns":5},{"damage":9,"enemies":"Red Slaver","floor":14,"turns":3},{"damage":32,"enemies":"The Guardian","floor":16,"turns":11},{"damage":1,"enemies":"3 Byrds","floor":18,"turns":2},{"damage":30,"enemies":"Shell Parasite","floor":19,"turns":4},{"damage":17,"enemies":"Snake Plant","floor":22,"turns":2},{"damage":3,"enemies":"3 Cultists","floor":24,"turns":4},{"damage":29,"enemies":"Slavers","floor":27,"turns":1}],"seed_played":"-4146726976081329629","potions_obtained":[{"floor":1,"key":"GamblersBrew"},{"floor":2,"key":"Weak Potion"},{"floor":12,"key":"AttackPotion"},{"floor":16,"key":"SpeedPotion"},{"floor":18,"key":"FocusPotion"},{"floor":22,"key":"Regen Potion"}],"is_trial":false,"path_per_floor":["M","M","$","?","$","E","R","?","T","E","M","M","E","M","R","B",null,"M","M","?","?","M","R","M","R","T","E"],"character_chosen":"DEFECT","items_purchased":["Doom and Gloom","Conserve Battery"],"campfire_rested":2,"item_purchase_floors":[3,3],"current_hp_per_floor":[64,64,64,64,64,64,64,64,64,47,47,29,23,14,35,3,54,53,23,23,23,6,27,24,24,24,0,0],"gold":408,"neow_bonus":"THREE_ENEMY_KILL","is_daily":false,"chose_seed":false,"campfire_upgraded":2,"win_rate":0.0,"timestamp":1611894587,"path_taken":["M","M","$","?","$","E","R","?","T","E","M","?","E","M","R","BOSS","M","M","?","?","?","R","M","R","T","E"],"items_purchased_type":["Card","Card"],"build_version":"2020-12-22","purchased_purges":0,"victory":false,"max_hp_per_floor":[71,71,71,64,64,64,64,64,64,64,64,64,71,71,71,71,71,71,71,71,71,71,71,71,71,71,71,71],"relic_stats":{"counters":[14,48],"Golden Idol":73,"Bronze Scales":[142],"Astrolabe":["Fission","Biased Cognition","Static Discharge"],"Pen Nib":[3],"Art of War":[0],"obtain_stats":[{"NeowsBlessing":0,"Golden Idol":4,"Bronze Scales":6,"Strawberry":13,"Astrolabe":17,"Pen Nib":9,"Art of War":26,"Cracked Core":0,"Akabeko":10},{"NeowsBlessing":0,"Golden Idol":2,"Bronze Scales":3,"Strawberry":7,"Astrolabe":9,"Pen Nib":3,"Art of War":13,"Cracked Core":0,"Akabeko":4},{"NeowsBlessing":0,"Golden Idol":2,"Bronze Scales":3,"Strawberry":21,"Astrolabe":35,"Pen Nib":3,"Art of War":47,"Cracked Core":0,"Akabeko":9}]},"card_choices":[{"not_picked":["Beam Cell","White Noise"],"picked":"Cold Snap","floor":1},{"not_picked":["Barrage","Stack"],"picked":"Skim","floor":2},{"not_picked":["Storm","Double Energy"],"picked":"White Noise","floor":6},{"not_picked":["Beam Cell","Coolheaded"],"picked":"Chaos","floor":10},{"not_picked":["Sweeping Beam","Coolheaded"],"picked":"Darkness","floor":11},{"not_picked":["Thunder Strike","Turbo"],"picked":"Coolheaded","floor":12},{"not_picked":["Streamline","Ball Lightning"],"picked":"Glacier","floor":13},{"not_picked":["Beam Cell","Turbo"],"picked":"Redo","floor":14},{"not_picked":["Meteor Strike","Hyperbeam"],"picked":"Seek","floor":16},{"not_picked":["Force Field","Sweeping Beam","Conserve Battery"],"picked":"SKIP","floor":18},{"not_picked":["Sunder","Melter"],"picked":"Coolheaded","floor":19},{"not_picked":["Go for the Eyes","Gash"],"picked":"Cold Snap","floor":22},{"not_picked":["Steam","Rebound","Ball Lightning"],"picked":"SKIP","floor":24}],"player_experience":3967045,"relics_obtained":[{"floor":6,"key":"Bronze Scales"},{"floor":9,"key":"Pen Nib"},{"floor":10,"key":"Akabeko"},{"floor":13,"key":"Strawberry"},{"floor":26,"key":"Art of War"}],"event_choices":[{"damage_healed":0,"gold_gain":0,"player_choice":"Lose Max HP","damage_taken":0,"relics_obtained":["Golden Idol"],"max_hp_gain":0,"max_hp_loss":7,"event_name":"Golden Idol","floor":4,"gold_loss":0},{"damage_healed":0,"gold_gain":0,"cards_transformed":["Strike_B"],"player_choice":"Transformed","damage_taken":0,"max_hp_gain":0,"max_hp_loss":0,"event_name":"Transmorgrifier","floor":8,"gold_loss":0,"cards_obtained":["Reprogram"]},{"damage_healed":0,"gold_gain":50,"player_choice":"Stole From Cult","damage_taken":0,"max_hp_gain":0,"max_hp_loss":0,"event_name":"Nest","floor":20,"gold_loss":0},{"damage_healed":0,"gold_gain":0,"cards_transformed":["Defend_B","Defend_B"],"player_choice":"Transformed Cards","damage_taken":0,"max_hp_gain":0,"max_hp_loss":0,"event_name":"Designer","floor":21,"gold_loss":75,"cards_obtained":["Amplify","Rainbow"]}],"is_beta":false,"boss_relics":[{"not_picked":["Inserter","Ectoplasm"],"picked":"Astrolabe"}],"items_purged_floors":[],"is_endless":false,"potions_floor_spawned":[1,2,12,16,18,22],"killed_by":"Slavers","ascension_level":20}}