{"host":"jqln3q8z91cyrmpl","time":1611937634,"event":{"mods":["AchievementEnabler","BaseMod","Colored Map","DeckTracker","Keyboard Shortcuts","Minty Spire (QoL Compilation)","SuperFastMode"],"gold_per_floor":[113,113,127,127,52,52,72,107,107,107,148,183,199,238,250,392,404,441,476,488,64,64,64,79,108,132,132,157,174,174,208,208,312,312,329,344,359,325,337,372,372,398,444,475,487,518,518,535,535,535,535,535,65,100,100,100],"floor_reached":55,"language":"KOR","playtime":2080,"items_purged":["Strike_P","Strike_P","BattleHymn+1"],"score":1017,"play_id":"3a4c3d6f-ec67-4a9e-aa7b-7502e4e99974","local_time":"20210130012714","is_ascension_mode":true,"campfire_choices":[{"data":"Eruption","floor":6.0,"key":"SMITH"},{"data":"FlurryOfBlows","floor":10.0,"key":"SMITH"},{"data":"BattleHymn","floor":15.0,"key":"SMITH"},{"data":"Vigilance","floor":23.0,"key":"SMITH"},{"data":"Halt","floor":27.0,"key":"SMITH"},{"data":"WreathOfFlame","floor":32.0,"key":"SMITH"},{"floor":41.0,"key":"RECALL"},{"data":"Panache","floor":49.0,"key":"SMITH"},{"data":"DeusExMachina","floor":52.0,"key":"SMITH"}],"circlet_count":0,"master_deck":["Defend_P+1","Eruption+1","Vigilance+1","FlurryOfBlows+1","EmptyBody","Halt+1","EmptyFist+1","BattleHymn+1","DeusExMachina+1","Crescendo+1","CarveReality+1","Ragnarok+1","Panache+1","Evaluate+1","WindmillStrike+1","WreathOfFlame+1","EmptyMind+1","MentalFortress+1","FlurryOfBlows+1","MentalFortress"],"relics":["Busted Crown","Bloody Idol","Kunai","Centennial Puzzle","Dream Catcher","Ginger","Odd Mushroom","MawBank","Astrolabe","Nunchaku","War Paint","Toy Ornithopter","HornCleat","Anchor","Empty Cage","Question Card","Bronze Scales","Whetstone","Bag of Preparation","FossilizedHelix","Strawberry"],"acts_visited":["Exordium","TheCity","TheBeyond","TheEnding"],"potions_floor_usage":[55,55,55,55],"damage_taken":[{"damage":0.0,"enemies":"Cultist","floor":1.0,"turns":2.0},{"damage":7.0,"enemies":"Jaw Worm","floor":3.0,"turns":4.0},{"damage":0.0,"enemies":"Small Slimes","floor":7.0,"turns":3.0},{"damage":0.0,"enemies":"3 Sentries","floor":8.0,"turns":7.0},{"damage":10.0,"enemies":"Gremlin Nob","floor":11.0,"turns":3.0},{"damage":3.0,"enemies":"The Mushroom Lair","floor":12.0,"turns":2.0},{"damage":1.0,"enemies":"Blue Slaver","floor":13.0,"turns":2.0},{"damage":3.0,"enemies":"3 Sentries","floor":14.0,"turns":6.0},{"damage":6.0,"enemies":"Slime Boss","floor":16.0,"turns":7.0},{"damage":17.0,"enemies":"2 Thieves","floor":18.0,"turns":2.0},{"damage":18.0,"enemies":"3 Byrds","floor":19.0,"turns":3.0},{"damage":0.0,"enemies":"Snake Plant","floor":24.0,"turns":1.0},{"damage":13.0,"enemies":"Slavers","floor":25.0,"turns":3.0},{"damage":8.0,"enemies":"Gremlin Leader","floor":28.0,"turns":3.0},{"damage":0.0,"enemies":"3 Cultists","floor":29.0,"turns":3.0},{"damage":14.0,"enemies":"Book of Stabbing","floor":31.0,"turns":3.0},{"damage":10.0,"enemies":"Champ","floor":33.0,"turns":6.0},{"damage":0.0,"enemies":"Orb Walker","floor":35.0,"turns":2.0},{"damage":0.0,"enemies":"3 Darklings","floor":36.0,"turns":3.0},{"damage":6.0,"enemies":"4 Shapes","floor":37.0,"turns":2.0},{"damage":1.0,"enemies":"Spire Growth","floor":39.0,"turns":4.0},{"damage":0.0,"enemies":"Nemesis","floor":40.0,"turns":5.0},{"damage":4.0,"enemies":"Reptomancer","floor":42.0,"turns":3.0},{"damage":11.0,"enemies":"Nemesis","floor":44.0,"turns":5.0},{"damage":0.0,"enemies":"Maw","floor":45.0,"turns":3.0},{"damage":9.0,"enemies":"Giant Head","floor":46.0,"turns":5.0},{"damage":0.0,"enemies":"4 Shapes","floor":48.0,"turns":2.0},{"damage":2.0,"enemies":"Donu and Deca","floor":50.0,"turns":7.0},{"damage":71.0,"enemies":"Shield and Spear","floor":54.0,"turns":6.0},{"damage":131,"enemies":"The Heart","floor":55,"turns":6}],"seed_played":"2037761751286264459","potions_obtained":[{"floor":7.0,"key":"Energy Potion"},{"floor":11.0,"key":"Energy Potion"},{"floor":12.0,"key":"Swift Potion"},{"floor":13.0,"key":"Regen Potion"},{"floor":14.0,"key":"Explosive Potion"},{"floor":19.0,"key":"Swift Potion"},{"floor":25.0,"key":"Ancient Potion"},{"floor":28.0,"key":"FearPotion"},{"floor":29.0,"key":"BlessingOfTheForge"},{"floor":35.0,"key":"SkillPotion"},{"floor":36.0,"key":"EntropicBrew"},{"floor":44.0,"key":"FairyPotion"}],"is_trial":false,"path_per_floor":["M","?","M","?","$","R","M","E","T","R","E","?","M","E","R","B",null,"M","M","?","$","?","R","M","E","T","R","E","M","?","E","R","B",null,"M","M","M","$","M","E","R","E","T","E","M","E","?","M","R","B",null,"R","$","E","B"],"character_chosen":"WATCHER","items_purchased":["Panache","Nunchaku","MentalFortress","FossilizedHelix","FearPotion"],"campfire_rested":0,"item_purchase_floors":[21,21,38,53,53],"current_hp_per_floor":[72,54,47,40,40,40,40,40,40,40,30,27,26,38,38,32,72,55,37,37,42,42,42,47,39,44,44,41,46,46,37,37,42,72,72,72,71,71,72,72,72,72,72,66,71,67,67,72,72,70,72,72,72,13,0,0],"gold":100,"neow_bonus":"BOSS_RELIC","is_daily":false,"chose_seed":false,"campfire_upgraded":8,"win_rate":0.0,"timestamp":1611937634,"path_taken":["M","?","M","?","?","R","M","E","T","R","E","?","M","E","R","BOSS","M","M","?","$","?","R","M","E","T","R","E","M","?","E","R","BOSS","M","?","M","$","M","E","R","E","T","E","M","E","?","M","R","BOSS","R","$","E","BOSS"],"items_purchased_type":["Card","Relic","Card","Relic","Potion"],"build_version":"2020-12-22","purchased_purges":3,"victory":false,"max_hp_per_floor":[72,72,72,72,72,72,72,72,72,72,72,72,72,72,72,72,72,72,72,72,72,72,72,72,72,72,72,72,72,72,72,72,72,72,72,72,72,72,72,72,72,72,72,72,72,72,72,72,72,72,72,72,72,79,79,79],"card_choices":[{"not_picked":[],"picked":"FlurryOfBlows","floor":1.0},{"not_picked":[],"picked":"EmptyBody","floor":3.0},{"not_picked":[],"picked":"Halt","floor":7.0},{"not_picked":[],"picked":"EmptyFist","floor":8.0},{"not_picked":[],"picked":"BattleHymn","floor":11.0},{"not_picked":["BowlingBash"],"picked":"SKIP","floor":13.0},{"not_picked":["Wireheading"],"picked":"SKIP","floor":14.0},{"not_picked":[],"picked":"DeusExMachina","floor":16.0},{"not_picked":["FlyingSleeves"],"picked":"SKIP","floor":18.0},{"not_picked":["EmptyFist"],"picked":"SKIP","floor":19.0},{"not_picked":[],"picked":"Evaluate","floor":24.0},{"not_picked":["ThirdEye"],"picked":"SKIP","floor":25.0},{"not_picked":[],"picked":"WindmillStrike+1","floor":28.0},{"not_picked":["FlyingSleeves"],"picked":"SKIP","floor":29.0},{"not_picked":[],"picked":"WreathOfFlame","floor":31.0},{"not_picked":[],"picked":"EmptyMind+1","floor":35.0},{"not_picked":["Fasting2+1"],"picked":"SKIP","floor":36.0},{"not_picked":["FollowUp+1"],"picked":"SKIP","floor":37.0},{"not_picked":["ThirdEye"],"picked":"SKIP","floor":39.0},{"not_picked":["EmptyBody"],"picked":"SKIP","floor":40.0},{"not_picked":["SashWhip+1","PathToVictory"],"picked":"SKIP","floor":42.0},{"not_picked":["ForeignInfluence+1"],"picked":"FlurryOfBlows+1","floor":44.0},{"not_picked":["Indignation+1","WreathOfFlame+1"],"picked":"SKIP","floor":45.0},{"not_picked":["FlurryOfBlows"],"picked":"BattleHymn+1","floor":46.0},{"not_picked":["BowlingBash+1","Protect"],"picked":"SKIP","floor":48.0},{"not_picked":["WheelKick"],"picked":"MentalFortress","floor":54.0}],"player_experience":399962,"relics_obtained":[{"floor":8.0,"key":"Centennial Puzzle"},{"floor":9.0,"key":"Dream Catcher"},{"floor":11.0,"key":"Ginger"},{"floor":12.0,"key":"Odd Mushroom"},{"floor":14.0,"key":"MawBank"},{"floor":25.0,"key":"War Paint"},{"floor":26.0,"key":"Toy Ornithopter"},{"floor":28.0,"key":"HornCleat"},{"floor":31.0,"key":"Anchor"},{"floor":40.0,"key":"Question Card"},{"floor":42.0,"key":"Bronze Scales"},{"floor":44.0,"key":"Whetstone"},{"floor":46.0,"key":"Bag of Preparation"},{"floor":54.0,"key":"Strawberry"}],"event_choices":[{"damage_healed":0.0,"max_hp_gain":0.0,"max_hp_loss":0.0,"gold_gain":0.0,"event_name":"Golden Idol","player_choice":"Take Damage","floor":2.0,"gold_loss":0.0,"damage_taken":18.0,"relics_obtained":["Golden Idol"]},{"damage_healed":0.0,"max_hp_gain":0.0,"max_hp_loss":0.0,"gold_gain":0.0,"event_name":"Scrap Ooze","player_choice":"Success","floor":4.0,"gold_loss":0.0,"damage_taken":7.0,"relics_obtained":["Kunai"]},{"damage_healed":0.0,"max_hp_gain":0.0,"max_hp_loss":0.0,"gold_gain":0.0,"event_name":"Mushrooms","player_choice":"Fought Mushrooms","floor":12.0,"gold_loss":0.0,"damage_taken":0.0},{"damage_healed":0.0,"max_hp_gain":0.0,"max_hp_loss":0.0,"gold_gain":0.0,"event_name":"Forgotten Altar","player_choice":"Gave Idol","floor":20.0,"relics_lost":["Golden Idol"],"gold_loss":0.0,"damage_taken":0.0,"relics_obtained":["Bloody Idol"]},{"damage_healed":0.0,"max_hp_gain":0.0,"max_hp_loss":0.0,"gold_gain":0.0,"event_name":"The Mausoleum","player_choice":"Ignored","floor":22.0,"gold_loss":0.0,"damage_taken":0.0},{"damage_healed":0.0,"max_hp_gain":0.0,"max_hp_loss":0.0,"gold_gain":0.0,"event_name":"Upgrade Shrine","player_choice":"Upgraded","floor":30.0,"gold_loss":0.0,"damage_taken":0.0,"cards_upgraded":["EmptyFist"]},{"damage_healed":0.0,"max_hp_gain":0.0,"max_hp_loss":0.0,"gold_gain":0.0,"event_name":"Upgrade Shrine","player_choice":"Upgraded","floor":47.0,"gold_loss":0.0,"damage_taken":0.0,"cards_upgraded":["MentalFortress"]}],"is_beta":false,"boss_relics":[{"not_picked":["SacredBark","Coffee Dripper"],"picked":"Astrolabe"},{"not_picked":["Sozu","Black Star"],"picked":"Empty Cage"}],"items_purged_floors":[5,21,53],"is_endless":false,"potions_floor_spawned":[7,11,12,13,14,19,25,28,29,35,36,44,46,54],"killed_by":"The Heart","ascension_level":3}}