{"host":"hn99riirbf0lv0ml","time":1611885915,"event":{"mods":["AchievementEnabler","Act Like it!","Bard","BaseMod","Beaked The Cultist","Colored Map","Colored Powertips","Conspire","Curses Come First","Downfall","Duelist Mod","Friendly Minions","Gensokyo","GifTheSpireLib","Glutton Mod","Halation","Jorbs\u0027s Wanderer Trilogy","Mad Scientist","Marisa????????","Minty Spire (QoL Compilation)","Rare Cards Sparkle","Replay The Spire","StSLib","The Blackbeard","The Bug Knight","The Construct","The Cursed","The Disciple","The Mystic","The Runesmith","The Servant 0.9.4","The Witch"],"gold_per_floor":[113,113,16,16,29,29,47,47,47,47,60,377,390,402,402,516,566,586,596,624,644,686,686,686,686,704,704,704,732,732,201,201,219,219,314,314,347,362,101,11,24,24,24,24,50,69,69,83,83,129,129,129,129],"floor_reached":52,"language":"ENG","playtime":43474,"items_purged":["Glutton:Strike","Glutton:Strike+1"],"score":541,"play_id":"4b7a3366-59e6-4e1c-88a7-720ec4993bf7","local_time":"20210128210515","is_ascension_mode":false,"campfire_choices":[{"data":"Glutton:GuardStance","floor":6,"key":"SMITH"},{"floor":10,"key":"REST"},{"data":"Glutton:Dispepsia","floor":15,"key":"SMITH"},{"floor":23,"key":"REST"},{"floor":27,"key":"REST"},{"floor":30,"key":"REST"},{"floor":34,"key":"REST"},{"data":"Glutton:GuardStance","floor":42,"key":"SMITH"},{"data":"Glutton:Vitality","floor":44,"key":"SMITH"},{"data":"Glutton:Inversion","floor":49,"key":"SMITH"},{"data":"Glutton:Retaliation","floor":51,"key":"SMITH"}],"circlet_count":0,"master_deck":["Glutton:Strike+1","Glutton:Strike+1","Glutton:Strike+1","Glutton:Strike+1","Glutton:Defend+1","Glutton:Defend+1","Glutton:Defend+1","Glutton:Bite","Glutton:PainMeditation+1","Glutton:GuardStance+1","Glutton:Dispepsia+1","Glutton:Regurgitate","Glutton:Treat","Glutton:FeebleKick","Glutton:Throb","Glutton:Inversion+1","Glutton:Slam","Glutton:Revivification+1","Glutton:Autotomy","Glutton:GuardStance+1","Glutton:DistilledAgony+1","Glutton:Tantrum+1","Glutton:SelfFlagellate","Glutton:FeebleKick+1","Glutton:GuardStance+1","Glutton:Vitality+1","Glutton:ShedFat+1","Glutton:LashOut","Glutton:Retaliation+1","Gensokyo:CustomPotion","Glutton:GuardStance","Glutton:Revivification+1","Glutton:Migraine+1"],"relics":["Glutton:EternalHunger","Happy Flower","ReplayTheSpireMod:TigerMarble","halation:EternalFortune","Pen Nib","Tiny House","Red Mask","HornCleat","Lantern","Blue Doll","MealTicket","halation:Thesaurus","beaked:ShinyBauble","Busted Crown","Blue Candle"],"acts_visited":["Gensokyo:Gensokyo","TheCity","Gensokyo:Gensokyoest"],"potions_floor_usage":[14,14,16,16,21,26,26,35,48,48],"damage_taken":[{"damage":17,"enemies":"Gensokyo:Python","floor":1,"turns":3},{"damage":18,"enemies":"Gensokyo:3_Fairies","floor":5,"turns":5},{"damage":22,"enemies":"Gensokyo:2_Kodama","floor":7,"turns":5},{"damage":12,"enemies":"Gensokyo:Kitsune","floor":11,"turns":3},{"damage":24,"enemies":"Gensokyo:2_Rabbits","floor":12,"turns":4},{"damage":9,"enemies":"Gensokyo:3_Kodama","floor":13,"turns":2},{"damage":5,"enemies":"Gensokyo:LivingMonolith","floor":14,"turns":3},{"damage":49,"enemies":"Gensokyo:Yukari","floor":16,"turns":6},{"damage":11,"enemies":"Chosen","floor":18,"turns":5},{"damage":89,"enemies":"Centurion and Healer","floor":19,"turns":10},{"damage":47,"enemies":"Masked Bandits","floor":20,"turns":5},{"damage":52,"enemies":"Snake Plant","floor":21,"turns":6},{"damage":46,"enemies":"conspire:MimicChest","floor":22,"turns":5},{"damage":51,"enemies":"conspire:HollyBat","floor":26,"turns":7},{"damage":21,"enemies":"theDuelist:KaibaA2","floor":29,"turns":6},{"damage":14,"enemies":"Shelled Parasite and Fungi","floor":33,"turns":2},{"damage":72,"enemies":"conspire:MysteriousRune","floor":35,"turns":8},{"damage":54,"enemies":"Gensokyo:3_Boulders","floor":37,"turns":6},{"damage":10,"enemies":"Gensokyo:3_Bats","floor":38,"turns":3},{"damage":45,"enemies":"Gensokyo:Dusk_and_Dawn","floor":41,"turns":5},{"damage":22,"enemies":"Gensokyo:Sharpion","floor":46,"turns":4},{"damage":43,"enemies":"Gensokyo:Rafflesia","floor":48,"turns":7},{"damage":16,"enemies":"Gensokyo:4_Bats","floor":50,"turns":3},{"damage":113,"enemies":"Gensokyo:Scarlet_Devils","floor":52,"turns":7}],"seed_played":"-6572141188404869914","potions_obtained":[{"floor":5,"key":"LiquidMemories"},{"floor":7,"key":"SpeedPotion"},{"floor":12,"key":"BlessingOfTheForge"},{"floor":13,"key":"EssenceOfSteel"},{"floor":14,"key":"champ:CounterPotion"},{"floor":17,"key":"Weak Potion"},{"floor":19,"key":"Block Potion"},{"floor":22,"key":"Venom Potion"},{"floor":26,"key":"Block Potion"},{"floor":29,"key":"Strength Potion"},{"floor":37,"key":"CultistPotion"}],"is_trial":false,"path_per_floor":["M","?","COS","?","M","R","M","?","T","R","M","M","M","M","R","B",null,"M","M","?","M","?","R","PTL","PTL","M","R","T","E","R","$","?","M","R","B",null,"M","M","$","?","M","R","COS","R","T","M","?","M","R","M","R","B"],"character_chosen":"GLUTTON","items_purchased":["Blue Doll","MealTicket","halation:Thesaurus","Glutton:Retaliation"],"campfire_rested":5,"item_purchase_floors":[31,31,31,39],"current_hp_per_floor":[115,132,132,132,118,118,114,117,117,135,136,128,128,130,130,92,134,131,87,61,45,18,53,53,53,26,61,61,68,102,102,102,88,113,64,112,88,96,106,106,99,99,99,99,99,91,86,99,99,101,101,0,0],"gold":129,"neow_bonus":"TEN_PERCENT_HP_BONUS","is_daily":false,"chose_seed":false,"campfire_upgraded":6,"win_rate":0.0,"timestamp":1611885915,"path_taken":["M","?","COS","?","M","R","M","?","T","R","M","M","M","M","R","BOSS","M","M","?","M","?","R","PTL","PTL","M","R","T","E","R","$","?","M","R","BOSS","M","M","$","?","M","R","COS","R","T","M","?","M","R","M","R","BOSS"],"items_purchased_type":["Relic","Relic","Relic","Card"],"build_version":"2020-12-22","purchased_purges":2,"victory":false,"max_hp_per_floor":[132,132,132,132,132,132,132,135,135,135,138,135,132,132,132,129,134,131,125,122,119,119,119,119,119,119,119,119,116,116,116,116,113,113,112,112,109,106,106,106,105,105,105,105,105,102,102,99,99,101,101,95,95],"card_choices":[{"not_picked":["Glutton:Slam","Glutton:Tantrum"],"picked":"Glutton:Bite","floor":1},{"not_picked":["Glutton:Brace+1","Glutton:Tumor+1"],"picked":"Glutton:PainMeditation+1","floor":5},{"not_picked":["Glutton:DecrepitStrike","Glutton:Retaliation"],"picked":"Glutton:GuardStance","floor":5},{"not_picked":["Glutton:Feed","Glutton:Rapacity"],"picked":"Glutton:Dispepsia","floor":7},{"not_picked":["Glutton:Brace","Glutton:Devour"],"picked":"Glutton:Regurgitate","floor":11},{"not_picked":["Glutton:Slam","Glutton:Tumor"],"picked":"Glutton:Treat","floor":12},{"not_picked":["Glutton:Devour","Glutton:Demolish"],"picked":"Glutton:FeebleKick","floor":13},{"not_picked":["Glutton:Tantrum","Glutton:Scab"],"picked":"Glutton:Throb","floor":14},{"not_picked":["Glutton:Retaliation","Glutton:Reminisce"],"picked":"Glutton:Inversion","floor":16},{"not_picked":["Glutton:PainMeditation","Glutton:GnawingHunger"],"picked":"Glutton:Slam","floor":17},{"not_picked":["Glutton:Slam","Glutton:Dispepsia"],"picked":"Glutton:Revivification+1","floor":18},{"not_picked":["Glutton:ToxicResidue","Glutton:Treat"],"picked":"Glutton:Autotomy","floor":19},{"not_picked":["Glutton:Brace","Glutton:Treat"],"picked":"Glutton:GuardStance","floor":20},{"not_picked":["Glutton:Demolish","Glutton:FeebleKick"],"picked":"Glutton:DistilledAgony+1","floor":21},{"not_picked":["Glutton:Demolish","Glutton:Treat"],"picked":"Glutton:Tantrum+1","floor":22},{"not_picked":["Glutton:Nostalgia","Glutton:Scab"],"picked":"Glutton:SelfFlagellate","floor":26},{"not_picked":["Glutton:Fever+1","Glutton:Treat"],"picked":"Glutton:FeebleKick+1","floor":29},{"not_picked":["Glutton:Loot","Glutton:BellySlam"],"picked":"Glutton:GuardStance+1","floor":33},{"not_picked":["Glutton:Enfeeblement","Glutton:Malignancy"],"picked":"Glutton:Vitality","floor":35},{"not_picked":[],"picked":"Glutton:ShedFat+1","floor":37},{"not_picked":[],"picked":"Glutton:LashOut","floor":38},{"not_picked":[],"picked":"Glutton:GuardStance","floor":41},{"not_picked":[],"picked":"Glutton:Revivification+1","floor":46},{"not_picked":[],"picked":"Glutton:Migraine+1","floor":48},{"not_picked":["Glutton:GuardStance"],"picked":"SKIP","floor":50}],"player_experience":260345,"relics_obtained":[{"floor":9,"key":"Pen Nib"},{"floor":11,"key":"halation:EternalFortune"},{"floor":16,"key":"halation:EternalFortune"},{"floor":20,"key":"Red Mask"},{"floor":20,"key":"halation:EternalFortune"},{"floor":22,"key":"conspire:DeflatedDodgeball"},{"floor":22,"key":"halation:EternalFortune"},{"floor":28,"key":"HornCleat"},{"floor":29,"key":"Lantern"},{"floor":50,"key":"halation:EternalFortune"}],"event_choices":[{"damage_healed":0,"gold_gain":0,"player_choice":"Fought Bandits","damage_taken":0,"max_hp_gain":0,"max_hp_loss":0,"event_name":"Masked Bandits","floor":20,"gold_loss":0},{"damage_healed":0,"gold_gain":0,"player_choice":"Simplicity","damage_taken":0,"max_hp_gain":0,"max_hp_loss":0,"event_name":"Back to Basics","floor":32,"gold_loss":0,"cards_upgraded":["Glutton:Strike","Glutton:Strike","Glutton:Strike","Glutton:Strike","Glutton:Defend","Glutton:Defend","Glutton:Defend"]}],"is_beta":false,"boss_relics":[{"not_picked":["Sozu","bronze:MakeshiftBattery"],"picked":"Tiny House"},{"not_picked":["Snecko Eye","halation:Prosthetics"],"picked":"Busted Crown"}],"items_purged_floors":[31,39],"is_endless":false,"potions_floor_spawned":[5,7,12,13,14,19,22,26,29,37],"killed_by":"Gensokyo:Scarlet_Devils","ascension_level":0}}