{"host":"ifz8qk6i1wysca9i","time":1611893667,"event":{"mods":["Act Like it!","BaseMod","Colored Powertips","Duelist Mod","GifTheSpireLib","Hallownest","Hermit","Minty Spire (QoL Compilation)","Quick Restart","StSLib","The Bug Knight","The Senshi","The Wild Card"],"gold_per_floor":[141,141,151,170,188,188,222,237,289,306,323,337,371,4,4,109,109,121,141,154,169,169,180,206,206,253,253,253,270,270,287,287,391,391,405,1404,1423,1423,1434,1434,627,674,698,715,735,748,207,224,224,224],"floor_reached":51,"language":"ENG","playtime":8151,"items_purged":["Normality","Normality"],"score":864,"play_id":"ef077c26-4025-49e9-a19d-3226d39a3856","local_time":"20210128221427","is_ascension_mode":false,"campfire_choices":[{"data":"theDuelist:BigFire","floor":6.0,"key":"SMITH"},{"floor":15.0,"key":"REST"},{"data":"theDuelist:KamionTimelord","floor":25.0,"key":"SMITH"},{"floor":28.0,"key":"REST"},{"data":"theDuelist:Blockman","floor":30.0,"key":"SMITH"},{"floor":32.0,"key":"REST"},{"data":"theDuelist:HappyLover","floor":40.0,"key":"SMITH"},{"floor":49.0,"key":"REST"}],"circlet_count":0,"master_deck":["theDuelist:KamionTimelord+1","theDuelist:BeaverWarrior","theDuelist:BeaverWarrior","theDuelist:CastleWalls+1","theDuelist:PowerKaishin","theDuelist:DoubleTool","theDuelist:ScrapFactory","theDuelist:SpiritHarp","theDuelist:Downbeat","theDuelist:MagnumShield","theDuelist:WormApocalypse","theDuelist:GiantSoldier","theDuelist:MeteorDestruction","theDuelist:GridRod","theDuelist:PowerKaishin","theDuelist:BigFire+1","theDuelist:Blockman+1","theDuelist:RainbowOverdragon+1","theDuelist:FinalFlame","theDuelist:Sparks+1","theDuelist:Raigeki","theDuelist:BerserkerCrush","theDuelist:Tuningware","theDuelist:PowerKaishin","theDuelist:GiantSoldier","theDuelist:Sparks+1","theDuelist:ElectromagneticShield","theDuelist:PineappleBlast+1","theDuelist:CastleWalls+1","theDuelist:SpiralSpearStrike","theDuelist:DoubleTool+1","theDuelist:Eva","theDuelist:AssaultArmor","theDuelist:RainbowKuriboh+1","theDuelist:HappyLover+1","theDuelist:RainbowNeos+1","theDuelist:KamionTimelord+1","theDuelist:ObeliskTormentor","theDuelist:FrontierWiseman","theDuelist:AfterGenocide+1","theDuelist:MeteorDestruction","theDuelist:Eva+1","theDuelist:SlotMachine","theDuelist:GravityBlaster+1","theDuelist:AfterTheStorm+1"],"relics":["theDuelist:MillenniumPuzzle","theDuelist:CardPoolRelic","theDuelist:CardPoolBasicRelic","theDuelist:BoosterPackPoolRelic","theDuelist:CardPoolAddRelic","theDuelist:CardPoolMinusRelic","theDuelist:CardPoolSaveRelic","theDuelist:CardPoolOptionsRelic","Centennial Puzzle","Dream Catcher","theDuelist:MillenniumPrayerbook","theDuelist:WhiteBowlRelic","Velvet Choker","theDuelist:SummonAnchor","Vajra","Black Star","Frozen Eye","theSenshi:FeatherClipsRelic","Sling","Nunchaku","Tough Bandages","StoneCalendar","Champion Belt","Happy Flower","theDuelist:TributeEggRelic"],"acts_visited":["Exordium","TheCity","TheBeyond"],"potions_floor_usage":[50,50],"damage_taken":[{"damage":0.0,"enemies":"2 Louse","floor":1.0,"turns":3.0},{"damage":0.0,"enemies":"Cultist","floor":3.0,"turns":3.0},{"damage":4.0,"enemies":"Small Slimes","floor":4.0,"turns":3.0},{"damage":0.0,"enemies":"2 Fungi Beasts","floor":5.0,"turns":1.0},{"damage":0.0,"enemies":"Lagavulin","floor":7.0,"turns":4.0},{"damage":0.0,"enemies":"Red Slaver","floor":8.0,"turns":2.0},{"damage":0.0,"enemies":"Blue Slaver","floor":10.0,"turns":3.0},{"damage":0.0,"enemies":"2 Fungi Beasts","floor":11.0,"turns":4.0},{"damage":12.0,"enemies":"Large Slime","floor":12.0,"turns":5.0},{"damage":6.0,"enemies":"Gremlin Nob","floor":13.0,"turns":6.0},{"damage":0.0,"enemies":"Slime Boss","floor":16.0,"turns":5.0},{"damage":0.0,"enemies":"Spheric Guardian","floor":18.0,"turns":3.0},{"damage":3.0,"enemies":"Centurion and Healer","floor":19.0,"turns":4.0},{"damage":13.0,"enemies":"Snake Plant","floor":20.0,"turns":4.0},{"damage":0.0,"enemies":"3 Cultists","floor":21.0,"turns":4.0},{"damage":1.0,"enemies":"Centurion and Healer","floor":23.0,"turns":5.0},{"damage":10.0,"enemies":"Slavers","floor":24.0,"turns":3.0},{"damage":20.0,"enemies":"Snake Plant","floor":29.0,"turns":3.0},{"damage":0.0,"enemies":"Chosen and Byrds","floor":31.0,"turns":3.0},{"damage":0.0,"enemies":"Champ","floor":33.0,"turns":9.0},{"damage":5.0,"enemies":"3 Shapes","floor":35.0,"turns":3.0},{"damage":9.0,"enemies":"Orb Walker","floor":37.0,"turns":4.0},{"damage":7.0,"enemies":"3 Darklings","floor":39.0,"turns":3.0},{"damage":19.0,"enemies":"3 Darklings","floor":42.0,"turns":8.0},{"damage":21.0,"enemies":"4 Shapes","floor":44.0,"turns":3.0},{"damage":0.0,"enemies":"Maw","floor":45.0,"turns":7.0},{"damage":18.0,"enemies":"Jaw Worm Horde","floor":46.0,"turns":4.0},{"damage":12.0,"enemies":"Transient","floor":48.0,"turns":5.0},{"damage":17,"enemies":"Donu and Deca","floor":50,"turns":8}],"seed_played":"3433692593852890454","potions_obtained":[{"floor":1.0,"key":"SpeedPotion"},{"floor":3.0,"key":"theDuelist:FireBottle"},{"floor":5.0,"key":"ColorlessPotion"},{"floor":11.0,"key":"theDuelist:DebuffFuryPotion"},{"floor":12.0,"key":"LiquidBronze"},{"floor":23.0,"key":"theDuelist:EarthBottle"},{"floor":24.0,"key":"theDuelist:VampireVial"},{"floor":33.0,"key":"theDuelist:WhiteBottle"},{"floor":37.0,"key":"Ancient Potion"},{"floor":44.0,"key":"SkillPotion"},{"floor":45.0,"key":"theDuelist:StunPotion"},{"floor":46.0,"key":"theDuelist:SealedPackE"}],"is_trial":false,"path_per_floor":["M","?","M","M","M","R","E","M","T","M","M","M","E","$","R","B",null,"M","M","M","M","?","M","E","R","T","?","R","M","R","M","R","B",null,"M","?","M","?","M","R","$","?","T","M","M","M","$","M","R","B",null],"character_chosen":"THE_DUELIST","items_purchased":["theDuelist:WhiteBowlRelic","theDuelist:BerserkerCrush","theSenshi:FeatherClipsRelic","Sling","Nunchaku","theDuelist:ObeliskTormentor","theDuelist:TributeEggRelic","theDuelist:SlotMachine"],"campfire_rested":4,"item_purchase_floors":[14,14,41,41,41,41,47,47],"current_hp_per_floor":[80,80,80,76,76,76,76,76,76,76,76,64,58,58,80,80,80,80,77,64,64,64,63,53,53,53,53,77,57,57,57,80,80,80,75,75,66,66,59,59,59,46,46,31,37,25,25,19,43,32],"gold":224,"neow_bonus":"THREE_CARDS","is_daily":false,"chose_seed":false,"campfire_upgraded":4,"win_rate":0.0,"timestamp":1611893667,"path_taken":["M","?","M","M","?","R","E","M","T","M","M","M","E","$","R","BOSS","M","M","M","M","?","M","E","R","T","?","R","?","R","M","R","BOSS","M","?","M","?","M","R","$","?","T","M","M","M","$","M","R","BOSS"],"items_purchased_type":["Relic","Card","Relic","Relic","Relic","Card","Relic","Card"],"build_version":"2020-12-22","purchased_purges":2,"victory":true,"max_hp_per_floor":[80,80,80,80,80,80,80,80,80,80,80,80,80,80,80,80,80,80,80,80,80,80,80,80,80,80,80,80,80,80,80,80,80,80,80,80,80,80,80,80,80,80,80,80,80,80,80,80,80,80],"card_choices":[{"not_picked":["theDuelist:FluteKuriboh","theDuelist:CombinationAttack"],"picked":"theDuelist:PowerKaishin","floor":0.0},{"not_picked":["theDuelist:WhiteMagicalHat","theDuelist:SpiritHarp","theDuelist:FairyBox","theDuelist:DarkFactory"],"picked":"theDuelist:MeteorDestruction","floor":1.0},{"not_picked":["theDuelist:Hinotama","theDuelist:DoubleTool","theDuelist:ScrapFactory","theDuelist:Invigoration"],"picked":"theDuelist:MagnumShield","floor":3.0},{"not_picked":["theDuelist:FairyBox","theDuelist:RainbowNeos","theDuelist:DarkBurningAttack","theDuelist:CombinationAttack"],"picked":"theDuelist:BigFire","floor":4.0},{"not_picked":["theDuelist:PowerGiant","theDuelist:Cloning","theDuelist:Metronome","theDuelist:YellowBelliedOni"],"picked":"theDuelist:Blockman","floor":5.0},{"not_picked":["theDuelist:VenomShot","theDuelist:LegendHeart","theDuelist:GravityAxe","theDuelist:Electrowhip"],"picked":"theDuelist:DoubleTool","floor":7.0},{"not_picked":["theDuelist:GravityAxe","theDuelist:Electrowhip","theDuelist:MiraculousDescent","theDuelist:WhiteHowling"],"picked":"theDuelist:ElectromagneticShield","floor":8.0},{"not_picked":["theDuelist:DoubleTool","theDuelist:Invigoration","theDuelist:MeteorDestruction","theDuelist:CombinationAttack"],"picked":"theDuelist:Tuningware","floor":10.0},{"not_picked":["theDuelist:LightningBlade","theDuelist:ForbiddenLance","theDuelist:AmuletAmbition","theDuelist:Mathematician"],"picked":"theDuelist:GridRod","floor":11.0},{"not_picked":["theDuelist:Hinotama","theDuelist:BigFire","theDuelist:SpellShatteringArrow","theDuelist:SangaEarth"],"picked":"theDuelist:SpiralSpearStrike","floor":12.0},{"not_picked":["theDuelist:RainbowNeos","theDuelist:HappyLover","theDuelist:Eva","theDuelist:YellowBelliedOni"],"picked":"theDuelist:KamionTimelord","floor":13.0},{"not_picked":["theDuelist:CoreBlaster","theDuelist:PreventRat"],"picked":"theDuelist:PowerKaishin","floor":15.0},{"not_picked":["theDuelist:YamiForm","theDuelist:Wildfire","theDuelist:FeatherShot","theDuelist:MillenniumShield"],"picked":"theDuelist:Raigeki","floor":16.0},{"not_picked":["theDuelist:DoubleTool","theDuelist:FairyBox+1","theDuelist:CombinationAttack","theDuelist:SpellShatteringArrow"],"picked":"theDuelist:SpiritHarp","floor":18.0},{"not_picked":["theDuelist:PowerWall+1","theDuelist:BigKoala","theDuelist:Eva","theDuelist:AfterTheStorm+1"],"picked":"theDuelist:Downbeat","floor":19.0},{"not_picked":["theDuelist:Sangan","theDuelist:RainbowNeos","theDuelist:WhiteMagicalHat","theDuelist:BattleFootballer"],"picked":"theDuelist:WormApocalypse","floor":20.0},{"not_picked":["theDuelist:RainbowNeos","theDuelist:Eva","theDuelist:GreenGraveOni","theDuelist:GreyGreedOni"],"picked":"theDuelist:RainbowOverdragon+1","floor":21.0},{"not_picked":["theDuelist:MeteorDestruction","theDuelist:OnslaughtFireKings","theDuelist:Eva","theDuelist:Sangan+1"],"picked":"theDuelist:Tuningware","floor":23.0},{"not_picked":["theDuelist:FuryFire+1","theDuelist:AncientGearFist+1"],"picked":"theDuelist:PineappleBlast+1","floor":24.0},{"not_picked":["theDuelist:BlackPendant","theDuelist:InfernoFireBlast"],"picked":"theDuelist:PowerKaishin","floor":28.0},{"not_picked":["theDuelist:LegendarySword","theDuelist:GiantTrunade","theDuelist:PreventRat","theDuelist:WhiteHowling+1"],"picked":"theDuelist:DoubleTool+1","floor":29.0},{"not_picked":["theDuelist:MeteorDestruction","theDuelist:Downbeat+1","theDuelist:WhiteMagicalHat","theDuelist:LegendHeart"],"picked":"theDuelist:Eva","floor":31.0},{"not_picked":["theDuelist:FluteKuriboh+1","theDuelist:DeltaAttacker"],"picked":"theDuelist:AssaultArmor","floor":32.0},{"not_picked":["theDuelist:KamionTimelord","theDuelist:HappyLover","theDuelist:Eva","theDuelist:RainbowOverdragon"],"picked":"theDuelist:RainbowKuriboh+1","floor":33.0},{"not_picked":["theDuelist:BigFire+1","theDuelist:EgoBoost","theDuelist:WhiteMagicalHat","theDuelist:MagnumShield"],"picked":"theDuelist:HappyLover","floor":35.0},{"not_picked":["theDuelist:HappyLover","theDuelist:Eva+1","theDuelist:RainbowKuriboh","theDuelist:RainbowOverdragon"],"picked":"theDuelist:RainbowNeos+1","floor":37.0},{"not_picked":["theDuelist:HappyLover","theDuelist:MythicalBeast","theDuelist:SpiritHarp+1","theDuelist:Mathematician+1"],"picked":"theDuelist:KamionTimelord+1","floor":39.0},{"not_picked":["theDuelist:CombinationAttack","theDuelist:Downbeat+1","theDuelist:WormApocalypse+1","theDuelist:DoubleTool+2"],"picked":"theDuelist:FrontierWiseman","floor":42.0},{"not_picked":["theDuelist:CombinationAttack+2","theDuelist:Eva","theDuelist:RainbowNeos","theDuelist:SwordDeepSeated"],"picked":"theDuelist:AfterGenocide+1","floor":44.0},{"not_picked":["theDuelist:Hinotama","theDuelist:FairyBox","theDuelist:SpiritHarp+1","theDuelist:SilentDoom+2"],"picked":"theDuelist:MeteorDestruction","floor":45.0},{"not_picked":["theDuelist:BlueBloodedOni+1","theDuelist:GreenGraveOni","theDuelist:GreyGreedOni+1","theDuelist:RedHeadedOni+1"],"picked":"theDuelist:Eva+1","floor":46.0},{"not_picked":["theDuelist:RainbowNeos","theDuelist:Hinotama","theDuelist:SilentDoom","theDuelist:StarBlast"],"picked":"theDuelist:GravityBlaster+1","floor":48.0},{"not_picked":["theDuelist:OnslaughtFireKings","theDuelist:Downbeat+1"],"picked":"theDuelist:AfterTheStorm+1","floor":49.0}],"player_experience":116282,"relics_obtained":[{"floor":7.0,"key":"Centennial Puzzle"},{"floor":9.0,"key":"Dream Catcher"},{"floor":13.0,"key":"theDuelist:MillenniumPrayerbook"},{"floor":24.0,"key":"theDuelist:SummonAnchor"},{"floor":26.0,"key":"Vajra"},{"floor":42.0,"key":"Tough Bandages"},{"floor":42.0,"key":"StoneCalendar"},{"floor":42.0,"key":"Champion Belt"},{"floor":43.0,"key":"Happy Flower"}],"event_choices":[{"damage_healed":0.0,"max_hp_gain":0.0,"max_hp_loss":0.0,"gold_gain":0.0,"event_name":"The Woman in Blue","player_choice":"Bought 0 Potions","floor":2.0,"gold_loss":0.0,"damage_taken":0.0},{"damage_healed":0.0,"max_hp_gain":0.0,"max_hp_loss":0.0,"gold_gain":0.0,"event_name":"Back to Basics","player_choice":"Simplicity","floor":22.0,"gold_loss":0.0,"damage_taken":0.0,"cards_upgraded":["theDuelist:CastleWalls","theDuelist:CastleWalls","theDuelist:Sparks","theDuelist:Sparks"]},{"damage_healed":0.0,"max_hp_gain":0.0,"max_hp_loss":0.0,"gold_gain":0.0,"event_name":"Relic Duplicator","player_choice":"Leave","duelist":true,"floor":27.0,"gold_loss":0.0,"damage_taken":0.0},{"damage_healed":0.0,"max_hp_gain":0.0,"max_hp_loss":0.0,"gold_gain":999.0,"event_name":"MindBloom","player_choice":"Gold","floor":36.0,"gold_loss":0.0,"damage_taken":0.0,"cards_obtained":["Normality","Normality"]},{"cards_removed":["theDuelist:Tuningware"],"damage_healed":0.0,"max_hp_gain":0.0,"max_hp_loss":0.0,"gold_gain":0.0,"event_name":"Falling","player_choice":"Removed Skill","floor":38.0,"gold_loss":0.0,"damage_taken":0.0},{"damage_healed":0.0,"max_hp_gain":0.0,"max_hp_loss":0.0,"gold_gain":0.0,"event_name":"Battle City","player_choice":"Fight","duelist":true,"floor":42.0,"gold_loss":0.0,"damage_taken":0.0}],"is_beta":false,"boss_relics":[{"not_picked":["theDuelist:MillenniumKey","Ectoplasm"],"picked":"Velvet Choker"},{"not_picked":["Fusion Hammer","Astrolabe"],"picked":"Black Star"}],"items_purged_floors":[41,47],"is_endless":false,"potions_floor_spawned":[1,3,5,11,12,23,24,33,37,44,45,46],"ascension_level":0}}