{"host":"k2mw1od0xoi9pcfj","time":1611925319,"event":{"mods":["100% Spire Juice","Act Like it!","Aspiration","BaseMod","Beaked The Cultist","Downfall","Energized Spire","Hermit","Highlight Path","Minty Spire (QoL Compilation)","Permanent Neow","Relic Stats","Replay The Spire","Retaliation","StSLib","TheHeartMod"],"gold_per_floor":[112,112,128,143,143,168,188,188,188,214,214,289,289,40,40,136,136,152,161,180,180,180],"floor_reached":21,"language":"ENG","playtime":1073,"items_purged":[],"score":187,"play_id":"e74dc839-3c09-47f2-8d6b-4931e66197d6","local_time":"20210129070159","is_ascension_mode":false,"campfire_choices":[{"data":"ReplayUltimateDefense","floor":8,"key":"SMITH"},{"floor":13,"key":"RECALL"}],"circlet_count":0,"master_deck":["beaked:Strike_Y","beaked:Strike_Y+1","beaked:Strike_Y","beaked:Strike_Y","beaked:Strike_Y","beaked:Strike_Y","beaked:Defend_Y","beaked:Defend_Y","beaked:Defend_Y","beaked:Defend_Y","beaked:Ceremony","beaked:Ceremony","beaked:Ceremony","ReplayUltimateDefense+1","beaked:Windmill","beaked:Foresight","beaked:Evade","Spreading Infection","beaked:AwakenedForm+1","beaked:Windmill","Writhe"],"relics":["beaked:MendingPlumage","Anchor","Replay:Bottled Flurry","Bottled Tornado","Golden Egg","Ring of Peace","Ring of Hypnosis","Philosopher\u0027s Stone","CeramicFish"],"acts_visited":["Exordium","TheCity"],"potions_floor_usage":[],"damage_taken":[{"damage":31,"enemies":"2 Louse","floor":1,"turns":24},{"damage":18,"enemies":"Jaw Worm","floor":3,"turns":5},{"damage":6,"enemies":"Cultist","floor":4,"turns":4},{"damage":1,"enemies":"Lagavulin","floor":6,"turns":7},{"damage":3,"enemies":"Exordium Wildlife","floor":7,"turns":6},{"damage":25,"enemies":"Gremlin Nob","floor":10,"turns":5},{"damage":23,"enemies":"Hexaghost","floor":16,"turns":11},{"damage":0,"enemies":"Chosen","floor":18,"turns":5},{"damage":3,"enemies":"Shell Parasite","floor":20,"turns":7},{"damage":0,"enemies":"Snecko","floor":21,"turns":4}],"seed_played":"539344177200359726","potions_obtained":[{"floor":3,"key":"SmokeBomb"},{"floor":7,"key":"hexamod:SoulburnPotion"},{"floor":10,"key":"Doom Potion"},{"floor":16,"key":"DuplicationPotion"}],"is_trial":false,"path_per_floor":["M","?","M","M","?","E","M","R","T","E","T","?","R","$","R","B",null,"M","?","M","M"],"character_chosen":"BEAKED_THE_CULTIST","items_purchased":["Golden Egg"],"campfire_rested":0,"item_purchase_floors":[14],"current_hp_per_floor":[50,50,42,45,45,50,50,50,50,36,36,25,25,25,25,36,50,50,50,50,50,50],"gold":180,"neow_bonus":"RANDOM_COLORLESS_2","is_daily":false,"chose_seed":false,"campfire_upgraded":1,"win_rate":0.0,"timestamp":1611925319,"path_taken":["M","?","M","M","?","E","?","R","T","E","?","?","R","?","R","BOSS","M","?","M","M"],"items_purchased_type":["Relic"],"build_version":"2020-12-22","purchased_purges":0,"victory":false,"max_hp_per_floor":[50,50,50,50,50,50,50,50,50,50,50,50,50,50,50,50,50,50,50,50,50,50],"relic_stats":{"counters":[10,78],"CeramicFish":9,"obtain_stats":[{"Golden Egg":14,"Anchor":6,"Ring of Hypnosis":15,"Ring of Peace":15,"CeramicFish":19,"Philosopher\u0027s Stone":17,"Replay:Bottled Flurry":9,"beaked:MendingPlumage":0,"Bottled Tornado":10},{"Golden Egg":6,"Anchor":4,"Ring of Hypnosis":6,"Ring of Peace":6,"CeramicFish":8,"Philosopher\u0027s Stone":7,"Replay:Bottled Flurry":5,"beaked:MendingPlumage":0,"Bottled Tornado":6},{"Golden Egg":51,"Anchor":40,"Ring of Hypnosis":51,"Ring of Peace":51,"CeramicFish":67,"Philosopher\u0027s Stone":62,"Replay:Bottled Flurry":46,"beaked:MendingPlumage":0,"Bottled Tornado":51}]},"card_choices":[{"not_picked":["Master of Strategy","Magnetism"],"picked":"ReplayUltimateDefense","floor":0},{"not_picked":["beaked:RuinSticks","beaked:Brace","beaked:Resilience"],"picked":"SKIP","floor":1},{"not_picked":["beaked:Hexing","beaked:Foresight"],"picked":"beaked:Windmill","floor":3},{"not_picked":["beaked:DesperateSwing","beaked:WarriorEssence","beaked:Brace"],"picked":"SKIP","floor":4},{"not_picked":["beaked:Resilience","beaked:DigDeep","beaked:TuckingFeathers"],"picked":"SKIP","floor":6},{"not_picked":["beaked:Resilience","beaked:WarriorEssence"],"picked":"beaked:Evade","floor":7},{"not_picked":["beaked:Hexing","beaked:BarbedWire","beaked:VolatileMisfortune"],"picked":"SKIP","floor":10},{"not_picked":["beaked:FullHouse","beaked:ShadowFade"],"picked":"beaked:AwakenedForm","floor":16},{"not_picked":["beaked:Flinch","beaked:Overexert"],"picked":"beaked:Windmill","floor":18},{"not_picked":["beaked:Redirect","beaked:WarriorEssence","beaked:Brace"],"picked":"SKIP","floor":20}],"player_experience":873920,"relics_obtained":[{"floor":6,"key":"Anchor"},{"floor":9,"key":"Replay:Bottled Flurry"},{"floor":10,"key":"Bottled Tornado"},{"floor":15,"key":"Ring of Peace"},{"floor":15,"key":"Ring of Hypnosis"}],"event_choices":[{"damage_healed":0,"gold_gain":0,"player_choice":"1 cards matched","damage_taken":0,"max_hp_gain":0,"max_hp_loss":0,"event_name":"Match and Keep!","floor":5,"gold_loss":0,"cards_obtained":["beaked:Foresight"]},{"damage_healed":0,"gold_gain":75,"player_choice":"Gather Gold","damage_taken":11,"max_hp_gain":0,"max_hp_loss":0,"event_name":"World of Goop","floor":12,"gold_loss":0}],"is_beta":false,"boss_relics":[{"not_picked":["energizedSpire:DeadBattery","energizedSpire:NeverEndingSparkler"],"picked":"Philosopher\u0027s Stone"}],"items_purged_floors":[],"is_endless":false,"potions_floor_spawned":[3,7,10,16,18,20],"killed_by":"Snecko","ascension_level":0}}