{"host":"c3lc60y5x60jlt1y","time":1611926176,"event":{"mods":["AchievementEnabler","BaseMod","Bestiary","Colored Map","Minty Spire (QoL Compilation)","Quick Restart","StSLib","ojb\u0027s Info Mod"],"gold_per_floor":[113,124,138,148,148,148,159,159,159,159,176,176,176,193,193,297,297,309,92,92,24,24,24,42,42,42,55,55,55,82,92,92,92,92],"floor_reached":33,"language":"ENG","playtime":3276,"items_purged":["Strike_P"],"score":282,"play_id":"f4a54c7b-b648-4a84-91b7-a1c6915d9b54","local_time":"20210129151616","is_ascension_mode":false,"campfire_choices":[{"data":"Eruption","floor":6.0,"key":"SMITH"},{"data":"Conclude","floor":10.0,"key":"SMITH"},{"data":"Tantrum","floor":15.0,"key":"SMITH"},{"data":"Vault","floor":25.0,"key":"SMITH"},{"data":"DevaForm","floor":29.0,"key":"SMITH"},{"floor":32,"key":"REST"}],"circlet_count":0,"master_deck":["Strike_P","Strike_P","Strike_P","Defend_P+1","Defend_P+1","Eruption+1","Vigilance","FlurryOfBlows","Conclude+1","FlurryOfBlows","CutThroughFate","FlurryOfBlows","Tantrum+1","Vault+1","EmptyBody","DevaForm+1","Vengeance","Decay","Adaptation","Tantrum","FlurryOfBlows+1","Halt+1","PathToVictory","CarveReality"],"relics":["PureWater","Anchor"],"acts_visited":["Exordium","TheCity"],"potions_floor_usage":[31,33],"damage_taken":[{"damage":0.0,"enemies":"Cultist","floor":1.0,"turns":2.0},{"damage":3.0,"enemies":"Jaw Worm","floor":2.0,"turns":3.0},{"damage":0.0,"enemies":"2 Louse","floor":3.0,"turns":1.0},{"damage":8.0,"enemies":"Red Slaver","floor":4.0,"turns":4.0},{"damage":2.0,"enemies":"Blue Slaver","floor":7.0,"turns":3.0},{"damage":0.0,"enemies":"3 Louse","floor":11.0,"turns":2.0},{"damage":0.0,"enemies":"Exordium Wildlife","floor":14.0,"turns":2.0},{"damage":51.0,"enemies":"The Guardian","floor":16.0,"turns":13.0},{"damage":0.0,"enemies":"Shell Parasite","floor":18.0,"turns":3.0},{"damage":17.0,"enemies":"3 Byrds","floor":24.0,"turns":4.0},{"damage":4.0,"enemies":"Centurion and Healer","floor":27.0,"turns":4.0},{"damage":54.0,"enemies":"Slavers","floor":30.0,"turns":4.0},{"damage":3,"enemies":"Snake Plant","floor":31,"turns":4},{"damage":42,"enemies":"Automaton","floor":33,"turns":7}],"seed_played":"-5442068600548607305","potions_obtained":[{"floor":1.0,"key":"BottledMiracle"},{"floor":3.0,"key":"DuplicationPotion"},{"floor":7.0,"key":"PowerPotion"},{"floor":16.0,"key":"Fire Potion"},{"floor":24.0,"key":"DistilledChaos"},{"floor":30.0,"key":"SpeedPotion"},{"floor":31,"key":"LiquidBronze"}],"is_trial":false,"path_per_floor":["M","M","M","M","?","R","M","?","T","R","M","?","?","M","R","B",null,"M","$","?","$","?","?","M","R","T","M","$","R","E","M","R","B"],"character_chosen":"WATCHER","items_purchased":["DevaForm","Vengeance","Adaptation"],"campfire_rested":1,"item_purchase_floors":[19,19,21],"current_hp_per_floor":[79,76,76,68,73,73,71,71,71,71,71,71,54,54,54,3,84,84,84,84,84,84,84,67,67,67,63,63,63,9,6,31,0,0],"gold":92,"neow_bonus":"TEN_PERCENT_HP_BONUS","is_daily":false,"chose_seed":false,"campfire_upgraded":5,"win_rate":0.0,"timestamp":1611926176,"path_taken":["M","M","?","M","?","R","M","?","T","R","?","?","?","M","R","BOSS","M","$","?","$","?","?","M","R","T","M","?","R","E","M","R","BOSS"],"items_purchased_type":["Card","Card","Card"],"build_version":"2020-12-22","purchased_purges":1,"victory":false,"max_hp_per_floor":[79,79,79,79,84,84,84,84,84,84,84,84,84,84,84,84,84,84,84,84,84,84,84,84,84,84,84,84,84,84,84,84,84,84],"card_choices":[{"not_picked":["Weave","Study"],"picked":"FlurryOfBlows","floor":1.0},{"not_picked":["SashWhip","FollowUp"],"picked":"Conclude","floor":2.0},{"not_picked":["FlyingSleeves","EmptyBody"],"picked":"FlurryOfBlows","floor":3.0},{"not_picked":["Consecrate","FollowUp","EmptyBody"],"picked":"SKIP","floor":4.0},{"not_picked":["ClearTheMind","CrushJoints"],"picked":"CutThroughFate","floor":7.0},{"not_picked":["SandsOfTime","FlurryOfBlows","EmptyBody"],"picked":"SKIP","floor":11.0},{"not_picked":["BowlingBash","SashWhip"],"picked":"Tantrum","floor":14.0},{"not_picked":["DeusExMachina","Establishment"],"picked":"Vault","floor":16.0},{"not_picked":["CrushJoints","DeceiveReality"],"picked":"EmptyBody","floor":18.0},{"not_picked":["Vengeance","BowlingBash+1"],"picked":"FlurryOfBlows+1","floor":24.0},{"not_picked":["ClearTheMind","Crescendo"],"picked":"Halt+1","floor":27.0},{"not_picked":["Sanctity+1","EmptyBody"],"picked":"PathToVictory","floor":30.0},{"not_picked":["ForeignInfluence+1","BowlingBash"],"picked":"CarveReality","floor":31}],"player_experience":8757103,"relics_obtained":[{"floor":30.0,"key":"Anchor"}],"event_choices":[{"damage_healed":0.0,"max_hp_gain":5.0,"max_hp_loss":0.0,"gold_gain":0.0,"event_name":"Big Fish","player_choice":"Donut","floor":5.0,"gold_loss":0.0,"damage_taken":0.0},{"cards_removed":["Defend_P"],"damage_healed":0.0,"max_hp_gain":0.0,"max_hp_loss":0.0,"gold_gain":0.0,"event_name":"Bonfire Elementals","player_choice":"Offered Basic","floor":8.0,"gold_loss":0.0,"damage_taken":0.0},{"damage_healed":0.0,"max_hp_gain":0.0,"max_hp_loss":0.0,"gold_gain":0.0,"cards_transformed":["Defend_P"],"event_name":"Living Wall","player_choice":"Change","floor":12.0,"gold_loss":0.0,"damage_taken":0.0,"cards_obtained":["FlurryOfBlows"]},{"damage_healed":0.0,"max_hp_gain":0.0,"max_hp_loss":0.0,"gold_gain":0.0,"event_name":"Shining Light","player_choice":"Entered Light","floor":13.0,"gold_loss":0.0,"damage_taken":17.0,"cards_upgraded":["Defend_P","Defend_P"]},{"damage_healed":0.0,"max_hp_gain":0.0,"max_hp_loss":0.0,"gold_gain":0.0,"event_name":"Forgotten Altar","player_choice":"Smashed Altar","floor":20.0,"gold_loss":0.0,"damage_taken":0.0,"cards_obtained":["Decay"]},{"damage_healed":0.0,"max_hp_gain":0.0,"max_hp_loss":0.0,"gold_gain":0.0,"event_name":"The Library","player_choice":"Read","floor":22.0,"gold_loss":0.0,"damage_taken":0.0,"cards_obtained":["Tantrum"]},{"damage_healed":0.0,"max_hp_gain":0.0,"max_hp_loss":0.0,"gold_gain":0.0,"event_name":"The Mausoleum","player_choice":"Ignored","floor":23.0,"gold_loss":0.0,"damage_taken":0.0}],"is_beta":false,"boss_relics":[{"not_picked":[]}],"items_purged_floors":[19],"is_endless":false,"potions_floor_spawned":[1,3,7,16,24,30,31],"killed_by":"Automaton","ascension_level":0}}