{"host":"ad59wuc8ynh8u2z6","time":1611920000,"event":{"mods":["AchievementEnabler","BaseMod","Colored Powertips","DeckTracker","Highlight Path","Minty Spire (QoL Compilation)","Permanent Neow"],"gold_per_floor":[117,117,128,228,238,238,251,278,578,578,197,197,209,244,244,345,345,365,285,384,396,321,321,348,348,348,381,401,401,435,454,454,556,556,576,576,587,639,539,539,573,593,593,624,644,95,109,127,127,127,127,127,77,111,111],"floor_reached":56,"language":"ENG","playtime":2053,"items_purged":["Strike_R","Strike_R","Bash","Strike_R","Strike_R"],"score":1520,"play_id":"36a0a411-fe63-457a-83c3-a1d22322d726","local_time":"20210129123320","is_ascension_mode":true,"campfire_choices":[{"data":"Juggernaut","floor":6.0,"key":"SMITH"},{"data":"Evolve","floor":10.0,"key":"SMITH"},{"data":"Defend_R","floor":15.0,"key":"SMITH"},{"data":"Juggernaut","floor":23.0,"key":"SMITH"},{"data":"Entrench","floor":25.0,"key":"SMITH"},{"data":"Juggernaut","floor":29.0,"key":"SMITH"},{"data":"Defend_R","floor":32.0,"key":"SMITH"},{"floor":40.0,"key":"RECALL"},{"floor":49.0,"key":"REST"},{"data":"Reckless Charge","floor":52,"key":"SMITH"}],"circlet_count":0,"master_deck":["Defend_R+1","Defend_R+1","Defend_R+1","Defend_R+1","Evolve+1","Juggernaut+1","Reckless Charge+1","Juggernaut+1","Entrench+1","Juggernaut+1","Shrug It Off+1","True Grit+1","Metallicize+1","Shrug It Off+1"],"relics":["Burning Blood","Torii","CaptainsWheel","Mercury Hourglass","Old Coin","PreservedInsect","Lee\u0027s Waffle","The Courier","SlaversCollar","Red Skull","Bottled Tornado","Letter Opener","Meat on the Bone","Runic Dome","StoneCalendar","Mango","Smiling Mask","HornCleat","Art of War","Bronze Scales","Pocketwatch"],"acts_visited":["Exordium","TheCity","TheBeyond","TheEnding"],"potions_floor_usage":[55,55],"damage_taken":[{"damage":15.0,"enemies":"Jaw Worm","floor":1.0,"turns":4.0},{"damage":1.0,"enemies":"Cultist","floor":3.0,"turns":4.0},{"damage":1.0,"enemies":"2 Louse","floor":5.0,"turns":3.0},{"damage":17.0,"enemies":"Looter","floor":7.0,"turns":3.0},{"damage":8.0,"enemies":"Gremlin Nob","floor":8.0,"turns":5.0},{"damage":0.0,"enemies":"Large Slime","floor":13.0,"turns":4.0},{"damage":12.0,"enemies":"Lagavulin","floor":14.0,"turns":5.0},{"damage":13.0,"enemies":"Slime Boss","floor":16.0,"turns":10.0},{"damage":29.0,"enemies":"2 Thieves","floor":18.0,"turns":5.0},{"damage":0.0,"enemies":"Spheric Guardian","floor":21.0,"turns":4.0},{"damage":30.0,"enemies":"Slavers","floor":24.0,"turns":3.0},{"damage":14.0,"enemies":"Book of Stabbing","floor":27.0,"turns":4.0},{"damage":10.0,"enemies":"Snecko","floor":28.0,"turns":4.0},{"damage":6.0,"enemies":"Gremlin Leader","floor":30.0,"turns":5.0},{"damage":17.0,"enemies":"Snake Plant","floor":31.0,"turns":3.0},{"damage":32.0,"enemies":"Collector","floor":33.0,"turns":7.0},{"damage":1.0,"enemies":"3 Shapes","floor":35.0,"turns":4.0},{"damage":11.0,"enemies":"3 Darklings","floor":37.0,"turns":4.0},{"damage":15.0,"enemies":"2 Orb Walkers","floor":38.0,"turns":5.0},{"damage":10.0,"enemies":"Reptomancer","floor":41.0,"turns":4.0},{"damage":21.0,"enemies":"Writhing Mass","floor":42.0,"turns":4.0},{"damage":0.0,"enemies":"Nemesis","floor":44.0,"turns":5.0},{"damage":0.0,"enemies":"Maw","floor":45.0,"turns":6.0},{"damage":1.0,"enemies":"Spire Growth","floor":47.0,"turns":4.0},{"damage":1.0,"enemies":"Transient","floor":48.0,"turns":5.0},{"damage":25,"enemies":"Awakened One","floor":50,"turns":7},{"damage":41,"enemies":"Shield and Spear","floor":54,"turns":3},{"damage":13,"enemies":"The Heart","floor":55,"turns":6}],"seed_played":"9063815793346000414","potions_obtained":[{"floor":1.0,"key":"Block Potion"},{"floor":7.0,"key":"Regen Potion"},{"floor":8.0,"key":"ElixirPotion"},{"floor":27.0,"key":"SpeedPotion"},{"floor":28.0,"key":"SkillPotion"},{"floor":44.0,"key":"Swift Potion"},{"floor":54,"key":"Energy Potion"}],"is_trial":false,"path_per_floor":["M","?","M","?","M","R","M","E","T","R","$","?","M","E","R","B",null,"M","$","?","M","?","R","E","R","T","E","M","R","E","M","R","B",null,"M","?","M","?","$","R","E","M","T","E","M","$","M","M","R","B",null,"R","$","E","B",null],"character_chosen":"IRONCLAD","items_purchased":["PreservedInsect","Lee\u0027s Waffle","HornCleat","Art of War","Bronze Scales","Regen Potion"],"campfire_rested":1,"item_purchase_floors":[11,11,46,46,46,46],"current_hp_per_floor":[47,44,49,49,54,54,43,41,41,41,87,70,76,70,70,63,87,64,64,64,70,70,70,46,46,46,38,34,34,34,35,35,21,87,87,87,82,73,73,73,83,68,68,74,80,80,85,90,101,82,101,101,101,66,99],"gold":111,"neow_bonus":"ONE_RARE_RELIC","is_daily":false,"chose_seed":false,"campfire_upgraded":8,"win_rate":0.0,"timestamp":1611920000,"path_taken":["M","?","M","?","?","R","M","E","T","R","$","?","M","E","R","BOSS","M","$","?","M","?","R","E","R","T","E","M","R","E","M","R","BOSS","M","?","M","?","$","R","E","M","T","E","M","$","M","M","R","BOSS","R","$","E","BOSS"],"items_purchased_type":["Relic","Relic","Relic","Relic","Relic","Potion"],"build_version":"2020-12-22","purchased_purges":5,"victory":true,"max_hp_per_floor":[80,80,80,80,80,80,80,80,80,80,87,87,87,87,87,87,87,87,87,87,87,87,87,87,87,87,87,87,87,87,87,87,87,87,87,87,87,87,87,87,101,101,101,101,101,101,101,101,101,101,101,101,101,101,101],"card_choices":[{"not_picked":["Thunderclap","Wild Strike"],"picked":"Evolve","floor":1.0},{"not_picked":["Shrug It Off","Evolve"],"picked":"Juggernaut","floor":3.0},{"not_picked":["Infernal Blade","Cleave","Dual Wield"],"picked":"SKIP","floor":5.0},{"not_picked":["Headbutt","Havoc","True Grit"],"picked":"SKIP","floor":7.0},{"not_picked":["Headbutt","Havoc","True Grit"],"picked":"SKIP","floor":7.0},{"not_picked":["Warcry","Rampage","Bludgeon"],"picked":"SKIP","floor":8.0},{"not_picked":["Sever Soul","Thunderclap"],"picked":"Reckless Charge","floor":13.0},{"not_picked":["Iron Wave","Heavy Blade","Intimidate"],"picked":"SKIP","floor":14.0},{"not_picked":["Double Tap","Corruption"],"picked":"Juggernaut","floor":16.0},{"not_picked":["Cleave","Hemokinesis","Sentinel"],"picked":"SKIP","floor":18.0},{"not_picked":["Infernal Blade","Havoc","Heavy Blade+1"],"picked":"SKIP","floor":21.0},{"not_picked":["Rupture","Reckless Charge"],"picked":"Entrench","floor":24.0},{"not_picked":["Pommel Strike+1","Sever Soul"],"picked":"Juggernaut","floor":27.0},{"not_picked":["Heavy Blade+1","Havoc+1"],"picked":"Shrug It Off+1","floor":28.0},{"not_picked":["True Grit","Rampage","Clash"],"picked":"SKIP","floor":30.0},{"not_picked":["Thunderclap","Cleave","Seeing Red"],"picked":"SKIP","floor":31.0},{"not_picked":["Dual Wield+1","Seeing Red","Clothesline"],"picked":"SKIP","floor":35.0},{"not_picked":["Burning Pact+1","Pommel Strike+1"],"picked":"True Grit+1","floor":37.0},{"not_picked":["Spot Weakness+1","Thunderclap+1"],"picked":"Metallicize+1","floor":41.0},{"not_picked":["Blood for Blood","Twin Strike+1","Bloodletting"],"picked":"SKIP","floor":42.0},{"not_picked":["Blood for Blood","Combust","Bloodletting+1"],"picked":"SKIP","floor":44.0},{"not_picked":["Havoc","Body Slam","Armaments"],"picked":"SKIP","floor":45.0},{"not_picked":["Body Slam","Uppercut","Headbutt+1"],"picked":"SKIP","floor":47.0},{"not_picked":["Battle Trance+1","Sword Boomerang+1"],"picked":"Shrug It Off+1","floor":48.0},{"not_picked":["Clothesline+1","Fiend Fire","Perfected Strike"],"picked":"SKIP","floor":54}],"player_experience":72772,"relics_obtained":[{"floor":8.0,"key":"Mercury Hourglass"},{"floor":9.0,"key":"Old Coin"},{"floor":14.0,"key":"The Courier"},{"floor":24.0,"key":"Red Skull"},{"floor":26.0,"key":"Bottled Tornado"},{"floor":27.0,"key":"Letter Opener"},{"floor":30.0,"key":"Meat on the Bone"},{"floor":38.0,"key":"StoneCalendar"},{"floor":41.0,"key":"Mango"},{"floor":44.0,"key":"Smiling Mask"},{"floor":54,"key":"Pocketwatch"}],"event_choices":[{"damage_healed":0.0,"max_hp_gain":0.0,"max_hp_loss":0.0,"gold_gain":0.0,"event_name":"Scrap Ooze","player_choice":"Success","floor":2.0,"gold_loss":0.0,"damage_taken":3.0,"relics_obtained":["CaptainsWheel"]},{"damage_healed":0.0,"max_hp_gain":0.0,"max_hp_loss":0.0,"gold_gain":100.0,"event_name":"Golden Shrine","player_choice":"Pray","floor":4.0,"gold_loss":0.0,"damage_taken":0.0},{"damage_healed":0.0,"max_hp_gain":0.0,"max_hp_loss":0.0,"gold_gain":0.0,"event_name":"Shining Light","player_choice":"Entered Light","floor":12.0,"gold_loss":0.0,"damage_taken":17.0,"cards_upgraded":["Defend_R","Defend_R"]},{"damage_healed":0.0,"max_hp_gain":0.0,"max_hp_loss":0.0,"gold_gain":99.0,"event_name":"Nest","player_choice":"Stole From Cult","floor":20.0,"gold_loss":0.0,"damage_taken":0.0},{"cards_removed":["Strike_R"],"damage_healed":0.0,"max_hp_gain":0.0,"max_hp_loss":0.0,"gold_gain":0.0,"event_name":"Beggar","player_choice":"Gave Gold","floor":22.0,"gold_loss":75.0,"damage_taken":0.0},{"damage_healed":0.0,"max_hp_gain":0.0,"max_hp_loss":0.0,"gold_gain":0.0,"event_name":"Tomb of Lord Red Mask","player_choice":"Ignored","floor":36.0,"gold_loss":0.0,"damage_taken":0.0},{"damage_healed":0.0,"max_hp_gain":0.0,"max_hp_loss":0.0,"gold_gain":0.0,"event_name":"Mysterious Sphere","player_choice":"Fight","floor":38.0,"gold_loss":0.0,"damage_taken":0.0}],"is_beta":false,"boss_relics":[{"not_picked":["Fusion Hammer","Ectoplasm"],"picked":"SlaversCollar"},{"not_picked":["Runic Cube","SacredBark"],"picked":"Runic Dome"}],"items_purged_floors":[11,19,39,46,53],"is_endless":false,"potions_floor_spawned":[1,7,8,27,28,35,42,44,54],"ascension_level":4}}