{"host":"1vfpjvae9xcvmh7u","time":1611901900,"event":{"mods":["BaseMod","Downfall","Hermit","Hubris","Minty Spire (QoL Compilation)","Robot Space Explorer","StSLib","The Cursed","The Forsaken","The Necromancer","The Servant 0.9.4"],"gold_per_floor":[99,111,111,131,150,150,150,160,160,70,70,80,94,108,121,216,216,216,227,187,187,205,221,246,261,261,278,278,153,166,176,191,292,292,292,303,3,23,41,41,41,122,172,187,203,30,30,47,61,61],"floor_reached":51,"language":"ENG","playtime":2844,"items_purged":["bronze:Strike","bronze:Strike","bronze:Strike","Writhe"],"score":701,"play_id":"19e010e9-51a7-45c0-9492-47a34ffbb103","local_time":"20210128223140","is_ascension_mode":false,"campfire_choices":[{"data":"bronze:Replicate","floor":1,"key":"SMITH"},{"data":"bronze:BugBarrage","floor":6,"key":"SMITH"},{"data":"bronze:BugBarrage","floor":9,"key":"SMITH"},{"data":"bronze:Turbo","floor":11,"key":"SMITH"},{"data":"bronze:Defend","floor":18,"key":"SMITH"},{"data":"bronze:DigitalCarnage","floor":28,"key":"SMITH"},{"data":"bronze:ItsAFeature","floor":35,"key":"SMITH"},{"data":"bronze:MaxOutput","floor":47,"key":"SMITH"}],"circlet_count":0,"master_deck":["bronze:Strike","bronze:Defend+1","bronze:Defend","bronze:Defend","bronze:Defend","bronze:Replicate+1","bronze:Goto+1","bronze:BugBarrage+1","bronze:ItsAFeature+1","bronze:BugBarrage+1","bronze:Turbo+1","bronze:DelayedGuard","bronze:Mutator","bronze:DelayedSlice+1","bronze:HyperBeam+1","bronze:DigitalCarnage+1","bronze:MaxOutput+1"],"relics":["Runic Pyramid","HornCleat","Busted Crown","hubris:MysteriousPyramids","Whetstone","Pen Nib","theForsaken:PaleLantern","Art of War","Bottled Lightning","The Courier","Ice Cream","Anchor"],"acts_visited":["Exordium","TheCity","TheBeyond"],"potions_floor_usage":[16,22,23,25,30,39,44,44,45,50],"damage_taken":[{"damage":0,"enemies":"Small Slimes","floor":2,"turns":3},{"damage":1,"enemies":"Cultist","floor":4,"turns":3},{"damage":1,"enemies":"Jaw Worm","floor":5,"turns":3},{"damage":6,"enemies":"Lots of Slimes","floor":8,"turns":5},{"damage":0,"enemies":"downfall:FleeingMerchant","floor":10,"turns":4},{"damage":1,"enemies":"3 Louse","floor":12,"turns":2},{"damage":0,"enemies":"2 Fungi Beasts","floor":13,"turns":2},{"damage":0,"enemies":"Large Slime","floor":14,"turns":3},{"damage":5,"enemies":"Exordium Wildlife","floor":15,"turns":3},{"damage":0,"enemies":"DF_ARCHETYPE_STREAMLINE","floor":16,"turns":3},{"damage":0,"enemies":"3 Byrds","floor":19,"turns":3},{"damage":0,"enemies":"downfall:FleeingMerchant","floor":20,"turns":3},{"damage":0,"enemies":"Shell Parasite","floor":22,"turns":2},{"damage":5,"enemies":"Shelled Parasite and Fungi","floor":23,"turns":2},{"damage":1,"enemies":"Snecko","floor":25,"turns":4},{"damage":0,"enemies":"Sentry and Sphere","floor":27,"turns":3},{"damage":4,"enemies":"Shelled Parasite and Fungi","floor":30,"turns":2},{"damage":0,"enemies":"3 Cultists","floor":31,"turns":2},{"damage":0,"enemies":"Cultist and Chosen","floor":32,"turns":3},{"damage":3,"enemies":"SI_MIRROR_ARCHETYPE","floor":33,"turns":3},{"damage":7,"enemies":"Orb Walker","floor":36,"turns":2},{"damage":0,"enemies":"3 Shapes","floor":38,"turns":4},{"damage":0,"enemies":"Maw","floor":39,"turns":4},{"damage":0,"enemies":"Maw","floor":43,"turns":3},{"damage":0,"enemies":"Sphere and 2 Shapes","floor":44,"turns":2},{"damage":6,"enemies":"Jaw Worm Horde","floor":45,"turns":2},{"damage":7,"enemies":"Spire Growth","floor":48,"turns":3},{"damage":0,"enemies":"3 Darklings","floor":49,"turns":3},{"damage":42,"enemies":"WA_ARCHETYPE_DIVINITY","floor":50,"turns":8}],"seed_played":"6193428020817682642","potions_obtained":[{"floor":4,"key":"CultistPotion"},{"floor":12,"key":"SkillPotion"},{"floor":13,"key":"Energy Potion"},{"floor":23,"key":"Weak Potion"},{"floor":25,"key":"Weak Potion"},{"floor":32,"key":"Dexterity Potion"},{"floor":33,"key":"Swift Potion"},{"floor":38,"key":"Block Potion"},{"floor":43,"key":"Swift Potion"},{"floor":45,"key":"PowerPotion"}],"is_trial":false,"path_per_floor":["R","M","?","M","M","R","T","M","R","$","R","M","M","M","M","B",null,"R","M","$","?","M","M","T","M","?","M","R","$","M","M","M","B",null,"R","M","$","M","M","?","T","?","?","M","M","$","R","M","M","B",null],"character_chosen":"THE_AUTOMATON","items_purchased":["hubris:MysteriousPyramids","Art of War","Anchor","bronze:MaxOutput"],"campfire_rested":0,"item_purchase_floors":[20,37,46,46],"current_hp_per_floor":[70,70,70,69,68,68,68,62,62,62,62,61,61,61,56,56,70,70,70,70,70,70,65,65,64,64,64,64,64,60,60,60,57,70,70,63,63,63,63,63,63,63,63,63,57,57,57,50,50,8],"gold":61,"neow_bonus":"BOSS_RELIC","is_daily":false,"chose_seed":false,"campfire_upgraded":8,"win_rate":0.0,"timestamp":1611901900,"path_taken":["R","M","?","M","M","R","T","M","R","$","R","M","M","?","M","BOSS","R","M","$","?","M","?","T","M","?","M","R","$","M","M","M","BOSS","R","M","$","M","M","?","T","?","?","M","M","$","R","?","M","BOSS"],"items_purchased_type":["Relic","Relic","Relic","Card"],"build_version":"2020-12-22","purchased_purges":4,"victory":true,"max_hp_per_floor":[70,70,70,70,70,70,70,70,70,70,70,70,70,70,70,70,70,70,70,70,70,70,70,70,70,70,70,70,70,70,70,70,70,70,70,70,70,70,70,70,70,70,70,70,70,70,70,70,70,70],"card_choices":[{"not_picked":["bronze:DelayedSlice","bronze:Frontload"],"picked":"bronze:BugBarrage","floor":2},{"not_picked":["bronze:ForceShield","bronze:CloningBeam"],"picked":"bronze:ItsAFeature","floor":4},{"not_picked":["bronze:Separator","bronze:Branch"],"picked":"bronze:BugBarrage","floor":5},{"not_picked":["bronze:Philosophize","bronze:Turbo","bronze:Repulsor"],"picked":"SKIP","floor":8},{"not_picked":["bronze:DelayedGuard","bronze:Backtrace"],"picked":"bronze:Turbo","floor":10},{"not_picked":["bronze:Frontload","bronze:WildBeam","bronze:Return"],"picked":"SKIP","floor":12},{"not_picked":["bronze:Terminator","bronze:Flail","bronze:Invalidate"],"picked":"SKIP","floor":13},{"not_picked":["bronze:Terminator","bronze:ChosenStrike"],"picked":"bronze:DelayedGuard","floor":14},{"not_picked":["bronze:Optimize","bronze:CloningBeam","bronze:Fortify"],"picked":"SKIP","floor":15},{"not_picked":["bronze:AlphaBuild","bronze:CleanCode"],"picked":"bronze:Mutator","floor":16},{"not_picked":[],"picked":"bronze:DelayedSlice","floor":19},{"not_picked":["bronze:Constructor"],"picked":"SKIP","floor":20},{"not_picked":["bronze:Philosophize"],"picked":"SKIP","floor":22},{"not_picked":["bronze:DelayedGuard"],"picked":"SKIP","floor":23},{"not_picked":["bronze:BronzeOrb+1"],"picked":"SKIP","floor":25},{"not_picked":["bronze:DelayedSlice"],"picked":"SKIP","floor":27},{"not_picked":["bronze:BronzeOrb"],"picked":"SKIP","floor":30},{"not_picked":["bronze:ForLoop"],"picked":"SKIP","floor":31},{"not_picked":["bronze:Separator+1"],"picked":"SKIP","floor":32},{"not_picked":["bronze:ForLoop"],"picked":"SKIP","floor":36},{"not_picked":["bronze:CutThrough"],"picked":"SKIP","floor":38},{"not_picked":["bronze:CutThrough+1"],"picked":"SKIP","floor":39},{"not_picked":["bronze:Flail"],"picked":"SKIP","floor":44},{"not_picked":["bronze:WhirlingStrike"],"picked":"SKIP","floor":45},{"not_picked":["bronze:ItsAFeature"],"picked":"SKIP","floor":48},{"not_picked":["bronze:Invalidate"],"picked":"SKIP","floor":49}],"player_experience":1825190,"relics_obtained":[{"floor":7,"key":"HornCleat"},{"floor":24,"key":"Whetstone"},{"floor":41,"key":"Bottled Lightning"},{"floor":42,"key":"The Courier"},{"floor":43,"key":"Ice Cream"}],"event_choices":[],"is_beta":false,"boss_relics":[{"not_picked":["Astrolabe","hubris:BlackHole"],"picked":"Busted Crown"},{"not_picked":["Snecko Eye","Fusion Hammer"],"picked":"theForsaken:PaleLantern"}],"items_purged_floors":[10,20,29,37],"is_endless":false,"potions_floor_spawned":[4,12,13,15,23,25,32,33,38,43,45],"ascension_level":0}}