{"host":"s9dep4x43c14s74h","time":1611938789,"event":{"mods":["BaseMod","Downfall","Gremlin Mod","Hermit","HololiveMod","Jorbs\u0027s Wanderer Trilogy","Lobotomy","Marisa????????","Minty Spire (QoL Compilation)","StSLib","The Animator","The Bug Knight","The Construct","The Cursed","The Necromancer","The Runesmith","The Servant 0.9.4"],"gold_per_floor":[0,11,11,0,100,5,30,30,50,84,97,97,126,145,159,259,259,59,72,86,86,99,129,177,177,177,188,188,206,206,19,38,38,38,38],"floor_reached":33,"language":"RUS","playtime":2888,"items_purged":["downfall:Bewildered"],"score":327,"play_id":"7d6912f7-a352-403e-8fce-bee7be42f605","local_time":"20210129194629","is_ascension_mode":false,"campfire_choices":[{"data":"champ:Taunt","floor":1.0,"key":"SMITH"},{"data":"champ:PerfectedStrike","floor":8.0,"key":"SMITH"},{"data":"champ:PerfectedStrike","floor":18.0,"key":"SMITH"},{"data":"champ:ShieldWall","floor":28,"key":"SMITH"}],"circlet_count":0,"master_deck":["champ:Strike","champ:Strike","champ:Strike","champ:Strike","champ:Defend","champ:Defend","champ:Defend+1","champ:Defend+1","champ:Execute","champ:Taunt+1","champ:RecklessLeap","champ:Taunt+1","champ:PerfectedStrike+1","champ:ShieldWall","champ:GladiatorStyle","champ:ShieldWall+1","champ:BringItOn","champ:ShieldSigil","champ:PerfectedStrike+1","champ:EnGarde","champ:Parry","champ:HoldFirm","champ:Endure+1","champ:Backstep","champ:BringItOn","champ:HeavySlash","expansioncontent:HyperBeam","champ:DeathBlow"],"relics":["champ:ChampionCrown","HollowMod:PaleOreRelic","War Paint","Pear","Sozu","downfall:HeartBlessingGreen","downfall:HeartBlessingBlue","Ancient Tea Set","champ:DefensiveTrainingManual","sneckomod:BabySnecko"],"acts_visited":["Exordium","TheCity"],"potions_floor_usage":[],"damage_taken":[{"damage":20.0,"enemies":"Cultist","floor":2.0,"turns":4.0},{"damage":20.0,"enemies":"downfall:FleeingMerchant","floor":4.0,"turns":4.0},{"damage":35.0,"enemies":"downfall:FleeingMerchant","floor":6.0,"turns":4.0},{"damage":0.0,"enemies":"2 Louse","floor":9.0,"turns":2.0},{"damage":6.0,"enemies":"Lagavulin","floor":10.0,"turns":5.0},{"damage":15.0,"enemies":"Jaw Worm","floor":11.0,"turns":3.0},{"damage":14.0,"enemies":"Gremlin Nob","floor":13.0,"turns":2.0},{"damage":43.0,"enemies":"Large Slime","floor":14.0,"turns":5.0},{"damage":0.0,"enemies":"2 Fungi Beasts","floor":15.0,"turns":3.0},{"damage":60.0,"enemies":"DF_ARCHETYPE_STREAMLINE","floor":16.0,"turns":12.0},{"damage":10.0,"enemies":"Shell Parasite","floor":19.0,"turns":5.0},{"damage":15.0,"enemies":"Centurion and Healer","floor":20.0,"turns":6.0},{"damage":8,"enemies":"Cultist and Chosen","floor":22,"turns":6},{"damage":14,"enemies":"Book of Stabbing","floor":23,"turns":7},{"damage":0,"enemies":"Snake Plant","floor":27,"turns":5},{"damage":12,"enemies":"Centurion and Healer","floor":29,"turns":3},{"damage":10,"enemies":"downfall:FleeingMerchant","floor":31,"turns":4},{"damage":33,"enemies":"Shelled Parasite and Fungi","floor":32,"turns":4},{"damage":59,"enemies":"WA_ARCHETYPE_CALM","floor":33,"turns":5}],"seed_played":"7301034926883880092","potions_obtained":[{"floor":2.0,"key":"champ:CounterPotion"},{"floor":10.0,"key":"AttackPotion"},{"floor":11.0,"key":"LiquidMemories"},{"floor":13.0,"key":"PowerPotion"}],"is_trial":false,"path_per_floor":["R","M","?","$","?","$","T","R","M","E","M","T","E","M","M","B",null,"R","M","M","?","M","E","T","?","?","M","R","M","?","$","M","B"],"character_chosen":"THE_CHAMP","items_purchased":["champ:GladiatorStyle","expansioncontent:HyperBeam"],"campfire_rested":0,"item_purchase_floors":[6,31],"current_hp_per_floor":[108,108,108,108,108,98,98,98,98,92,92,92,88,75,75,45,118,128,128,113,113,105,91,91,91,91,91,91,89,89,89,56,0,0,0],"gold":38,"neow_bonus":"TWENTY_PERCENT_HP_BONUS","is_daily":false,"chose_seed":false,"campfire_upgraded":4,"win_rate":0.0,"timestamp":1611938789,"path_taken":["R","M","?","?","?","$","T","R","M","E","M","?","E","M","M","BOSS","R","M","M","?","M","E","T","?","?","M","R","M","?","$","M","BOSS"],"items_purchased_type":["Card","Card"],"build_version":"2020-12-22","purchased_purges":1,"victory":false,"max_hp_per_floor":[108,108,108,108,108,108,108,108,108,108,108,108,118,118,118,118,118,128,128,128,128,128,128,128,128,128,128,128,128,128,128,128,128,128,128],"card_choices":[{"not_picked":["champ:PreciseThrust","champ:Backstep"],"picked":"champ:RecklessLeap","floor":2.0},{"not_picked":["champ:Lariat","champ:MurderStrike"],"picked":"champ:PerfectedStrike","floor":4.0},{"not_picked":["champ:ShieldSigil","champ:CrownThrow"],"picked":"champ:ShieldWall","floor":6.0},{"not_picked":["champ:ShieldSlam","champ:AdrenalArmor"],"picked":"champ:ShieldWall","floor":9.0},{"not_picked":["champ:SwordSigil","champ:EnGarde"],"picked":"champ:BringItOn","floor":10.0},{"not_picked":["champ:EnGarde","champ:PreciseThrust"],"picked":"champ:ShieldSigil","floor":11.0},{"not_picked":["champ:BerserkersShout","champ:ShieldSlam"],"picked":"champ:PerfectedStrike","floor":13.0},{"not_picked":["champ:BladeFlurry","champ:CrownThrow"],"picked":"champ:EnGarde","floor":14.0},{"not_picked":["champ:CrownThrow","champ:EndlessRage"],"picked":"champ:Parry","floor":15.0},{"not_picked":["champ:UltimateStance","champ:EnchantShield"],"picked":"champ:HoldFirm","floor":16.0},{"not_picked":["champ:BladeFlurry","champ:Duel"],"picked":"champ:Endure+1","floor":19.0},{"not_picked":["champ:GutPunch+1","champ:PreemptiveStrike"],"picked":"champ:Backstep","floor":20.0},{"not_picked":["champ:TornadoPunch","champ:EndlessRage","champ:BladeFlurry"],"picked":"SKIP","floor":22},{"not_picked":["champ:EnragedBash","champ:CrownThrow","champ:PreciseThrust"],"picked":"SKIP","floor":23},{"not_picked":["champ:GutPunch","champ:Circumvent","champ:PreciseThrust"],"picked":"SKIP","floor":27},{"not_picked":["champ:GladiatorStyle+1","champ:Backstep"],"picked":"champ:BringItOn","floor":29},{"not_picked":["champ:SwordSigil","champ:Shatter"],"picked":"champ:HeavySlash","floor":31},{"not_picked":["champ:DefensiveShout+1","champ:GutPunch"],"picked":"champ:DeathBlow","floor":32}],"player_experience":904764,"relics_obtained":[{"floor":7.0,"key":"HollowMod:PaleOreRelic"},{"floor":10.0,"key":"War Paint"},{"floor":13.0,"key":"Pear"},{"floor":23,"key":"Ancient Tea Set"},{"floor":24,"key":"champ:DefensiveTrainingManual"}],"event_choices":[],"is_beta":false,"boss_relics":[{"not_picked":["Fusion Hammer","Calling Bell"],"picked":"Sozu"}],"items_purged_floors":[31],"is_endless":false,"potions_floor_spawned":[2,10,11,13,27,32],"killed_by":"WA_ARCHETYPE_CALM","ascension_level":0}}