{"host":"5kirneupyg4uzd3w","time":1611933992,"event":{"mods":["BaseMod","Colored Map","Custom Start","Minty Spire (QoL Compilation)","StSLib","SuperFastMode"],"gold_per_floor":[112,128,145,145,70,103,103,103,103,134,134,146,146,180,180,257,257,269,113,113,113,113],"floor_reached":21,"language":"KOR","playtime":659,"items_purged":["Strike_R","Strike_R"],"score":390,"play_id":"599e6422-5706-4636-a64c-8e5a19614473","local_time":"20210130002632","is_ascension_mode":true,"campfire_choices":[{"data":"Searing Blow","floor":7.0,"key":"SMITH"},{"data":"Searing Blow+2","floor":11.0,"key":"SMITH"},{"floor":13.0,"key":"REST"},{"floor":15.0,"key":"REST"}],"circlet_count":0,"master_deck":["AscendersBane","Strike_R","Strike_R","Strike_R","Defend_R","Defend_R","Defend_R","Defend_R","Bash","Bludgeon","Body Slam","Disarm","Searing Blow+3","Brutality","Shrug It Off"],"relics":["Burning Blood","Singing Bowl","Lantern","Torii","Pen Nib","Busted Crown"],"acts_visited":["Exordium","TheCity"],"potions_floor_usage":[21],"damage_taken":[{"damage":12.0,"enemies":"Jaw Worm","floor":1.0,"turns":3.0},{"damage":2.0,"enemies":"Cultist","floor":2.0,"turns":4.0},{"damage":9.0,"enemies":"2 Louse","floor":3.0,"turns":2.0},{"damage":35.0,"enemies":"3 Sentries","floor":6.0,"turns":10.0},{"damage":20.0,"enemies":"Gremlin Nob","floor":10.0,"turns":4.0},{"damage":7.0,"enemies":"Looter","floor":12.0,"turns":3.0},{"damage":44.0,"enemies":"Lagavulin","floor":14.0,"turns":8.0},{"damage":32.0,"enemies":"The Guardian","floor":16.0,"turns":11.0},{"damage":25.0,"enemies":"Spheric Guardian","floor":18.0,"turns":4.0},{"damage":39,"enemies":"3 Byrds","floor":21,"turns":4}],"seed_played":"-8194238656260760268","potions_obtained":[{"floor":2.0,"key":"Ancient Potion"},{"floor":3.0,"key":"Weak Potion"},{"floor":10.0,"key":"ElixirPotion"},{"floor":18.0,"key":"FearPotion"}],"is_trial":false,"path_per_floor":["M","M","M","?","$","E","R","?","T","E","R","M","R","E","R","B",null,"M","$","?","M"],"character_chosen":"IRONCLAD","items_purchased":["BloodPotion"],"campfire_rested":2,"item_purchase_floors":[19],"current_hp_per_floor":[62,66,63,63,63,36,36,36,36,24,24,25,49,13,37,11,65,46,46,22,0,0],"gold":113,"neow_bonus":"ONE_RANDOM_RARE_CARD","is_daily":false,"chose_seed":false,"campfire_upgraded":2,"win_rate":0.0,"timestamp":1611933992,"path_taken":["M","M","M","?","?","E","R","?","T","E","R","M","R","E","R","BOSS","M","$","?","M"],"items_purchased_type":["Potion"],"build_version":"2020-12-22","purchased_purges":2,"victory":false,"max_hp_per_floor":[75,75,75,75,75,77,77,77,77,79,79,81,81,83,83,83,83,83,83,88,88,88],"card_choices":[{"not_picked":["Flex","Pommel Strike"],"picked":"Body Slam","floor":1.0},{"not_picked":["Seeing Red","Body Slam"],"picked":"Disarm","floor":2.0},{"not_picked":["Anger","Perfected Strike"],"picked":"Searing Blow","floor":3.0},{"not_picked":["Brutality","Dropkick","Carnage"],"picked":"Singing Bowl","floor":6.0},{"not_picked":["Berserk","Second Wind","Iron Wave"],"picked":"Singing Bowl","floor":10.0},{"not_picked":["Pommel Strike","Perfected Strike","Hemokinesis"],"picked":"Singing Bowl","floor":12.0},{"not_picked":["Cleave","Twin Strike","Ghostly Armor"],"picked":"Singing Bowl","floor":14.0},{"not_picked":["Exhume","Demon Form"],"picked":"Brutality","floor":16.0},{"not_picked":[],"picked":"Shrug It Off","floor":18.0}],"player_experience":279233,"relics_obtained":[{"floor":6.0,"key":"Singing Bowl"},{"floor":9.0,"key":"Lantern"},{"floor":10.0,"key":"Torii"},{"floor":14.0,"key":"Pen Nib"}],"event_choices":[{"damage_healed":0.0,"max_hp_gain":0.0,"max_hp_loss":0.0,"gold_gain":0.0,"event_name":"Lab","player_choice":"Got Potions","floor":4.0,"gold_loss":0.0,"damage_taken":0.0},{"damage_healed":0.0,"max_hp_gain":0.0,"max_hp_loss":0.0,"gold_gain":0.0,"event_name":"Living Wall","player_choice":"Grow","floor":8.0,"gold_loss":0.0,"damage_taken":0.0,"cards_upgraded":["Searing Blow"]},{"damage_healed":0.0,"max_hp_gain":5.0,"max_hp_loss":0.0,"gold_gain":0.0,"event_name":"Forgotten Altar","player_choice":"Shed Blood","floor":20.0,"gold_loss":0.0,"damage_taken":29.0}],"is_beta":false,"boss_relics":[{"not_picked":["Tiny House","Calling Bell"],"picked":"Busted Crown"}],"items_purged_floors":[5,19],"is_endless":false,"potions_floor_spawned":[2,3,10,18],"killed_by":"3 Byrds","ascension_level":20}}