{"host":"63beink0jfv5ch5g","time":1611892396,"event":{"mods":["ATMod(∞¢Ë™Mod)","AchievementEnabler","Act Like it!","Aspiration","BaseMod","CapriCore","Conspire","Gensokyo","GungeonMod","Hallownest","Marisa£®ÏF”Í°°ƒß¿Ì…≥£©","Minty Spire (QoL Compilation)","MostiFishMod","Pale of the Ancients","Quick Restart","Reimu£®≤©¿ˆ¡È√Œ£©","Remilia£®¿Ÿ√◊¿Ú—«£©","Replay The Spire","SOS£®Àπ∞Õ¥Ô÷Æ◊”£©","Shop Mod","StSLib","The Bug Knight","The Servant 0.9.4","Waifu the Spire","Youmu£®ªÍ∆«—˝√Œ£©","ÛÙª÷∏ƒœ"],"gold_per_floor":[109,284,284,284,284,41,72,87,87,107,107,124,74,152,152,247,247,257,172,172,28,28,55,55,74,99,99,157,243,303,453,453,578,578,623,121,296,151,247,247,353,353,404,459,594,636,723,761,6,56,201,245,55,79,79,215,215,215,215,340],"floor_reached":61,"language":"ZHS","playtime":2655,"items_purged":["Doubt","Defend_Lin:ReiMu","Strike_Lin:ReiMu"],"score":1662,"play_id":"b94135f1-79e0-46dc-96bb-784b70fdbfd3","local_time":"20210129115316","is_ascension_mode":false,"campfire_choices":[{"data":"FoulBorder2:ReiMu","floor":11,"key":"SMITH"},{"data":"OctopathBindingBorder2:ReiMu","floor":15,"key":"SMITH"},{"data":"Dreaming:ReiMu","floor":24,"key":"SMITH"},{"data":"YinYangSange:ReiMu","floor":27,"key":"SMITH"},{"data":"SpreadBorder2:ReiMu","floor":32,"key":"SMITH"},{"data":"CareerPray:ReiMu","floor":40,"key":"SMITH"},{"data":"PhosphorusFlame:ReiMu","floor":42,"key":"SMITH"},{"data":"UniversalSpiritual:ReiMu","floor":55,"key":"SMITH"},{"data":"InherentArray:ReiMu","floor":57,"key":"SMITH"}],"circlet_count":0,"master_deck":["Strike_Lin:ReiMu","Strike_Lin:ReiMu","Defend_Lin:ReiMu","NB:ReiMu","Stagnation:ReiMu","AT_FamilyPortrait","SpringWay:ReiMu","FoulBorder2:ReiMu+1","Flash of Steel","InherentArray:ReiMu+1","Amulet:ReiMu","OctopathBindingBorder2:ReiMu+1","YinYangSange:ReiMu+1","Dreaming:ReiMu+1","SubcavityInstant:ReiMu+1","SpreadBorder2:ReiMu+1","CareerPray:ReiMu+1","RunawayExorcism:ReiMu","TightArray:ReiMu+1","SpiritualOutbreak2:ReiMu+1","WonderfulDomain:ReiMu+1","Determination:ReiMu+1","SafetyPray:ReiMu+1","KamiRite:ReiMu+1","KamiRite:ReiMu","Gathering:ReiMu+1","SealNeedle:ReiMu+1","PhosphorusFlame:ReiMu+1","AlertArray:ReiMu+1","RainPray2:ReiMu","Dreaming2:ReiMu+1","ShadowOfCrow2:ReiMu","OrbThrow:ReiMu+1","DoubleButterfly:ReiMu+1","Meditation:ReiMu+1","UniversalSpiritual:ReiMu+1","AT_TearsDenial","YinYangSign:ReiMu+1","Amulet:ReiMu+1","AirStrike:ReiMu+1","FoulBorder2:ReiMu+1"],"relics":["FlyPower:ReiMu","DaveBox","AT_ATBox","FeatherPendant","NeowsBlessing","SynthV:TestCard","Bronze Scales","aspiration:ChemicalBlood","Tea:ReiMu","conspire:SpecialSausage","Strawberry","Molten Egg 2","MerchantsRug","AT_SunfireAegis","AT_MibuBalloonWealth","conspire:BottledYoYo","Ice Cream","Empty Cage","Lee\u0027s Waffle","CatCart","Technique","AT_ChloranthyRing","conspire:TopHat","Omamori","DemoMod:MonsterBlood","TheAbacus","paleoftheancients:Timepiece","paleoftheancients:KeyRelic","paleoftheancients:SoulOfTheWokeBloke","Vajra","Nunchaku","AT_ForceNature"],"acts_visited":["Exordium","TheCity","TheBeyond","TheBeyond"],"potions_floor_usage":[12,12,16,28,30,33,41,46,50,50,51,60,60,60,60],"damage_taken":[{"damage":0.0,"enemies":"2 Louse","floor":1.0,"turns":1.0},{"damage":0,"enemies":"Gremlin Nob","floor":7,"turns":1},{"damage":0,"enemies":"Small Slimes","floor":8,"turns":1},{"damage":0,"enemies":"Jaw Worm","floor":10,"turns":1},{"damage":0,"enemies":"3 Louse","floor":12,"turns":2},{"damage":7,"enemies":"The Guardian","floor":16,"turns":4},{"damage":4,"enemies":"2 Thieves","floor":18,"turns":2},{"damage":4,"enemies":"Gremlin Leader","floor":23,"turns":6},{"damage":1,"enemies":"Chosen","floor":25,"turns":2},{"damage":9,"enemies":"Replay:Snechameleon","floor":28,"turns":4},{"damage":1,"enemies":"3 Cultists","floor":29,"turns":3},{"damage":12,"enemies":"Centurion and Healer","floor":30,"turns":3},{"damage":0,"enemies":"Gremlin Leader","floor":31,"turns":4},{"damage":5,"enemies":"conspire:MysteriousRune","floor":33,"turns":5},{"damage":2,"enemies":"Orb Walker","floor":35,"turns":3},{"damage":1,"enemies":"Orin","floor":37,"turns":7},{"damage":6,"enemies":"HollowMod:StalkingDevout","floor":41,"turns":3},{"damage":11,"enemies":"Nemesis","floor":44,"turns":3},{"damage":1,"enemies":"3 Darklings","floor":45,"turns":3},{"damage":2,"enemies":"Writhing Mass","floor":46,"turns":3},{"damage":0,"enemies":"Sphere and 2 Shapes","floor":47,"turns":3},{"damage":9,"enemies":"Spire Growth","floor":48,"turns":4},{"damage":1,"enemies":"conspire:OrnateMirror","floor":50,"turns":4},{"damage":0,"enemies":"conspire:OrnateMirror","floor":51,"turns":4},{"damage":1,"enemies":"conspire:OrnateMirror","floor":52,"turns":4},{"damage":19,"enemies":"conspire:OrnateMirror","floor":56,"turns":4},{"damage":12,"enemies":"paleoftheancients:N","floor":60,"turns":6}],"seed_played":"-4558091844054838243","potions_obtained":[{"floor":1.0,"key":"EntropicBrew"},{"floor":12,"key":"Swift Potion"},{"floor":23,"key":"SteroidPotion"},{"floor":28,"key":"DistilledChaos"},{"floor":30,"key":"LiquidBronze"},{"floor":30,"key":"Milkshake"},{"floor":35,"key":"SpeedPotion"},{"floor":41,"key":"ColorlessPotion"},{"floor":41,"key":"GamblersBrew"},{"floor":44,"key":"PinkPotion:ReiMu"},{"floor":48,"key":"Fire Potion"},{"floor":51,"key":"SkillPotion"},{"floor":60,"key":"ColorlessPotion"}],"is_trial":false,"path_per_floor":["M","?","?","?","?","R","E","M","T","M","R","M","?","T","R","B",null,"M","?","T","$","?","E","R","M","T","R","E","M","M","E","R","B",null,"M","$","?","$","?","R","E","R","T","E","M","M","M","M","R","B","M","M","$","T","R","M","R","T","?","B",null],"character_chosen":"REIMU","items_purchased":["FoulBorder2:ReiMu","Flash of Steel","MerchantsRug","KamiRite:ReiMu","Gathering:ReiMu","SealNeedle:ReiMu+1","Lee\u0027s Waffle","Technique","DemoMod:MonsterBlood","UniversalSpiritual:ReiMu","AT_TearsDenial","TheAbacus","YinYangSign:ReiMu+1","Vajra","AirStrike:ReiMu+1"],"campfire_rested":0,"item_purchase_floors":[6,6,21,36,36,36,36,38,49,49,49,49,49,53,53],"current_hp_per_floor":[65,65,65,65,70,70,70,70,70,70,70,70,70,70,70,63,70,66,73,73,73,73,69,69,68,68,68,59,58,46,46,46,41,77,75,84,83,83,62,62,56,56,56,45,44,42,42,33,40,100,100,104,104,104,104,95,95,95,95,101],"gold":340,"neow_bonus":"THREE_ENEMY_KILL","is_daily":false,"chose_seed":false,"campfire_upgraded":9,"win_rate":0.0,"timestamp":1611892396,"path_taken":["M","?","?","?","?","R","E","M","T","M","R","?","?","?","R","BOSS","M","?","?","$","?","E","R","M","T","R","E","M","?","E","R","BOSS","M","?","?","$","?","R","E","R","T","E","?","M","M","M","R","BOSS","M","M","?","T","R","M","R","T","?","BOSS"],"items_purchased_type":["Card","Card","Relic","Card","Card","Card","Relic","Relic","Relic","Card","Card","Relic","Card","Relic","Card"],"build_version":"2020-12-22","purchased_purges":3,"victory":true,"max_hp_per_floor":[65,65,65,65,70,70,70,70,70,70,70,70,70,70,70,70,70,70,77,77,77,77,77,77,77,77,77,77,77,77,77,77,77,77,77,84,84,84,84,84,84,84,84,84,84,84,84,84,91,100,100,104,104,104,104,104,104,104,104,104],"card_choices":[{"not_picked":["DoubleButterfly:ReiMu","Intuition:ReiMu"],"picked":"SpringWay:ReiMu","floor":1.0},{"not_picked":["Mountainwind:ReiMu","EmergencyTakeOff:ReiMu","PhosphorusFlame:ReiMu","SubAcupoint:ReiMu"],"picked":"InherentArray:ReiMu","floor":7},{"not_picked":["SubcavityInstant:ReiMu","WonderfulDomain:ReiMu","Shading:ReiMu","OrbThrow:ReiMu"],"picked":"Amulet:ReiMu","floor":8},{"not_picked":["Intuition:ReiMu","CleanRite:ReiMu","UpKicking:ReiMu","SafetyPray:ReiMu"],"picked":"OctopathBindingBorder2:ReiMu","floor":10},{"not_picked":["Conquer:ReiMu","TakeOff:ReiMu","SpreadBorder2:ReiMu","Amulet:ReiMu"],"picked":"YinYangSange:ReiMu","floor":12},{"not_picked":["CleanRite:ReiMu","HakureiPhantom:ReiMu","CardOfSanctity:ReiMu","Determination:ReiMu"],"picked":"Dreaming:ReiMu","floor":16},{"not_picked":["Amulet:ReiMu+1","AlertArray:ReiMu","Conquer:ReiMu","YinYangSange:ReiMu"],"picked":"SubcavityInstant:ReiMu+1","floor":18},{"not_picked":["FineLineFantasy:ReiMu","Free:ReiMu","LearningPray:ReiMu","Mountainwind:ReiMu"],"picked":"SpreadBorder2:ReiMu","floor":23},{"not_picked":["AirManeuver:ReiMu","FoulBorder2:ReiMu","AirStrike:ReiMu+1","SubcavityInstant:ReiMu"],"picked":"CareerPray:ReiMu","floor":25},{"not_picked":["PayForSelf:ReiMu+1","DoubleButterfly:ReiMu+1","SealNeedle:ReiMu+1","Revelation:ReiMu"],"picked":"RunawayExorcism:ReiMu","floor":28},{"not_picked":["Crusade:ReiMu+1","WonderfulDomain:ReiMu","SpringWay:ReiMu","SubcavityInstant:ReiMu"],"picked":"TightArray:ReiMu+1","floor":29},{"not_picked":["Meditation:ReiMu+1","SpringWay:ReiMu","SpreadBorder2:ReiMu","Amulet:ReiMu"],"picked":"SpiritualOutbreak2:ReiMu+1","floor":30},{"not_picked":["Revelation:ReiMu+1","Intuition:ReiMu+1","CareerPray:ReiMu","FoulBorder2:ReiMu"],"picked":"WonderfulDomain:ReiMu+1","floor":31},{"not_picked":["Free:ReiMu","Shading:ReiMu","CleanRite:ReiMu","YinYang:ReiMu+1"],"picked":"Determination:ReiMu+1","floor":33},{"not_picked":["AirStrike:ReiMu+1","UpKicking:ReiMu+1","AlertArray:ReiMu","RainPray2:ReiMu"],"picked":"SafetyPray:ReiMu+1","floor":35},{"not_picked":["SpringWay:ReiMu","AirStrike:ReiMu+1","CareerPray:ReiMu+1","EmergencyTakeOff:ReiMu"],"picked":"PhosphorusFlame:ReiMu","floor":37},{"not_picked":["Crusade:ReiMu+1","WonderfulDomain:ReiMu+1","CollectionFlower2:ReiMu+1","SafetyPray:ReiMu"],"picked":"AlertArray:ReiMu+1","floor":39},{"not_picked":["PhosphorusFlame:ReiMu+1","PrepareRite:ReiMu","Revelation:ReiMu","Conquer:ReiMu+1"],"picked":"RainPray2:ReiMu","floor":39},{"not_picked":["SpreadBorder2:ReiMu","Amulet:ReiMu","Enchanting:ReiMu","SafetyPray:ReiMu"],"picked":"Dreaming2:ReiMu+1","floor":39},{"not_picked":["Free:ReiMu","PhosphorusFlame:ReiMu+1","DoubleButterfly:ReiMu+1","Intuition:ReiMu"],"picked":"ShadowOfCrow2:ReiMu","floor":41},{"not_picked":["PassingAway:ReiMu","AirManeuver:ReiMu","SubAcupoint:ReiMu+1","Enchanting:ReiMu+1","FineLineFantasy:ReiMu"],"picked":"SKIP","floor":44},{"not_picked":["AirStrike:ReiMu+1","Conquer:ReiMu+1","AlertArray:ReiMu","Intuition:ReiMu"],"picked":"OrbThrow:ReiMu+1","floor":45},{"not_picked":["AlertArray:ReiMu","WonderfulDomain:ReiMu","AirStrike:ReiMu+1","TightArray:ReiMu+1"],"picked":"DoubleButterfly:ReiMu+1","floor":46},{"not_picked":["SubAcupoint:ReiMu+1","Conquer:ReiMu+1","SafetyPray:ReiMu","Enchanting:ReiMu+1"],"picked":"Meditation:ReiMu+1","floor":47},{"not_picked":["Intuition:ReiMu+1","PrepareRite:ReiMu+1","YinYangSange:ReiMu+1","AlertArray:ReiMu","CeremonyResonance:ReiMu"],"picked":"SKIP","floor":48},{"not_picked":["PrepareRite:ReiMu","SubcavityInstant:ReiMu","UpKicking:ReiMu+1","Mountainwind:ReiMu","Gathering:ReiMu+1"],"picked":"SKIP","floor":51},{"not_picked":["WonderfulDomain:ReiMu+1","AlertArray:ReiMu+1","CareerPray:ReiMu","SpreadBorder2:ReiMu+1"],"picked":"Amulet:ReiMu+1","floor":52},{"not_picked":["EmergencyTakeOff:ReiMu","FantasyBorder:ReiMu+1","PrepareRite:ReiMu+1","RainPray2:ReiMu"],"picked":"FoulBorder2:ReiMu+1","floor":56}],"player_experience":158723,"relics_obtained":[{"floor":1.0,"key":"SynthV:TestCard"},{"floor":7,"key":"Bronze Scales"},{"floor":9,"key":"aspiration:ChemicalBlood"},{"floor":14,"key":"Tea:ReiMu"},{"floor":20,"key":"Molten Egg 2"},{"floor":23,"key":"AT_SunfireAegis"},{"floor":26,"key":"AT_MibuBalloonWealth"},{"floor":28,"key":"conspire:BottledYoYo"},{"floor":31,"key":"Ice Cream"},{"floor":37,"key":"CatCart"},{"floor":41,"key":"AT_ChloranthyRing"},{"floor":43,"key":"conspire:TopHat"},{"floor":44,"key":"Omamori"},{"floor":51,"key":"paleoftheancients:SoulOfTheWokeBloke"},{"floor":54,"key":"Nunchaku"},{"floor":58,"key":"AT_ForceNature"}],"event_choices":[{"damage_healed":0,"gold_gain":175,"player_choice":"AGREE","damage_taken":0,"max_hp_gain":0,"max_hp_loss":0,"event_name":"Liars Game","floor":2,"gold_loss":0,"cards_obtained":["Doubt"]},{"damage_healed":0,"gold_gain":0,"player_choice":"Leave","damage_taken":0,"max_hp_gain":0,"max_hp_loss":0,"event_name":"conspire:Investor","floor":3,"gold_loss":0},{"damage_healed":0,"gold_gain":0,"player_choice":"Donut","damage_taken":0,"max_hp_gain":5,"max_hp_loss":0,"event_name":"Big Fish","floor":5,"gold_loss":0},{"cards_removed":["Defend_Lin:ReiMu"],"damage_healed":0,"gold_gain":0,"player_choice":"Card Removal","damage_taken":0,"max_hp_gain":0,"max_hp_loss":0,"event_name":"The Cleric","floor":13,"gold_loss":50},{"damage_healed":0,"gold_gain":0,"player_choice":"Obtained Relic","damage_taken":0,"relics_obtained":["Strawberry"],"max_hp_gain":0,"max_hp_loss":0,"event_name":"Addict","floor":19,"gold_loss":85},{"damage_healed":0,"gold_gain":0,"player_choice":"Ignored","damage_taken":0,"max_hp_gain":0,"max_hp_loss":0,"event_name":"N\u0027loth","floor":22,"gold_loss":0},{"damage_healed":0,"gold_gain":0,"player_choice":"Fight","damage_taken":0,"max_hp_gain":0,"max_hp_loss":0,"event_name":"OrinTheCat","floor":37,"gold_loss":0}],"is_beta":false,"boss_relics":[{"not_picked":["ChiXiaoBlade","GuanYuAspect"],"picked":"conspire:SpecialSausage"},{"not_picked":["FixedStarFall","Replay:Drink Me"],"picked":"Empty Cage"}],"items_purged_floors":[6,36,49],"is_endless":false,"potions_floor_spawned":[1,12,23,29,30,35,41,44,48,51],"ascension_level":0}}