{"host":"i9wanet4r0ff4t9y","time":1611920842,"event":{"mods":["2.2 Compatiblity","Act Like it!","BaseMod","Bestiary","Better Altar","Better Match","Better Note","Better Sensory Stone","Better Skull","Better Third Choice","Better Vampires","BetterRewards","CapriCore","Colored Map","Curses Come First","Downfall","Hubris","Minty Spire (QoL Compilation)","Quick Restart","READ ME - Guardian Mod","READ ME - Snecko Mod","Relic Stats","Say the Spire","Spicy Shops","StSLib","The Disciple","The Poker Player","Waifu the Spire"],"gold_per_floor":[115,134,134,147,167,167,201,217,263,279,303,303,303,326,326,405,405,418,430,430,430,450,483,498,513,538,538,554,77,102,112,112,189,189,204,204,204,204,26,26,43,68,149,149,0,0,0,20,20,20],"floor_reached":51,"language":"POL","playtime":1717,"items_purged":[],"score":1695,"play_id":"1e4c0787-d184-4ab5-9e4e-9ec23ad15b45","local_time":"20210129124722","is_ascension_mode":true,"campfire_choices":[{"floor":6,"key":"REST"},{"data":"The Bomb","floor":12,"key":"SMITH"},{"floor":15,"key":"REST"},{"floor":27,"key":"REST"},{"floor":32,"key":"REST"},{"data":"Impervious","floor":40,"key":"SMITH"},{"data":"Spot Weakness","floor":44,"key":"SMITH"},{"data":"Infernal Blade","floor":46,"key":"SMITH"},{"floor":49,"key":"REST"}],"circlet_count":0,"master_deck":["AscendersBane","Strike_R","Strike_R","Strike_R","Strike_R","Defend_R","Defend_R","Defend_R","Defend_R","Bash","The Bomb+1","Dramatic Entrance","Inflame+1","Armaments","Cleave","Twin Strike","Shrug It Off","Disarm","Armaments","Iron Wave","Berserk+1","Dual Wield","Uppercut","Juggernaut+1","Infernal Blade+1","Demon Form+1","Havoc","Sword Boomerang","Writhe","Twin Strike","Impervious+1","Metallicize+1","Rampage","Carnage","Spot Weakness+1","Iron Wave","Heavy Blade+1","Pummel","Demon Form+1","Pommel Strike","Demon Form+1","Sadistic Nature+1","Power Through","Intimidate+1","Clothesline"],"relics":["Burning Blood","Frozen Egg 2","Mercury Hourglass","Oddly Smooth Stone","HandDrill","StoneCalendar","Boot","Ornamental Fan","MealTicket","Centennial Puzzle","Odd Mushroom","hubris:GrandSneckoEye","PreservedInsect","hubris:CrystalStatue","Regal Pillow","ClockworkSouvenir","Potion Belt","Medical Kit","CaptainsWheel","Mark of Pain","hubris:Zylophone","The Courier","Red Mask","Nunchaku"],"acts_visited":["Exordium","TheCity","TheBeyond"],"potions_floor_usage":[19,22,23,25,33,50,50],"damage_taken":[{"damage":0,"enemies":"2 Louse","floor":1,"turns":1},{"damage":3,"enemies":"Cultist","floor":2,"turns":3},{"damage":0,"enemies":"Small Slimes","floor":4,"turns":3},{"damage":4,"enemies":"3 Louse","floor":5,"turns":2},{"damage":19,"enemies":"3 Sentries","floor":7,"turns":3},{"damage":7,"enemies":"Blue Slaver","floor":8,"turns":3},{"damage":18,"enemies":"Exordium Wildlife","floor":10,"turns":2},{"damage":3,"enemies":"The Mushroom Lair","floor":14,"turns":2},{"damage":26,"enemies":"Hexaghost","floor":16,"turns":7},{"damage":13,"enemies":"2 Thieves","floor":18,"turns":2},{"damage":7,"enemies":"Chosen","floor":19,"turns":4},{"damage":13,"enemies":"3 Cultists","floor":22,"turns":4},{"damage":25,"enemies":"Slavers","floor":23,"turns":3},{"damage":0,"enemies":"Shelled Parasite and Fungi","floor":24,"turns":3},{"damage":6,"enemies":"Snake Plant","floor":25,"turns":2},{"damage":5,"enemies":"Sentry and Sphere","floor":28,"turns":4},{"damage":25,"enemies":"Book of Stabbing","floor":30,"turns":4},{"damage":19,"enemies":"Centurion and Healer","floor":31,"turns":4},{"damage":67,"enemies":"hubris:MusketHawk","floor":33,"turns":7},{"damage":0,"enemies":"3 Shapes","floor":35,"turns":4},{"damage":22,"enemies":"3 Darklings","floor":41,"turns":3},{"damage":0,"enemies":"Mind Bloom Boss Battle","floor":42,"turns":3},{"damage":19,"enemies":"Spire Growth","floor":48,"turns":4},{"damage":54,"enemies":"Time Eater","floor":50,"turns":8}],"seed_played":"-2626807977717611953","potions_obtained":[{"floor":1,"key":"bronze:BurnAndBuffPotion"},{"floor":10,"key":"ElixirPotion"},{"floor":16,"key":"champ:CounterPotion"},{"floor":18,"key":"Slimebound:ThreeZeroPotion"},{"floor":19,"key":"Swift Potion"},{"floor":24,"key":"Slimebound:ThreeZeroPotion"},{"floor":31,"key":"hexamod:SoulburnPotion"},{"floor":35,"key":"BloodPotion"},{"floor":41,"key":"HeartOfIron"}],"is_trial":false,"path_per_floor":["M","M","?","M","M","R","E","M","T","M","T","R","?","?","R","B",null,"M","M","?","?","M","E","M","M","T","R","M","$","E","M","R","B",null,"M","?","$","?","$","R","M","?","T","R","?","R","?","M","R","B",null],"character_chosen":"IRONCLAD","items_purchased":["Frozen Egg 2","Mercury Hourglass","Oddly Smooth Stone","HandDrill","The Bomb","Dramatic Entrance","Inflame+1","Armaments","Cleave","Twin Strike","Shrug It Off","ClockworkSouvenir","Potion Belt","Medical Kit","Iron Wave","Sadistic Nature+1"],"campfire_rested":5,"item_purchase_floors":[0,0,0,0,0,0,0,0,0,0,0,29,29,29,29,39],"current_hp_per_floor":[27,30,30,36,38,60,47,46,46,34,34,34,34,37,59,39,66,59,65,65,65,58,39,45,45,45,75,75,75,56,43,75,14,60,66,48,63,63,75,75,59,65,65,65,65,65,65,52,75,42],"gold":20,"neow_bonus":"","is_daily":false,"chose_seed":false,"campfire_upgraded":4,"win_rate":0.0,"timestamp":1611920842,"path_taken":["M","M","?","M","M","R","E","M","T","?","?","R","?","?","R","BOSS","M","M","?","?","?","E","M","?","T","R","M","$","E","?","R","BOSS","M","?","$","?","$","R","?","?","T","R","?","R","?","?","R","BOSS"],"items_purchased_type":["Relic","Relic","Relic","Relic","Card","Card","Card","Card","Card","Card","Card","Relic","Relic","Relic","Card","Card"],"build_version":"2020-12-22","purchased_purges":0,"victory":true,"max_hp_per_floor":[75,75,75,75,75,75,75,75,75,75,75,75,75,75,75,75,75,75,75,75,75,75,75,75,75,75,75,75,75,75,75,75,75,75,75,75,75,75,75,75,75,75,75,75,75,75,75,75,75,75],"relic_stats":{"Regal Pillow":50,"counters":[816,3676],"StoneCalendar":[62],"PreservedInsect":84,"Boot":[12],"Medical Kit":[3],"Burning Blood":4628,"Mercury Hourglass":[355],"Centennial Puzzle":[51],"Nunchaku":[1],"Ornamental Fan":[96],"MealTicket":27,"HandDrill":[14],"obtain_stats":[{"Replay:Accelerometer":0,"Spirit Poop":4,"Sling":47,"Ring of Searing":15,"Blood Vial":22,"hubris:AstralHammer":42,"downfall:ExtraCursedKey":4,"Replay:Bottled Flurry":49,"HandDrill":31,"Necronomicon":19,"Replay:Bottled Steam":23,"Blue Candle":7,"Eternal Feather":17,"Pen Nib":0,"Akabeko":31,"Bird Faced Urn":9,"ReplayTheSpireMod:Ring of Collecting":5,"StrikeDummy":0,"Unceasing Top":0,"Regal Pillow":24,"Torii":47,"Singing Bowl":0,"King of Hearts":47,"Smiling Mask":27,"Ancient Tea Set":26,"Burning Blood":0,"Pet Ghost":44,"hubris:Backtick":17,"Toolbox":0,"Chemical X":21,"Replay:Bottled Eggs":0,"InkBottle":34,"Potion Belt":36,"Lee\u0027s Waffle":44,"Golden Idol":3,"hubris:64BitClover":14,"PreservedInsect":22,"Ring of Greed":10,"hubris:Towel":2,"Replay:Arrowhead":48,"Ornamental Fan":37,"Ring of Misfortune":36,"betterThird:SlimedRelic":3,"Ectoplasm":17,"Art of War":40,"Garlic":12,"Durian":0,"hexamod:BolsterEngine":11,"hubris:BottledRain":7,"Ice Cream":6,"Divine Protection":0,"Calipers":6,"Tiny House":36,"Gremlin Horn":10,"Nilry\u0027s Codex":22,"Sozu":34,"Centennial Puzzle":2,"Honey Jar":17,"Prayer Wheel":40,"Philosopher\u0027s Stone":17,"Iron Hammer":9,"Girya":23,"hubris:Teleporter":0,"hubris:DuctTape":9,"ReplayTheSpireMod:CursedCoin":19,"Replay:Grab Bag":34,"hubris:FruitBowl":4,"Charon\u0027s Ashes":0,"WarpedTongs":29,"Du-Vu Doll":0,"hubris:Zylophone":42,"ReplayTheSpireMod:Spearhead":31,"Onion Ring":54,"hubris:PeanutButter":14,"Mirror":45,"Pocketwatch":10,"Black Blood":34,"Enchiridion":20,"Juzu Bracelet":19,"Replay:Mystery Machine":26,"hubris:RunicObelisk":17,"Empty Cage":34,"Nunchaku":45,"Dream Catcher":9,"Chameleon Ring":49,"TheAbacus":0,"hubris:Icosahedron":36,"hubris:IronBody":0,"Red Mask":41,"Replay:Bottled Snecko":0,"Runic Pyramid":34,"Guide Book":38,"Replay:WaspNest":3,"Odd Mushroom":12,"Medical Kit":29,"Mercury Hourglass":43,"Calling Bell":17,"Strange Spoon":44,"Pondfish Scales":0,"Bag of Marbles":0,"Membership Card":24,"FossilizedHelix":12,"ReplayTheSpireMod:ShopPack":20,"Golden Egg":34,"Ginger":17,"Whetstone":27,"Bottled Tornado":10,"Boot":9,"Old Coin":24,"Replay:Ringing Soul":47,"Sundial":17,"MealTicket":26,"Kunai":10,"Replay:Wax Seal":0,"Electric Blood":17,"Pear":0,"betterAltar:BloodRelic":27,"ReplayTheSpireMod:Ring of Addiction":36,"hubris:SphereOfDissonance":23,"Replay:Ancient Bell":34,"SlaversCollar":17,"Ooze Armor":34,"Pandora\u0027s Box":34,"Mark of Pain":17,"Lantern":34,"Magic Flower":0,"StoneCalendar":0,"Blue Doll":43,"Replay:Multitool":25,"Bag of Preparation":54,"Cursed Key":34,"hubris:EvacipatedBox":4,"Replay:Rubber Ducky":34,"Shovel":34,"Ring of Peace":5,"WingedGreaves":37,"hubris:ChampionShield":37,"Paper Frog":23,"Self Forming Clay":6,"Damaru":17,"Thread and Needle":20,"The Courier":9,"betterThird:NestCultRelic":22,"Omamori":42,"Frozen Egg 2":0,"MawBank":27,"sneckomod:BabySnecko":20,"Busted Crown":17,"Bloody Idol":22,"Orrery":36,"Turnip":23,"Champion Belt":20,"Bottled Lightning":43,"ReplayTheSpireMod:Lightbulb":27,"Toy Ornithopter":28,"hubris:CrystalStatue":11,"CeramicFish":24,"Vajra":8,"Lizard Tail":42,"HornCleat":52,"downfall:GremlinWheel":0,"FaceOfCleric":13,"DollysMirror":44,"Strawberry":10,"Toxic Egg 2":36,"Happy Flower":14,"Ring of Hypnosis":27,"Dead Branch":17,"Astrolabe":34,"Oddly Smooth Stone":41,"Letter Opener":9,"Replay:Kaleidoscope":37,"War Paint":6,"Question Card":19,"Bottled Flame":26,"Replay:Baseball":38,"ReplayTheSpireMod:Shallot":27,"Shuriken":34,"Bronze Scales":45,"Molten Egg 2":43,"Simple Rune":27,"ReplayTheSpireMod:TigerMarble":23,"Nloth\u0027s Gift":0,"Black Star":17,"hubris:ToyBattleship":25,"Grinning Jar":6,"Meat on the Bone":45,"ReplayFunnel":14,"Darkstone Periapt":0,"ReplayTheSpireMod:Ring of Exchange":26,"Replay:PocketPolymizer":34,"Mango":40,"Incense Burner":0,"hubris:SlimyHat":0,"ClockworkSouvenir":44,"Frozen Eye":0,"SsserpentHead":20,"Replay:Bandana":20,"Mummified Hand":9,"Pantograph":0,"Gambling Chip":0,"Tiny Chest":12,"Red Skull":17,"Gremlin Food":37,"BargainBundle":19,"hexamod:CandleOfCauterizing":46,"ReplayTheSpireMod:Ninjato":48,"Replay:Towering Pillar of Hats":50,"Quantum Egg":42,"hexamod:Sixitude":37,"Orichalcum":43,"White Beast Statue":36,"Peace Pipe":0,"CaptainsWheel":0,"Anchor":38,"ChewingGum":17,"Another Sword":47,"Snack Pack":28,"Coffee Dripper":0,"hubris:GrandSneckoEye":17,"TungstenRod":7},{"Replay:Accelerometer":210,"Spirit Poop":432,"Sling":102,"Ring of Searing":340,"Blood Vial":39,"hubris:AstralHammer":717,"downfall:ExtraCursedKey":595,"Replay:Bottled Flurry":153,"HandDrill":200,"Necronomicon":553,"Replay:Bottled Steam":399,"Blue Candle":234,"Eternal Feather":480,"Pen Nib":387,"Akabeko":94,"Bird Faced Urn":7,"ReplayTheSpireMod:Ring of Collecting":186,"StrikeDummy":404,"Unceasing Top":429,"Regal Pillow":14,"Torii":77,"Singing Bowl":104,"King of Hearts":102,"Smiling Mask":281,"Ancient Tea Set":762,"Burning Blood":0,"Pet Ghost":75,"hubris:Backtick":668,"Toolbox":28,"Chemical X":13,"Replay:Bottled Eggs":321,"InkBottle":122,"Potion Belt":47,"Lee\u0027s Waffle":75,"Golden Idol":186,"hubris:64BitClover":735,"PreservedInsect":140,"Ring of Greed":134,"hubris:Towel":719,"Replay:Arrowhead":183,"Ornamental Fan":177,"Ring of Misfortune":47,"betterThird:SlimedRelic":105,"Ectoplasm":526,"Art of War":49,"Garlic":136,"Durian":156,"hexamod:BolsterEngine":366,"hubris:BottledRain":734,"Ice Cream":83,"Divine Protection":243,"Calipers":32,"Tiny House":350,"Gremlin Horn":250,"Nilry\u0027s Codex":13,"Sozu":511,"Centennial Puzzle":105,"Honey Jar":276,"Prayer Wheel":23,"Philosopher\u0027s Stone":253,"Iron Hammer":33,"Girya":115,"hubris:Teleporter":678,"hubris:DuctTape":720,"ReplayTheSpireMod:CursedCoin":113,"Replay:Grab Bag":261,"hubris:FruitBowl":775,"Charon\u0027s Ashes":184,"WarpedTongs":67,"Du-Vu Doll":519,"hubris:Zylophone":814,"ReplayTheSpireMod:Spearhead":200,"Onion Ring":55,"hubris:PeanutButter":746,"Mirror":265,"Pocketwatch":217,"Black Blood":261,"Enchiridion":738,"Juzu Bracelet":113,"Replay:Mystery Machine":66,"hubris:RunicObelisk":725,"Empty Cage":201,"Nunchaku":51,"Dream Catcher":249,"Chameleon Ring":53,"TheAbacus":321,"hubris:Icosahedron":714,"hubris:IronBody":773,"Red Mask":23,"Replay:Bottled Snecko":293,"Runic Pyramid":261,"Guide Book":379,"Replay:WaspNest":29,"Odd Mushroom":9,"Medical Kit":808,"Mercury Hourglass":75,"Calling Bell":11,"Strange Spoon":151,"Pondfish Scales":130,"Bag of Marbles":104,"Membership Card":66,"FossilizedHelix":34,"ReplayTheSpireMod:ShopPack":194,"Golden Egg":146,"Ginger":226,"Whetstone":417,"Bottled Tornado":235,"Boot":610,"Old Coin":92,"Replay:Ringing Soul":102,"Sundial":11,"MealTicket":14,"Kunai":33,"Replay:Wax Seal":28,"Electric Blood":62,"Pear":519,"betterAltar:BloodRelic":171,"ReplayTheSpireMod:Ring of Addiction":47,"hubris:SphereOfDissonance":706,"Replay:Ancient Bell":46,"SlaversCollar":369,"Ooze Armor":175,"Pandora\u0027s Box":420,"Mark of Pain":37,"Lantern":46,"Magic Flower":28,"StoneCalendar":55,"Blue Doll":180,"Replay:Multitool":117,"Bag of Preparation":155,"Cursed Key":19,"hubris:EvacipatedBox":775,"Replay:Rubber Ducky":122,"Shovel":46,"Ring of Peace":186,"WingedGreaves":287,"hubris:ChampionShield":675,"Paper Frog":40,"Self Forming Clay":272,"Damaru":736,"Thread and Needle":167,"The Courier":324,"betterThird:NestCultRelic":329,"Omamori":100,"Frozen Egg 2":156,"MawBank":92,"sneckomod:BabySnecko":481,"Busted Crown":112,"Bloody Idol":39,"Orrery":421,"Turnip":141,"Champion Belt":456,"Bottled Lightning":717,"ReplayTheSpireMod:Lightbulb":92,"Toy Ornithopter":92,"hubris:CrystalStatue":753,"CeramicFish":66,"Vajra":7,"Lizard Tail":24,"HornCleat":54,"downfall:GremlinWheel":387,"FaceOfCleric":9,"DollysMirror":151,"Strawberry":85,"Toxic Egg 2":20,"Happy Flower":36,"Ring of Hypnosis":375,"Dead Branch":11,"Astrolabe":635,"Oddly Smooth Stone":75,"Letter Opener":60,"Replay:Kaleidoscope":73,"War Paint":160,"Question Card":396,"Bottled Flame":41,"Replay:Baseball":97,"ReplayTheSpireMod:Shallot":67,"Shuriken":46,"Bronze Scales":127,"Molten Egg 2":24,"Simple Rune":118,"ReplayTheSpireMod:TigerMarble":66,"Nloth\u0027s Gift":387,"Black Star":439,"hubris:ToyBattleship":707,"Grinning Jar":106,"Meat on the Bone":290,"ReplayFunnel":137,"Darkstone Periapt":293,"ReplayTheSpireMod:Ring of Exchange":197,"Replay:PocketPolymizer":122,"Mango":99,"Incense Burner":156,"hubris:SlimyHat":718,"ClockworkSouvenir":75,"Frozen Eye":184,"SsserpentHead":441,"Replay:Bandana":254,"Mummified Hand":216,"Pantograph":55,"Gambling Chip":581,"Tiny Chest":410,"Red Skull":11,"Gremlin Food":47,"BargainBundle":89,"hexamod:CandleOfCauterizing":469,"ReplayTheSpireMod:Ninjato":129,"Replay:Towering Pillar of Hats":358,"Quantum Egg":50,"hexamod:Sixitude":637,"Orichalcum":100,"White Beast Statue":47,"Peace Pipe":156,"CaptainsWheel":0,"Anchor":123,"ChewingGum":138,"Another Sword":102,"Snack Pack":92,"Coffee Dripper":130,"hubris:GrandSneckoEye":801,"TungstenRod":59},{"Replay:Accelerometer":982,"Spirit Poop":2006,"Sling":464,"Ring of Searing":1582,"Blood Vial":183,"hubris:AstralHammer":3271,"downfall:ExtraCursedKey":2662,"Replay:Bottled Flurry":727,"HandDrill":928,"Necronomicon":2493,"Replay:Bottled Steam":1866,"Blue Candle":1086,"Eternal Feather":2208,"Pen Nib":1804,"Akabeko":436,"Bird Faced Urn":28,"ReplayTheSpireMod:Ring of Collecting":865,"StrikeDummy":1896,"Unceasing Top":1996,"Regal Pillow":52,"Torii":381,"Singing Bowl":473,"King of Hearts":464,"Smiling Mask":1297,"Ancient Tea Set":3440,"Burning Blood":0,"Pet Ghost":375,"hubris:Backtick":3027,"Toolbox":125,"Chemical X":46,"Replay:Bottled Eggs":1495,"InkBottle":565,"Potion Belt":228,"Lee\u0027s Waffle":375,"Golden Idol":865,"hubris:64BitClover":3336,"PreservedInsect":668,"Ring of Greed":637,"hubris:Towel":3274,"Replay:Arrowhead":853,"Ornamental Fan":833,"Ring of Misfortune":228,"betterThird:SlimedRelic":475,"Ectoplasm":2380,"Art of War":239,"Garlic":644,"Durian":749,"hexamod:BolsterEngine":1700,"hubris:BottledRain":3333,"Ice Cream":404,"Divine Protection":1125,"Calipers":142,"Tiny House":1630,"Gremlin Horn":1157,"Nilry\u0027s Codex":46,"Sozu":2321,"Centennial Puzzle":475,"Honey Jar":1274,"Prayer Wheel":101,"Philosopher\u0027s Stone":1174,"Iron Hammer":146,"Girya":519,"hubris:Teleporter":3065,"hubris:DuctTape":3277,"ReplayTheSpireMod:CursedCoin":506,"Replay:Grab Bag":1209,"hubris:FruitBowl":3507,"Charon\u0027s Ashes":860,"WarpedTongs":338,"Du-Vu Doll":2358,"hubris:Zylophone":3664,"ReplayTheSpireMod:Spearhead":928,"Onion Ring":286,"hubris:PeanutButter":3385,"Mirror":1228,"Pocketwatch":1017,"Black Blood":1209,"Enchiridion":3354,"Juzu Bracelet":506,"Replay:Mystery Machine":335,"hubris:RunicObelisk":3305,"Empty Cage":935,"Nunchaku":256,"Dream Catcher":1150,"Chameleon Ring":267,"TheAbacus":1495,"hubris:Icosahedron":3255,"hubris:IronBody":3499,"Red Mask":101,"Replay:Bottled Snecko":1364,"Runic Pyramid":1209,"Guide Book":1761,"Replay:WaspNest":129,"Odd Mushroom":32,"Medical Kit":3640,"Mercury Hourglass":375,"Calling Bell":38,"Strange Spoon":718,"Pondfish Scales":625,"Bag of Marbles":473,"Membership Card":335,"FossilizedHelix":150,"ReplayTheSpireMod:ShopPack":898,"Golden Egg":696,"Ginger":1054,"Whetstone":1947,"Bottled Tornado":1090,"Boot":2728,"Old Coin":431,"Replay:Ringing Soul":464,"Sundial":38,"MealTicket":52,"Kunai":146,"Replay:Wax Seal":125,"Electric Blood":319,"Pear":2358,"betterAltar:BloodRelic":802,"ReplayTheSpireMod:Ring of Addiction":228,"hubris:SphereOfDissonance":3215,"Replay:Ancient Bell":224,"SlaversCollar":1719,"Ooze Armor":825,"Pandora\u0027s Box":1961,"Mark of Pain":174,"Lantern":224,"Magic Flower":125,"StoneCalendar":286,"Blue Doll":845,"Replay:Multitool":528,"Bag of Preparation":741,"Cursed Key":81,"hubris:EvacipatedBox":3507,"Replay:Rubber Ducky":565,"Shovel":224,"Ring of Peace":865,"WingedGreaves":1330,"hubris:ChampionShield":3057,"Paper Frog":188,"Self Forming Clay":1254,"Damaru":3345,"Thread and Needle":782,"The Courier":1501,"betterThird:NestCultRelic":1532,"Omamori":460,"Frozen Egg 2":749,"MawBank":431,"sneckomod:BabySnecko":2211,"Busted Crown":501,"Bloody Idol":183,"Orrery":1965,"Turnip":671,"Champion Belt":2117,"Bottled Lightning":3271,"ReplayTheSpireMod:Lightbulb":431,"Toy Ornithopter":431,"hubris:CrystalStatue":3410,"CeramicFish":335,"Vajra":28,"Lizard Tail":102,"HornCleat":280,"downfall:GremlinWheel":1804,"FaceOfCleric":32,"DollysMirror":718,"Strawberry":409,"Toxic Egg 2":85,"Happy Flower":161,"Ring of Hypnosis":1743,"Dead Branch":38,"Astrolabe":2858,"Oddly Smooth Stone":375,"Letter Opener":306,"Replay:Kaleidoscope":363,"War Paint":759,"Question Card":1848,"Bottled Flame":193,"Replay:Baseball":448,"ReplayTheSpireMod:Shallot":338,"Shuriken":224,"Bronze Scales":593,"Molten Egg 2":102,"Simple Rune":534,"ReplayTheSpireMod:TigerMarble":335,"Nloth\u0027s Gift":1804,"Black Star":2041,"hubris:ToyBattleship":3221,"Grinning Jar":479,"Meat on the Bone":1347,"ReplayFunnel":648,"Darkstone Periapt":1364,"ReplayTheSpireMod:Ring of Exchange":916,"Replay:PocketPolymizer":565,"Mango":458,"Incense Burner":749,"hubris:SlimyHat":3272,"ClockworkSouvenir":375,"Frozen Eye":860,"SsserpentHead":2050,"Replay:Bandana":1178,"Mummified Hand":1010,"Pantograph":286,"Gambling Chip":2606,"Tiny Chest":1920,"Red Skull":38,"Gremlin Food":228,"BargainBundle":422,"hexamod:CandleOfCauterizing":2176,"ReplayTheSpireMod:Ninjato":608,"Replay:Towering Pillar of Hats":1662,"Quantum Egg":245,"hexamod:Sixitude":2870,"Orichalcum":460,"White Beast Statue":228,"Peace Pipe":749,"CaptainsWheel":0,"Anchor":570,"ChewingGum":659,"Another Sword":464,"Snack Pack":431,"Coffee Dripper":625,"hubris:GrandSneckoEye":3618,"TungstenRod":303}]},"card_choices":[{"not_picked":["Perfected Strike","Cleave"],"picked":"Disarm","floor":1},{"not_picked":["Perfected Strike","Body Slam"],"picked":"Armaments","floor":2},{"not_picked":["Flex","Warcry"],"picked":"Iron Wave","floor":4},{"not_picked":["Second Wind","Fire Breathing+1"],"picked":"Berserk+1","floor":5},{"not_picked":["Flex","Pommel Strike"],"picked":"hubris:CleavingFinish","floor":7},{"not_picked":["Shrug It Off","Battle Trance"],"picked":"Dual Wield","floor":8},{"not_picked":["Hemokinesis","Twin Strike"],"picked":"Uppercut","floor":10},{"not_picked":["Cleave","Dual Wield"],"picked":"Infernal Blade","floor":14},{"not_picked":["Feed","Berserk+1"],"picked":"Demon Form+1","floor":16},{"not_picked":["Armaments","Burning Pact"],"picked":"Havoc","floor":18},{"not_picked":["Searing Blow+1","Twin Strike"],"picked":"Sword Boomerang","floor":19},{"not_picked":["Infernal Blade","Clothesline"],"picked":"Impervious","floor":22},{"not_picked":["Sword Boomerang","Fire Breathing+1"],"picked":"Metallicize+1","floor":23},{"not_picked":["Heavy Blade","Clothesline"],"picked":"Rampage","floor":24},{"not_picked":["Blood for Blood","Armaments"],"picked":"Carnage","floor":25},{"not_picked":["Iron Wave","hubris:CleavingFinish"],"picked":"Spot Weakness","floor":28},{"not_picked":["Hemokinesis","Wild Strike"],"picked":"Heavy Blade+1","floor":30},{"not_picked":["Clash","Pommel Strike"],"picked":"Pummel","floor":31},{"not_picked":["Bludgeon","Fiend Fire"],"picked":"Demon Form+1","floor":33},{"not_picked":["Headbutt","Warcry"],"picked":"Pommel Strike","floor":35},{"not_picked":["Iron Wave","Heavy Blade"],"picked":"Power Through","floor":41},{"not_picked":["Dropkick","Iron Wave+1"],"picked":"Intimidate+1","floor":42},{"not_picked":["Headbutt","Wild Strike"],"picked":"Clothesline","floor":48}],"player_experience":459132,"relics_obtained":[{"floor":7,"key":"Ornamental Fan"},{"floor":9,"key":"MealTicket"},{"floor":11,"key":"Centennial Puzzle"},{"floor":14,"key":"Odd Mushroom"},{"floor":23,"key":"hubris:CrystalStatue"},{"floor":26,"key":"Regal Pillow"},{"floor":30,"key":"CaptainsWheel"},{"floor":42,"key":"hubris:Zylophone"},{"floor":43,"key":"The Courier"},{"floor":47,"key":"Nunchaku"}],"event_choices":[{"damage_healed":0,"gold_gain":0,"player_choice":"Gave Potion","damage_taken":0,"relics_obtained":["Boot"],"max_hp_gain":0,"max_hp_loss":0,"event_name":"WeMeetAgain","floor":3,"gold_loss":0},{"damage_healed":0,"gold_gain":0,"player_choice":"Fought Mushrooms","damage_taken":0,"max_hp_gain":0,"max_hp_loss":0,"event_name":"Mushrooms","floor":14,"gold_loss":0},{"damage_healed":0,"gold_gain":0,"player_choice":"Opened","damage_taken":0,"relics_obtained":["PreservedInsect"],"max_hp_gain":0,"max_hp_loss":0,"event_name":"The Mausoleum","floor":20,"gold_loss":0,"cards_obtained":["Writhe"]},{"damage_healed":0,"gold_gain":0,"cards_transformed":["hubris:CleavingFinish"],"player_choice":"Transformed","damage_taken":0,"max_hp_gain":0,"max_hp_loss":0,"event_name":"Transmorgrifier","floor":21,"gold_loss":0,"cards_obtained":["Twin Strike"]},{"damage_healed":0,"gold_gain":3,"player_choice":"2","damage_taken":0,"max_hp_gain":0,"max_hp_loss":18,"event_name":"betterStone:BetterStone","floor":36,"gold_loss":0},{"cards_removed":["Strike_R"],"damage_healed":0,"gold_gain":0,"player_choice":"Removed Attack","damage_taken":0,"max_hp_gain":0,"max_hp_loss":0,"event_name":"Falling","floor":38,"gold_loss":0},{"damage_healed":0,"gold_gain":0,"player_choice":"Fight","damage_taken":0,"max_hp_gain":0,"max_hp_loss":0,"event_name":"MindBloom","floor":42,"gold_loss":0},{"damage_healed":0,"gold_gain":0,"player_choice":"Paid","damage_taken":0,"relics_obtained":["Red Mask"],"max_hp_gain":0,"max_hp_loss":0,"event_name":"Tomb of Lord Red Mask","floor":45,"gold_loss":149},{"damage_healed":0,"gold_gain":0,"player_choice":"Relic","damage_taken":0,"max_hp_gain":0,"max_hp_loss":0,"event_name":"Wheel of Change","floor":47,"gold_loss":0}],"is_beta":false,"boss_relics":[{"not_picked":["Tiny House","Runic Cube"],"picked":"hubris:GrandSneckoEye"},{"not_picked":["Busted Crown","Velvet Choker"],"picked":"Mark of Pain"}],"items_purged_floors":[],"is_endless":false,"potions_floor_spawned":[1,10,16,18,19,24,31,35,41],"ascension_level":17}}