{"host":"yvb207ks1sg3cxef","time":1611949068,"event":{"mods":["2.2 Compatiblity","BaseMod","Bestiary","Colored Powertips","Minty Spire (QoL Compilation)","Permanent Neow","Quick Restart","Relic Stats","StSLib"],"gold_per_floor":[112,112,124,124,140,166,166,195,242,242,1,28,48,68,68,140,140,151,164,177,137,157,157,157],"floor_reached":23,"language":"ENG","playtime":1355,"items_purged":["Strike_G"],"score":426,"play_id":"135ef5db-52ab-438c-9ad6-59641d8dfd13","local_time":"20210130010748","is_ascension_mode":true,"campfire_choices":[{"data":"Leg Sweep","floor":7.0,"key":"SMITH"},{"floor":10.0,"key":"REST"},{"data":"Noxious Fumes","floor":15.0,"key":"SMITH"}],"circlet_count":0,"master_deck":["AscendersBane","Strike_G","Strike_G+1","Strike_G+1","Strike_G","Defend_G","Defend_G","Defend_G","Defend_G","Defend_G","Survivor","Neutralize","Glass Knife+1","Dagger Throw","Deadly Poison","Leg Sweep+1","Deadly Poison","Footwork","Noxious Fumes+1","After Image","Caltrops"],"relics":["Ring of the Snake","Singing Bowl","Whetstone","Oddly Smooth Stone","Bag of Preparation","Omamori","Coffee Dripper"],"acts_visited":["Exordium","TheCity"],"potions_floor_usage":[23],"damage_taken":[{"damage":0.0,"enemies":"Jaw Worm","floor":1.0,"turns":3.0},{"damage":0.0,"enemies":"Small Slimes","floor":3.0,"turns":3.0},{"damage":0.0,"enemies":"Cultist","floor":5.0,"turns":2.0},{"damage":19.0,"enemies":"Lagavulin","floor":6.0,"turns":6.0},{"damage":21.0,"enemies":"3 Sentries","floor":8.0,"turns":8.0},{"damage":18.0,"enemies":"Gremlin Nob","floor":12.0,"turns":4.0},{"damage":2.0,"enemies":"Gremlin Gang","floor":13.0,"turns":6.0},{"damage":3.0,"enemies":"Exordium Thugs","floor":14.0,"turns":4.0},{"damage":2.0,"enemies":"Slime Boss","floor":16.0,"turns":8.0},{"damage":7.0,"enemies":"3 Byrds","floor":18.0,"turns":7.0},{"damage":0.0,"enemies":"Chosen","floor":19.0,"turns":4.0},{"damage":0.0,"enemies":"Centurion and Healer","floor":20.0,"turns":7.0},{"damage":66.0,"enemies":"Chosen and Byrds","floor":22.0,"turns":7.0},{"damage":25,"enemies":"Slavers","floor":23,"turns":3}],"seed_played":"2066910667795556818","potions_obtained":[{"floor":3.0,"key":"EssenceOfSteel"},{"floor":4.0,"key":"DistilledChaos"},{"floor":4.0,"key":"DistilledChaos"},{"floor":5.0,"key":"DuplicationPotion"},{"floor":6.0,"key":"CunningPotion"},{"floor":13.0,"key":"SpeedPotion"},{"floor":16.0,"key":"Ancient Potion"},{"floor":19.0,"key":"GamblersBrew"},{"floor":21.0,"key":"FairyPotion"},{"floor":22.0,"key":"Swift Potion"}],"is_trial":false,"path_per_floor":["M","?","M","?","M","E","R","E","T","R","$","E","M","M","R","B",null,"M","M","M","?","M","E"],"character_chosen":"THE_SILENT","items_purchased":["Bag of Preparation"],"campfire_rested":1,"item_purchase_floors":[11],"current_hp_per_floor":[59,59,59,59,59,40,40,21,21,39,39,21,21,18,18,16,52,47,47,49,49,22,0,0],"gold":157,"neow_bonus":"THREE_RARE_CARDS","is_daily":false,"chose_seed":false,"campfire_upgraded":2,"win_rate":0.0,"timestamp":1611949068,"path_taken":["M","?","M","?","M","E","R","E","T","R","$","E","M","?","R","BOSS","M","M","?","?","M","E"],"items_purchased_type":["Relic"],"build_version":"2020-12-22","purchased_purges":1,"victory":false,"max_hp_per_floor":[60,60,60,60,60,60,60,62,62,62,62,62,64,64,64,64,64,66,66,68,68,70,70,70],"relic_stats":{"Singing Bowl":10,"counters":[14,72],"Bag of Preparation":[18],"Whetstone":["Strike_G","Strike_G"],"obtain_stats":[{"Singing Bowl":6,"Oddly Smooth Stone":9,"Bag of Preparation":11,"Omamori":12,"Coffee Dripper":17,"Whetstone":8,"Ring of the Snake":0},{"Singing Bowl":4,"Oddly Smooth Stone":5,"Bag of Preparation":5,"Omamori":6,"Coffee Dripper":9,"Whetstone":5,"Ring of the Snake":0},{"Singing Bowl":14,"Oddly Smooth Stone":22,"Bag of Preparation":22,"Omamori":26,"Coffee Dripper":44,"Whetstone":22,"Ring of the Snake":0}],"Ring of the Snake":[28]},"card_choices":[{"not_picked":["Tools of the Trade","Unload"],"picked":"Glass Knife","floor":0.0},{"not_picked":["Dagger Spray","Deflect"],"picked":"Dagger Throw","floor":1.0},{"not_picked":["Outmaneuver","Eviscerate"],"picked":"Deadly Poison","floor":3.0},{"not_picked":["Terror","Outmaneuver"],"picked":"Leg Sweep","floor":5.0},{"not_picked":["Quick Slash","Bane"],"picked":"Deadly Poison","floor":6.0},{"not_picked":["Outmaneuver","Dodge and Roll","Storm of Steel"],"picked":"Singing Bowl","floor":8.0},{"not_picked":["Endless Agony","Terror"],"picked":"Footwork","floor":12.0},{"not_picked":["Prepared","Dagger Spray","Finisher"],"picked":"Singing Bowl","floor":13.0},{"not_picked":["PiercingWail","Outmaneuver"],"picked":"Noxious Fumes","floor":14.0},{"not_picked":["Storm of Steel","Unload"],"picked":"After Image","floor":16.0},{"not_picked":["Flying Knee","Acrobatics","Expertise"],"picked":"Singing Bowl","floor":18.0},{"not_picked":["Slice","Deflect"],"picked":"Caltrops","floor":19.0},{"not_picked":["Dagger Throw","Flechettes","Finisher"],"picked":"Singing Bowl","floor":20.0},{"not_picked":["Acrobatics","Backstab","Dagger Spray"],"picked":"Singing Bowl","floor":22.0}],"player_experience":500758,"relics_obtained":[{"floor":6.0,"key":"Singing Bowl"},{"floor":8.0,"key":"Whetstone"},{"floor":9.0,"key":"Oddly Smooth Stone"},{"floor":12.0,"key":"Omamori"}],"event_choices":[{"damage_healed":0.0,"max_hp_gain":0.0,"max_hp_loss":0.0,"gold_gain":0.0,"event_name":"Living Wall","player_choice":"Grow","floor":2.0,"gold_loss":0.0,"damage_taken":0.0,"cards_upgraded":["Glass Knife"]},{"damage_healed":0.0,"max_hp_gain":0.0,"max_hp_loss":0.0,"gold_gain":0.0,"event_name":"Lab","player_choice":"Got Potions","floor":4.0,"gold_loss":0.0,"damage_taken":0.0},{"damage_healed":0.0,"max_hp_gain":0.0,"max_hp_loss":0.0,"gold_gain":0.0,"event_name":"The Woman in Blue","player_choice":"Bought 3 Potions","floor":21.0,"gold_loss":0.0,"damage_taken":0.0}],"is_beta":false,"boss_relics":[{"not_picked":["HoveringKite","Tiny House"],"picked":"Coffee Dripper"}],"items_purged_floors":[11],"is_endless":false,"potions_floor_spawned":[3,5,6,13,16,19,22],"killed_by":"Slavers","ascension_level":20}}