{"host":"nwd160me4iqdtr8u","time":1611920018,"event":{"mods":["AchievementEnabler","Act Like it!","BaseMod","Colored Map","DeckTracker","Minty Spire (QoL Compilation)","Quick Restart","Rare Cards Sparkle","StSLib","SuperFastMode","everything is the same but u backflip on backflip"],"gold_per_floor":[11,11,22,40,5,5,5,5,5,24,24,57,72,83,83,154,154,165,165,165,90,105,105,139,155,179,179,195,294,294,308,308,386,386,402,402,422,422,443,443,463,52,52,67,100,162,162,183,183,183],"floor_reached":51,"language":"KOR","playtime":2566,"items_purged":["Writhe"],"score":1238,"play_id":"d01f163e-fc95-467c-ba29-c77910757e9c","local_time":"20210129203338","is_ascension_mode":true,"campfire_choices":[{"data":"Blade Dance","floor":6.0,"key":"SMITH"},{"data":"Backstab","floor":8.0,"key":"SMITH"},{"data":"Wraith Form v2","floor":11.0,"key":"SMITH"},{"data":"Terror","floor":15.0,"key":"SMITH"},{"data":"Adrenaline","floor":23.0,"key":"SMITH"},{"data":"Footwork","floor":27.0,"key":"SMITH"},{"data":"Eviscerate","floor":30.0,"key":"SMITH"},{"data":"Well Laid Plans","floor":32.0,"key":"SMITH"},{"data":"After Image","floor":40.0,"key":"SMITH"},{"data":"Defend_G","floor":49,"key":"PURGE"}],"circlet_count":0,"master_deck":["AscendersBane","Defend_G","Defend_G","Defend_G","Survivor","Neutralize","Backstab+1","Blade Dance+1","Eviscerate+1","Wraith Form v2+1","Backflip","Terror+1","Adrenaline+1","Acrobatics+1","Deflect+1","Prepared+1","Escape Plan","Footwork+1","Choke","Well Laid Plans+1","After Image+1","Panache","Concentrate+1","Tactician+1","Backflip","Underhanded Strike","Caltrops","Tactician","Phantasmal Killer"],"relics":["Ring of the Snake","Thread and Needle","CultistMask","StoneCalendar","Ice Cream","Kunai","Astrolabe","Peace Pipe","Nunchaku","Anchor","Empty Cage","CeramicFish","Prayer Wheel","Question Card","Blue Candle","TungstenRod"],"acts_visited":["Exordium","TheCity","TheBeyond"],"potions_floor_usage":[46,50],"damage_taken":[{"damage":0.0,"enemies":"2 Louse","floor":1.0,"turns":3.0},{"damage":0.0,"enemies":"Cultist","floor":3.0,"turns":4.0},{"damage":0.0,"enemies":"Jaw Worm","floor":4.0,"turns":3.0},{"damage":0.0,"enemies":"3 Louse","floor":10.0,"turns":2.0},{"damage":21.0,"enemies":"3 Sentries","floor":12.0,"turns":7.0},{"damage":4.0,"enemies":"Blue Slaver","floor":13.0,"turns":3.0},{"damage":0.0,"enemies":"Looter","floor":14.0,"turns":2.0},{"damage":27.0,"enemies":"Slime Boss","floor":16.0,"turns":7.0},{"damage":1.0,"enemies":"Spheric Guardian","floor":18.0,"turns":4.0},{"damage":0.0,"enemies":"3 Byrds","floor":22.0,"turns":6.0},{"damage":0.0,"enemies":"Slavers","floor":24.0,"turns":7.0},{"damage":0.0,"enemies":"Cultist and Chosen","floor":25.0,"turns":4.0},{"damage":0.0,"enemies":"Snecko","floor":28.0,"turns":3.0},{"damage":0.0,"enemies":"Chosen and Byrds","floor":31.0,"turns":3.0},{"damage":18.0,"enemies":"Collector","floor":33.0,"turns":8.0},{"damage":0.0,"enemies":"Orb Walker","floor":35.0,"turns":3.0},{"damage":0.0,"enemies":"3 Shapes","floor":37.0,"turns":4.0},{"damage":0.0,"enemies":"Writhing Mass","floor":39.0,"turns":5.0},{"damage":0.0,"enemies":"Jaw Worm Horde","floor":41.0,"turns":3.0},{"damage":0.0,"enemies":"Sphere and 2 Shapes","floor":44.0,"turns":4.0},{"damage":0.0,"enemies":"Nemesis","floor":45.0,"turns":7.0},{"damage":3,"enemies":"2 Orb Walkers","floor":46,"turns":5},{"damage":0,"enemies":"Writhing Mass","floor":48,"turns":5},{"damage":35,"enemies":"Time Eater","floor":50,"turns":10}],"seed_played":"5976908815013715434","potions_obtained":[{"floor":4.0,"key":"Dexterity Potion"},{"floor":10.0,"key":"EssenceOfSteel"},{"floor":12.0,"key":"Swift Potion"},{"floor":18.0,"key":"SkillPotion"},{"floor":33.0,"key":"SkillPotion"},{"floor":41.0,"key":"FearPotion"},{"floor":44.0,"key":"PowerPotion"},{"floor":45.0,"key":"Fire Potion"}],"is_trial":false,"path_per_floor":["M","?","M","M","?","R","T","R","T","M","R","E","M","M","R","B",null,"M","?","?","$","M","R","E","M","T","R","M","?","R","M","R","B",null,"M","?","M","T","M","R","M","$","T","M","E","?","?","M","R","B",null],"character_chosen":"THE_SILENT","items_purchased":["Underhanded Strike","Caltrops","Prayer Wheel"],"campfire_rested":0,"item_purchase_floors":[42,42,42],"current_hp_per_floor":[59,59,59,59,66,66,66,66,66,66,66,45,41,41,41,14,53,52,52,52,52,52,52,52,52,52,52,52,52,52,52,52,34,58,58,58,58,58,58,58,58,58,58,58,58,55,55,55,55,20],"gold":183,"neow_bonus":"ONE_RARE_RELIC","is_daily":false,"chose_seed":false,"campfire_upgraded":9,"win_rate":0.0,"timestamp":1611920018,"path_taken":["M","?","M","?","?","R","?","R","T","M","R","E","M","M","R","BOSS","M","?","?","$","M","R","E","M","T","R","M","?","R","M","R","BOSS","M","?","M","?","M","R","M","$","T","M","E","?","?","?","R","BOSS"],"items_purchased_type":["Card","Card","Relic"],"build_version":"2020-12-22","purchased_purges":1,"victory":true,"max_hp_per_floor":[66,66,66,66,66,66,66,66,66,66,66,66,66,66,66,66,66,66,66,66,66,66,66,66,66,66,66,66,66,66,66,66,66,66,66,66,66,66,66,66,66,66,66,66,66,66,66,66,66,66],"card_choices":[{"not_picked":["Deadly Poison","PiercingWail"],"picked":"Backstab","floor":1.0},{"not_picked":["Backstab","Bane"],"picked":"Blade Dance","floor":3.0},{"not_picked":["Dodge and Roll","Leg Sweep"],"picked":"Eviscerate","floor":4.0},{"not_picked":["Deadly Poison","Prepared"],"picked":"Wraith Form v2","floor":10.0},{"not_picked":["Terror","Quick Slash"],"picked":"Backflip","floor":12.0},{"not_picked":["Infinite Blades","Caltrops"],"picked":"Terror","floor":13.0},{"not_picked":["Backstab","Sucker Punch"],"picked":"Dagger Throw","floor":14.0},{"not_picked":["Wraith Form v2","Night Terror"],"picked":"Adrenaline","floor":16.0},{"not_picked":["Flying Knee","Outmaneuver"],"picked":"Escape Plan","floor":18.0},{"not_picked":["Prepared","Cloak And Dagger","All Out Attack"],"picked":"SKIP","floor":22.0},{"not_picked":["Poisoned Stab","Deflect"],"picked":"Footwork","floor":24.0},{"not_picked":["Deadly Poison","Footwork+1","Bane"],"picked":"SKIP","floor":25.0},{"not_picked":["Deadly Poison","Dagger Spray"],"picked":"Choke","floor":28.0},{"not_picked":["Dagger Spray","Blade Dance"],"picked":"Well Laid Plans","floor":31.0},{"not_picked":["Night Terror","Envenom"],"picked":"After Image","floor":33.0},{"not_picked":["Outmaneuver","Blade Dance","Cloak And Dagger+1"],"picked":"SKIP","floor":35.0},{"not_picked":["Apotheosis","Secret Weapon"],"picked":"Panache","floor":36.0},{"not_picked":["Caltrops","Deadly Poison+1"],"picked":"Concentrate+1","floor":37.0},{"not_picked":["Accuracy+1","Bouncing Flask"],"picked":"Tactician+1","floor":39.0},{"not_picked":["Finisher","Footwork"],"picked":"Backflip","floor":41.0},{"not_picked":["Cloak And Dagger","Quick Slash","Dagger Throw","Heel Hook"],"picked":"SKIP","floor":44.0},{"not_picked":["Setup+1","Flying Knee","Dodge and Roll","Outmaneuver"],"picked":"SKIP","floor":44.0},{"not_picked":["Backflip","Cloak And Dagger+1","Underhanded Strike","Dagger Throw"],"picked":"SKIP","floor":45.0},{"not_picked":["Deflect+1","Flying Knee+1","Cloak And Dagger"],"picked":"Tactician","floor":46},{"not_picked":["Deadly Poison","Outmaneuver","Footwork"],"picked":"Phantasmal Killer","floor":48},{"not_picked":["Underhanded Strike+1","Cloak And Dagger+1","Deflect","Dodge and Roll"],"picked":"SKIP","floor":48}],"player_experience":311028,"relics_obtained":[{"floor":7.0,"key":"StoneCalendar"},{"floor":9.0,"key":"Ice Cream"},{"floor":12.0,"key":"Kunai"},{"floor":24.0,"key":"Nunchaku"},{"floor":26.0,"key":"Anchor"},{"floor":38.0,"key":"CeramicFish"},{"floor":43.0,"key":"Question Card"},{"floor":45.0,"key":"Blue Candle"},{"floor":46,"key":"TungstenRod"}],"event_choices":[{"damage_healed":0.0,"max_hp_gain":0.0,"max_hp_loss":0.0,"gold_gain":0.0,"event_name":"FaceTrader","player_choice":"Trade","floor":2.0,"gold_loss":0.0,"damage_taken":0.0,"relics_obtained":["CultistMask"]},{"damage_healed":16.0,"max_hp_gain":0.0,"max_hp_loss":0.0,"gold_gain":0.0,"event_name":"The Cleric","player_choice":"Healed","floor":5.0,"gold_loss":35.0,"damage_taken":0.0},{"cards_removed":["Defend_G"],"damage_healed":0.0,"max_hp_gain":0.0,"max_hp_loss":0.0,"gold_gain":0.0,"event_name":"Back to Basics","player_choice":"Elegance","floor":19.0,"gold_loss":0.0,"damage_taken":0.0},{"damage_healed":0.0,"max_hp_gain":0.0,"max_hp_loss":0.0,"gold_gain":0.0,"event_name":"The Mausoleum","player_choice":"Opened","floor":20.0,"gold_loss":0.0,"damage_taken":0.0,"relics_obtained":["Peace Pipe"],"cards_obtained":["Writhe"]},{"damage_healed":0.0,"max_hp_gain":0.0,"max_hp_loss":0.0,"gold_gain":99.0,"event_name":"Nest","player_choice":"Stole From Cult","floor":29.0,"gold_loss":0.0,"damage_taken":0.0},{"damage_healed":0.0,"max_hp_gain":0.0,"max_hp_loss":0.0,"gold_gain":0.0,"event_name":"SensoryStone","player_choice":"Memory 1","floor":36.0,"gold_loss":0.0,"damage_taken":0.0},{"damage_healed":0,"gold_gain":0,"player_choice":"Fight","damage_taken":0,"max_hp_gain":0,"max_hp_loss":0,"event_name":"Mysterious Sphere","floor":46,"gold_loss":0},{"cards_removed":["Dagger Throw"],"damage_healed":0,"gold_gain":0,"player_choice":"Removed Attack","damage_taken":0,"max_hp_gain":0,"max_hp_loss":0,"event_name":"Falling","floor":47,"gold_loss":0}],"is_beta":false,"boss_relics":[{"not_picked":["Calling Bell","SlaversCollar"],"picked":"Astrolabe"},{"not_picked":["Ring of the Serpent","Runic Dome"],"picked":"Empty Cage"}],"items_purged_floors":[21],"is_endless":false,"potions_floor_spawned":[4,10,12,14,18,28,33,41,44,45],"ascension_level":14}}