{"host":"3azvxbhvx7nk2p5g","time":1611939016,"event":{"mods":["BaseMod","Koishi","Minty Spire (QoL Compilation)","StSLib"],"gold_per_floor":[210,226,226,226,301,301,318,365,365,365,11,24,35,35,35,139,139,152,152,65,65,65,97,109,121,133,38,38,56,70,88,88,184,184,194,194,204,224,224,224,499,243,243,274,629,645,655,592,592,592],"floor_reached":51,"language":"ZHS","playtime":2634,"items_purged":["Koishi:BasicStrike","Regret"],"score":783,"play_id":"341dc859-58fd-4571-a968-95629fa123e7","local_time":"20210130005016","is_ascension_mode":false,"campfire_choices":[{"data":"Koishi:HauntingSlash","floor":10.0,"key":"SMITH"},{"data":"Koishi:Untouchable","floor":15.0,"key":"SMITH"},{"floor":24.0,"key":"REST"},{"data":"Koishi:FreudianInstinct","floor":28,"key":"SMITH"},{"floor":32,"key":"REST"},{"data":"Madness","floor":40,"key":"SMITH"},{"floor":49,"key":"REST"}],"circlet_count":0,"master_deck":["Koishi:BasicDefend","Koishi:Provoke","Koishi:HauntingSlash+1","Koishi:Prune","Koishi:SubconsciousSweep","Koishi:SubterraneanRose","Koishi:LastRemote","Koishi:SubconsciousSweep","Koishi:Untouchable+1","Koishi:GrowingPain","Koishi:EmbersOfLove+1","Koishi:UnconsciousUrges+1","Koishi:SubterraneanRose","Koishi:UnconsciousUrges","Koishi:ParalyzingFear","Koishi:SubconsciousSweep","Koishi:UnconsciousUprising","Koishi:FreudianInstinct+1","Koishi:IdleWhim+1","Koishi:SprinkleStarAndHeart+1","Koishi:RoseHell","CurseOfTheBell","Koishi:FadingMemory","Koishi:SprinkleStarAndHeart","Koishi:GeneticsOfTheUnconscious+1","Madness+1","Madness","Koishi:SubconsciousSweep","Koishi:HeartAttack+1","Koishi:SuperEgo","Koishi:LastRemote+1"],"relics":["Koishi:ImaginaryFriend","Koishi:LettersToReimu","Sundial","MealTicket","Juzu Bracelet","Medical Kit","Runic Pyramid","MawBank","Calling Bell","Boot","Pear","Koishi:ImperfectMetamorphosis","Chemical X","Bag of Marbles","FossilizedHelix","Old Coin","Orichalcum"],"acts_visited":["Exordium","TheCity","TheBeyond"],"potions_floor_usage":[38,46],"damage_taken":[{"damage":0.0,"enemies":"Jaw Worm","floor":1.0,"turns":7.0},{"damage":2.0,"enemies":"Small Slimes","floor":2.0,"turns":4.0},{"damage":0.0,"enemies":"2 Louse","floor":7.0,"turns":3.0},{"damage":3.0,"enemies":"Large Slime","floor":12.0,"turns":5.0},{"damage":8.0,"enemies":"Exordium Thugs","floor":13.0,"turns":4.0},{"damage":32.0,"enemies":"Slime Boss","floor":16.0,"turns":14.0},{"damage":20.0,"enemies":"3 Byrds","floor":18.0,"turns":5.0},{"damage":43.0,"enemies":"Slavers","floor":23.0,"turns":5.0},{"damage":7,"enemies":"Shell Parasite","floor":29,"turns":5},{"damage":6,"enemies":"Centurion and Healer","floor":30,"turns":7},{"damage":4,"enemies":"Chosen and Byrds","floor":31,"turns":5},{"damage":15,"enemies":"Champ","floor":33,"turns":13},{"damage":16,"enemies":"Orb Walker","floor":35,"turns":4},{"damage":0,"enemies":"3 Shapes","floor":37,"turns":4},{"damage":4,"enemies":"Transient","floor":38,"turns":5},{"damage":0,"enemies":"Giant Head","floor":44,"turns":8},{"damage":39,"enemies":"2 Orb Walkers","floor":45,"turns":5},{"damage":14,"enemies":"Writhing Mass","floor":46,"turns":3},{"damage":15,"enemies":"Jaw Worm Horde","floor":47,"turns":3},{"damage":14,"enemies":"Donu and Deca","floor":50,"turns":8}],"seed_played":"1136670623043616638","potions_obtained":[{"floor":1.0,"key":"Dexterity Potion"},{"floor":16.0,"key":"Swift Potion"},{"floor":18.0,"key":"DuplicationPotion"},{"floor":29,"key":"ColorlessPotion"},{"floor":44,"key":"SpeedPotion"},{"floor":45,"key":"FairyPotion"},{"floor":47,"key":"DuplicationPotion"}],"is_trial":false,"path_per_floor":["M","M","?","?","?","T","M","T","T","R","$","M","M","$","R","B",null,"M","?","$","?","?","E","R","?","T","$","R","M","M","M","R","B",null,"M","?","M","M","?","R","?","$","T","E","?","M","M","?","R","B",null],"character_chosen":"KOISHI","items_purchased":["Koishi:SubterraneanRose","Koishi:LastRemote","Medical Kit","Koishi:UnconsciousUrges","Koishi:SubterraneanRose","Koishi:UnconsciousUprising","Koishi:FreudianInstinct","Chemical X"],"campfire_rested":3,"item_purchase_floors":[11,11,11,20,20,27,27,42],"current_hp_per_floor":[60,58,40,33,22,22,22,22,22,22,37,34,28,43,43,13,60,42,42,57,57,57,16,34,34,34,49,49,46,44,42,60,45,70,56,47,47,45,45,45,45,60,60,62,25,11,20,20,41,29],"gold":592,"neow_bonus":"HUNDRED_GOLD","is_daily":false,"chose_seed":false,"campfire_upgraded":4,"win_rate":0.0,"timestamp":1611939016,"path_taken":["M","M","?","?","?","?","M","?","T","R","$","M","M","?","R","BOSS","BOSS","M","?","?","?","?","E","R","?","T","?","R","M","M","M","R","BOSS","M","?","M","M","?","R","?","$","T","E","?","M","M","?","R","BOSS"],"items_purchased_type":["Card","Card","Relic","Card","Card","Card","Card","Relic"],"build_version":"2020-12-22","purchased_purges":2,"victory":true,"max_hp_per_floor":[60,60,60,60,60,60,60,60,60,60,60,60,60,60,60,60,60,60,60,60,60,60,60,60,60,60,60,60,60,60,60,60,60,70,70,70,70,70,70,70,70,70,70,70,70,70,70,70,70,70],"card_choices":[{"not_picked":["Koishi:Jaunt","Koishi:PhantomBarrier"],"picked":"Koishi:Prune","floor":1.0},{"not_picked":["Koishi:HeartfeltFancy","Koishi:EmbryosDream","Koishi:UnansweredLove"],"picked":"SKIP","floor":2.0},{"not_picked":["Koishi:CatchAndRose","Koishi:FidgetySnatcher"],"picked":"Koishi:SubconsciousSweep","floor":7.0},{"not_picked":["Koishi:RacingHeart","Koishi:PhantomBarrier"],"picked":"Koishi:SubconsciousSweep","floor":12.0},{"not_picked":["Koishi:CatchAndRose","Koishi:EmbryosDream"],"picked":"Koishi:Untouchable","floor":13.0},{"not_picked":["Koishi:ConfinedInnocent","Koishi:FormlessExistence"],"picked":"Koishi:GrowingPain","floor":16.0},{"not_picked":["Koishi:UnseenTerror","Koishi:DanmakuParanoia"],"picked":"Koishi:EmbersOfLove","floor":18.0},{"not_picked":["Koishi:DreadfulBlow","Koishi:StingingMind"],"picked":"Koishi:SubconsciousSweep","floor":23.0},{"not_picked":["Koishi:EmbryosDream","Koishi:CatchAndRose"],"picked":"Koishi:IdleWhim+1","floor":29},{"not_picked":["Koishi:StrangeCloudFist","Koishi:GhostParty"],"picked":"Koishi:SprinkleStarAndHeart+1","floor":30},{"not_picked":["Koishi:StrangeCloudFist","Koishi:PhantomBarrier","Koishi:FourthEye"],"picked":"SKIP","floor":31},{"not_picked":["Koishi:SuperEgo","Koishi:FormlessExistence"],"picked":"Koishi:RoseHell","floor":33},{"not_picked":["Koishi:Untouchable+1","Koishi:DNAsFlaw+1"],"picked":"Koishi:GeneticsOfTheUnconscious+1","floor":35},{"not_picked":["Koishi:TraumaticStroke+1","Koishi:PhantomStrike+1","Koishi:FleetingPhantom"],"picked":"SKIP","floor":37},{"not_picked":["Koishi:FidgetySnatcher","Koishi:StingingMind"],"picked":"Koishi:SubconsciousSweep","floor":38},{"not_picked":["Koishi:BloodcurdlingScream+1","Koishi:SpiritedAway+1"],"picked":"Koishi:HeartAttack+1","floor":44},{"not_picked":["Koishi:Untouchable+1","Koishi:FourthEye+1"],"picked":"Koishi:SuperEgo","floor":46},{"not_picked":["Koishi:UnansweredLove+1","Koishi:UnconsciousUprising+1"],"picked":"Koishi:LastRemote+1","floor":47}],"player_experience":49350,"relics_obtained":[{"floor":6.0,"key":"Sundial"},{"floor":8.0,"key":"MealTicket"},{"floor":9.0,"key":"Juzu Bracelet"},{"floor":23.0,"key":"MawBank"},{"floor":34,"key":"Boot"},{"floor":34,"key":"Pear"},{"floor":34,"key":"Koishi:ImperfectMetamorphosis"},{"floor":43,"key":"Bag of Marbles"},{"floor":44,"key":"FossilizedHelix"},{"floor":45,"key":"Old Coin"}],"event_choices":[{"damage_healed":0.0,"max_hp_gain":0.0,"max_hp_loss":0.0,"gold_gain":0.0,"event_name":"Scrap Ooze","player_choice":"Success","floor":3.0,"gold_loss":0.0,"damage_taken":18.0,"relics_obtained":["Koishi:LettersToReimu"]},{"cards_removed":["Koishi:BasicStrike"],"damage_healed":0.0,"max_hp_gain":0.0,"max_hp_loss":0.0,"gold_gain":0.0,"event_name":"Golden Wing","player_choice":"Card Removal","floor":4.0,"gold_loss":0.0,"damage_taken":7.0},{"damage_healed":0.0,"max_hp_gain":0.0,"max_hp_loss":0.0,"gold_gain":75.0,"event_name":"World of Goop","player_choice":"Gather Gold","floor":5.0,"gold_loss":0.0,"damage_taken":11.0},{"damage_healed":0.0,"max_hp_gain":0.0,"max_hp_loss":0.0,"gold_gain":0.0,"event_name":"Accursed Blacksmith","player_choice":"Forge","floor":19.0,"gold_loss":0.0,"damage_taken":0.0,"cards_upgraded":["Koishi:EmbersOfLove"]},{"damage_healed":0.0,"max_hp_gain":0.0,"max_hp_loss":0.0,"gold_gain":0.0,"cards_transformed":["Koishi:BasicStrike","Koishi:BasicStrike"],"event_name":"Drug Dealer","player_choice":"Became Test Subject","floor":21.0,"gold_loss":0.0,"damage_taken":0.0,"cards_obtained":["Koishi:UnconsciousUrges","Koishi:ParalyzingFear"]},{"damage_healed":0.0,"max_hp_gain":0.0,"max_hp_loss":0.0,"gold_gain":0.0,"event_name":"Upgrade Shrine","player_choice":"Upgraded","floor":22.0,"gold_loss":0.0,"damage_taken":0.0,"cards_upgraded":["Koishi:UnconsciousUrges"]},{"cards_removed":["Koishi:BasicDefend"],"damage_healed":0,"gold_gain":0,"player_choice":"Purged","damage_taken":0,"max_hp_gain":0,"max_hp_loss":0,"event_name":"Purifier","floor":25,"gold_loss":0},{"damage_healed":0,"gold_gain":0,"player_choice":"Embrace Madness","damage_taken":9,"max_hp_gain":0,"max_hp_loss":0,"event_name":"Winding Halls","floor":36,"gold_loss":0,"cards_obtained":["Madness","Madness"]},{"damage_healed":0,"gold_gain":0,"player_choice":"Ignored","damage_taken":0,"max_hp_gain":0,"max_hp_loss":0,"event_name":"Tomb of Lord Red Mask","floor":39,"gold_loss":0},{"damage_healed":0,"gold_gain":275,"player_choice":"Desecrate","damage_taken":0,"max_hp_gain":0,"max_hp_loss":0,"event_name":"Golden Shrine","floor":41,"gold_loss":0,"cards_obtained":["Regret"]},{"damage_healed":0,"gold_gain":0,"player_choice":"Fight","damage_taken":0,"max_hp_gain":0,"max_hp_loss":0,"event_name":"Mysterious Sphere","floor":45,"gold_loss":0},{"damage_healed":0,"gold_gain":0,"player_choice":"Paid Gold","damage_taken":0,"relics_obtained":["Orichalcum"],"max_hp_gain":0,"max_hp_loss":0,"event_name":"WeMeetAgain","floor":48,"gold_loss":63}],"is_beta":false,"boss_relics":[{"not_picked":["SacredBark","Ectoplasm"],"picked":"Runic Pyramid"},{"not_picked":["Tiny House","Fusion Hammer"],"picked":"Calling Bell"}],"items_purged_floors":[11,42],"is_endless":false,"potions_floor_spawned":[1,16,18,29,30,37,44,45,47],"ascension_level":0}}