{"host":"zaw2ll3ecp1xl5l4","time":1611954141,"event":{"mods":["BaseMod","Minty Spire (QoL Compilation)"],"gold_per_floor":[112,112,66,83,45,45,45,45,123,133,133,144,157,167,167,167,167],"floor_reached":16,"language":"POL","playtime":431,"items_purged":[],"score":92,"play_id":"ddb3d872-4e26-4a53-803b-38b9d2cc64f8","local_time":"20210129220221","is_ascension_mode":false,"campfire_choices":[{"data":"Backflip","floor":6,"key":"SMITH"},{"data":"Footwork","floor":8,"key":"SMITH"},{"data":"Neutralize","floor":11,"key":"SMITH"},{"data":"Terror","floor":15,"key":"SMITH"}],"circlet_count":0,"master_deck":["Strike_G","Strike_G","Strike_G","Strike_G","Strike_G","Defend_G","Defend_G","Defend_G","Defend_G","Defend_G","Survivor+1","Neutralize+1","Footwork+1","Backflip+1","Flying Knee","Infinite Blades","Escape Plan","Infinite Blades","Dagger Throw","Terror+1"],"relics":["Ring of the Snake","Blood Vial","Matryoshka","Art of War","StrikeDummy"],"acts_visited":["Exordium"],"potions_floor_usage":[12],"damage_taken":[{"damage":0,"enemies":"Cultist","floor":1,"turns":4},{"damage":1,"enemies":"Small Slimes","floor":4,"turns":4},{"damage":0,"enemies":"Jaw Worm","floor":10,"turns":3},{"damage":0,"enemies":"Large Slime","floor":12,"turns":5},{"damage":23,"enemies":"Exordium Thugs","floor":13,"turns":5},{"damage":1,"enemies":"Blue Slaver","floor":14,"turns":3},{"damage":0,"enemies":"Slime Boss","floor":16,"turns":3}],"seed_played":"1472265033603436268","potions_obtained":[{"floor":1,"key":"Poison Potion"},{"floor":10,"key":"BlessingOfTheForge"},{"floor":13,"key":"EssenceOfSteel"}],"is_trial":false,"path_per_floor":["M","?","$","M","$","R","?","R","T","M","R","M","M","M","R","B"],"character_chosen":"THE_SILENT","items_purchased":["Backflip","Infinite Blades"],"campfire_rested":0,"item_purchase_floors":[3,5],"current_hp_per_floor":[70,70,70,69,69,69,69,69,69,70,70,70,47,48,48,50,50],"gold":167,"neow_bonus":"RANDOM_COMMON_RELIC","is_daily":false,"chose_seed":false,"campfire_upgraded":4,"win_rate":0.0,"timestamp":1611954141,"path_taken":["M","?","$","M","$","R","?","R","T","M","R","?","M","M","R","BOSS"],"items_purchased_type":["Card","Card"],"build_version":"2020-12-22","purchased_purges":0,"victory":false,"max_hp_per_floor":[70,70,70,70,70,70,70,70,70,70,70,70,70,70,70,70,70],"card_choices":[{"not_picked":["Deflect","Slice"],"picked":"Footwork","floor":1},{"not_picked":["Sucker Punch","Slice"],"picked":"Flying Knee","floor":4},{"not_picked":["Tactician","Slice"],"picked":"Escape Plan","floor":10},{"not_picked":["Noxious Fumes","PiercingWail"],"picked":"Infinite Blades","floor":12},{"not_picked":["Dodge and Roll","Noxious Fumes"],"picked":"Dagger Throw","floor":13},{"not_picked":["Outmaneuver","Dagger Spray"],"picked":"Terror","floor":14}],"player_experience":194993,"relics_obtained":[{"floor":9,"key":"Art of War"},{"floor":9,"key":"StrikeDummy"}],"event_choices":[{"damage_healed":0,"gold_gain":0,"player_choice":"Grow","damage_taken":0,"max_hp_gain":0,"max_hp_loss":0,"event_name":"Living Wall","floor":2,"gold_loss":0,"cards_upgraded":["Survivor"]},{"damage_healed":0,"gold_gain":0,"player_choice":"Gave Potion","damage_taken":0,"relics_obtained":["Matryoshka"],"max_hp_gain":0,"max_hp_loss":0,"event_name":"WeMeetAgain","floor":7,"gold_loss":0}],"is_beta":false,"boss_relics":[],"items_purged_floors":[],"is_endless":false,"potions_floor_spawned":[1,10,13],"killed_by":"Slime Boss","ascension_level":0}}