{"host":"a4ifeplrx8vfq4u5","time":1611950094,"event":{"mods":["BaseMod","Beaked The Cultist","Better Third Choice","Colored Map","Conspire","Downfall","Marisa????????","Minty Spire (QoL Compilation)","Random Character Button","Rare Cards Sparkle","Replay The Spire","StSLib","The Cursed","The Hierophant","The Servant 0.9.4"],"gold_per_floor":[117,127,146,146,146,146,18,18,44,58,74,74,74,74,74,173,173,188,202,102,102,114,114,132,132,132,132,146,158,168,43,43,147,147,162,162,12,25,25,25,45,90,90,90,90,90,107,122,122,122,122],"floor_reached":50,"language":"ENG","playtime":3720,"items_purged":["conspire:GhostlyStrike","conspire:GhostlyStrike","conspire:GhostlyDefend","All For One"],"score":484,"play_id":"fb580243-51db-4838-bf2e-d62c210d8577","local_time":"20210129195454","is_ascension_mode":false,"campfire_choices":[{"data":"Zap","floor":6,"key":"SMITH"},{"data":"Dualcast","floor":8,"key":"SMITH"},{"data":"Buffer","floor":12,"key":"SMITH"},{"data":"Static Discharge","floor":15,"key":"SMITH"},{"data":"ReplayRNGCard","floor":23,"key":"SMITH"},{"data":"Skim","floor":27,"key":"SMITH"},{"data":"Conserve Battery","floor":32,"key":"SMITH"},{"floor":44,"key":"REST"},{"data":"Mirror Shield","floor":46,"key":"SMITH"},{"data":"ReplayGash","floor":49,"key":"SMITH"}],"circlet_count":0,"master_deck":["conspire:GhostlyStrike","conspire:GhostlyDefend","conspire:GhostlyDefend","conspire:GhostlyDefend","Zap+1","Dualcast+1","Buffer+1","Skim+1","Gash","Cold Snap","Gash","ReplayGash+1","Static Discharge+1","ReplayRNGCard+1","Conserve Battery+1","Conserve Battery+1","Gash+1","Mirror Shield+1","Parasite"],"relics":["Cracked Core","Anchor","conspire:SpecialSausage","Onion Ring","Velvet Choker","Girya","Question Card"],"acts_visited":["Exordium","TheCity","TheBeyond"],"potions_floor_usage":[22,42,50,50,50],"damage_taken":[{"damage":5,"enemies":"Small Slimes","floor":1,"turns":4},{"damage":1,"enemies":"Cultist","floor":2,"turns":3},{"damage":1,"enemies":"Jaw Worm","floor":3,"turns":4},{"damage":0,"enemies":"Large Slime","floor":10,"turns":5},{"damage":0,"enemies":"2 Fungi Beasts","floor":11,"turns":3},{"damage":0,"enemies":"Slime Boss","floor":16,"turns":7},{"damage":0,"enemies":"conspire:FuzzyDice","floor":18,"turns":6},{"damage":0,"enemies":"Chosen","floor":19,"turns":4},{"damage":4,"enemies":"Centurion and Healer","floor":22,"turns":7},{"damage":0,"enemies":"Snecko","floor":24,"turns":5},{"damage":0,"enemies":"Sentry and Sphere","floor":28,"turns":6},{"damage":0,"enemies":"Shelled Parasite and Fungi","floor":29,"turns":3},{"damage":0,"enemies":"conspire:HollyBat","floor":30,"turns":8},{"damage":51,"enemies":"Collector","floor":33,"turns":8},{"damage":2,"enemies":"3 Darklings","floor":35,"turns":5},{"damage":0,"enemies":"Orb Walker","floor":38,"turns":3},{"damage":20,"enemies":"Spire Growth","floor":41,"turns":5},{"damage":26,"enemies":"2 Orb Walkers","floor":42,"turns":5},{"damage":0,"enemies":"3 Darklings","floor":47,"turns":5},{"damage":0,"enemies":"Writhing Mass","floor":48,"turns":5},{"damage":52,"enemies":"conspire:OrnateMirror","floor":50,"turns":7}],"seed_played":"8769059826530811791","potions_obtained":[{"floor":2,"key":"SteroidPotion"},{"floor":3,"key":"SpeedPotion"},{"floor":19,"key":"Dexterity Potion"},{"floor":24,"key":"LiquidBronze"},{"floor":30,"key":"Dexterity Potion"},{"floor":42,"key":"Flashbang"}],"is_trial":false,"path_per_floor":["M","M","M","?","?","R","$","R","T","M","M","R","?","$","R","B",null,"M","M","$","?","M","R","M","?","T","R","M","M","M","$","R","B",null,"M","?","$","M","?","$","M","?","T","R","?","R","M","M","R","B"],"character_chosen":"DEFECT","items_purchased":["Gash"],"campfire_rested":1,"item_purchase_floors":[7],"current_hp_per_floor":[70,69,68,68,68,68,68,68,68,68,68,68,68,68,68,68,75,75,75,75,75,71,71,71,57,57,57,57,57,57,57,57,6,80,78,76,76,76,76,76,56,30,30,52,52,52,52,52,52,0,0],"gold":122,"neow_bonus":"ONE_RANDOM_RARE_CARD","is_daily":false,"chose_seed":false,"campfire_upgraded":9,"win_rate":0.0,"timestamp":1611950094,"path_taken":["M","M","M","?","?","R","$","R","T","M","?","R","?","$","R","BOSS","M","M","$","?","M","R","M","?","T","R","M","M","M","$","R","BOSS","M","?","$","M","?","$","M","?","T","R","?","R","?","?","R","BOSS"],"items_purchased_type":["Card"],"build_version":"2020-12-22","purchased_purges":4,"victory":false,"max_hp_per_floor":[75,75,75,75,75,75,75,75,75,75,75,75,75,75,75,75,75,75,75,75,75,75,75,75,80,80,80,80,80,80,80,80,80,80,80,76,76,76,76,76,76,76,76,76,76,76,76,76,76,76,76],"card_choices":[{"not_picked":["Sweeping Beam","Sunder"],"picked":"Skim","floor":1},{"not_picked":["Aggregate","Panic Button"],"picked":"Gash","floor":2},{"not_picked":["Ball Lightning","Redo"],"picked":"Cold Snap","floor":3},{"not_picked":["Undo","Sweeping Beam"],"picked":"ReplayGash","floor":10},{"not_picked":["Fusion","Go for the Eyes"],"picked":"Static Discharge","floor":11},{"not_picked":["Core Surge","Amplify"],"picked":"ReplayRNGCard","floor":16},{"not_picked":["Consume","Streamline+1","Ball Lightning"],"picked":"SKIP","floor":18},{"not_picked":["Compile Driver","Steam","BasicCrystalCard"],"picked":"SKIP","floor":19},{"not_picked":["Double Energy","Self Repair"],"picked":"Conserve Battery","floor":22},{"not_picked":["Go for the Eyes+1","Recycle+1","Self Repair"],"picked":"SKIP","floor":24},{"not_picked":["Cold Snap+1","BasicCrystalCard","Panic Button+1"],"picked":"SKIP","floor":28},{"not_picked":["Consume","ReplayTheSpireMod:System Scan"],"picked":"Conserve Battery+1","floor":29},{"not_picked":["ReplaySolidLightProjector","Sweeping Beam"],"picked":"Gash+1","floor":30},{"not_picked":["ReplayTheSpireMod:Fabricate Wheel","Creative AI"],"picked":"All For One","floor":33},{"not_picked":["Conserve Battery","Panic Button","Turbo"],"picked":"SKIP","floor":35},{"not_picked":["Force Field","BasicCrystalCard+1","Panic Button+1"],"picked":"SKIP","floor":38},{"not_picked":["Stack+1","Sunder+1","Streamline+1"],"picked":"SKIP","floor":41},{"not_picked":["Rebound+1","ReplaySort"],"picked":"Mirror Shield","floor":42},{"not_picked":["Panic Button+1","Steam","Gash","Conserve Battery+1"],"picked":"SKIP","floor":47},{"not_picked":["Redo+1","Sweeping Beam+1","ReplaySort","Consume+1"],"picked":"SKIP","floor":48}],"player_experience":421840,"relics_obtained":[{"floor":9,"key":"Anchor"},{"floor":26,"key":"Onion Ring"},{"floor":42,"key":"Girya"},{"floor":43,"key":"Question Card"}],"event_choices":[{"damage_healed":0,"gold_gain":0,"player_choice":"Agree","damage_taken":0,"max_hp_gain":0,"max_hp_loss":0,"event_name":"conspire:LoneGhost","floor":4,"gold_loss":0},{"cards_removed":["conspire:GhostlyStrike"],"damage_healed":0,"gold_gain":0,"player_choice":"Purged","damage_taken":0,"max_hp_gain":0,"max_hp_loss":0,"event_name":"Purifier","floor":5,"gold_loss":0},{"damage_healed":0,"gold_gain":0,"player_choice":"Leave","damage_taken":0,"max_hp_gain":0,"max_hp_loss":0,"event_name":"conspire:Investor","floor":13,"gold_loss":0},{"damage_healed":0,"gold_gain":0,"player_choice":"Ignored","damage_taken":0,"max_hp_gain":0,"max_hp_loss":0,"event_name":"Vampires","floor":21,"gold_loss":0},{"damage_healed":0,"gold_gain":0,"player_choice":"Shed Blood","damage_taken":19,"max_hp_gain":5,"max_hp_loss":0,"event_name":"Forgotten Altar","floor":25,"gold_loss":0},{"damage_healed":0,"gold_gain":0,"player_choice":"Max HP","damage_taken":0,"max_hp_gain":0,"max_hp_loss":4,"event_name":"Winding Halls","floor":36,"gold_loss":0},{"damage_healed":0,"gold_gain":0,"player_choice":"Memory 1","damage_taken":0,"max_hp_gain":0,"max_hp_loss":0,"event_name":"SensoryStone","floor":39,"gold_loss":0},{"damage_healed":0,"gold_gain":0,"player_choice":"Fight","damage_taken":0,"max_hp_gain":0,"max_hp_loss":0,"event_name":"Mysterious Sphere","floor":42,"gold_loss":0},{"damage_healed":0,"gold_gain":0,"player_choice":"Ignored","damage_taken":0,"max_hp_gain":0,"max_hp_loss":0,"event_name":"betterThird:BetterPortal","floor":45,"gold_loss":0}],"is_beta":false,"boss_relics":[{"not_picked":["Runic Pyramid","Replay:Bronze Core"],"picked":"conspire:SpecialSausage"},{"not_picked":["bronze:MakeshiftBattery","Replay:Grab Bag"],"picked":"Velvet Choker"}],"items_purged_floors":[7,20,31,37],"is_endless":false,"potions_floor_spawned":[2,3,19,24,30,33,38,41,42],"killed_by":"conspire:OrnateMirror","ascension_level":0}}