{"host":"3fsg94jzvcky9b5u","time":1611894838,"event":{"mods":["2.2 Compatiblity","AchievementEnabler","BaseMod","Better Third Choice","Colored Powertips","Downfall","Hermit","MarisaÅiñ∂âJÅ@ñÇóùçπÅj","Minty Spire (QoL Compilation)","Rare Cards Sparkle","Shop Mod","StSLib","The Cursed","The Disciple","The Hierophant","The Servant 0.9.4"],"gold_per_floor":[99,114,114,126,126,58,58,72,72,88,98,98,98,198,208,307,307,107,121,113,113,113,113],"floor_reached":21,"language":"ENG","playtime":1409,"items_purged":[],"score":194,"play_id":"8a3bfc7c-3b64-4c30-89e3-c1bd3e380026","local_time":"20210129123358","is_ascension_mode":false,"campfire_choices":[{"floor":1,"key":"RECALL"},{"floor":9,"key":"REST"},{"floor":12,"key":"REST"},{"floor":18,"key":"REST"}],"circlet_count":0,"master_deck":["hexamod:Strike","hexamod:Strike","hexamod:Strike","hexamod:Strike","hexamod:Defend","hexamod:Defend","hexamod:Defend","hexamod:Defend","hexamod:Sear","hexamod:Float","hexamod:FastForward","hexamod:Sear","hexamod:NightmareStrike","hexamod:InspiringFlames","hexamod:HeatMetal","hexamod:CatchUp","hexamod:DynamicBlow","hexamod:WildfireWeapon","hexamod:FirstSeal","hexamod:HexaLevel","hexamod:Firestarter+1","hexamod:SecondSeal","hexamod:FourthSeal"],"relics":["Runic Pyramid","hexamod:InflammatoryLetter","Fusion Hammer","downfall:HeartBlessingRed","downfall:HeartBlessingBlue"],"acts_visited":["Exordium","TheCity"],"potions_floor_usage":[],"damage_taken":[{"damage":6,"enemies":"Jaw Worm","floor":2,"turns":3},{"damage":5,"enemies":"Cultist","floor":4,"turns":4},{"damage":0,"enemies":"downfall:FleeingMerchant","floor":6,"turns":4},{"damage":12,"enemies":"2 Louse","floor":8,"turns":3},{"damage":27,"enemies":"Lots of Slimes","floor":10,"turns":4},{"damage":23,"enemies":"Gremlin Gang","floor":11,"turns":6},{"damage":20,"enemies":"Exordium Thugs","floor":15,"turns":4},{"damage":23,"enemies":"IC_STATUS_ARCHETYPE","floor":16,"turns":7},{"damage":45,"enemies":"3 Byrds","floor":19,"turns":5},{"damage":15,"enemies":"Snecko","floor":21,"turns":3}],"seed_played":"2703444680317241621","potions_obtained":[{"floor":4,"key":"EntropicBrew"},{"floor":8,"key":"hexamod:SoulburnPotion"},{"floor":11,"key":"GamblersBrew"},{"floor":16,"key":"Ancient Potion"}],"is_trial":false,"path_per_floor":["R","M","?","M","?","$","T","M","R","M","M","R","T","?","M","B",null,"R","M","?","M"],"character_chosen":"THE_SPIRIT","items_purchased":["hexamod:HeatMetal"],"campfire_rested":3,"item_purchase_floors":[6],"current_hp_per_floor":[70,64,64,59,64,64,64,52,74,47,24,46,46,46,26,3,75,85,47,47,32,32,32],"gold":113,"neow_bonus":"BOSS_RELIC","is_daily":false,"chose_seed":false,"campfire_upgraded":0,"win_rate":0.0,"timestamp":1611894838,"path_taken":["R","M","?","?","?","$","T","M","R","M","M","R","?","?","M","BOSS","R","M","?","M"],"items_purchased_type":["Card"],"build_version":"2020-12-22","purchased_purges":0,"victory":false,"max_hp_per_floor":[70,70,70,70,75,75,75,75,75,75,75,75,75,75,75,75,75,85,85,85,85,85,85],"card_choices":[{"not_picked":["hexamod:BurningTouch","hexamod:AdvancingGuard"],"picked":"hexamod:FastForward","floor":2},{"not_picked":["hexamod:BurningTouch","hexamod:RecurringNightmare"],"picked":"hexamod:NightmareStrike","floor":4},{"not_picked":["hexamod:ShieldOfDarkness","hexamod:Firestarter"],"picked":"hexamod:InspiringFlames","floor":6},{"not_picked":["hexamod:PhantomCloak","hexamod:ShieldOfDarkness"],"picked":"hexamod:CatchUp","floor":8},{"not_picked":["hexamod:ThermalTransfer","hexamod:FastForward"],"picked":"hexamod:DynamicBlow","floor":10},{"not_picked":["hexamod:BurningTouch","hexamod:StepThrough"],"picked":"hexamod:WildfireWeapon","floor":11},{"not_picked":["hexamod:Hexaguard","hexamod:SwordOfDarkness"],"picked":"hexamod:FirstSeal","floor":15},{"not_picked":["hexamod:TimeWarp","hexamod:WildfireWeapon"],"picked":"hexamod:HexaLevel","floor":16},{"not_picked":["hexamod:BurningTouch","hexamod:GhostOfSpireFuture"],"picked":"hexamod:Firestarter+1","floor":19}],"player_experience":86767,"relics_obtained":[{"floor":13,"key":"hexamod:InflammatoryLetter"}],"event_choices":[{"damage_healed":0,"gold_gain":0,"player_choice":"Donut","damage_taken":0,"max_hp_gain":5,"max_hp_loss":0,"event_name":"Big Fish","floor":5,"gold_loss":0}],"is_beta":false,"boss_relics":[{"not_picked":["Tiny House","Astrolabe"],"picked":"Fusion Hammer"}],"items_purged_floors":[],"is_endless":false,"potions_floor_spawned":[4,8,11,16,19],"killed_by":"Snecko","ascension_level":0}}