{"host":"htqwg582tjjtn9p7","time":1611949100,"event":{"mods":["2.2 Compatiblity","AchievementEnabler","Act Like it!","Aspiration","BaseMod","Better Third Choice","Colored Map","Conspire","Curses Come First","Displayed Cursed Tome","Energized Spire","Force Act Four","Fox Events","GifTheSpireLib","Hermit","Highlight Path","JesterMod","Mad Scientist","Minty Spire (QoL Compilation)","Pale of the Ancients","Permanent Neow","Random Character Button","Relic Stats","Reliquary","Replay The Spire","Robot Space Explorer","Somnambulant","Spicy Shops","Spikes Relics","StS++","StSLib","Stuff the Spire","The Blue Laboratory","The Bug Knight","The Forsaken","The Gatherer","The Judge","The Jungle","The Marked","The Runesmith","The Servant 0.9.4","TheSurvivalist","Uncapped"],"gold_per_floor":[117,204,215,233,251,276,276,305,305,305,315,329,329,349,349,452,452,452,452,452,452,452,452,452],"floor_reached":23,"language":"ENG","playtime":932,"items_purged":[],"score":297,"play_id":"bb28c5f3-8d14-4958-b2e5-25a31684f384","local_time":"20210129203820","is_ascension_mode":true,"campfire_choices":[{"floor":7,"key":"REST"},{"floor":13,"key":"REST"},{"floor":15,"key":"REST"}],"circlet_count":0,"master_deck":["Strike_P","Strike_P","Strike_P","Strike_P","Defend_P","Defend_P","Defend_P","Defend_P","Eruption","Vigilance","Replay:LoomingThreat","CarveReality","ReplayTheSpireMod:Splinters","Perseverance","SandsOfTime","SandsOfTime","Protect","SandsOfTime","ClearTheMind","Injury","Study","Establishment","ReachHeaven+1","Pot Of Greed","Pot Of Greed","J.A.X.","Pot Of Greed"],"relics":["PureWater","Dream Catcher","StrikeDummy","Rawhide","Molten Egg 2","Ectoplasm","Grinning Jar"],"acts_visited":["Exordium","TheCity"],"potions_floor_usage":[11,14,16,18],"damage_taken":[{"damage":0,"enemies":"2 Louse","floor":1,"turns":2},{"damage":0,"enemies":"Small Slimes","floor":3,"turns":5},{"damage":16,"enemies":"Jaw Worm","floor":4,"turns":2},{"damage":2,"enemies":"Looter","floor":5,"turns":4},{"damage":24,"enemies":"Gremlin Nob","floor":6,"turns":5},{"damage":22,"enemies":"3 Sentries","floor":8,"turns":6},{"damage":0,"enemies":"Blue Slaver","floor":11,"turns":4},{"damage":0,"enemies":"2 Fungi Beasts","floor":12,"turns":3},{"damage":17,"enemies":"Lots of Slimes","floor":14,"turns":4},{"damage":9,"enemies":"Hexaghost","floor":16,"turns":9},{"damage":0,"enemies":"3 Byrds","floor":18,"turns":5},{"damage":26,"enemies":"conspire:FuzzyDice","floor":20,"turns":6},{"damage":11,"enemies":"Cultist and Chosen","floor":21,"turns":8},{"damage":0,"enemies":"Slavers","floor":23,"turns":1}],"seed_played":"6690828502869095623","potions_obtained":[{"floor":5,"key":"SpeedPotion"},{"floor":12,"key":"BottledMiracle"},{"floor":14,"key":"DuplicationPotion"},{"floor":16,"key":"blueLaboratory:HorrorPotion"},{"floor":18,"key":"blueLaboratory:NullPotion"},{"floor":20,"key":"blueLaboratory:AlphaPotion"},{"floor":21,"key":"StSpp:ScatteredPotion"}],"is_trial":false,"path_per_floor":["M","?","M","M","M","E","R","E","T","?","M","M","R","M","R","B",null,"M","?","M","M","?","E"],"character_chosen":"WATCHER","items_purchased":[],"campfire_rested":3,"item_purchase_floors":[],"current_hp_per_floor":[65,65,65,49,47,23,44,22,22,22,22,22,43,26,47,38,64,64,64,38,27,27,27,27],"gold":452,"neow_bonus":"ONE_RANDOM_RARE_CARD","is_daily":false,"chose_seed":false,"campfire_upgraded":0,"win_rate":0.0,"timestamp":1611949100,"path_taken":["M","?","M","M","M","E","R","E","T","?","M","M","R","M","R","BOSS","M","?","?","M","?","E"],"items_purchased_type":[],"build_version":"2020-12-22","purchased_purges":0,"victory":false,"max_hp_per_floor":[72,72,72,72,72,72,72,72,72,72,72,72,72,72,72,72,72,72,72,72,72,72,72,72],"relic_stats":{"Dream Catcher":3,"counters":[14,64],"Ectoplasm":41,"obtain_stats":[{"Dream Catcher":2,"Rawhide":8,"Molten Egg 2":10,"Ectoplasm":17,"PureWater":0,"Grinning Jar":19,"StrikeDummy":6},{"Dream Catcher":1,"Rawhide":6,"Molten Egg 2":6,"Ectoplasm":10,"PureWater":0,"Grinning Jar":11,"StrikeDummy":5},{"Dream Catcher":2,"Rawhide":24,"Molten Egg 2":24,"Ectoplasm":44,"PureWater":0,"Grinning Jar":49,"StrikeDummy":18}]},"card_choices":[{"not_picked":["Halt","JustLucky"],"picked":"CarveReality","floor":1},{"not_picked":["JustLucky","BattleHymn"],"picked":"Perseverance","floor":2},{"not_picked":["Replay:Anticipation","StSpp:LatentStrike"],"picked":"SandsOfTime","floor":2},{"not_picked":["ThirdEye","FearNoEvil"],"picked":"SandsOfTime","floor":3},{"not_picked":["Replay:ManipulateFuture","StSpp:TimeDodge"],"picked":"Protect","floor":4},{"not_picked":["Crescendo","FearNoEvil","WindmillStrike"],"picked":"SKIP","floor":5},{"not_picked":["FlurryOfBlows","Collect"],"picked":"SandsOfTime","floor":6},{"not_picked":["BowlingBash","StSpp:Patience"],"picked":"ClearTheMind","floor":7},{"not_picked":["Replay:ManipulateFuture","StSpp:LatentStrike","StSpp:Renounce"],"picked":"SKIP","floor":8},{"not_picked":["Wallop+1","CutThroughFate+1"],"picked":"Study","floor":11},{"not_picked":["BattleHymn","Wallop+1","EmptyFist+1"],"picked":"SKIP","floor":12},{"not_picked":["StSpp:LatentStrike+1","MentalFortress","JustLucky+1"],"picked":"SKIP","floor":14},{"not_picked":["MasterReality","StSpp:VitalPoint"],"picked":"Establishment","floor":16},{"not_picked":["ReachHeaven+1","JustLucky+1","FollowUp+1"],"picked":"SKIP","floor":18},{"not_picked":["JustLucky+1","FollowUp+1"],"picked":"ReachHeaven+1","floor":18},{"not_picked":["Sanctity+1","BowlingBash+1","Wallop+1"],"picked":"SKIP","floor":20},{"not_picked":["StSpp:Renounce","Tantrum+1","EmptyMind"],"picked":"SKIP","floor":21}],"player_experience":1976672,"relics_obtained":[{"floor":2,"key":"Dream Catcher"},{"floor":6,"key":"StrikeDummy"},{"floor":8,"key":"Rawhide"}],"event_choices":[{"damage_healed":0,"gold_gain":0,"player_choice":"Obtain J.A.X.","damage_taken":0,"max_hp_gain":0,"max_hp_loss":0,"event_name":"Drug Dealer","floor":22,"gold_loss":0,"cards_obtained":["J.A.X."]}],"is_beta":false,"boss_relics":[{"not_picked":["StSpp:CrystalBall","Replay:Drink Me"],"picked":"Ectoplasm"}],"items_purged_floors":[],"is_endless":false,"potions_floor_spawned":[5,12,14,16,18,20,21],"killed_by":"Slavers","ascension_level":9}}