{"host":"l2y2hf5oty1xxg4a","time":1611897598,"event":{"mods":["BaseMod","Minty Spire (QoL Compilation)","Relic Stats","Slay-I"],"gold_per_floor":[214,229,249,29,39,70,70,101,171,171,189,208,228,228,228,324,324,338,23,34,54,70,95,95,112,112,112,126,153,153,153,153,153,153],"floor_reached":33,"language":"ENG","playtime":1574,"items_purged":["Strike_G"],"score":316,"play_id":"a9f810de-d724-49f8-a8c7-096a1362cee8","local_time":"20210128211958","is_ascension_mode":true,"campfire_choices":[{"data":"Dagger Spray","floor":7,"key":"SMITH"},{"data":"Deadly Poison","floor":15,"key":"SMITH"},{"data":"Crippling Poison","floor":27,"key":"SMITH"},{"data":"Neutralize","floor":30,"key":"SMITH"},{"floor":32,"key":"RECALL"}],"circlet_count":0,"master_deck":["Strike_G","Defend_G","Defend_G","Defend_G","Defend_G","Defend_G","Survivor","Neutralize+1","Dodge and Roll","Deadly Poison+1","Dagger Spray+1","Backstab","Sucker Punch","Dagger Throw","Dodge and Roll","Crippling Poison+1","Backflip+1","Underhanded Strike"],"relics":["Ring of the Snake","Bag of Preparation","Strawberry","Pocketwatch","White Beast Statue","Coffee Dripper","Frozen Egg 2","Potion Belt","Singing Bowl","Juzu Bracelet"],"acts_visited":["Exordium","TheCity"],"potions_floor_usage":[8,11,12,13,18,20,21,22,22,23,29,33,33],"damage_taken":[{"damage":0,"enemies":"Jaw Worm","floor":1,"turns":5},{"damage":1,"enemies":"Cultist","floor":2,"turns":4},{"damage":0,"enemies":"Small Slimes","floor":3,"turns":3},{"damage":0,"enemies":"3 Louse","floor":5,"turns":3},{"damage":33,"enemies":"Gremlin Nob","floor":6,"turns":5},{"damage":19,"enemies":"Lagavulin","floor":8,"turns":6},{"damage":4,"enemies":"Red Slaver","floor":11,"turns":2},{"damage":0,"enemies":"Gremlin Gang","floor":12,"turns":3},{"damage":0,"enemies":"Looter","floor":13,"turns":3},{"damage":2,"enemies":"Hexaghost","floor":16,"turns":10},{"damage":4,"enemies":"2 Thieves","floor":18,"turns":5},{"damage":0,"enemies":"3 Byrds","floor":20,"turns":4},{"damage":3,"enemies":"Snecko","floor":21,"turns":5},{"damage":17,"enemies":"Sentry and Sphere","floor":22,"turns":7},{"damage":3,"enemies":"Gremlin Leader","floor":23,"turns":5},{"damage":10,"enemies":"Snake Plant","floor":25,"turns":5},{"damage":6,"enemies":"Snecko","floor":28,"turns":5},{"damage":10,"enemies":"Slavers","floor":29,"turns":5},{"damage":29,"enemies":"Automaton","floor":33,"turns":6}],"seed_played":"-1932601637599110228","potions_obtained":[{"floor":6,"key":"AttackPotion"},{"floor":8,"key":"Poison Potion"},{"floor":10,"key":"BlessingOfTheForge"},{"floor":10,"key":"FearPotion"},{"floor":10,"key":"Strength Potion"},{"floor":11,"key":"PowerPotion"},{"floor":12,"key":"SpeedPotion"},{"floor":13,"key":"Swift Potion"},{"floor":18,"key":"Weak Potion"},{"floor":20,"key":"CunningPotion"},{"floor":21,"key":"GamblersBrew"},{"floor":22,"key":"Fire Potion"},{"floor":23,"key":"LiquidMemories"},{"floor":25,"key":"LiquidBronze"},{"floor":28,"key":"CultistPotion"},{"floor":29,"key":"Explosive Potion"}],"is_trial":false,"path_per_floor":["M","M","M","$","M","E","R","E","T","?","M","M","M","?","R","B",null,"M","$","M","M","M","E","?","M","T","R","M","E","R","?","R","B"],"character_chosen":"THE_SILENT","items_purchased":["Backstab","Bag of Preparation","Frozen Egg 2"],"campfire_rested":0,"item_purchase_floors":[4,4,19],"current_hp_per_floor":[70,69,69,69,69,43,43,24,24,24,20,20,20,20,20,18,77,73,73,73,70,53,50,50,40,40,40,36,26,26,26,26,0,0],"gold":153,"neow_bonus":"HUNDRED_GOLD","is_daily":false,"chose_seed":false,"campfire_upgraded":4,"win_rate":0.0,"timestamp":1611897598,"path_taken":["M","M","M","$","M","E","R","E","T","?","M","?","?","?","R","BOSS","M","?","M","M","M","E","?","?","T","R","M","E","R","?","R","BOSS"],"items_purchased_type":["Card","Relic","Relic"],"build_version":"2020-12-22","purchased_purges":1,"victory":false,"max_hp_per_floor":[70,70,70,70,70,77,77,77,77,77,77,77,77,77,77,77,77,77,77,77,77,77,77,77,77,77,77,79,79,79,79,79,79,79],"relic_stats":{"Singing Bowl":2,"counters":[19,91],"Bag of Preparation":[32],"Juzu Bracelet":1,"obtain_stats":[{"Potion Belt":23,"Singing Bowl":26,"Strawberry":6,"Bag of Preparation":4,"Coffee Dripper":17,"Juzu Bracelet":29,"Frozen Egg 2":19,"White Beast Statue":9,"Ring of the Snake":0,"Pocketwatch":8},{"Potion Belt":15,"Singing Bowl":16,"Strawberry":5,"Bag of Preparation":3,"Coffee Dripper":10,"Juzu Bracelet":18,"Frozen Egg 2":11,"White Beast Statue":6,"Ring of the Snake":0,"Pocketwatch":6},{"Potion Belt":70,"Singing Bowl":75,"Strawberry":20,"Bag of Preparation":12,"Coffee Dripper":44,"Juzu Bracelet":85,"Frozen Egg 2":49,"White Beast Statue":26,"Ring of the Snake":0,"Pocketwatch":26}],"Ring of the Snake":[38],"Pocketwatch":[84]},"card_choices":[{"not_picked":["PiercingWail","Caltrops"],"picked":"Dodge and Roll","floor":1},{"not_picked":["Flechettes","Riddle With Holes"],"picked":"Deadly Poison","floor":2},{"not_picked":["Escape Plan","Flying Knee"],"picked":"Dagger Spray","floor":3},{"not_picked":["Underhanded Strike","Cloak And Dagger"],"picked":"Sucker Punch","floor":5},{"not_picked":["Reflex","Underhanded Strike"],"picked":"Dagger Throw","floor":6},{"not_picked":["Dagger Spray","After Image","Blur"],"picked":"SKIP","floor":8},{"not_picked":["Deadly Poison","Dagger Spray"],"picked":"Dodge and Roll","floor":11},{"not_picked":["Poisoned Stab","Acrobatics","Quick Slash"],"picked":"SKIP","floor":12},{"not_picked":["Sucker Punch","Wraith Form v2","Backflip"],"picked":"SKIP","floor":13},{"not_picked":["Underhanded Strike+1","Acrobatics","Flying Knee"],"picked":"SKIP","floor":18},{"not_picked":["Acrobatics","Reflex","Concentrate+1"],"picked":"SKIP","floor":20},{"not_picked":["Quick Slash","Deflect+1","Slice"],"picked":"SKIP","floor":21},{"not_picked":["Blade Dance","Reflex+1","Deflect"],"picked":"SKIP","floor":22},{"not_picked":["Flechettes","Storm of Steel"],"picked":"Crippling Poison","floor":23},{"not_picked":["Choke","Deflect","Eviscerate"],"picked":"SKIP","floor":25},{"not_picked":["Quick Slash","Dodge and Roll","Poisoned Stab+1"],"picked":"Singing Bowl","floor":28},{"not_picked":["Endless Agony","Blade Dance"],"picked":"Backflip+1","floor":29}],"player_experience":779383,"relics_obtained":[{"floor":6,"key":"Strawberry"},{"floor":8,"key":"Pocketwatch"},{"floor":9,"key":"White Beast Statue"},{"floor":23,"key":"Potion Belt"},{"floor":26,"key":"Singing Bowl"},{"floor":29,"key":"Juzu Bracelet"}],"event_choices":[{"damage_healed":0,"gold_gain":0,"player_choice":"Got Potions","damage_taken":0,"max_hp_gain":0,"max_hp_loss":0,"event_name":"Lab","floor":10,"gold_loss":0},{"cards_removed":["Strike_G"],"damage_healed":0,"gold_gain":0,"player_choice":"Purged","damage_taken":0,"max_hp_gain":0,"max_hp_loss":0,"event_name":"Purifier","floor":14,"gold_loss":0},{"cards_removed":["Strike_G"],"damage_healed":0,"gold_gain":0,"player_choice":"Offered Basic","damage_taken":0,"max_hp_gain":0,"max_hp_loss":0,"event_name":"Bonfire Elementals","floor":24,"gold_loss":0},{"damage_healed":0,"gold_gain":0,"cards_transformed":["Strike_G"],"player_choice":"Transformed","damage_taken":0,"max_hp_gain":0,"max_hp_loss":0,"event_name":"Transmorgrifier","floor":31,"gold_loss":0,"cards_obtained":["Underhanded Strike"]}],"is_beta":false,"boss_relics":[{"not_picked":["Black Star","WristBlade"],"picked":"Coffee Dripper"}],"items_purged_floors":[19],"is_endless":false,"potions_floor_spawned":[6,8,11,12,13,16,18,20,21,22,23,25,28,29],"killed_by":"Automaton","ascension_level":1}}