{"host":"i58uscbei3sy5089","time":1611928883,"event":{"mods":["ATMod(°¢èªMod)","Act Like it!","BaseMod","Challenge The Spire","Colored Powertips","Conspire","Gensokyo","Infinite Spire","Lobotomy","LobotomyExtend","Minty Spire (QoL Compilation)","MostiFishMod","Quick Restart","Replay The Spire","Shop Mod","Spicy Shops","StSLib","TestMod","UnlockEverythingMod","[IsaacMod]ÒÔÈö¼âËþ","¡¾¹¦ÄÜMod¡¿»ìãçÖ®»·ÐÞ¸´²¹¶¡","¡¾ÒÅÎï¿¨ÅÆ¡¿REMEMod","óô»ðÖ¸ÄÏ"],"gold_per_floor":[118,136,149,149,548,548,575,587,665,665,665,704,724,13,13,122,122,135,147,165,165,177,200,246,246,246,268,268,108,138,160,160,364,364,421,422,423,423,13,13,111,199,224,235,265,276,304,340,351,362,362],"floor_reached":50,"language":"ZHS","playtime":11766,"items_purged":["SpecialBullet","SpecialBullet","Galaxy","SpecialBullet","Languid"],"score":1050,"play_id":"452b9ea9-d314-4234-a125-c8c773bea0cf","local_time":"20210129220123","is_ascension_mode":true,"campfire_choices":[{"data":"Horn","floor":15.0,"key":"SMITH"},{"data":"DaCapo","floor":25.0,"key":"SMITH"},{"data":"Mimicry","floor":32.0,"key":"SMITH"}],"circlet_count":1,"master_deck":["SpecialBullet","SpecialBullet","REME_CRH+1","TheSmile+1","LongBird","WallGazer","SecurityCode","OSAHOGD","Horn+1","DaCapo+1","MHz","Horn+1","Horn+1","Mimicry+1","RecordCode","DaCapo+1","Adoration+1","TheSmile+1","DaCapo+1","Regret_ego+1"],"relics":["CogitoBucket","testmod-TestBox","HushsDoor","DaveBox","AT_ATBox","REME_ComplimentaryCards","testmod-Charity","MetatronsCube","SynthV:TestCard","LetterFromLob","infinitespire:Midas Blood","ChangeAnything","MerchantsRug","BelialBook","AT_DeathDance","testmod-CardMagician","MyShadow","GuppysPaw","NineLifeCat","AT_SilvercatRing","infinitespire:ShieldingShard","infinitespire:EmpoweringShard","ReplayTheSpireMod:Ring of Collecting","ReplayTheSpireMod:Ring of Challenge","Circlet","Girya","Ring of Hypnosis","Strawberry","AtMidnight","BookOfRevelations","DollysMirror","Guide Book","testmod-IndustrialRevolution","GnawedLeaf","MawBank","Gensokyo:EmptyGrave","Bag of Preparation"],"acts_visited":["Exordium","Gensokyo:Gensokyo","Gensokyo:Gensokyoer"],"potions_floor_usage":[],"damage_taken":[{"damage":0.0,"enemies":"Gensokyo:Gryphon","floor":1.0,"turns":3.0},{"damage":0.0,"enemies":"Gensokyo:3_Fairies","floor":2.0,"turns":3.0},{"damage":0.0,"enemies":"Gensokyo:Python","floor":3.0,"turns":2.0},{"damage":5.0,"enemies":"Gensokyo:Mamizou","floor":7.0,"turns":7.0},{"damage":28.0,"enemies":"Gensokyo:VengefulSpirit","floor":8.0,"turns":4.0},{"damage":36.0,"enemies":"Gensokyo:Cirno","floor":12.0,"turns":7.0},{"damage":4.0,"enemies":"Gensokyo:5_Fairies","floor":13.0,"turns":3.0},{"damage":27.0,"enemies":"Gensokyo:Reimu","floor":16.0,"turns":4.0},{"damage":23.0,"enemies":"Gensokyo:AngelMirror","floor":18.0,"turns":3.0},{"damage":4.0,"enemies":"Gensokyo:2_Gloops","floor":19.0,"turns":2.0},{"damage":26.0,"enemies":"Gensokyo:Wraith","floor":20.0,"turns":3.0},{"damage":4.0,"enemies":"Gensokyo:Slime_Group","floor":22.0,"turns":1.0},{"damage":64.0,"enemies":"Gensokyo:Swordslinger","floor":23.0,"turns":3.0},{"damage":5.0,"enemies":"Nightmare","floor":24.0,"turns":2.0},{"damage":25.0,"enemies":"Gensokyo:Chomper_and_Gloop","floor":27.0,"turns":5.0},{"damage":0.0,"enemies":"Gensokyo:Tenshi","floor":30.0,"turns":1.0},{"damage":58.0,"enemies":"Gensokyo:Eiki","floor":33.0,"turns":8.0},{"damage":4.0,"enemies":"Gensokyo:AncientGuardian","floor":35.0,"turns":4.0},{"damage":53.0,"enemies":"Gensokyo:Kasen","floor":41.0,"turns":3.0},{"damage":11.0,"enemies":"Gensokyo:3_Bats","floor":42.0,"turns":3.0},{"damage":0.0,"enemies":"Gensokyo:Rafflesia","floor":45.0,"turns":2.0},{"damage":0.0,"enemies":"Gensokyo:3_Boulders","floor":47.0,"turns":2.0},{"damage":0.0,"enemies":"Gensokyo:Doremy","floor":48.0,"turns":1.0},{"damage":0,"enemies":"Gensokyo:Shinki","floor":50,"turns":1}],"seed_played":"-8746574476128371715","potions_obtained":[{"floor":7.0,"key":"Toxic Potion"},{"floor":8.0,"key":"Adrenaline Potion"},{"floor":12.0,"key":"SteroidPotion"},{"floor":16.0,"key":"ColorlessPotion"},{"floor":19.0,"key":"Energy Potion"},{"floor":30.0,"key":"SkillPotion"},{"floor":41.0,"key":"Fire Potion"}],"is_trial":false,"path_per_floor":["M","M","M","?","?","R","E","M","T","R","M","E","M","$","R","B",null,"M","M","M","AVR","M","M","NM","R","T","M","?","$","E","T","R","B",null,"M","?","?","?","COS","R","E","M","T","?","M","R","M","E","R","B"],"character_chosen":"Angela","items_purchased":["MerchantsRug","FairyPotion","SteroidPotion","SteroidPotion","BelialBook","AT_DeathDance","MyShadow","GuppysPaw","NineLifeCat","vexMod:HeadHunter"],"campfire_rested":0,"item_purchase_floors":[14,14,14,14,14,14,17,17,17,29],"current_hp_per_floor":[64,65,66,66,67,67,63,36,37,37,37,20,27,32,32,19,14,18,21,18,18,29,24,36,36,36,33,33,35,54,62,62,31,98,112,98,88,88,88,88,59,70,71,72,86,87,136,138,139,140,140],"gold":362,"neow_bonus":"TRANSFORM_TWO_CARDS","is_daily":false,"chose_seed":false,"campfire_upgraded":3,"win_rate":0.0,"timestamp":1611928883,"path_taken":["M","M","M","?","?","R","E","M","T","R","M","E","M","$","R","BOSS","M","M","M","AVR","M","?","NM","R","T","M","?","$","E","?","R","BOSS","M","?","?","?","COS","R","E","M","T","?","?","R","M","E","R","BOSS"],"items_purchased_type":["Relic","Potion","Potion","Potion","Relic","Relic","Relic","Relic","Relic","Undefined"],"build_version":"2020-12-22","purchased_purges":5,"victory":false,"max_hp_per_floor":[64,65,66,66,67,67,68,69,70,70,70,81,84,89,89,95,14,18,21,32,32,35,42,47,47,47,54,54,56,57,65,65,80,110,116,117,118,118,118,118,130,140,141,131,133,134,136,138,139,140,140],"card_choices":[{"not_picked":["Reverberation","MagicBullet"],"picked":"SKIP","floor":1.0},{"not_picked":["SpiderBud","OSAHOGD"],"picked":"LongBird","floor":2.0},{"not_picked":["BlackSwan_ego","Tough","Loneliness","FrostShard"],"picked":"SKIP","floor":2.0},{"not_picked":["ScreamingWedge","SwordSharpenedByTears","MagicBullet","FrostShard"],"picked":"SKIP","floor":3.0},{"not_picked":["Scorched","OSAHOGD"],"picked":"WallGazer","floor":7.0},{"not_picked":["CUTE","Hypocrisy","Twilight","RedEyes"],"picked":"SKIP","floor":7.0},{"not_picked":["Penitence","Spore","Beak","Lantern"],"picked":"SKIP","floor":8.0},{"not_picked":["Penitence","Spore","Beak","Lantern"],"picked":"SKIP","floor":8.0},{"not_picked":["UniverseFragment","ShyLook"],"picked":"OSAHOGD","floor":12.0},{"not_picked":["BlackSwan_ego","TodaysExpression","Regret_ego","LifeForTheDareDevil"],"picked":"SKIP","floor":12.0},{"not_picked":["FourthMatchFlame","SoundOfStar","TodaysExpression"],"picked":"Horn","floor":13.0},{"not_picked":["CENSORED_ego","ParadiseLost","TheSmile"],"picked":"DaCapo","floor":16.0},{"not_picked":["Diffraction","LifeForTheDareDevil+1","GrinderMk4+1","Lamp+1"],"picked":"SKIP","floor":18.0},{"not_picked":["Tough+1","Loneliness+1","CUTE+1","Regret_ego"],"picked":"SKIP","floor":19.0},{"not_picked":["Woodsman","FairyFestival"],"picked":"MHz","floor":20.0},{"not_picked":["Harmony","GrinderMk4","Soda"],"picked":"Horn","floor":20.0},{"not_picked":["Soda+1","Tough","SomewhereSpear","Hypocrisy"],"picked":"SKIP","floor":22.0},{"not_picked":["Lantern+1","GreenStem","CUTE","Tough"],"picked":"SKIP","floor":23.0},{"not_picked":["ParadiseLost","Soda","Tough","BloodyDesire+1"],"picked":"SKIP","floor":24.0},{"not_picked":["CherryBlossom","Soda","ShedSkin"],"picked":"Horn+1","floor":27.0},{"not_picked":["SoundOfStar","GoldRush"],"picked":"Mimicry","floor":30.0},{"not_picked":["CrimsonScar","RedEyes+1","SomewhereSpear","WristCuter"],"picked":"SKIP","floor":30.0},{"not_picked":["Loneliness+1","Lamp","TodaysExpression+1","Hornet"],"picked":"SKIP","floor":35.0},{"not_picked":["Pinks","GoldRush"],"picked":"Adoration","floor":41.0},{"not_picked":["SomewhereSpear+1","Tough+2","Beak+1"],"picked":"TheSmile+1","floor":41.0},{"not_picked":["Loneliness","Regret_ego+1","BloodyDesire+1","Harvest"],"picked":"SKIP","floor":41.0},{"not_picked":["Justitia","Pinks","GoldRush"],"picked":"DaCapo","floor":42.0},{"not_picked":["ShedSkin","Loneliness+1","Soda+1","BearPaw+1"],"picked":"SKIP","floor":42.0},{"not_picked":["MagicBullet+1","FrostShard+1","Soda","Amita+1"],"picked":"SKIP","floor":45.0},{"not_picked":["Horn+1","ShedSkin","InTheNameOfLoveAndHate"],"picked":"Regret_ego+1","floor":47.0},{"not_picked":["Reverberation","RedEyes","GreenStem","RapturousDream+1"],"picked":"SKIP","floor":48.0}],"player_experience":600706,"relics_obtained":[{"floor":1.0,"key":"SynthV:TestCard"},{"floor":1.0,"key":"LetterFromLob"},{"floor":7.0,"key":"PillsDrop"},{"floor":9.0,"key":"infinitespire:Midas Blood"},{"floor":12.0,"key":"Happy Flower"},{"floor":24.0,"key":"infinitespire:ShieldingShard"},{"floor":26.0,"key":"infinitespire:EmpoweringShard"},{"floor":28.0,"key":"ReplayTheSpireMod:Ring of Collecting"},{"floor":28.0,"key":"ReplayTheSpireMod:Ring of Challenge"},{"floor":30.0,"key":"Girya"},{"floor":31.0,"key":"Ring of Hypnosis"},{"floor":31.0,"key":"Strawberry"},{"floor":35.0,"key":"AtMidnight"},{"floor":41.0,"key":"testmod-IndustrialRevolution"},{"floor":42.0,"key":"GnawedLeaf"},{"floor":43.0,"key":"MawBank"},{"floor":48.0,"key":"Bag of Preparation"}],"event_choices":[{"damage_healed":0.0,"max_hp_gain":0.0,"max_hp_loss":0.0,"gold_gain":400.0,"event_name":"¶÷ÂåË¹µÄÅÌ×Ó","player_choice":"Sell","floor":5.0,"relics_lost":["KeepersGift"],"gold_loss":0.0,"damage_taken":0.0}],"is_beta":false,"boss_relics":[{"not_picked":["REME_DuelDisc","Empty Cage"],"picked":"testmod-CardMagician"},{"not_picked":[]},{"not_picked":["testmod-StringDisintegrator","HereWithMe"],"picked":"vexMod:BigBerry"},{"not_picked":[]}],"items_purged_floors":[14,14,17,21,29],"is_endless":false,"potions_floor_spawned":[7,8,12,16,19,27,30,41,45],"killed_by":"Gensokyo:Shinki","ascension_level":9}}