{"host":"d7fiu2yjkssjxoz6","time":1611887109,"event":{"mods":["AchievementEnabler","BaseMod","Duelist Mod","Minty Spire (QoL Compilation)","StSLib"],"gold_per_floor":[143,143,143,68,86,118,118,137,188,188,188,214,228,245,245,322,322,332,347,347,347],"floor_reached":20,"language":"ENG","playtime":1651,"items_purged":["theDuelist:CurseAnubis"],"score":340,"play_id":"572c4f49-8bcf-45c5-b0c4-7d1218e4d55c","local_time":"20210128182509","is_ascension_mode":true,"campfire_choices":[{"data":"theDuelist:Yami","floor":7,"key":"SMITH"},{"data":"theDuelist:MillenniumGolem","floor":10,"key":"SMITH"},{"data":"theDuelist:GiantTrapHole","floor":15,"key":"SMITH"}],"circlet_count":0,"master_deck":["AscendersBane","theDuelist:CastleWalls","theDuelist:CastleWalls","theDuelist:DunamesDarkWitch","theDuelist:Eva","theDuelist:Hayate","theDuelist:RainbowFlower+1","theDuelist:RainbowKuribohBasic","theDuelist:RainbowNeos","theDuelist:WanderingKing","theDuelist:CharcoalInpachi","theDuelist:WhiteHowling","theDuelist:PsiCurse","theDuelist:SummoningCurse","theDuelist:RainbowOverdragon+1","theDuelist:Yami+1","theDuelist:MillenniumGolem+1","Pain","theDuelist:BlockGolem","theDuelist:Zombyra","theDuelist:GiantTrapHole+1","theDuelist:RainbowDarkDragon","theDuelist:RainbowRefraction+1","theDuelist:HappyLover"],"relics":["theDuelist:MillenniumPuzzle","theDuelist:CardPoolRelic","theDuelist:CardPoolBasicRelic","theDuelist:BoosterPackPoolRelic","theDuelist:CardPoolAddRelic","theDuelist:CardPoolMinusRelic","theDuelist:CardPoolSaveRelic","theDuelist:CardPoolOptionsRelic","PreservedInsect","Whetstone","Happy Flower","WarpedTongs","Dream Catcher","Mark of Pain"],"acts_visited":["Exordium","TheCity"],"potions_floor_usage":[12,18,20],"damage_taken":[{"damage":1,"enemies":"2 Louse","floor":1,"turns":3},{"damage":0,"enemies":"Jaw Worm","floor":5,"turns":4},{"damage":6,"enemies":"Gremlin Nob","floor":6,"turns":3},{"damage":13,"enemies":"Cultist","floor":8,"turns":5},{"damage":10,"enemies":"Lagavulin","floor":12,"turns":4},{"damage":3,"enemies":"2 Fungi Beasts","floor":13,"turns":3},{"damage":0,"enemies":"Looter","floor":14,"turns":2},{"damage":10,"enemies":"The Guardian","floor":16,"turns":8},{"damage":15,"enemies":"Shell Parasite","floor":18,"turns":5},{"damage":0,"enemies":"Chosen","floor":19,"turns":3},{"damage":62,"enemies":"3 Cultists","floor":20,"turns":4}],"seed_played":"5400156478521331482","potions_obtained":[{"floor":6,"key":"Explosive Potion"},{"floor":12,"key":"ColorlessPotion"},{"floor":18,"key":"BloodPotion"}],"is_trial":false,"path_per_floor":["M","?","?","$","M","E","R","M","T","R","?","E","M","M","R","B",null,"M","M","M"],"character_chosen":"THE_DUELIST","items_purchased":[],"campfire_rested":0,"item_purchase_floors":[],"current_hp_per_floor":[62,74,63,63,63,57,57,44,44,44,44,34,31,31,31,21,62,47,47,0,0],"gold":347,"neow_bonus":"TRANSFORM_TWO_CARDS","is_daily":false,"chose_seed":false,"campfire_upgraded":3,"win_rate":0.0,"timestamp":1611887109,"path_taken":["M","?","?","$","M","E","R","M","T","R","?","E","M","M","R","BOSS","M","M","?"],"items_purchased_type":[],"build_version":"2020-12-22","purchased_purges":1,"victory":false,"max_hp_per_floor":[63,75,75,75,75,75,75,75,75,75,75,75,75,75,75,75,75,75,75,75,75],"card_choices":[{"not_picked":["theDuelist:IronDraw","theDuelist:OhFish","theDuelist:TyrantWing","theDuelist:CrystalRaigeki"],"picked":"theDuelist:WhiteHowling","floor":1},{"not_picked":["theDuelist:BlockGolem","theDuelist:MillenniumScorpion","theDuelist:AttackTheMoon","theDuelist:Sangan"],"picked":"theDuelist:RainbowOverdragon","floor":5},{"not_picked":["theDuelist:CardSafeReturn","theDuelist:VioletCrystal","theDuelist:Mountain"],"picked":"theDuelist:Yami","floor":6},{"not_picked":["theDuelist:Blockman","theDuelist:Fissure","theDuelist:SolemnStrike","theDuelist:Mathematician"],"picked":"theDuelist:MillenniumGolem","floor":8},{"not_picked":["theDuelist:Sangan","theDuelist:WormWarlord","theDuelist:Kuriboh","theDuelist:PurplePainOni"],"picked":"theDuelist:BlockGolem","floor":12},{"not_picked":["theDuelist:BetaMagnet","theDuelist:Kasha","theDuelist:DragonPiper","theDuelist:Wingedtortoise"],"picked":"theDuelist:Zombyra","floor":13},{"not_picked":["theDuelist:Sangan","theDuelist:StrayLambs","theDuelist:BlueBloodedOni","theDuelist:LightningVortex"],"picked":"theDuelist:GiantTrapHole","floor":14},{"not_picked":["theDuelist:HappyLover","theDuelist:RainbowMagician","theDuelist:IrisEarthMother","theDuelist:RainbowOverdragon"],"picked":"theDuelist:RainbowDarkDragon","floor":16},{"not_picked":["theDuelist:StatueAnguishPattern","theDuelist:WhiteHornDragon+1","theDuelist:VioletCrystal","theDuelist:Yami"],"picked":"theDuelist:RainbowRefraction+1","floor":18},{"not_picked":["theDuelist:Lajinn","theDuelist:FiendMegacyber","theDuelist:WanderingKing","theDuelist:SpiritPharaoh"],"picked":"theDuelist:HappyLover","floor":19}],"player_experience":336110,"relics_obtained":[{"floor":6,"key":"Whetstone"},{"floor":9,"key":"Happy Flower"},{"floor":12,"key":"Dream Catcher"}],"event_choices":[{"damage_healed":0,"gold_gain":0,"player_choice":"Break - +12 Max HP","duelist":true,"damage_taken":0,"max_hp_gain":0,"max_hp_loss":0,"event_name":"Tomb of the Nameless","floor":2,"gold_loss":0},{"damage_healed":0,"gold_gain":0,"player_choice":"Success","damage_taken":11,"relics_obtained":["PreservedInsect"],"max_hp_gain":0,"max_hp_loss":0,"event_name":"Scrap Ooze","floor":3,"gold_loss":0},{"damage_healed":0,"gold_gain":0,"player_choice":"Rummage","damage_taken":0,"relics_obtained":["WarpedTongs"],"max_hp_gain":0,"max_hp_loss":0,"event_name":"Accursed Blacksmith","floor":11,"gold_loss":0,"cards_obtained":["Pain"]}],"is_beta":false,"boss_relics":[{"not_picked":["Empty Cage","Runic Cube"],"picked":"Mark of Pain"}],"items_purged_floors":[4],"is_endless":false,"potions_floor_spawned":[6,12,18],"killed_by":"3 Cultists","ascension_level":17}}