{"host":"orwsrz1cc0wttjjy","time":1611942779,"event":{"mods":["100% Spire Juice","2.2 Compatiblity","AchievementEnabler","Arknights The Spire","Astrologer","BaseMod","Better Altar","Better Match","Better Skull","Better Third Choice","BetterRewards","CapriCore","ChefMod","Colored Map","Colored Powertips","Conspire","DeckTracker","Friendly Minions","Halation","Hermit","Hubris","Infinite Spire","Mimic Mod","Minty Spire (QoL Compilation)","MostiFishMod","Permanent Neow","Puzzle Mod","Relic Sorter","Relic Stats","Robot Space Explorer","Shop Mod","Spicy Shops","Spire Arcade","StSLib","Td1madao Mod","The Accelerator","The Animator","The Cursed","The Gatherer","The Hierophant","The Marked","The Poker Player","The Runesmith","Treasure Hunter","everything is the same but u backflip on backflip"],"gold_per_floor":[456,356,69,84,102,131,147,177,202,277,277,277,277,311,323,438,450,477,489,515,527,573,613,625,637,674,686,686],"floor_reached":27,"language":"KOR","playtime":1871,"items_purged":[],"score":287,"play_id":"410a8ede-a4d2-4775-a2fe-2ce67e30514d","local_time":"20210130025259","is_ascension_mode":false,"campfire_choices":[{"floor":11,"key":"REST"},{"floor":13,"key":"RECALL"},{"data":"Runesmith:RunicBlueprint","floor":15,"key":"SMITH"},{"floor":24,"key":"REST"}],"circlet_count":0,"master_deck":["Runesmith:Strike_RS","Runesmith:Strike_RS","Runesmith:Strike_RS","Runesmith:Strike_RS","Runesmith:Defend_RS","Runesmith:Defend_RS","Runesmith:Defend_RS","Runesmith:Defend_RS","Runesmith:CraftFirestone","Runesmith:Fortify","Runesmith:CraftMagma","Runesmith:PerfectChisel","Runesmith:CraftProtectio","TH:DeckOfManyThings+1","Runesmith:RuneHurl","Runesmith:CraftVitae","TH:ArmorSpikes","Runesmith:RunicBlueprint+1","TH:ArmorSpikes","Runesmith:Firewall","TH:CopperCoins","Runesmith:ArcReactor","Runesmith:HeatedChisel+1","Runesmith:RunicBlueprint+1","Runesmith:CraftIndustria+1","Runesmith:ChaoticBlast+1","Runesmith:HeatedChisel+1","TH:DeckOfManyThings","Runesmith:ChiselStab","TH:ElvenBoots"],"relics":["Runesmith:BrokenRuby","DaveBox","HaiYi:Twilight","SynthV:TestCard","halation:OrihimeAndHikoboshiSamaAndTears","Lantern","infinitespire:Beetle Shell","conspire:TopHat","MawBank","ChiXiaoBlade","halation:EternalFortune","Red Mask","halation:TwoAmDonut"],"acts_visited":["Exordium","TheCity"],"potions_floor_usage":[16,16,23,23],"damage_taken":[{"damage":1.0,"enemies":"Cultist","floor":1.0,"turns":4.0},{"damage":0,"enemies":"conspire:RoseBush","floor":4,"turns":2},{"damage":7,"enemies":"Small Slimes","floor":5,"turns":3},{"damage":12,"enemies":"Gremlin Nob","floor":6,"turns":4},{"damage":8,"enemies":"Red Slaver","floor":7,"turns":3},{"damage":0,"enemies":"Lagavulin","floor":8,"turns":7},{"damage":2,"enemies":"Large Slime","floor":14,"turns":5},{"damage":11,"enemies":"Hexaghost","floor":16,"turns":8},{"damage":14,"enemies":"Spheric Guardian","floor":18,"turns":6},{"damage":25,"enemies":"2 Thieves","floor":20,"turns":5},{"damage":23,"enemies":"Masked Bandits","floor":22,"turns":6},{"damage":7,"enemies":"Book of Stabbing","floor":23,"turns":6},{"damage":30,"enemies":"Sentry and Sphere","floor":27,"turns":3}],"seed_played":"1920013183400034219","potions_obtained":[{"floor":5,"key":"SpeedPotion"},{"floor":6,"key":"AttackPotion"},{"floor":7,"key":"Weak Potion"},{"floor":20,"key":"FearPotion"},{"floor":22,"key":"Weak Potion"}],"is_trial":false,"path_per_floor":["M","?","$","M","M","E","M","E","T","?","R","?","R","MIM","R","B",null,"M","?","M","?","?","E","R","HB","T","M"],"character_chosen":"RUNESMITH_CLASS","items_purchased":["halation:OrihimeAndHikoboshiSamaAndTears"],"campfire_rested":2,"item_purchase_floors":[3],"current_hp_per_floor":[69,69,69,69,62,50,42,42,42,39,60,60,60,58,58,47,70,56,59,34,34,11,4,25,25,25,0,0],"gold":686,"neow_bonus":"HUNDRED_GOLD","is_daily":false,"chose_seed":false,"campfire_upgraded":1,"win_rate":0.0,"timestamp":1611942779,"path_taken":["M","?","?","M","M","E","?","E","T","?","R","?","R","?","R","BOSS","M","?","M","?","?","E","R","HB","T","M"],"items_purchased_type":["Relic"],"build_version":"2020-12-22","purchased_purges":0,"victory":false,"max_hp_per_floor":[70,70,70,70,70,70,70,70,70,70,70,70,70,70,70,70,70,70,73,73,73,73,73,73,37,37,37,37],"relic_stats":{"counters":[13,62],"MawBank":156,"obtain_stats":[{"Runesmith:BrokenRuby":0,"halation:OrihimeAndHikoboshiSamaAndTears":3,"Lantern":6,"DaveBox":0,"infinitespire:Beetle Shell":8,"MawBank":14,"conspire:TopHat":9,"SynthV:TestCard":1,"HaiYi:Twilight":0,"ChiXiaoBlade":17,"halation:EternalFortune":19,"Red Mask":22,"halation:TwoAmDonut":23},{"Runesmith:BrokenRuby":0,"halation:OrihimeAndHikoboshiSamaAndTears":1,"Lantern":4,"DaveBox":0,"infinitespire:Beetle Shell":6,"MawBank":7,"conspire:TopHat":6,"SynthV:TestCard":1,"HaiYi:Twilight":0,"ChiXiaoBlade":8,"halation:EternalFortune":9,"Red Mask":11,"halation:TwoAmDonut":12},{"Runesmith:BrokenRuby":0,"halation:OrihimeAndHikoboshiSamaAndTears":4,"Lantern":13,"DaveBox":0,"infinitespire:Beetle Shell":23,"MawBank":28,"conspire:TopHat":23,"SynthV:TestCard":4,"HaiYi:Twilight":0,"ChiXiaoBlade":36,"halation:EternalFortune":42,"Red Mask":53,"halation:TwoAmDonut":59}]},"card_choices":[{"not_picked":["Runesmith:Grindstone","Runesmith:NanitesCloud"],"picked":"Runesmith:CraftMagma","floor":1.0},{"not_picked":["Runesmith:UnstableHammer","Runesmith:NanitesCloud","Runesmith:Malloc","Runesmith:Electrocute"],"picked":"Runesmith:PerfectChisel","floor":4},{"not_picked":["Runesmith:Reinforce","Runesmith:UnstableHammer","Runesmith:FrozenChisel","Runesmith:HeatExchange"],"picked":"Runesmith:CraftProtectio","floor":5},{"not_picked":["TH:EnergyPotion","TH:ArmorSpikes","TH:PixieDust"],"picked":"TH:DeckOfManyThings","floor":6},{"not_picked":["Runesmith:UnstableHammer","Runesmith:ShiftingStrike","Runesmith:CraftPrismatica","Runesmith:WhiteBalance"],"picked":"Runesmith:RuneHurl","floor":6},{"not_picked":["Runesmith:Overpower","Runesmith:HammerThrow","Runesmith:EarthShield","Runesmith:ChiselStab"],"picked":"Runesmith:CraftVitae","floor":7},{"not_picked":["TH:TreasureMap","TH:CopperCoins","TH:EnergyPotion"],"picked":"TH:ArmorSpikes","floor":8},{"not_picked":["Runesmith:NanitesCloud","Runesmith:StaticCage","Runesmith:CraftIndustria","Runesmith:HeatExchange"],"picked":"Runesmith:RunicBlueprint","floor":8},{"not_picked":["TH:EnergyPotion","TH:ElvenBoots","TH:PixieDust"],"picked":"TH:ArmorSpikes","floor":9},{"not_picked":["Runesmith:Augment","Runesmith:Duplicate","Runesmith:HeatedChisel","Runesmith:Refine"],"picked":"Runesmith:Firewall","floor":14},{"not_picked":["TH:BikiniMail","TH:Mimic","TH:ElvenBoots"],"picked":"TH:CopperCoins","floor":16},{"not_picked":["Runesmith:GrandSlam","Runesmith:CraftIndustria","Runesmith:CraftMedicinae","Runesmith:MetallurgicalResearch"],"picked":"Runesmith:ArcReactor","floor":16},{"not_picked":["Runesmith:ElementalConversion","Runesmith:RuneHurl","Runesmith:CraftMagma","Runesmith:Prism"],"picked":"Runesmith:HeatedChisel+1","floor":18},{"not_picked":["Runesmith:HammerTime+1","Runesmith:ChargedHammer","Runesmith:EnergizedChisel","Runesmith:DoubleUp"],"picked":"Runesmith:RunicBlueprint+1","floor":20},{"not_picked":["Runesmith:CreatorForm+1","Runesmith:ReplicatingBarrier+1","Runesmith:DuctTape+1","Runesmith:Supernova+1"],"picked":"Runesmith:CraftIndustria+1","floor":21},{"not_picked":["Runesmith:Attraction+1","Runesmith:Terraform+1","Runesmith:WhiteBalance+1","Runesmith:PerfectChisel+1"],"picked":"Runesmith:ChaoticBlast+1","floor":21},{"not_picked":["Runesmith:Reinforce","Runesmith:Terraform","Runesmith:CraftMagma","Runesmith:FieryHammer+1"],"picked":"Runesmith:HeatedChisel+1","floor":22},{"not_picked":["TH:TreasureMap","TH:EnergyPotion","TH:CursedSword"],"picked":"TH:DeckOfManyThings","floor":23},{"not_picked":["Runesmith:CraftProtectio","Runesmith:CraftVitae","Runesmith:ArcReactor","Runesmith:Electrocute"],"picked":"Runesmith:ChiselStab","floor":23},{"not_picked":["TH:TreasureMap","TH:ArmorSpikes","TH:BikiniMail"],"picked":"TH:ElvenBoots","floor":26}],"player_experience":318478,"relics_obtained":[{"floor":1.0,"key":"SynthV:TestCard"},{"floor":6,"key":"Lantern"},{"floor":8,"key":"infinitespire:Beetle Shell"},{"floor":9,"key":"conspire:TopHat"},{"floor":14,"key":"MawBank"},{"floor":22,"key":"Red Mask"},{"floor":23,"key":"halation:TwoAmDonut"}],"event_choices":[{"damage_healed":0,"gold_gain":75,"player_choice":"Gold","damage_taken":11,"max_hp_gain":0,"max_hp_loss":0,"event_name":"betterThird:BetterGoop","floor":10,"gold_loss":0},{"damage_healed":0,"gold_gain":0,"player_choice":"2","damage_taken":0,"max_hp_gain":0,"max_hp_loss":0,"event_name":"betterMatch:BetterMatch","floor":21,"gold_loss":0,"cards_obtained":["betterMatch:RareCard","betterMatch:UncommonCard"]},{"damage_healed":0,"gold_gain":0,"player_choice":"Fought Bandits","damage_taken":0,"max_hp_gain":0,"max_hp_loss":0,"event_name":"Masked Bandits","floor":22,"gold_loss":0}],"is_beta":false,"boss_relics":[{"not_picked":["hubris:HollowSoul","HereWithMe"],"picked":"ChiXiaoBlade"}],"items_purged_floors":[],"is_endless":false,"potions_floor_spawned":[5,6,7,20,22],"killed_by":"Sentry and Sphere","ascension_level":0}}