{"host":"tvwbxqry54t86y0v","time":1611883276,"event":{"mods":["2.2 Compatiblity","A Magickal Journey","Arknights The Spire","Astrologer","BaseMod","Beaked The Cultist","BetterRewards","Block Reminder","Clockwork Mod","Colored Powertips","DeckTracker","Downfall","Fiend Mod","GungeonMod","Hermit","Hubris","Infinite Spire","Ironclad Rager","Marked Mod","Mimic Mod","Minty Spire (QoL Compilation)","Potionbrewer","Replay The Spire","Shade Mod","Somnambulant","StSLib","The Bug Knight","The Cursed","The Death Knight","The Druid","The Elementalist","The Exalted","The Forsaken","The Hierophant","The Jungle","The Marked","The Mystic","The Problem Sleuth","The Runesmith","The Senshi","The Spell Scribe","The Valiant","The Wild Card","TheFirefly","TheHeartMod","Unceasing Turn Reminder","thorton"],"gold_per_floor":[109,109,122,140,140,472,472,507,540,540,552,552,517,545,545,645,645,664,361,361,374,223,223,223,223],"floor_reached":24,"language":"ENG","playtime":1079,"items_purged":[],"score":344,"play_id":"29d94ed7-7c3e-436a-9411-ec110e8df63b","local_time":"20210129122116","is_ascension_mode":true,"campfire_choices":[{"data":"Anger","floor":7,"key":"SMITH"},{"data":"hubris:SharpeningStone","floor":10,"key":"SMITH"},{"floor":15,"key":"REST"},{"data":"Rage","floor":23,"key":"SMITH"}],"circlet_count":0,"master_deck":["Strike_R","Strike_R","Strike_R","Strike_R","Strike_R","Defend_R","Defend_R","Defend_R","Defend_R","Bash","Anger+1","Clash","Rage+1","Cleave","hubris:SharpeningStone+1"],"relics":["Burning Blood","Old Coin","Centennial Puzzle","infinitespire:PuzzleCube","Toy Ornithopter","Busted Crown","Replay:Baseball","HandDrill","Sling"],"acts_visited":["Exordium","TheCity"],"potions_floor_usage":[6,6,16,16,18],"damage_taken":[{"damage":13,"enemies":"Jaw Worm","floor":1,"turns":6},{"damage":0,"enemies":"Cultist","floor":3,"turns":3},{"damage":0,"enemies":"2 Louse","floor":4,"turns":1},{"damage":0,"enemies":"Gremlin Nob","floor":6,"turns":3},{"damage":25,"enemies":"3 Sentries","floor":8,"turns":8},{"damage":16,"enemies":"Large Slime","floor":9,"turns":10},{"damage":17,"enemies":"Large Slime","floor":11,"turns":6},{"damage":34,"enemies":"Lagavulin","floor":14,"turns":6},{"damage":37,"enemies":"Fading Forest","floor":16,"turns":11},{"damage":3,"enemies":"Spheric Guardian","floor":18,"turns":4},{"damage":26,"enemies":"Snecko","floor":21,"turns":6},{"damage":43,"enemies":"Slavers","floor":24,"turns":5}],"seed_played":"-2695162718856599583","potions_obtained":[{"floor":1,"key":"Elixir"},{"floor":2,"key":"potionbrewer:AcidPotion"},{"floor":2,"key":"Block Potion"},{"floor":2,"key":"Explosive Potion"},{"floor":11,"key":"Energy Potion"}],"is_trial":false,"path_per_floor":["M","?","M","M","$","E","R","E","MIM","R","M","?","?","E","R","B",null,"M","$","?","M","$","R","E"],"character_chosen":"IRONCLAD","items_purchased":["Replay:Baseball","HandDrill","Sling"],"campfire_rested":1,"item_purchase_floors":[19,19,22],"current_hp_per_floor":[73,73,79,85,85,88,88,69,59,59,48,48,70,42,68,59,81,88,88,88,68,68,68,25,25],"gold":223,"neow_bonus":"TEN_PERCENT_HP_BONUS","is_daily":false,"chose_seed":false,"campfire_upgraded":3,"win_rate":0.0,"timestamp":1611883276,"path_taken":["M","?","?","M","$","E","R","E","MIM","R","M","?","?","E","R","BOSS","M","$","?","M","$","R","E"],"items_purchased_type":["Relic","Relic","Relic"],"build_version":"2020-12-22","purchased_purges":0,"victory":false,"max_hp_per_floor":[88,88,88,88,88,88,88,88,88,88,88,88,88,88,88,88,88,88,88,88,88,88,88,88,88],"card_choices":[{"not_picked":["Dual Wield","ReplayTheSpireMod:Stacked"],"picked":"Anger","floor":1},{"not_picked":["Sentinel","Entrench"],"picked":"Clash","floor":3},{"not_picked":["DemoMod:BlackBlade","hubris:ReadiedAction"],"picked":"Rage","floor":4},{"not_picked":["Reaper","Run Through"],"picked":"Cleave","floor":6},{"not_picked":["Flame Barrier","Disarm","ReplayTheSpireMod:Strike From Hell"],"picked":"SKIP","floor":8},{"not_picked":["Havoc","Flame Barrier"],"picked":"hubris:SharpeningStone","floor":9},{"not_picked":["Body Slam","Run Through","hubris:ReadiedAction"],"picked":"SKIP","floor":11},{"not_picked":["Flame Barrier","Dual Wield","Thunderclap"],"picked":"SKIP","floor":14},{"not_picked":["Twin Strike"],"picked":"SKIP","floor":18},{"not_picked":["Clothesline+1"],"picked":"SKIP","floor":21}],"player_experience":1119977,"relics_obtained":[{"floor":6,"key":"Old Coin"},{"floor":8,"key":"Centennial Puzzle"},{"floor":9,"key":"infinitespire:PuzzleCube"},{"floor":14,"key":"Toy Ornithopter"}],"event_choices":[{"damage_healed":0,"gold_gain":0,"player_choice":"Got Potions","damage_taken":0,"max_hp_gain":0,"max_hp_loss":0,"event_name":"Lab","floor":2,"gold_loss":0},{"damage_healed":0,"gold_gain":0,"player_choice":"Ignored","damage_taken":0,"max_hp_gain":0,"max_hp_loss":0,"event_name":"Liars Game","floor":12,"gold_loss":0},{"damage_healed":22,"gold_gain":0,"player_choice":"Healed","damage_taken":0,"max_hp_gain":0,"max_hp_loss":0,"event_name":"The Cleric","floor":13,"gold_loss":35},{"damage_healed":0,"gold_gain":0,"player_choice":"Ignored","damage_taken":0,"max_hp_gain":0,"max_hp_loss":0,"event_name":"Beggar","floor":20,"gold_loss":0}],"is_beta":false,"boss_relics":[{"not_picked":["Runic Pyramid","Ooze Armor"],"picked":"Busted Crown"}],"items_purged_floors":[],"is_endless":false,"potions_floor_spawned":[1,11],"killed_by":"Slavers","ascension_level":9}}