{"host":"3y2rtlgteqp2nuo3","time":1611912558,"event":{"mods":["2.2 Compatiblity","AchievementEnabler","BaseMod","Colored Map","DeckTracker","Highlight Path","Keyboard Shortcuts","Minty Spire (QoL Compilation)","Permanent Neow","Quick Restart","StSLib","SuperFastMode","everything is the same but u backflip on backflip"],"gold_per_floor":[113,132,152,152,7,7,7,7,30,43,78,78,89,116,116,216,216,231,250,79,94,108,133,133,152,177,177,187,62,77,89,89,89,89],"floor_reached":33,"language":"KOR","playtime":828,"items_purged":["Strike_R","Strike_R","Strike_R"],"score":393,"play_id":"b0efab5f-c37d-46d5-8fff-6045b33e2108","local_time":"20210129182918","is_ascension_mode":true,"campfire_choices":[{"data":"Searing Blow","floor":6.0,"key":"SMITH"},{"data":"Searing Blow+1","floor":8.0,"key":"SMITH"},{"data":"Searing Blow+2","floor":12.0,"key":"SMITH"},{"data":"Searing Blow+3","floor":15.0,"key":"SMITH"},{"floor":24.0,"key":"REST"},{"floor":27.0,"key":"REST"},{"data":"Searing Blow+4","floor":32.0,"key":"SMITH"}],"circlet_count":0,"master_deck":["Strike_R","Defend_R","Defend_R","Defend_R","Defend_R","Bash+1","Spot Weakness","True Grit","Seeing Red","Second Wind","Searing Blow+5","Pommel Strike","Dual Wield","Feed","Intimidate","Immolate","Seeing Red+1","Fire Breathing","Shrug It Off","Sentinel+1","Power Through","Clothesline"],"relics":["Burning Blood","Peace Pipe","Anchor","Paper Frog","Centennial Puzzle","Philosopher\u0027s Stone","CaptainsWheel","Akabeko"],"acts_visited":["Exordium","TheCity"],"potions_floor_usage":[33],"damage_taken":[{"damage":6.0,"enemies":"Cultist","floor":1.0,"turns":3.0},{"damage":13.0,"enemies":"2 Louse","floor":2.0,"turns":4.0},{"damage":0.0,"enemies":"Jaw Worm","floor":3.0,"turns":5.0},{"damage":0.0,"enemies":"Red Slaver","floor":10.0,"turns":4.0},{"damage":23.0,"enemies":"3 Sentries","floor":11.0,"turns":9.0},{"damage":9.0,"enemies":"Blue Slaver","floor":13.0,"turns":6.0},{"damage":18.0,"enemies":"Gremlin Nob","floor":14.0,"turns":4.0},{"damage":40.0,"enemies":"Slime Boss","floor":16.0,"turns":11.0},{"damage":21.0,"enemies":"Spheric Guardian","floor":18.0,"turns":4.0},{"damage":1.0,"enemies":"Shell Parasite","floor":19.0,"turns":3.0},{"damage":23.0,"enemies":"Chosen and Byrds","floor":21.0,"turns":6.0},{"damage":10.0,"enemies":"Snake Plant","floor":22.0,"turns":3.0},{"damage":33.0,"enemies":"Book of Stabbing","floor":23.0,"turns":5.0},{"damage":21.0,"enemies":"3 Cultists","floor":25.0,"turns":4.0},{"damage":0.0,"enemies":"Snecko","floor":28.0,"turns":4.0},{"damage":8.0,"enemies":"Cultist and Chosen","floor":30.0,"turns":5.0},{"damage":6.0,"enemies":"Centurion and Healer","floor":31.0,"turns":6.0},{"damage":61,"enemies":"Collector","floor":33,"turns":5}],"seed_played":"773907005943408973","potions_obtained":[{"floor":1.0,"key":"Block Potion"},{"floor":10.0,"key":"ColorlessPotion"},{"floor":13.0,"key":"SkillPotion"},{"floor":22.0,"key":"Block Potion"},{"floor":23.0,"key":"FearPotion"},{"floor":25.0,"key":"SpeedPotion"}],"is_trial":false,"path_per_floor":["M","M","M","?","$","R","?","R","T","M","E","R","M","E","R","B",null,"M","M","$","M","M","E","R","M","T","R","M","$","M","M","R","B"],"character_chosen":"IRONCLAD","items_purchased":["Searing Blow","Fire Breathing"],"campfire_rested":2,"item_purchase_floors":[5,20],"current_hp_per_floor":[72,65,71,71,71,71,68,68,68,74,57,57,54,42,42,11,65,50,55,55,41,40,13,39,24,24,50,56,56,54,54,54,0,0],"gold":89,"neow_bonus":"UPGRADE_CARD","is_daily":false,"chose_seed":false,"campfire_upgraded":5,"win_rate":0.0,"timestamp":1611912558,"path_taken":["M","M","M","?","?","R","?","R","T","M","E","R","M","E","R","BOSS","M","M","$","M","M","E","R","M","T","R","M","$","M","M","R","BOSS"],"items_purchased_type":["Card","Card"],"build_version":"2020-12-22","purchased_purges":3,"victory":false,"max_hp_per_floor":[80,80,80,80,80,80,80,80,80,80,80,80,80,80,80,83,83,83,83,83,86,89,89,89,89,89,89,89,89,89,89,89,89,89],"card_choices":[{"not_picked":["Sever Soul","Intimidate"],"picked":"Spot Weakness","floor":1.0},{"not_picked":["Warcry","Dark Embrace"],"picked":"True Grit","floor":2.0},{"not_picked":["Clash","Warcry"],"picked":"Seeing Red","floor":3.0},{"not_picked":["Hemokinesis","Iron Wave"],"picked":"Pommel Strike","floor":10.0},{"not_picked":["Entrench","Infernal Blade"],"picked":"Dual Wield","floor":11.0},{"not_picked":["Armaments","Pommel Strike"],"picked":"Feed","floor":13.0},{"not_picked":["Clash","Havoc"],"picked":"Intimidate","floor":14.0},{"not_picked":["Juggernaut","Reaper"],"picked":"Immolate","floor":16.0},{"not_picked":["Heavy Blade","Sword Boomerang","Cleave"],"picked":"SKIP","floor":18.0},{"not_picked":["Body Slam+1","Armaments"],"picked":"Seeing Red+1","floor":19.0},{"not_picked":["Flex","Body Slam+1"],"picked":"Shrug It Off","floor":21.0},{"not_picked":["Clothesline","Combust","Inflame"],"picked":"SKIP","floor":22.0},{"not_picked":["Evolve","Burning Pact"],"picked":"Sentinel+1","floor":23.0},{"not_picked":["Hemokinesis","Anger"],"picked":"Power Through","floor":25.0},{"not_picked":["Havoc","Barricade","Rampage"],"picked":"SKIP","floor":28.0},{"not_picked":["Wild Strike","Iron Wave","Clash"],"picked":"SKIP","floor":30.0},{"not_picked":["Iron Wave","Body Slam","Clothesline"],"picked":"SKIP","floor":31.0},{"not_picked":["Iron Wave","Body Slam"],"picked":"Clothesline","floor":31.0}],"player_experience":729162,"relics_obtained":[{"floor":9.0,"key":"Anchor"},{"floor":11.0,"key":"Paper Frog"},{"floor":14.0,"key":"Centennial Puzzle"},{"floor":23.0,"key":"CaptainsWheel"},{"floor":26.0,"key":"Akabeko"}],"event_choices":[{"damage_healed":0.0,"max_hp_gain":0.0,"max_hp_loss":0.0,"gold_gain":0.0,"cards_transformed":["Strike_R"],"event_name":"Transmorgrifier","player_choice":"Transformed","floor":4.0,"gold_loss":0.0,"damage_taken":0.0,"cards_obtained":["Second Wind"]},{"damage_healed":0.0,"max_hp_gain":0.0,"max_hp_loss":0.0,"gold_gain":0.0,"event_name":"Scrap Ooze","player_choice":"Success","floor":7.0,"gold_loss":0.0,"damage_taken":3.0,"relics_obtained":["Peace Pipe"]}],"is_beta":false,"boss_relics":[{"not_picked":["Busted Crown","Snecko Eye"],"picked":"Philosopher\u0027s Stone"}],"items_purged_floors":[5,20,29],"is_endless":false,"potions_floor_spawned":[1,10,13,21,22,23,25,30],"killed_by":"Collector","ascension_level":8}}