{"host":"Troy","time":1611939271,"event":{"mods":["BaseMod","Colored Map","Highlight Path","Minty Spire (QoL Compilation)","Permanent Neow"],"gold_per_floor":[20,40,40,57,132,132,143,172,172,203,216,245,256,269,269,373,373,385,153,173,191,371,397,397,430,455,71,87,87,112,126,126,222,222,241,2,18,73,83,113,113,388,415,429,457,227,238,238,238,238,238,238,39,65,65,65],"floor_reached":55,"language":"ENG","playtime":2963,"items_purged":["Strike_R","Regret","Strike_R"],"score":1133,"play_id":"9c695298-0ec3-402a-8e69-0915c45b980b","local_time":"20210129115431","is_ascension_mode":true,"campfire_choices":[{"data":"Uppercut","floor":6.0,"key":"SMITH"},{"data":"Whirlwind","floor":15.0,"key":"SMITH"},{"data":"Demon Form","floor":24.0,"key":"SMITH"},{"floor":29.0,"key":"REST"},{"data":"Shockwave","floor":32.0,"key":"SMITH"},{"floor":41.0,"key":"REST"},{"floor":49,"key":"RECALL"},{"data":"Transmutation","floor":52,"key":"SMITH"}],"circlet_count":0,"master_deck":["Strike_R","Strike_R","Strike_R","Defend_R","Defend_R","Defend_R","Defend_R","Bash","Mayhem+1","Uppercut+1","Clash","Thunderclap","Pommel Strike","Pommel Strike","Metallicize","Warcry","Dual Wield","Whirlwind+1","Demon Form+1","Flame Barrier","Offering","Shockwave+1","Corruption","Dark Embrace+1","Whirlwind+1","Feel No Pain","Transmutation+1","Double Tap","Demon Form+1","Heavy Blade+1"],"relics":["Burning Blood","Lantern","Bottled Flame","Thread and Needle","Paper Frog","Snecko Eye","Chemical X","Bag of Preparation","PreservedInsect","White Beast Statue","Ice Cream","Philosopher\u0027s Stone","Gremlin Horn","TungstenRod","Bag of Marbles","Smiling Mask","Happy Flower","DollysMirror","Kunai"],"acts_visited":["Exordium","TheCity","TheBeyond","TheEnding"],"potions_floor_usage":[47,48,50,50],"damage_taken":[{"damage":6.0,"enemies":"Cultist","floor":1.0,"turns":3.0},{"damage":8.0,"enemies":"2 Louse","floor":2.0,"turns":4.0},{"damage":2.0,"enemies":"Jaw Worm","floor":4.0,"turns":5.0},{"damage":10.0,"enemies":"Gremlin Gang","floor":7.0,"turns":5.0},{"damage":20.0,"enemies":"Lagavulin","floor":8.0,"turns":4.0},{"damage":17.0,"enemies":"3 Sentries","floor":10.0,"turns":6.0},{"damage":2.0,"enemies":"Looter","floor":11.0,"turns":2.0},{"damage":0.0,"enemies":"Lagavulin","floor":12.0,"turns":8.0},{"damage":2.0,"enemies":"Exordium Wildlife","floor":13.0,"turns":2.0},{"damage":0.0,"enemies":"2 Fungi Beasts","floor":14.0,"turns":2.0},{"damage":24.0,"enemies":"Hexaghost","floor":16.0,"turns":7.0},{"damage":9.0,"enemies":"Spheric Guardian","floor":18.0,"turns":4.0},{"damage":0.0,"enemies":"3 Byrds","floor":20.0,"turns":3.0},{"damage":3.0,"enemies":"Centurion and Healer","floor":21.0,"turns":3.0},{"damage":13.0,"enemies":"Slavers","floor":23.0,"turns":2.0},{"damage":8.0,"enemies":"Gremlin Leader","floor":25.0,"turns":3.0},{"damage":20.0,"enemies":"Shelled Parasite and Fungi","floor":28.0,"turns":3.0},{"damage":0.0,"enemies":"Book of Stabbing","floor":30.0,"turns":2.0},{"damage":0.0,"enemies":"3 Cultists","floor":31.0,"turns":1.0},{"damage":6.0,"enemies":"Champ","floor":33.0,"turns":5.0},{"damage":0.0,"enemies":"3 Darklings","floor":35.0,"turns":1.0},{"damage":39.0,"enemies":"3 Shapes","floor":37.0,"turns":4.0},{"damage":18.0,"enemies":"2 Orb Walkers","floor":38.0,"turns":3.0},{"damage":20.0,"enemies":"Maw","floor":39.0,"turns":5.0},{"damage":5.0,"enemies":"Reptomancer","floor":40.0,"turns":2.0},{"damage":10.0,"enemies":"4 Shapes","floor":44.0,"turns":2.0},{"damage":13.0,"enemies":"Nemesis","floor":45.0,"turns":3.0},{"damage":0,"enemies":"Jaw Worm Horde","floor":47,"turns":1},{"damage":0,"enemies":"Writhing Mass","floor":48,"turns":1},{"damage":55,"enemies":"Time Eater","floor":50,"turns":4},{"damage":6,"enemies":"Shield and Spear","floor":54,"turns":3},{"damage":84,"enemies":"The Heart","floor":55,"turns":3}],"seed_played":"-6577697806381525428","potions_obtained":[{"floor":2.0,"key":"GamblersBrew"},{"floor":7.0,"key":"PowerPotion"},{"floor":8.0,"key":"EssenceOfSteel"},{"floor":11.0,"key":"Explosive Potion"},{"floor":12.0,"key":"CultistPotion"},{"floor":16.0,"key":"AttackPotion"},{"floor":18.0,"key":"DistilledChaos"},{"floor":21.0,"key":"Fire Potion"},{"floor":23.0,"key":"DuplicationPotion"},{"floor":28.0,"key":"Block Potion"},{"floor":30.0,"key":"BlessingOfTheForge"},{"floor":31.0,"key":"ElixirPotion"},{"floor":33.0,"key":"Fruit Juice"},{"floor":35.0,"key":"PowerPotion"},{"floor":37.0,"key":"Dexterity Potion"},{"floor":38.0,"key":"AttackPotion"},{"floor":39.0,"key":"Explosive Potion"},{"floor":40.0,"key":"Regen Potion"},{"floor":44.0,"key":"BloodPotion"},{"floor":45.0,"key":"AttackPotion"},{"floor":47,"key":"SmokeBomb"},{"floor":54,"key":"FearPotion"}],"is_trial":false,"path_per_floor":["M","M","?","M","?","R","M","E","T","E","M","E","M","M","R","B",null,"M","$","M","M","?","E","R","E","T","$","M","R","E","M","R","B",null,"M","$","M","?","M","E","R","?","T","M","E","$","M","M","R","B",null,"R","$","E","B"],"character_chosen":"IRONCLAD","items_purchased":["Chemical X","White Beast Statue","Offering","Gremlin Horn","Transmutation","DollysMirror"],"campfire_rested":2,"item_purchase_floors":[19,27,27,36,46,53],"current_hp_per_floor":[80,78,78,80,69,69,65,51,51,40,44,50,54,60,60,42,71,68,68,74,77,58,51,51,49,49,49,35,59,65,71,71,71,78,85,85,52,40,26,27,52,52,52,48,41,41,64,70,70,30,71,71,71,71,0,0],"gold":65,"neow_bonus":"RANDOM_COLORLESS_2","is_daily":false,"chose_seed":false,"campfire_upgraded":5,"win_rate":0.0,"timestamp":1611939271,"path_taken":["M","?","?","?","?","R","M","E","T","E","M","E","M","M","R","BOSS","M","$","M","M","?","E","R","E","T","$","?","R","E","?","R","BOSS","M","$","M","?","M","E","R","?","T","?","E","$","M","M","R","BOSS","R","$","E","BOSS"],"items_purchased_type":["Relic","Relic","Card","Relic","Card","Relic"],"build_version":"2020-12-18","purchased_purges":3,"victory":false,"max_hp_per_floor":[80,80,80,80,80,80,80,80,80,80,80,80,80,80,80,80,80,80,80,80,80,80,80,80,80,80,80,80,80,80,80,80,80,80,85,85,85,85,85,85,85,85,85,85,85,85,85,85,85,85,85,85,85,85,85,85],"card_choices":[{"not_picked":["Violence","Thinking Ahead"],"picked":"Mayhem","floor":0.0},{"not_picked":["Feel No Pain","Havoc"],"picked":"Uppercut","floor":1.0},{"not_picked":["Rage","Perfected Strike","Body Slam"],"picked":"SKIP","floor":2.0},{"not_picked":["Ghostly Armor","Flex"],"picked":"Clash","floor":4.0},{"not_picked":["Power Through","Heavy Blade"],"picked":"Thunderclap","floor":7.0},{"not_picked":["Entrench","Fire Breathing"],"picked":"Pommel Strike","floor":8.0},{"not_picked":["Clash","Entrench"],"picked":"Pommel Strike","floor":10.0},{"not_picked":["Twin Strike","Ghostly Armor"],"picked":"Metallicize","floor":11.0},{"not_picked":["Fire Breathing","Double Tap"],"picked":"Warcry","floor":12.0},{"not_picked":["Combust","Infernal Blade"],"picked":"Dual Wield","floor":13.0},{"not_picked":["Uppercut","Perfected Strike"],"picked":"Whirlwind","floor":14.0},{"not_picked":["Berserk","Juggernaut"],"picked":"Demon Form","floor":16.0},{"not_picked":["Inflame","Headbutt","Rupture"],"picked":"SKIP","floor":18.0},{"not_picked":["Headbutt","Clothesline","True Grit"],"picked":"SKIP","floor":20.0},{"not_picked":["Entrench","Wild Strike","Sword Boomerang"],"picked":"SKIP","floor":21.0},{"not_picked":["Sword Boomerang","Power Through","Clothesline"],"picked":"SKIP","floor":23.0},{"not_picked":["Clash","Anger+1"],"picked":"Flame Barrier","floor":25.0},{"not_picked":["Uppercut","Rage"],"picked":"Shockwave","floor":28.0},{"not_picked":["Sever Soul+1","True Grit","Clothesline"],"picked":"SKIP","floor":30.0},{"not_picked":["True Grit","Rupture","Pommel Strike+1"],"picked":"SKIP","floor":31.0},{"not_picked":["Demon Form","Juggernaut"],"picked":"Corruption","floor":33.0},{"not_picked":["Heavy Blade","Anger+1","Clash"],"picked":"SKIP","floor":35.0},{"not_picked":["Fire Breathing","Evolve+1","Blood for Blood"],"picked":"SKIP","floor":37.0},{"not_picked":["Armaments+1","Entrench+1"],"picked":"Dark Embrace+1","floor":38.0},{"not_picked":["Armaments+1","Hemokinesis+1","Clash"],"picked":"SKIP","floor":39.0},{"not_picked":["Iron Wave+1","Clash","Wild Strike+1"],"picked":"SKIP","floor":40.0},{"not_picked":["Exhume","Pommel Strike"],"picked":"Whirlwind+1","floor":44.0},{"not_picked":["Uppercut+1","Clash+1"],"picked":"Feel No Pain","floor":45.0},{"not_picked":["Thunderclap","True Grit+1"],"picked":"Double Tap","floor":47},{"not_picked":["Combust+1","Metallicize+1"],"picked":"Heavy Blade+1","floor":54}],"player_experience":4105845,"relics_obtained":[{"floor":8.0,"key":"Lantern"},{"floor":9.0,"key":"Bottled Flame"},{"floor":10.0,"key":"Thread and Needle"},{"floor":12.0,"key":"Paper Frog"},{"floor":23.0,"key":"Bag of Preparation"},{"floor":25.0,"key":"PreservedInsect"},{"floor":30.0,"key":"Ice Cream"},{"floor":38.0,"key":"TungstenRod"},{"floor":40.0,"key":"Bag of Marbles"},{"floor":43.0,"key":"Smiling Mask"},{"floor":45.0,"key":"Happy Flower"},{"floor":54,"key":"Kunai"}],"event_choices":[{"damage_healed":0.0,"max_hp_gain":0.0,"max_hp_loss":0.0,"gold_gain":0.0,"event_name":"Accursed Blacksmith","player_choice":"Forge","floor":3.0,"gold_loss":0.0,"damage_taken":0.0,"cards_upgraded":["Mayhem"]},{"damage_healed":0.0,"max_hp_gain":0.0,"max_hp_loss":0.0,"gold_gain":75.0,"event_name":"World of Goop","player_choice":"Gather Gold","floor":5.0,"gold_loss":0.0,"damage_taken":11.0},{"damage_healed":0.0,"max_hp_gain":0.0,"max_hp_loss":0.0,"gold_gain":180.0,"event_name":"Knowing Skull","player_choice":"GOLD GOLD ","floor":22.0,"potions_obtained":[],"gold_loss":0.0,"damage_taken":19.0,"cards_obtained":[]},{"damage_healed":0.0,"max_hp_gain":0.0,"max_hp_loss":0.0,"gold_gain":0.0,"event_name":"Mysterious Sphere","player_choice":"Fight","floor":38.0,"gold_loss":0.0,"damage_taken":0.0},{"damage_healed":0.0,"max_hp_gain":0.0,"max_hp_loss":0.0,"gold_gain":275.0,"event_name":"Golden Shrine","player_choice":"Desecrate","floor":42.0,"gold_loss":0.0,"damage_taken":0.0,"cards_obtained":["Regret"]}],"is_beta":true,"boss_relics":[{"not_picked":["Runic Cube","Black Star"],"picked":"Snecko Eye"},{"not_picked":["Tiny House","Cursed Key"],"picked":"Philosopher\u0027s Stone"}],"items_purged_floors":[19,46,53],"is_endless":false,"potions_floor_spawned":[2,7,8,11,12,16,18,21,23,28,30,31,33,35,37,38,39,40,44,45,47,48,54],"killed_by":"The Heart","ascension_level":5}}