{"host":"y1oqg7uy0jc6f5mb","time":1611911787,"event":{"mods":["BaseMod","Better Altar","Better Match","Better Note","Better Sensory Stone","Better Skull","Better Third Choice","Block Reminder","Colored Map","Colored Powertips","Custom Start","DeckTracker","Downfall","Highlight Path","Minty Spire (QoL Compilation)","Permanent Neow","Quick Restart","Relic Sorter","Relic Stats","Replay The Spire","Shop Mod","StSLib"],"gold_per_floor":[99,108,134,134,159,159,159,159,33,62,97,97,123,158,177,289,289,246,258,258,258,285,294,294,320,337,337,40,64,64,173,200,306,315,315,340,353,52,69,69,69,109,109,133,133,7,7,30,53,53],"floor_reached":51,"language":"ENG","playtime":4428,"items_purged":["Slimebound:Defend_Slimebound","Slimebound:Strike_Slimebound"],"score":780,"play_id":"06e28794-789b-405c-9762-3ab8354e8345","local_time":"20210129171627","is_ascension_mode":false,"campfire_choices":[{"floor":1.0,"key":"DIG"},{"data":"Slimebound:CorrosiveSpit","floor":8.0,"key":"SMITH"},{"data":"Slimebound:RallyTheTroops","floor":12.0,"key":"SMITH"},{"data":"Slimebound:PressTheAttack","floor":30,"key":"SMITH"},{"data":"Slimebound:WasteNot","floor":35,"key":"SMITH"},{"data":"Slimebound:Split","floor":43,"key":"SMITH"},{"floor":45,"key":"REST"}],"circlet_count":0,"master_deck":["Slimebound:Strike_Slimebound","Slimebound:Tackle","Slimebound:Defend_Slimebound","Slimebound:Defend_Slimebound","Slimebound:Split+1","Slimebound:CorrosiveSpit+1","Slimebound:SplitLeeching+1","Slimebound:SplitMire","Slimebound:HauntingLick","Slimebound:RallyTheTroops+1","Slimebound:Equalize+1","Slimebound:ForwardTackle","Slimebound:SlimeBrawl","Slimebound:SlimeTap","Slimebound:ProtectTheBoss","Slimebound:LivingWall","Slimebound:WasteNot+1","Flash of Steel","Slimebound:PressTheAttack+1","Slimebound:Split+1","Slimebound:SlimeSpikes","Slimebound:SlimeSpikes","Slimebound:SelfFormingGoo+1","Slimebound:Prepare","Slimebound:SplitAcid","Slimebound:SplitLeeching","Slimebound:RollThrough","Slimebound:MinionMaster","CurseOfTheBell","Slimebound:RollThrough+1","Slimebound:ComboTackle+1","Slimebound:SamplingLick","Slimebound:RainOfGoop+1","Slimebound:PressTheAttack+1","Slimebound:OozeBath","Slimebound:AcidTongue","Slimebound:AcidTongue","Slimebound:Nibble+1","Slimebound:Prepare+1","Slimebound:SplitBruiser"],"relics":["Slimebound:AbsorbEndCombat","CeramicFish","Mummified Hand","Simple Rune","Mirror","Busted Crown","downfall:HeartBlessingGreen","Replay:Ringing Soul","Chameleon Ring","Nunchaku","Potion Belt","Calling Bell","Blue Doll","Mercury Hourglass","Mango","Slimebound:MaxSlimesRelic","downfall:TeleportStone","ReplayTheSpireMod:Shallot","Replay:Towering Pillar of Hats","Vajra","Akabeko"],"acts_visited":["Exordium","TheCity","TheBeyond"],"potions_floor_usage":[33,33,39,46,49,50,50],"damage_taken":[{"damage":2.0,"enemies":"Cultist","floor":3.0,"turns":4.0},{"damage":7.0,"enemies":"2 Louse","floor":5.0,"turns":3.0},{"damage":3.0,"enemies":"downfall:FleeingMerchant","floor":9.0,"turns":4.0},{"damage":5.0,"enemies":"Small Slimes","floor":10.0,"turns":2.0},{"damage":16.0,"enemies":"Gremlin Nob","floor":11.0,"turns":3.0},{"damage":5.0,"enemies":"Exordium Wildlife","floor":13.0,"turns":3.0},{"damage":7.0,"enemies":"Lagavulin","floor":14.0,"turns":3.0},{"damage":11.0,"enemies":"3 Louse","floor":15.0,"turns":3.0},{"damage":12.0,"enemies":"WA_ARCHETYPE_RETAIN","floor":16.0,"turns":6.0},{"damage":15.0,"enemies":"Shell Parasite","floor":19.0,"turns":3.0},{"damage":0,"enemies":"Chosen","floor":23,"turns":1},{"damage":37,"enemies":"Slavers","floor":25,"turns":5},{"damage":0,"enemies":"Centurion and Healer","floor":26,"turns":6},{"damage":9,"enemies":"downfall:FleeingMerchant","floor":28,"turns":4},{"damage":0,"enemies":"Shelled Parasite and Fungi","floor":29,"turns":3},{"damage":20,"enemies":"downfall:LadyInBlue","floor":31,"turns":8},{"damage":0,"enemies":"Snake Plant","floor":32,"turns":4},{"damage":29,"enemies":"SI_MIRROR_ARCHETYPE","floor":33,"turns":12},{"damage":27,"enemies":"3 Shapes","floor":36,"turns":3},{"damage":22,"enemies":"3 Darklings","floor":37,"turns":4},{"damage":3,"enemies":"downfall:FleeingMerchant","floor":38,"turns":4},{"damage":12,"enemies":"Sphere and 2 Shapes","floor":39,"turns":5},{"damage":50,"enemies":"Nemesis","floor":42,"turns":9},{"damage":3,"enemies":"Spire Growth","floor":44,"turns":4},{"damage":17,"enemies":"downfall:FleeingMerchant","floor":46,"turns":4},{"damage":28,"enemies":"Transient","floor":48,"turns":5},{"damage":3,"enemies":"Maw","floor":49,"turns":5},{"damage":53,"enemies":"DF_ARCHETYPE_ORBS","floor":50,"turns":7}],"seed_played":"-2868594717505730634","potions_obtained":[{"floor":0.0,"key":"Explosive Potion"},{"floor":0.0,"key":"SteroidPotion"},{"floor":0.0,"key":"LiquidMemories"},{"floor":10.0,"key":"Languid Potion"},{"floor":11.0,"key":"Adrenaline Potion"},{"floor":14.0,"key":"Energy Potion"},{"floor":16.0,"key":"Slimebound:ThreeZeroPotion"},{"floor":31,"key":"champ:CounterPotion"},{"floor":31,"key":"Dexterity Potion"},{"floor":31,"key":"Elixir"},{"floor":33,"key":"Doom Potion"},{"floor":37,"key":"Block Potion"},{"floor":42,"key":"Slimebound:SlimedPotion"},{"floor":49,"key":"Fruit Juice"}],"is_trial":false,"path_per_floor":["R_BF","?","M","?","M","?","T","R","$","M","E","R","M","E","M","B",null,"R_BF","M","?","?","?","M","T","E","M","?","$","M","R","?","M","B",null,"R","M","M","$","M","?","T","E","R","M","R","$","$","M","M","B",null],"character_chosen":"SLIMEBOUND","items_purchased":["Slimebound:Equalize+1","Slimebound:SelfFormingGoo+1","Nunchaku","Slimebound:Prepare","Slimebound:SamplingLick","Slimebound:MaxSlimesRelic","Slimebound:AcidTongue","Vajra","Slimebound:Nibble+1","Akabeko"],"campfire_rested":1,"item_purchase_floors":[9,28,28,28,38,38,46,46,46,46],"current_hp_per_floor":[65,65,63,63,58,58,58,58,61,65,51,51,56,59,62,58,65,65,65,65,65,65,65,65,48,62,62,63,71,71,60,73,53,97,97,87,71,87,89,89,89,62,62,78,109,105,105,98,125,88],"gold":53,"neow_bonus":"THREE_SMALL_POTIONS","is_daily":false,"chose_seed":false,"campfire_upgraded":5,"win_rate":0.0,"timestamp":1611911787,"path_taken":["R_BF","?","M","?","M","?","T","R","$","M","E","R","M","E","M","BOSS","R_BF","M","?","?","?","?","T","E","M","?","?","M","R","?","M","BOSS","R","M","M","$","?","?","T","E","R","M","R","?","$","M","M","BOSS"],"items_purchased_type":["Card","Card","Relic","Card","Card","Relic","Card","Relic","Card","Relic"],"build_version":"2020-12-22","purchased_purges":2,"victory":true,"max_hp_per_floor":[65,65,65,65,65,65,65,65,65,65,65,65,65,65,65,65,65,65,65,65,65,65,65,65,65,65,65,68,71,71,74,77,80,97,97,100,100,103,103,103,103,106,106,109,109,112,112,115,125,125],"relic_stats":{"Nunchaku":[15],"Busted Crown":38,"counters":[28,124],"Mummified Hand":[56],"CeramicFish":306,"obtain_stats":[{"Potion Belt":31,"Replay:Towering Pillar of Hats":42,"CeramicFish":1,"Vajra":46,"downfall:HeartBlessingGreen":18,"Blue Doll":34,"Mango":34,"downfall:TeleportStone":40,"Akabeko":46,"Mercury Hourglass":34,"Calling Bell":34,"Replay:Ringing Soul":24,"Nunchaku":28,"downfall:BrokenWingStatue":4,"Busted Crown":17,"Chameleon Ring":25,"Slimebound:MaxSlimesRelic":38,"ReplayTheSpireMod:Shallot":41,"Mummified Hand":7,"Simple Rune":11,"Slimebound:AbsorbEndCombat":0,"Mirror":14},{"Potion Belt":16,"Replay:Towering Pillar of Hats":23,"CeramicFish":0,"Vajra":25,"downfall:HeartBlessingGreen":9,"Blue Doll":18,"Mango":18,"downfall:TeleportStone":22,"Akabeko":25,"Mercury Hourglass":18,"Calling Bell":18,"Replay:Ringing Soul":11,"Nunchaku":14,"downfall:BrokenWingStatue":1,"Busted Crown":9,"Chameleon Ring":12,"Slimebound:MaxSlimesRelic":21,"ReplayTheSpireMod:Shallot":22,"Mummified Hand":2,"Simple Rune":5,"Slimebound:AbsorbEndCombat":0,"Mirror":7},{"Potion Belt":59,"Replay:Towering Pillar of Hats":100,"CeramicFish":0,"Vajra":108,"downfall:HeartBlessingGreen":29,"Blue Doll":75,"Mango":75,"downfall:TeleportStone":91,"Akabeko":108,"Mercury Hourglass":75,"Calling Bell":75,"Replay:Ringing Soul":33,"Nunchaku":48,"downfall:BrokenWingStatue":3,"Busted Crown":29,"Chameleon Ring":38,"Slimebound:MaxSlimesRelic":86,"ReplayTheSpireMod:Shallot":91,"Mummified Hand":5,"Simple Rune":14,"Slimebound:AbsorbEndCombat":0,"Mirror":20}],"Mercury Hourglass":[149]},"card_choices":[{"not_picked":["Slimebound:SplitLeeching","Slimebound:GoopTackle"],"picked":"Slimebound:SplitMire","floor":3.0},{"not_picked":["Slimebound:SplitMire","Slimebound:SplitBruiser"],"picked":"Slimebound:HauntingLick","floor":5.0},{"not_picked":["Slimebound:PressTheAttack","Slimebound:FormOfPuddle"],"picked":"Slimebound:RallyTheTroops","floor":9.0},{"not_picked":["Slimebound:Gluttony","Slimebound:FinishingTackle"],"picked":"Slimebound:ForwardTackle","floor":10.0},{"not_picked":["Slimebound:RollThrough","Slimebound:SplitBruiser"],"picked":"Slimebound:SlimeBrawl","floor":11.0},{"not_picked":["Slimebound:SlimeSpikes","Slimebound:Schlurp"],"picked":"Slimebound:SlimeTap","floor":13.0},{"not_picked":["Slimebound:SplitAcid","Slimebound:Prepare"],"picked":"Slimebound:ProtectTheBoss","floor":14.0},{"not_picked":["Slimebound:HauntingLick","Slimebound:ItLooksTasty"],"picked":"Slimebound:LivingWall","floor":15.0},{"not_picked":["Slimebound:Teamwork","Slimebound:OozeBath"],"picked":"Slimebound:WasteNot","floor":16.0},{"not_picked":["Slimebound:ProtectTheBoss"],"picked":"SKIP","floor":19.0},{"not_picked":[],"picked":"Slimebound:SlimeSpikes","floor":23},{"not_picked":["Slimebound:RollThrough"],"picked":"SKIP","floor":25},{"not_picked":["Slimebound:FinishingTackle"],"picked":"SKIP","floor":26},{"not_picked":[],"picked":"Slimebound:SlimeSpikes","floor":28},{"not_picked":[],"picked":"Slimebound:SplitAcid","floor":29},{"not_picked":[],"picked":"Slimebound:SplitLeeching","floor":31},{"not_picked":[],"picked":"Slimebound:RollThrough","floor":32},{"not_picked":[],"picked":"Slimebound:MinionMaster","floor":33},{"not_picked":[],"picked":"Slimebound:RollThrough+1","floor":36},{"not_picked":["Slimebound:ForwardTackle"],"picked":"SKIP","floor":37},{"not_picked":[],"picked":"Slimebound:ComboTackle+1","floor":38},{"not_picked":["Slimebound:ProtectTheBoss"],"picked":"SKIP","floor":39},{"not_picked":[],"picked":"Slimebound:RainOfGoop+1","floor":42},{"not_picked":[],"picked":"Slimebound:PressTheAttack+1","floor":44},{"not_picked":[],"picked":"Slimebound:OozeBath","floor":46},{"not_picked":[],"picked":"Slimebound:Prepare+1","floor":48},{"not_picked":[],"picked":"Slimebound:SplitBruiser","floor":49}],"player_experience":248924,"relics_obtained":[{"floor":1.0,"key":"CeramicFish"},{"floor":7.0,"key":"Mummified Hand"},{"floor":11.0,"key":"Simple Rune"},{"floor":14.0,"key":"Mirror"},{"floor":24,"key":"Replay:Ringing Soul"},{"floor":25,"key":"Chameleon Ring"},{"floor":31,"key":"Potion Belt"},{"floor":34,"key":"Blue Doll"},{"floor":34,"key":"Mercury Hourglass"},{"floor":34,"key":"Mango"},{"floor":41,"key":"ReplayTheSpireMod:Shallot"},{"floor":42,"key":"Replay:Towering Pillar of Hats"}],"event_choices":[{"damage_healed":0.0,"max_hp_gain":0.0,"max_hp_loss":0.0,"gold_gain":0.0,"event_name":"Living Wall","player_choice":"Grow","floor":6.0,"gold_loss":0.0,"damage_taken":0.0,"cards_upgraded":["Slimebound:Split"]},{"cards_removed":["Slimebound:Defend_Slimebound"],"damage_healed":0.0,"max_hp_gain":0.0,"max_hp_loss":0.0,"gold_gain":0.0,"event_name":"Bonfire Elementals","player_choice":"Offered Basic","floor":21.0,"gold_loss":0.0,"damage_taken":0.0},{"damage_healed":0,"gold_gain":0,"player_choice":"Ignored","damage_taken":0,"max_hp_gain":0,"max_hp_loss":0,"event_name":"betterNote:BetterNote","floor":27,"gold_loss":0,"cards_obtained":["Poisoned Strike"]}],"is_beta":false,"boss_relics":[{"not_picked":["Tiny House","Replay:Grab Bag"],"picked":"Busted Crown"},{"not_picked":["Empty Cage","Replay:Drink Me"],"picked":"Calling Bell"}],"items_purged_floors":[9,46],"is_endless":false,"potions_floor_spawned":[10,11,14,16,25,31,33,37,42,44,49],"ascension_level":0}}