{"host":"bw00wb7p5bw58om7","time":1611950287,"event":{"mods":["100% Spire Juice","Act Like it!","BaseMod","Better Third Choice","CapriCore","Chen","Downfall","Gensokyo","KinomotoSakuraMod(????)","Koishi","KomeijiMod","Mari Mod (Legacy)","Mari\u0027s V1 Patch","Marisa????????","Minty Spire (QoL Compilation)","Onozuka Komachi Mod","Permanent Neow","Prisma Mod","Reimu??????","Remilia_Scarlet Moed?????·?????3.3.5","Remilia??????","Replay The Spire","StSLib","The Administrix","The Immortal","The Senshi","The Servant 0.9.4","TheVelvet","WarShipGirlsR/????R mod","Yakumo Yukari mod","Youmu??????","Yuyuko"],"gold_per_floor":[10,30,42,60,60,92,92,107,107,107,123,141,153,171,171,267,267,247,247],"floor_reached":18,"language":"ENG","playtime":993,"items_purged":[],"score":195,"play_id":"4ebec622-3ff3-49b6-8eb2-e6ca8d08d415","local_time":"20210129195807","is_ascension_mode":false,"campfire_choices":[{"data":"LoveAcrossDimensions_purple","floor":7,"key":"SMITH"},{"floor":10,"key":"REST"},{"floor":15,"key":"REST"}],"circlet_count":0,"master_deck":["AT_purpleEX","AT_purpleEX","AT_purpleEX","AT_purpleEX","Defend_purpleEX","Defend_purpleEX","Defend_purpleEX","Defend_purpleEX","Observe_purple_1","Observe_purple_2","DimensionStaggered_purple","LoveAcrossDimensions_purple+1","PurpleNeedle_purple","MeetDecomposer_purple","ExistenceContinue_purple","StateErode_purple","ExistenceContinue_purple","Yakumo_Ran_purple","Erosivefilter_purple","BarrageBoundary_PipeDream_purple","ContainerChange_purple","Boundary_of_Extermination_purpleEX"],"relics":["Boundary_crack","Memoryfragments_purpleEX","RuthlessExorcism:ReiMu","AntiCross","Bottled Lightning","Replay:Grab Bag","Sozu","Ectoplasm","Runic Pyramid"],"acts_visited":["Gensokyo:Gensokyo","Gensokyo:Gensokyoer"],"potions_floor_usage":[],"damage_taken":[{"damage":0,"enemies":"Gensokyo:3_Fairies","floor":1,"turns":5},{"damage":1,"enemies":"Gensokyo:Python","floor":2,"turns":5},{"damage":2,"enemies":"Gensokyo:Gryphon","floor":3,"turns":6},{"damage":24,"enemies":"Gensokyo:CorruptedTreant","floor":4,"turns":5},{"damage":41,"enemies":"Gensokyo:Mamizou","floor":6,"turns":12},{"damage":0,"enemies":"Gensokyo:3_Kodama","floor":8,"turns":2},{"damage":12,"enemies":"Gensokyo:2_Rabbits","floor":11,"turns":3},{"damage":12,"enemies":"Gensokyo:Python_and_Kodama","floor":12,"turns":3},{"damage":3,"enemies":"Gensokyo:LivingMonolith","floor":13,"turns":3},{"damage":3,"enemies":"Gensokyo:3_Kodama","floor":14,"turns":2},{"damage":38,"enemies":"Gensokyo:Reimu","floor":16,"turns":7},{"damage":18,"enemies":"Gensokyo:Chomper","floor":18,"turns":4}],"seed_played":"-1865618758360984899","potions_obtained":[{"floor":3,"key":"CalmPotion"},{"floor":4,"key":"SteroidPotion"},{"floor":11,"key":"Explosive Potion"},{"floor":14,"key":"Fire Potion"}],"is_trial":false,"path_per_floor":["M","M","M","M","T","E","R","M","T","R","M","M","M","M","R","B",null,"M"],"character_chosen":"Youkari","items_purchased":[],"campfire_rested":2,"item_purchase_floors":[],"current_hp_per_floor":[84,84,84,64,64,28,28,29,29,54,43,31,30,29,54,16,84,69,69],"gold":247,"neow_bonus":"TWENTY_PERCENT_HP_BONUS","is_daily":false,"chose_seed":false,"campfire_upgraded":1,"win_rate":0.0,"timestamp":1611950287,"path_taken":["M","?","M","M","?","E","R","M","T","R","M","M","M","M","R","BOSS","M"],"items_purchased_type":[],"build_version":"2020-12-22","purchased_purges":0,"victory":false,"max_hp_per_floor":[84,84,84,84,84,84,84,84,84,84,84,84,84,84,84,84,84,84,84],"card_choices":[{"not_picked":["StateDuplicate_purple","Boundary_LightAndDark_purple"],"picked":"DimensionStaggered_purple","floor":1},{"not_picked":["StateDuplicate_purple","AdvanceAttack_purple"],"picked":"LoveAcrossDimensions_purple","floor":2},{"not_picked":["Line_surface_state_purple","RuleDissolution_purple"],"picked":"PurpleNeedle_purple","floor":3},{"not_picked":["StretchesForeverDream_purple","SfantasyHide_purple"],"picked":"MeetDecomposer_purple","floor":4},{"not_picked":["SharpContractionReality_purple","MNeedle_purple"],"picked":"ExistenceContinue_purple","floor":6},{"not_picked":["StateDuplicate_purple","CommonSense_AntiCommonSense_purple"],"picked":"StateErode_purple","floor":8},{"not_picked":["AdvanceAttack_purple","StateErode_purple"],"picked":"ExistenceContinue_purple","floor":11},{"not_picked":["Bait_HighSpeedFlying_purple","RuleDissolution_purple"],"picked":"Yakumo_Ran_purple","floor":12},{"not_picked":["RuleDissolution_purple","Yakumo_Ran_purple"],"picked":"Erosivefilter_purple","floor":13},{"not_picked":["Photoelasticity_Doppler_Effect_purple","StateErode_purple"],"picked":"BarrageBoundary_PipeDream_purple","floor":14},{"not_picked":["Theboundaryofcreation_purpleEX","MagicEyes_LaplaceDemon_purple"],"picked":"ContainerChange_purple","floor":16},{"not_picked":["WatchEChange_purple","RuleDissolution_purple+1"],"picked":"Boundary_of_Extermination_purpleEX","floor":18}],"player_experience":312041,"relics_obtained":[{"floor":5,"key":"RuthlessExorcism:ReiMu"},{"floor":6,"key":"AntiCross"},{"floor":9,"key":"Bottled Lightning"}],"event_choices":[],"is_beta":false,"boss_relics":[{"not_picked":["ReplayTheSpireMod:DimensionalGlitch","Runic Dome"],"picked":"Replay:Grab Bag"},{"not_picked":["Coffee Dripper","Cursed Key"],"picked":"Sozu"},{"not_picked":["Painkiller Herb","Busted Crown"],"picked":"Ectoplasm"},{"not_picked":["MariMod:MariFestivalBadge","Ring of Chaos"],"picked":"Runic Pyramid"}],"items_purged_floors":[],"is_endless":false,"potions_floor_spawned":[3,4,11,12,14],"killed_by":"Gensokyo:Chomper","ascension_level":0}}