{"host":"k5yjj86hwv5qv2gx","time":1611882633,"event":{"mods":["BaseMod","BetterRewards","Minty Spire (QoL Compilation)","StSLib"],"gold_per_floor":[119,133,133,283,53,82,95,127,127,127,162,172,204,221,221,298,298,315,315,36,36,53,84,101,126,126,126,226,240,240,515,515,515,515],"floor_reached":33,"language":"ENG","playtime":2555,"items_purged":["Doubt"],"score":776,"play_id":"71f71039-93c5-44a8-9e91-2c823d4d36b7","local_time":"20210128171033","is_ascension_mode":true,"campfire_choices":[{"data":"Armaments","floor":15.0,"key":"SMITH"},{"floor":27,"key":"RECALL"},{"data":"Feel No Pain","floor":30,"key":"SMITH"},{"floor":32,"key":"REST"}],"circlet_count":0,"master_deck":["AscendersBane","Strike_R","Strike_R","Strike_R","Strike_R","Strike_R","Defend_R","Defend_R","Defend_R","Defend_R","Bash","Anger+1","Pommel Strike","Offering","Feel No Pain","Spot Weakness","Armaments+1","Ghostly Armor","Feed","Spot Weakness+1","Burning Pact+1","Armaments+1","Iron Wave","Limit Break+1","Dark Embrace","Feel No Pain+1","Intimidate+1","Regret"],"relics":["Burning Blood","NeowsBlessing","Smiling Mask","Gambling Chip","Toxic Egg 2","Bottled Lightning","InkBottle","Paper Frog","Runic Pyramid","Bag of Marbles","Meat on the Bone","Boot","Potion Belt","Calipers","Bottled Tornado"],"acts_visited":["Exordium","TheCity"],"potions_floor_usage":[28,33],"damage_taken":[{"damage":0.0,"enemies":"Cultist","floor":1.0,"turns":1.0},{"damage":0.0,"enemies":"Small Slimes","floor":2.0,"turns":1.0},{"damage":0.0,"enemies":"Gremlin Nob","floor":6.0,"turns":1.0},{"damage":19.0,"enemies":"Jaw Worm","floor":7.0,"turns":4.0},{"damage":28.0,"enemies":"Lagavulin","floor":8.0,"turns":6.0},{"damage":16.0,"enemies":"3 Sentries","floor":11.0,"turns":8.0},{"damage":8.0,"enemies":"Blue Slaver","floor":12.0,"turns":5.0},{"damage":30.0,"enemies":"Lagavulin","floor":13.0,"turns":6.0},{"damage":5.0,"enemies":"Red Slaver","floor":14.0,"turns":5.0},{"damage":18.0,"enemies":"Hexaghost","floor":16.0,"turns":8.0},{"damage":19.0,"enemies":"Spheric Guardian","floor":18.0,"turns":4.0},{"damage":17.0,"enemies":"Shell Parasite","floor":22.0,"turns":6.0},{"damage":6.0,"enemies":"Slavers","floor":23.0,"turns":5.0},{"damage":29.0,"enemies":"Snake Plant","floor":24.0,"turns":5.0},{"damage":30,"enemies":"Book of Stabbing","floor":25,"turns":4},{"damage":28,"enemies":"Colosseum Slavers","floor":28,"turns":6},{"damage":20,"enemies":"Colosseum Nobs","floor":28,"turns":6},{"damage":17,"enemies":"Chosen and Byrds","floor":29,"turns":6},{"damage":79,"enemies":"Automaton","floor":33,"turns":9}],"seed_played":"-709356020778016312","potions_obtained":[{"floor":1.0,"key":"GamblersBrew"},{"floor":8.0,"key":"PowerPotion"},{"floor":12.0,"key":"LiquidMemories"},{"floor":14.0,"key":"BloodPotion"},{"floor":23.0,"key":"Explosive Potion"},{"floor":24.0,"key":"Swift Potion"},{"floor":28,"key":"HeartOfIron"}],"is_trial":false,"path_per_floor":["M","M","?","?","$","E","M","E","T","T","E","M","E","M","R","B",null,"M","T","$","$","M","E","M","E","T","R","?","M","R","?","R","B"],"character_chosen":"IRONCLAD","items_purchased":["Offering","Feel No Pain","Meat on the Bone"],"campfire_rested":1,"item_purchase_floors":[5,5,20],"current_hp_per_floor":[74,75,75,75,75,75,62,40,40,40,30,31,10,14,14,22,72,63,63,63,63,56,59,52,44,44,44,40,44,44,44,79,0,0],"gold":515,"neow_bonus":"THREE_ENEMY_KILL","is_daily":false,"chose_seed":false,"campfire_upgraded":2,"win_rate":0.0,"timestamp":1611882633,"path_taken":["M","?","?","?","$","E","M","E","T","?","E","M","E","M","R","BOSS","M","?","?","$","M","E","?","E","T","R","?","M","R","?","R","BOSS"],"items_purchased_type":["Card","Card","Relic"],"build_version":"2020-12-22","purchased_purges":1,"victory":false,"max_hp_per_floor":[75,75,75,75,75,75,75,75,75,75,75,78,81,84,84,88,88,92,92,92,92,96,99,103,107,107,107,115,118,118,118,118,118,118],"card_choices":[{"not_picked":["Body Slam","Hemokinesis"],"picked":"Anger","floor":1.0},{"not_picked":["Body Slam","Sword Boomerang"],"picked":"Pommel Strike","floor":2.0},{"not_picked":["Dropkick","Perfected Strike"],"picked":"Spot Weakness","floor":6.0},{"not_picked":["Body Slam","Pommel Strike"],"picked":"Armaments","floor":7.0},{"not_picked":["Cleave","Reckless Charge"],"picked":"Ghostly Armor","floor":8.0},{"not_picked":["Pommel Strike","Reckless Charge"],"picked":"Feed","floor":11.0},{"not_picked":["Wild Strike","Heavy Blade"],"picked":"Spot Weakness+1","floor":12.0},{"not_picked":["Flex+1","Rampage","Iron Wave"],"picked":"SKIP","floor":13.0},{"not_picked":["Iron Wave","Twin Strike"],"picked":"Burning Pact+1","floor":14.0},{"not_picked":["Anger","Blood for Blood"],"picked":"Armaments+1","floor":18.0},{"not_picked":["Thunderclap","Fire Breathing"],"picked":"Iron Wave","floor":22.0},{"not_picked":["Combust","Thunderclap"],"picked":"Limit Break+1","floor":23.0},{"not_picked":["Perfected Strike","Pommel Strike"],"picked":"Dark Embrace","floor":24.0},{"not_picked":["Headbutt","Heavy Blade"],"picked":"Feel No Pain","floor":25},{"not_picked":["Ghostly Armor+1","Pommel Strike"],"picked":"Intimidate+1","floor":29}],"player_experience":1145185,"relics_obtained":[{"floor":6.0,"key":"Smiling Mask"},{"floor":8.0,"key":"Gambling Chip"},{"floor":9.0,"key":"Toxic Egg 2"},{"floor":10.0,"key":"Bottled Lightning"},{"floor":11.0,"key":"InkBottle"},{"floor":13.0,"key":"Paper Frog"},{"floor":19.0,"key":"Bag of Marbles"},{"floor":23.0,"key":"Boot"},{"floor":25,"key":"Potion Belt"},{"floor":28,"key":"Calipers"},{"floor":28,"key":"Bottled Tornado"}],"event_choices":[{"damage_healed":0.0,"max_hp_gain":0.0,"max_hp_loss":0.0,"gold_gain":0.0,"event_name":"Living Wall","player_choice":"Grow","floor":3.0,"gold_loss":0.0,"damage_taken":0.0,"cards_upgraded":["Anger"]},{"damage_healed":0.0,"max_hp_gain":0.0,"max_hp_loss":0.0,"gold_gain":150.0,"event_name":"Liars Game","player_choice":"AGREE","floor":4.0,"gold_loss":0.0,"damage_taken":0.0,"cards_obtained":["Doubt"]},{"damage_healed":0,"gold_gain":0,"player_choice":"Fight","damage_taken":0,"max_hp_gain":0,"max_hp_loss":0,"event_name":"Colosseum","floor":28,"gold_loss":0},{"damage_healed":0,"gold_gain":0,"player_choice":"Fought Nobs","damage_taken":0,"max_hp_gain":0,"max_hp_loss":0,"event_name":"Colosseum","floor":28,"gold_loss":0},{"damage_healed":0,"gold_gain":275,"player_choice":"Desecrate","damage_taken":0,"max_hp_gain":0,"max_hp_loss":0,"event_name":"Golden Shrine","floor":31,"gold_loss":0,"cards_obtained":["Regret"]}],"is_beta":false,"boss_relics":[{"not_picked":["Black Blood","SacredBark"],"picked":"Runic Pyramid"}],"items_purged_floors":[5],"is_endless":false,"potions_floor_spawned":[1,8,12,14,23,24,28,28],"killed_by":"Automaton","ascension_level":20}}