{"host":"fvux6yoihym3ucic","time":1611938435,"event":{"mods":["BaseMod","Curses Come First","Downfall","Energized Spire","Hermit","Infinite Spire","Minty Spire (QoL Compilation)","Rare Cards Sparkle","Replay The Spire","Spire Arcade","StSLib","The Cursed"],"gold_per_floor":[368,368,381,331,331,331,355,370,397,672,672,696,709,282,282,405,405,418,418,444,86,86,135,10,30,30],"floor_reached":25,"language":"ENG","playtime":973,"items_purged":["Regret","Heavy Blade+1","Strike_R"],"score":209,"play_id":"15bc9ded-56ab-4284-9f67-37dd0a42c270","local_time":"20210129114035","is_ascension_mode":false,"campfire_choices":[{"data":"Rampage","floor":11,"key":"SMITH"},{"data":"Offering","floor":15,"key":"SMITH"}],"circlet_count":0,"master_deck":["Strike_R","Defend_R","Defend_R","Defend_R","Rampage+1","Swift Strike","Impervious","Offering+1","Demonic Infusion","Replay:Many Hands+1","Rage+1","infinitespire:NeuralNetwork"],"relics":["Burning Blood","Golden Idol","Centennial Puzzle","Replay:Wax Seal","Lee\u0027s Waffle","Astrolabe","infinitespire:Midas Blood","Replay:Baseball"],"acts_visited":["Exordium","TheCity"],"potions_floor_usage":[13,16,18,18],"damage_taken":[{"damage":6,"enemies":"2 Louse","floor":1,"turns":3},{"damage":1,"enemies":"Cultist","floor":3,"turns":3},{"damage":1,"enemies":"Jaw Worm","floor":7,"turns":3},{"damage":7,"enemies":"Blue Slaver","floor":8,"turns":3},{"damage":6,"enemies":"Large Slime","floor":12,"turns":6},{"damage":13,"enemies":"Gremlin Gang","floor":13,"turns":5},{"damage":14,"enemies":"Fading Forest","floor":16,"turns":11},{"damage":12,"enemies":"Shell Parasite","floor":18,"turns":3},{"damage":56,"enemies":"Nightmare","floor":23,"turns":8},{"damage":10,"enemies":"3 Byrds","floor":25,"turns":1}],"seed_played":"-8391290626808853615","potions_obtained":[{"floor":1,"key":"Strength Potion"},{"floor":3,"key":"Elixir"},{"floor":8,"key":"Fire Potion"},{"floor":13,"key":"LiquidMemories"},{"floor":16,"key":"Languid Potion"}],"is_trial":false,"path_per_floor":["M","?","M","?","?","?","M","M","T","?","R","M","M","$","R","B",null,"M","?","T","$","?","NM","$","M"],"character_chosen":"IRONCLAD","items_purchased":["Replay:Wax Seal","Lee\u0027s Waffle","Offering","infinitespire:Midas Blood"],"campfire_rested":0,"item_purchase_floors":[14,14,14,21],"current_hp_per_floor":[80,80,80,80,60,60,65,64,64,64,64,64,57,87,87,79,87,81,60,60,60,60,10,10,0,0],"gold":30,"neow_bonus":"TWO_FIFTY_GOLD","is_daily":false,"chose_seed":false,"campfire_upgraded":2,"win_rate":0.0,"timestamp":1611938435,"path_taken":["M","?","?","?","?","?","?","M","T","?","R","M","M","$","R","BOSS","M","?","?","$","?","NM","?","?"],"items_purchased_type":["Relic","Relic","Card","Relic"],"build_version":"2020-12-22","purchased_purges":3,"victory":false,"max_hp_per_floor":[80,80,80,80,80,80,80,80,80,80,80,80,80,87,87,87,87,87,87,87,87,87,87,87,87,87],"card_choices":[{"not_picked":["ReplayTheSpireMod:Stacked","Thunderclap"],"picked":"Rampage","floor":1},{"not_picked":["Replay:Undeath\u0027s Touch","Clash","Hemokinesis"],"picked":"SKIP","floor":3},{"not_picked":["Bloodletting","Metallicize"],"picked":"Impervious","floor":7},{"not_picked":["Uppercut","Feel No Pain","True Grit"],"picked":"SKIP","floor":8},{"not_picked":["Wild Strike","Hemokinesis","Perfected Strike"],"picked":"SKIP","floor":12},{"not_picked":["Combust","Thunderclap","Anger"],"picked":"SKIP","floor":13},{"not_picked":["Exhume","Demon Form"],"picked":"Demonic Infusion","floor":16},{"not_picked":["Pummel","Abandon","Twin Strike"],"picked":"SKIP","floor":18},{"not_picked":["infinitespire:TheBestDefense","ReplayTheSpireMod:Haul"],"picked":"infinitespire:NeuralNetwork","floor":19},{"not_picked":["Power Through","True Grit","Run Through+1"],"picked":"SKIP","floor":23}],"player_experience":32998,"relics_obtained":[{"floor":9,"key":"Centennial Puzzle"},{"floor":23,"key":"Replay:Baseball"}],"event_choices":[{"damage_healed":0,"gold_gain":0,"player_choice":"1 cards matched","damage_taken":0,"max_hp_gain":0,"max_hp_loss":0,"event_name":"Match and Keep!","floor":2,"gold_loss":0,"cards_obtained":["Swift Strike"]},{"cards_removed":["Looming Evil"],"damage_healed":0,"gold_gain":0,"player_choice":"Card Removal","damage_taken":0,"max_hp_gain":0,"max_hp_loss":0,"event_name":"The Cleric","floor":4,"gold_loss":50},{"damage_healed":0,"gold_gain":0,"player_choice":"Take Damage","damage_taken":20,"relics_obtained":["Golden Idol"],"max_hp_gain":0,"max_hp_loss":0,"event_name":"Golden Idol","floor":5,"gold_loss":0},{"cards_removed":["Strike_R"],"damage_healed":0,"gold_gain":0,"player_choice":"Purged","damage_taken":0,"max_hp_gain":0,"max_hp_loss":0,"event_name":"Purifier","floor":6,"gold_loss":0},{"damage_healed":0,"gold_gain":275,"player_choice":"Desecrate","damage_taken":0,"max_hp_gain":0,"max_hp_loss":0,"event_name":"Golden Shrine","floor":10,"gold_loss":0,"cards_obtained":["Regret"]},{"cards_removed":["Strike_R"],"damage_healed":0,"gold_gain":0,"player_choice":"Elegance","damage_taken":0,"max_hp_gain":0,"max_hp_loss":0,"event_name":"Back to Basics","floor":22,"gold_loss":0}],"is_beta":false,"boss_relics":[{"not_picked":["Runic Dome","Sozu"],"picked":"Astrolabe"}],"items_purged_floors":[14,21,24],"is_endless":false,"potions_floor_spawned":[1,3,8,13,16],"killed_by":"3 Byrds","ascension_level":0}}