{"host":"3qkmyeoym75lj4wn","time":1611946121,"event":{"mods":["2.2 Compatiblity","BaseMod","Block Reminder","Colored Powertips","Highlight Path","Minty Spire (QoL Compilation)","Permanent Neow","Potion Indicator Mod","Rare Cards Sparkle","Relic Stats","StSLib","Unceasing Turn Reminder"],"gold_per_floor":[117,128,128,190,190,190,203,203,203,203,45,79,90,117,117,117,117],"floor_reached":16,"language":"ENG","playtime":391,"items_purged":[],"score":216,"play_id":"7ace47bc-4fd7-4144-9ceb-ce6fe21bd8f4","local_time":"20210129184841","is_ascension_mode":true,"campfire_choices":[{"data":"Rampage","floor":6,"key":"SMITH"},{"data":"Sword Boomerang","floor":8,"key":"SMITH"},{"floor":15,"key":"RECALL"}],"circlet_count":0,"master_deck":["AscendersBane","Strike_R","Strike_R","Strike_R","Strike_R","Strike_R+1","Defend_R","Defend_R","Defend_R","Defend_R","Bash+1","Sword Boomerang+1","Rampage+1","Carnage+1","Seeing Red","Shrug It Off"],"relics":["Burning Blood","PreservedInsect","Lantern","Whetstone","Self Forming Clay"],"acts_visited":["Exordium"],"potions_floor_usage":[12,14,16],"damage_taken":[{"damage":9,"enemies":"Jaw Worm","floor":1,"turns":5},{"damage":10,"enemies":"Small Slimes","floor":2,"turns":3},{"damage":0,"enemies":"Cultist","floor":7,"turns":2},{"damage":23,"enemies":"Lagavulin","floor":12,"turns":4},{"damage":8,"enemies":"Blue Slaver","floor":13,"turns":2},{"damage":15,"enemies":"3 Sentries","floor":14,"turns":4},{"damage":57,"enemies":"Hexaghost","floor":16,"turns":9}],"seed_played":"5473994630253607163","potions_obtained":[{"floor":1,"key":"Regen Potion"},{"floor":7,"key":"Block Potion"},{"floor":13,"key":"Weak Potion"}],"is_trial":false,"path_per_floor":["M","M","?","?","?","R","M","R","T","$","$","E","M","E","R","B"],"character_chosen":"IRONCLAD","items_purchased":["Lantern"],"campfire_rested":0,"item_purchase_floors":[11],"current_hp_per_floor":[65,61,61,61,66,66,72,72,72,72,72,55,53,56,56,0,0],"gold":117,"neow_bonus":"THREE_CARDS","is_daily":false,"chose_seed":false,"campfire_upgraded":2,"win_rate":0.0,"timestamp":1611946121,"path_taken":["M","M","?","?","?","R","M","R","T","?","$","E","M","E","R","BOSS"],"items_purchased_type":["Relic"],"build_version":"2020-12-22","purchased_purges":0,"victory":false,"max_hp_per_floor":[75,75,75,75,80,80,80,80,80,80,80,80,80,80,80,80,80],"relic_stats":{"counters":[7,29],"Self Forming Clay":[27],"PreservedInsect":67,"Whetstone":["Bash","Strike_R"],"obtain_stats":[{"Lantern":11,"Self Forming Clay":14,"PreservedInsect":9,"Whetstone":12,"Burning Blood":0},{"Lantern":3,"Self Forming Clay":6,"PreservedInsect":3,"Whetstone":4,"Burning Blood":0},{"Lantern":10,"Self Forming Clay":20,"PreservedInsect":10,"Whetstone":14,"Burning Blood":0}],"Burning Blood":36},"card_choices":[{"not_picked":["Infernal Blade","Dark Embrace"],"picked":"Sword Boomerang","floor":0},{"not_picked":["Shrug It Off","Flex"],"picked":"Rampage","floor":1},{"not_picked":["Pommel Strike","Burning Pact"],"picked":"Carnage","floor":2},{"not_picked":["Havoc","Second Wind","Twin Strike"],"picked":"SKIP","floor":7},{"not_picked":["Wild Strike","Twin Strike","Perfected Strike"],"picked":"SKIP","floor":12},{"not_picked":["Perfected Strike","Heavy Blade"],"picked":"Seeing Red","floor":13},{"not_picked":["Clothesline","True Grit"],"picked":"Shrug It Off","floor":14}],"player_experience":1712406,"relics_obtained":[{"floor":9,"key":"PreservedInsect"},{"floor":12,"key":"Whetstone"},{"floor":14,"key":"Self Forming Clay"}],"event_choices":[{"damage_healed":0,"gold_gain":0,"player_choice":"Grow","damage_taken":0,"max_hp_gain":0,"max_hp_loss":0,"event_name":"Living Wall","floor":3,"gold_loss":0,"cards_upgraded":["Carnage"]},{"damage_healed":0,"gold_gain":62,"player_choice":"Gained Gold","damage_taken":0,"max_hp_gain":0,"max_hp_loss":0,"event_name":"Golden Wing","floor":4,"gold_loss":0},{"damage_healed":0,"gold_gain":0,"player_choice":"Donut","damage_taken":0,"max_hp_gain":5,"max_hp_loss":0,"event_name":"Big Fish","floor":5,"gold_loss":0}],"is_beta":false,"boss_relics":[],"items_purged_floors":[],"is_endless":false,"potions_floor_spawned":[1,7,13],"killed_by":"Hexaghost","ascension_level":20}}