{"host":"hl3ams4am2ku5u4p","time":1611918725,"event":{"mods":["AchievementEnabler","Aspiration","BaseMod","Beaked The Cultist","BetterRewards","CatGirl Mod","Colored Map","Colored Powertips","Conspire","Downfall","Energized Spire","Halation","HornydragonMod","Hubris","Infinite Spire","Mad Scientist","Magitek Elite","Minty Spire (QoL Compilation)","READ ME - Guardian Mod","Replay The Spire","Spikes Relics","StSLib","SuperFastMode","The Blackbeard","The Bug Knight","The Construct","The Disciple","The Jungle","The Mystic","The Necromancer","The Senshi"],"gold_per_floor":[109,109,125,164,189,189,229,229,253,253,253,284,284,284,284,379,379,398,398,398,205,28,28,46,46,73,73,111,171,171,206,206,333,333,346,346,346,247,262,262,281,281,281,294,369,369,369,412,412,412,412],"floor_reached":50,"language":"FRA","playtime":1831,"items_purged":["ReplayTheSpireMod:Splinters","Injury"],"score":738,"play_id":"3d5803b5-b454-467c-8bb0-dae21d60306e","local_time":"20210129121205","is_ascension_mode":true,"campfire_choices":[{"data":"Mind Blast","floor":6,"key":"SMITH"},{"data":"Whirlwind","floor":8,"key":"SMITH"},{"data":"ReplayTheSpireMod:Muscle Training","floor":11,"key":"SMITH"},{"data":"Bash","floor":15,"key":"SMITH"},{"data":"Double Tap","floor":23,"key":"SMITH"},{"data":"Rage","floor":27,"key":"SMITH"},{"floor":30,"key":"REST"},{"data":"Shrug It Off","floor":32,"key":"SMITH"},{"data":"Shrug It Off","floor":40,"key":"SMITH"},{"floor":42,"key":"REST"},{"floor":46,"key":"REST"},{"floor":49,"key":"REST"}],"circlet_count":0,"master_deck":["Strike_R+1","Strike_R+1","Strike_R+1","Strike_R+1","Defend_R+1","Defend_R+1","Defend_R+1","Defend_R+1","Bash+1","Double Tap+1","Mind Blast+1","HandOfGreed+1","ReplayTheSpireMod:Muscle Training+1","Rage+1","Whirlwind+1","Shrug It Off+1","Headbutt+1","hubris:StunningStrike+1","Iron Wave+1","Shrug It Off+1","Sword Boomerang+1","Bludgeon+1","Mind Blast+1","Cleave+1","Clothesline+1"],"relics":["Burning Blood","Ribbon","ZombieTooth","Molten Egg 2","halation:EternalFortune","Membership Card","Frozen Egg 2","infinitespire:Lucky Rock","Snack Pack","halation:Prosthetics","Lee\u0027s Waffle","halation:QuantumPhysicsTextbook","construct:FoamFinger"],"acts_visited":["Exordium","TheCity","TheBeyond"],"potions_floor_usage":[33,33,35,41,50,50,50],"damage_taken":[{"damage":15,"enemies":"Cultist","floor":1,"turns":5},{"damage":0,"enemies":"Small Slimes","floor":3,"turns":3},{"damage":0,"enemies":"2 Louse","floor":4,"turns":3},{"damage":0,"enemies":"Looter","floor":7,"turns":2},{"damage":7,"enemies":"2 Fungi Beasts","floor":12,"turns":3},{"damage":0,"enemies":"Slime Boss","floor":16,"turns":5},{"damage":0,"enemies":"3 Byrds","floor":18,"turns":2},{"damage":4,"enemies":"Spheric Guardian","floor":24,"turns":3},{"damage":32,"enemies":"Snake Plant","floor":28,"turns":4},{"damage":14,"enemies":"conspire:Head Lice","floor":29,"turns":6},{"damage":0,"enemies":"Centurion and Healer","floor":31,"turns":5},{"damage":16,"enemies":"conspire:MysteriousRune","floor":33,"turns":10},{"damage":10,"enemies":"3 Shapes","floor":35,"turns":8},{"damage":11,"enemies":"Orb Walker","floor":39,"turns":4},{"damage":44,"enemies":"3 Darklings","floor":41,"turns":6},{"damage":11,"enemies":"4 Shapes","floor":44,"turns":4},{"damage":9,"enemies":"Mind Bloom Boss Battle","floor":45,"turns":7},{"damage":22,"enemies":"Sphere and 2 Shapes","floor":48,"turns":5},{"damage":64,"enemies":"Awakened One","floor":50,"turns":4}],"seed_played":"-1620498478027025449","potions_obtained":[{"floor":7,"key":"sneckomod:MuddlingPotion"},{"floor":12,"key":"Weak Potion"},{"floor":16,"key":"HeartOfIron"},{"floor":29,"key":"BloodPotion"},{"floor":33,"key":"Fire Potion"},{"floor":39,"key":"EssenceOfSteel"},{"floor":44,"key":"Venom Potion"},{"floor":48,"key":"Swift Potion"}],"is_trial":false,"path_per_floor":["M","?","M","M","?","R","M","R","T","?","R","M","?","?","R","B",null,"M","?","?","$","$","R","M","?","T","R","M","E","R","M","R","B",null,"M","?","?","$","M","R","M","R","T","M","?","R","T","M","R","B"],"character_chosen":"IRONCLAD","items_purchased":["Double Tap","Mind Blast","Ribbon","HandOfGreed","ReplayTheSpireMod:Muscle Training","Membership Card","Frozen Egg 2","Lee\u0027s Waffle","Cleave+1"],"campfire_rested":4,"item_purchase_floors":[0,0,0,0,0,21,22,38,38],"current_hp_per_floor":[47,47,53,59,59,59,65,65,65,65,65,64,67,67,67,73,83,83,83,83,83,83,83,83,83,83,83,57,49,73,79,79,71,48,47,47,47,58,58,58,38,56,56,53,50,61,61,45,61,0,0],"gold":412,"neow_bonus":"","is_daily":false,"chose_seed":false,"campfire_upgraded":8,"win_rate":0.0,"timestamp":1611918725,"path_taken":["M","?","M","M","?","R","M","R","T","?","R","M","?","?","R","BOSS","M","?","?","?","$","R","M","?","T","R","M","E","R","?","R","BOSS","M","?","?","$","M","R","?","R","T","M","?","R","?","M","R","BOSS"],"items_purchased_type":["Card","Card","Relic","Card","Card","Relic","Relic","Relic","Card"],"build_version":"2020-12-22","purchased_purges":2,"victory":false,"max_hp_per_floor":[80,80,80,80,80,80,80,80,80,80,80,80,83,83,83,83,83,83,83,83,83,83,83,83,83,83,83,83,83,83,83,83,83,48,51,51,51,58,61,61,61,61,61,61,61,61,61,61,61,61,61],"card_choices":[{"not_picked":["Perfected Strike","Infernal Blade"],"picked":"Rage","floor":1},{"not_picked":["Clash","Perfected Strike"],"picked":"Whirlwind","floor":3},{"not_picked":["Pummel","ReplayTheSpireMod:Strike From Hell","Clash"],"picked":"SKIP","floor":4},{"not_picked":["Sword Boomerang","Demonic Infusion"],"picked":"Shrug It Off","floor":7},{"not_picked":["Rupture","Thunderclap+1"],"picked":"Headbutt+1","floor":12},{"not_picked":["Berserk","Juggernaut"],"picked":"hubris:StunningStrike+1","floor":16},{"not_picked":["Heavy Blade+1","Hemokinesis+1"],"picked":"Iron Wave+1","floor":18},{"not_picked":["Heavy Blade+1","Wild Strike+1"],"picked":"Shrug It Off","floor":24},{"not_picked":["Replay:Undeath\u0027s Touch+1","Shrug It Off","Iron Wave+1"],"picked":"SKIP","floor":28},{"not_picked":["Life Link+1","Run Through+1","Evolve+1"],"picked":"SKIP","floor":29},{"not_picked":["Feel No Pain+1","Armaments"],"picked":"Sword Boomerang+1","floor":31},{"not_picked":["Corruption+1","Replay:Many Hands"],"picked":"Bludgeon+1","floor":33},{"not_picked":["infinitespire:OneForAll+1","Infernal Blade+1","Shrug It Off"],"picked":"SKIP","floor":35},{"not_picked":["Shrug It Off","Pommel Strike+1"],"picked":"Clothesline+1","floor":39},{"not_picked":["Pommel Strike+1","ReplayTheSpireMod:Strike From Hell+1","ReplayTheSpireMod:Limb From Limb+1"],"picked":"SKIP","floor":41},{"not_picked":["Massacre+1","hubris:StunningStrike+1","Run Through+1"],"picked":"SKIP","floor":44},{"not_picked":["Warcry","Replay:Undeath\u0027s Touch+1","Absolvement+1"],"picked":"SKIP","floor":48}],"player_experience":27895,"relics_obtained":[{"floor":5,"key":"ZombieTooth"},{"floor":26,"key":"infinitespire:Lucky Rock"},{"floor":29,"key":"Snack Pack"},{"floor":35,"key":"halation:EternalFortune"},{"floor":39,"key":"halation:EternalFortune"},{"floor":43,"key":"halation:QuantumPhysicsTextbook"},{"floor":47,"key":"construct:FoamFinger"}],"event_choices":[{"damage_healed":0,"gold_gain":0,"player_choice":"Upgraded","damage_taken":0,"max_hp_gain":0,"max_hp_loss":0,"event_name":"Upgrade Shrine","floor":14,"gold_loss":0,"cards_upgraded":["HandOfGreed"]},{"damage_healed":0,"gold_gain":0,"player_choice":"Simplicity","damage_taken":0,"max_hp_gain":0,"max_hp_loss":0,"event_name":"Back to Basics","floor":19,"gold_loss":0,"cards_upgraded":["Strike_R","Strike_R","Strike_R","Strike_R","Defend_R","Defend_R","Defend_R","Defend_R"]},{"damage_healed":0,"gold_gain":0,"player_choice":"Ignored","damage_taken":0,"max_hp_gain":0,"max_hp_loss":0,"event_name":"Ghosts","floor":20,"gold_loss":0},{"damage_healed":0,"gold_gain":0,"player_choice":"Ignored","damage_taken":0,"max_hp_gain":0,"max_hp_loss":0,"event_name":"Tomb of Lord Red Mask","floor":36,"gold_loss":0},{"damage_healed":0,"gold_gain":0,"player_choice":"Copied","damage_taken":0,"max_hp_gain":0,"max_hp_loss":0,"event_name":"Duplicator","floor":37,"gold_loss":0,"cards_obtained":["Mind Blast"]},{"damage_healed":0,"gold_gain":0,"player_choice":"Fight","damage_taken":0,"max_hp_gain":0,"max_hp_loss":0,"event_name":"MindBloom","floor":45,"gold_loss":0}],"is_beta":false,"boss_relics":[{"not_picked":["HailfireSword","Cursed Key","energizedSpire:SpiderWeb"]},{"not_picked":["energizedSpire:EnergizedDie","halation:LoveArrow"],"picked":"halation:Prosthetics"}],"items_purged_floors":[21,22],"is_endless":false,"potions_floor_spawned":[7,12,16,29,31,33,39,44,48],"killed_by":"Awakened One","ascension_level":2}}