{"host":"8b2tzytxrazqquwe","time":1611963679,"event":{"mods":["BaseMod","Card Forge","Colored Map","Highlight Path","Minty Spire (QoL Compilation)","StSLib","The Marked"],"gold_per_floor":[114,114,127,138,158,158,158,193,217,217,273,124,135,149,149,248,248,262,275,275,275,293,293,293,293],"floor_reached":24,"language":"ENG","playtime":1515,"items_purged":["theMarked:Strike"],"score":198,"play_id":"4a804cf0-e6d5-40b3-9b83-5da8f6d25004","local_time":"20210129234119","is_ascension_mode":false,"campfire_choices":[{"data":"theMarked:BanishingStrike","floor":6,"key":"SMITH"},{"floor":10,"key":"REST"},{"floor":15,"key":"REST"},{"floor":23,"key":"REST"}],"circlet_count":0,"master_deck":["theMarked:Strike","theMarked:Strike","theMarked:Strike","theMarked:Strike","theMarked:Defend","theMarked:Defend","theMarked:Defend","theMarked:SoldierOfQuellstein","theMarked:WardOff","theMarked:Memento","theMarked:WardOff","theMarked:BanishingStrike+1","theMarked:TakeOffHeels","theMarked:Parkour","theMarked:Abjuration","theMarked:Overcharge","theMarked:Challenge","theMarked:Maelstrom","theMarked:Aftermath+1"],"relics":["theMarked:ArtifactOfAir","Hammer of Thor","Seething Fire","Anvil of the Gods","NeowsBlessing","Blood Vial","Vajra","Centennial Puzzle","Ginger","SacredBark","Ice Cream"],"acts_visited":["Exordium","TheCity"],"potions_floor_usage":[22,24],"damage_taken":[{"damage":0,"enemies":"Jaw Worm","floor":1,"turns":1},{"damage":0,"enemies":"Small Slimes","floor":3,"turns":1},{"damage":0,"enemies":"2 Louse","floor":4,"turns":1},{"damage":0,"enemies":"2 Fungi Beasts","floor":5,"turns":7},{"damage":27,"enemies":"3 Sentries","floor":8,"turns":10},{"damage":26,"enemies":"Lagavulin Event","floor":11,"turns":4},{"damage":0,"enemies":"Blue Slaver","floor":13,"turns":2},{"damage":0,"enemies":"3 Louse","floor":14,"turns":2},{"damage":32,"enemies":"Slime Boss","floor":16,"turns":10},{"damage":12,"enemies":"Shell Parasite","floor":18,"turns":3},{"damage":9,"enemies":"2 Thieves","floor":19,"turns":3},{"damage":44,"enemies":"Sentry and Sphere","floor":22,"turns":6},{"damage":36,"enemies":"Gremlin Leader","floor":24,"turns":5}],"seed_played":"5275851408728261690","potions_obtained":[{"floor":4,"key":"Regen Potion"},{"floor":5,"key":"Strength Potion"},{"floor":16,"key":"PowerPotion"}],"is_trial":false,"path_per_floor":["M","?","M","M","M","R","?","E","T","R","?","$","M","M","R","B",null,"M","M","?","?","M","R","E"],"character_chosen":"THE_DEFAULT","items_purchased":["theMarked:Abjuration"],"campfire_rested":3,"item_purchase_floors":[12],"current_hp_per_floor":[70,63,63,63,63,63,51,26,26,47,23,23,25,27,48,18,70,58,51,51,51,9,30,0,0],"gold":293,"neow_bonus":"THREE_ENEMY_KILL","is_daily":false,"chose_seed":false,"campfire_upgraded":1,"win_rate":0.0,"timestamp":1611963679,"path_taken":["M","?","M","M","M","R","?","E","T","R","?","$","M","M","R","BOSS","M","M","?","?","M","R","E"],"items_purchased_type":["Card"],"build_version":"2020-12-22","purchased_purges":1,"victory":false,"max_hp_per_floor":[70,70,70,70,70,70,70,70,70,70,70,70,70,70,70,70,70,70,70,70,70,70,70,70,70],"card_choices":[{"not_picked":["theMarked:Aftermath","theMarked:Parkour"],"picked":"theMarked:WardOff","floor":1},{"not_picked":["theMarked:Indomitable","theMarked:Parry"],"picked":"theMarked:Memento","floor":3},{"not_picked":["theMarked:RogueSparks","theMarked:WastefulAttack"],"picked":"theMarked:WardOff","floor":4},{"not_picked":["theMarked:Pokerface","theMarked:Memento"],"picked":"theMarked:BanishingStrike","floor":5},{"not_picked":["theMarked:Snap","theMarked:HeightenedSenses"],"picked":"theMarked:TakeOffHeels","floor":8},{"not_picked":["theMarked:CreepingChasm","theMarked:HeightenedSenses"],"picked":"theMarked:Parkour","floor":11},{"not_picked":["theMarked:ChannelForce","theMarked:Frustration","theMarked:Improvise"],"picked":"SKIP","floor":13},{"not_picked":["theMarked:Seal","theMarked:Frustration"],"picked":"theMarked:Overcharge","floor":14},{"not_picked":["theMarked:Vacuum","theMarked:MagusForm"],"picked":"theMarked:Challenge","floor":16},{"not_picked":["theMarked:ElectricStrings","theMarked:ResourceFulStrike+1","theMarked:StartUp"],"picked":"SKIP","floor":18},{"not_picked":["theMarked:HeightenedSenses","theMarked:ElectricStrings+1"],"picked":"theMarked:Maelstrom","floor":19},{"not_picked":["theMarked:Convert","theMarked:SwordAndMagic"],"picked":"theMarked:Aftermath+1","floor":22}],"player_experience":3317,"relics_obtained":[{"floor":8,"key":"Vajra"},{"floor":9,"key":"Centennial Puzzle"},{"floor":11,"key":"Ginger"}],"event_choices":[{"cards_removed":["theMarked:Defend"],"damage_healed":0,"gold_gain":0,"player_choice":"Card Removal","damage_taken":7,"max_hp_gain":0,"max_hp_loss":0,"event_name":"Golden Wing","floor":2,"gold_loss":0},{"damage_healed":0,"gold_gain":0,"player_choice":"Success","damage_taken":12,"relics_obtained":["Blood Vial"],"max_hp_gain":0,"max_hp_loss":0,"event_name":"Scrap Ooze","floor":7,"gold_loss":0},{"damage_healed":0,"gold_gain":0,"player_choice":"Searched \u00272\u0027 times","damage_taken":0,"max_hp_gain":0,"max_hp_loss":0,"event_name":"Dead Adventurer","floor":11,"gold_loss":0},{"damage_healed":0,"gold_gain":0,"player_choice":"Opened","damage_taken":0,"relics_obtained":["Ice Cream"],"max_hp_gain":0,"max_hp_loss":0,"event_name":"The Mausoleum","floor":20,"gold_loss":0},{"damage_healed":0,"gold_gain":0,"player_choice":"Ignored","damage_taken":0,"max_hp_gain":0,"max_hp_loss":0,"event_name":"Vampires","floor":21,"gold_loss":0}],"is_beta":false,"boss_relics":[{"not_picked":["Runic Dome","Snecko Eye"],"picked":"SacredBark"}],"items_purged_floors":[12],"is_endless":false,"potions_floor_spawned":[4,5,16,19],"killed_by":"Gremlin Leader","ascension_level":0}}