{"host":"u3jctbsl7uavviuy","time":1611899806,"event":{"mods":["ATMod(阿瑾Mod)","Arknights The Spire","BaseMod","BetterRewards","GungeonMod","HololiveMod","Luminous","Marisa（F雨　魔理沙）","Minty Spire (QoL Compilation)","Relic Stats","Replay The Spire","Shop Mod","Spicy Shops","StSLib","TestMod","The Animator","The Cursed","The Gatherer","The Servant 0.9.4","WarShipGirlsR/战舰少女R mod","篝火指南"],"gold_per_floor":[137,26,91,131,327,432,432,489,567,676,676,714,331,392,392,546,546,608,583,651,744,794,326,406,550,550,228,297,373,200,280,280,428,428,496,546,691,741,877,961,1021,1097,1169,1169,1245,1309,1055,1194,1194,1244,1244,787,52,162,212],"floor_reached":56,"language":"ZHS","playtime":1753,"items_purged":["Strike_G","Strike_G","Defend_G","Strike_G","Strike_G","Defend_G","Defend_G"],"score":2864,"play_id":"fcbeb113-fd08-4b55-8c23-ac38ea6705f4","local_time":"20210129145646","is_ascension_mode":true,"campfire_choices":[{"data":"Accuracy","floor":15.0,"key":"SMITH"},{"data":"Prepared","floor":32.0,"key":"SMITH"},{"data":"Terror","floor":44.0,"key":"SMITH"},{"floor":49.0,"key":"RECALL"}],"circlet_count":0,"master_deck":["Defend_G","Survivor","Neutralize","AT_ShadowStep+1","Infinite Blades+1","Deflect","Blade Dance+1","Backflip","AT_FocusSwordFire+1","Acrobatics","Accuracy+1","Blade Dance+1","Envenom+1","Night Terror","Blade Dance+1","Well Laid Plans+1","Prepared+1","AT_EssenceShift+1","Cloak And Dagger+1","Catalyst+1","Terror+1","AT_FocusSwordFire+1","Accuracy+1","testmod-Wormhole","Fluid Movement+1"],"relics":["Ring of the Snake","testmod-TestBox","AT_ATBox","Bag of Preparation","DemoMod:MeatBun","DemoMod:MemoryAlloy","Bird Faced Urn","AT_MibuBalloonWealth","testmod-IWantAll","Calipers","Replay:Wax Seal","Lantern","DemoMod:GlassGuonStoneRelic","Replay:Rubber Ducky","Unceasing Top","testmod-AssaultLearning","SsserpentHead","Frozen Egg 2","Guide Book","Replay:Bronze Core","MerchantsRug","ClockworkSouvenir","Quantum Egg","Juzu Bracelet","Replay:Bottled Eggs","testmod-Déjàvu","Basket Of Snakes","SlaversCollar","Replay:Mystery Machine","AT_DeathDance","ReplayTheSpireMod:Shallot","Garlic","Boot","Membership Card","TheAbacus","DollysMirror","Replay:Accelerometer","ReplayTheSpireMod:TigerMarble","Iron Hammer","Sling","testmod-IndustrialRevolution","Happy Flower","Medical Kit","testmod-BalancedPeriapt"],"acts_visited":["Exordium","TheCity","TheBeyond","TheEnding"],"potions_floor_usage":[55,55],"damage_taken":[{"damage":0.0,"enemies":"Cultist","floor":1.0,"turns":1.0},{"damage":0.0,"enemies":"2 Louse","floor":3.0,"turns":1.0},{"damage":0.0,"enemies":"Jaw Worm","floor":4.0,"turns":1.0},{"damage":0.0,"enemies":"3 Sentries","floor":6.0,"turns":2.0},{"damage":0.0,"enemies":"Gremlin Nob","floor":8.0,"turns":1.0},{"damage":0.0,"enemies":"3 Sentries","floor":10.0,"turns":2.0},{"damage":0.0,"enemies":"Looter","floor":12.0,"turns":1.0},{"damage":0.0,"enemies":"2 Fungi Beasts","floor":14.0,"turns":1.0},{"damage":0.0,"enemies":"Fading Forest","floor":16.0,"turns":4.0},{"damage":0.0,"enemies":"Shell Parasite","floor":18.0,"turns":1.0},{"damage":0.0,"enemies":"Chosen","floor":20.0,"turns":1.0},{"damage":0.0,"enemies":"Centurion and Healer","floor":21.0,"turns":1.0},{"damage":0.0,"enemies":"Gremlin Leader","floor":24.0,"turns":1.0},{"damage":0.0,"enemies":"Cultist and Chosen","floor":25.0,"turns":2.0},{"damage":0.0,"enemies":"Snecko","floor":28.0,"turns":1.0},{"damage":0.0,"enemies":"Replay:Snechameleon","floor":29.0,"turns":1.0},{"damage":0.0,"enemies":"Gremlin Leader","floor":31.0,"turns":1.0},{"damage":0.0,"enemies":"Automaton","floor":33.0,"turns":1.0},{"damage":0.0,"enemies":"Orb Walker","floor":35.0,"turns":1.0},{"damage":0.0,"enemies":"3 Darklings","floor":37.0,"turns":1.0},{"damage":0.0,"enemies":"4 Shapes","floor":39.0,"turns":2.0},{"damage":0.0,"enemies":"R_Hoarder","floor":40.0,"turns":3.0},{"damage":0.0,"enemies":"Maw","floor":41.0,"turns":2.0},{"damage":0.0,"enemies":"Giant Head","floor":42.0,"turns":2.0},{"damage":0.0,"enemies":"R_Hoarder","floor":45.0,"turns":4.0},{"damage":0.0,"enemies":"Spire Growth","floor":46.0,"turns":1.0},{"damage":0.0,"enemies":"4 Shapes","floor":48.0,"turns":1.0},{"damage":0.0,"enemies":"Time Eater","floor":50.0,"turns":5.0},{"damage":0.0,"enemies":"Shield and Spear","floor":54.0,"turns":1.0},{"damage":0,"enemies":"The Heart","floor":55,"turns":3}],"seed_played":"-3388950717380942871","potions_obtained":[{"floor":1.0,"key":"Elixir"},{"floor":4.0,"key":"Swift Potion"},{"floor":6.0,"key":"PowerPotion"},{"floor":10.0,"key":"Toxic Potion"},{"floor":16.0,"key":"Strength Potion"},{"floor":25.0,"key":"SteroidPotion"},{"floor":37.0,"key":"SpeedPotion"}],"is_trial":false,"path_per_floor":["M","$","M","M","?","E","?","E","T","E","?","M","$","M","R","B",null,"M","?","M","M","?","R","E","M","T","$","M","E","$","E","R","B",null,"M","?","M","?","M","E","M","E","T","R","E","M","$","M","R","B",null,"R","$","E","B",null],"character_chosen":"THE_SILENT","items_purchased":["Bag of Preparation","DemoMod:MeatBun","Infinite Blades+1","Deflect","DemoMod:MemoryAlloy","Bird Faced Urn","Blade Dance","AT_MibuBalloonWealth","testmod-IWantAll","Calipers","testmod-SpacePotion","Replay:Wax Seal","Lantern","Energy Potion","AT_FocusSwordFire","Frozen Egg 2","Guide Book","MerchantsRug","ClockworkSouvenir","Quantum Egg","Blade Dance","Replay:Bottled Eggs","Prepared","Membership Card","TheAbacus","DollysMirror","Replay:Accelerometer","ReplayTheSpireMod:TigerMarble","Adrenaline Potion","testmod-TimePotion","Accuracy+1","Iron Hammer","Sling","testmod-IndustrialRevolution","Happy Flower","testmod-Wormhole","testmod-SpacePotion","Block Potion","BlessingOfTheForge","Medical Kit"],"campfire_rested":0,"item_purchase_floors":[0,0,0,0,0,0,0,0,0,0,0,0,0,0,2,13,13,23,23,23,27,27,30,47,47,52,52,52,52,52,53,53,53,53,53,53,53,53,53,53],"current_hp_per_floor":[37,37,39,39,39,41,41,45,45,49,49,51,51,53,53,59,67,69,69,70,70,70,70,70,70,70,70,70,70,70,70,70,70,70,70,70,70,70,70,70,70,70,70,70,70,70,70,70,70,70,70,70,70,70,70],"gold":212,"neow_bonus":"","is_daily":false,"chose_seed":false,"campfire_upgraded":3,"win_rate":0.0,"timestamp":1611899806,"path_taken":["M","$","M","?","?","E","?","E","T","E","?","M","$","M","R","BOSS","M","?","M","M","?","R","E","?","T","$","M","E","$","E","R","BOSS","M","?","M","?","M","E","M","E","T","R","E","M","?","M","R","BOSS","R","$","E","BOSS"],"items_purchased_type":["Relic","Relic","Card","Card","Relic","Relic","Card","Relic","Relic","Relic","Potion","Relic","Relic","Potion","Card","Relic","Relic","Relic","Relic","Relic","Card","Relic","Card","Relic","Relic","Relic","Relic","Relic","Potion","Potion","Card","Relic","Relic","Relic","Relic","Card","Potion","Potion","Potion","Relic"],"build_version":"2020-12-22","purchased_purges":7,"victory":true,"max_hp_per_floor":[70,70,70,70,70,70,70,70,70,70,70,70,70,70,70,70,70,70,70,70,70,70,70,70,70,70,70,70,70,70,70,70,70,70,70,70,70,70,70,70,70,70,70,70,70,70,70,70,70,70,70,70,70,70,70],"relic_stats":{"SsserpentHead":300,"TheAbacus":[12],"Happy Flower":[1],"counters":[217,708],"Bird Faced Urn":[136],"Bag of Preparation":[150],"Juzu Bracelet":1,"Boot":[0],"Medical Kit":[0],"obtain_stats":[{"TwistedFunnel":49,"Replay:Accelerometer":52,"vexMod:MemoryStick":12,"AT_ATBox":6,"Spirit Poop":11,"Whetstone":49,"Ginger":45,"Boot":9,"Sling":53,"Replay:Ringing Soul":9,"vexMod:CardConverter":45,"vexMod:EndlessSickness":34,"Replay:Bronze Core":17,"Hololive_Finger":17,"Replay:Wax Seal":0,"testmod-IntensifyImprint":0,"MerchantsRug":23,"testmod-TestBox":0,"Pear":45,"testmod-TimeTraveler":17,"DemoMod:OrangeGuonStone":27,"Pen Nib":25,"AT_EbonyIvory":38,"Paper Crane":31,"testmod-Fortitude":47,"vexMod:GhostlyGear":32,"SlaversCollar":34,"DemoMod:MeatBun":53,"Bird Faced Urn":0,"Mark of Pain":34,"Unceasing Top":0,"testmod-HeartOfDaVinci":13,"ats:Spiritual Recovery":29,"vexMod:PlasmaPancake":0,"Lantern":29,"Torii":6,"DemoMod:BigBoy":34,"Blue Doll":31,"Bag of Preparation":10,"Ancient Tea Set":23,"Smiling Mask":5,"Burning Blood":0,"testmod-CasingShield":32,"Replay:Rubber Ducky":19,"Matryoshka":0,"Shovel":39,"WristBlade":34,"ats:Berate":53,"testmod-ObsoleteBoomerang":40,"WingedGreaves":13,"Chemical X":0,"Replay:Bottled Eggs":9,"Ring of the Snake":0,"AT_ChloranthyRing":0,"Lee\u0027s Waffle":0,"testmod-Muramasa":0,"Golden Idol":4,"Basket Of Snakes":31,"Thread and Needle":47,"PreservedInsect":6,"DemoMod:PinkGuonStone":36,"Frozen Egg 2":0,"testmod-ConstraintPeriapt":6,"MawBank":40,"Replay:Arrowhead":8,"Ornamental Fan":9,"testmod-Hope":43,"Orrery":20,"ats:Tactical Delivery":17,"Garlic":30,"Durian":8,"Bottled Lightning":8,"testmod-BalancedPeriapt":54,"Toy Ornithopter":27,"DemoMod:BlueGuonStone":43,"Tiny House":34,"Calipers":0,"Gremlin Horn":11,"AT_MibuBalloonWealth":0,"Vajra":23,"testmod-IWantAll":0,"DemoMod:GlassGuonStoneRelic":8,"AT_ArchangelStaff":20,"Centennial Puzzle":27,"DemoMod:MonsterBlood":6,"DollysMirror":21,"Honey Jar":17,"Philosopher\u0027s Stone":34,"testmod-DragonStarHat":9,"Iron Hammer":20,"testmod-InfectionSource":54,"Toxic Egg 2":29,"AT_RedNoBalance":31,"Happy Flower":40,"Oddly Smooth Stone":53,"Charon\u0027s Ashes":26,"AT_SilverBalance":43,"vexMod:PaidLearning":12,"Question Card":31,"testmod-RealStoneCalender":47,"Replay:Baseball":32,"vexMod:Cooldron":21,"ReplayTheSpireMod:Shallot":42,"Shuriken":27,"Brimstone":52,"testmod-Acrobat":8,"Bronze Scales":10,"DemoMod:DecoyRelic":46,"Onion Ring":6,"Molten Egg 2":0,"ReplayTheSpireMod:TigerMarble":53,"Grinning Jar":40,"AT_DeathDance":48,"Meat on the Bone":24,"ReplayFunnel":8,"Darkstone Periapt":34,"AT_SeraphEmbrace":39,"SacredBark":34,"Snake Skull":47,"Juzu Bracelet":0,"Broom":26,"DemoMod:WhiteGuonStone":6,"Replay:Mystery Machine":38,"Empty Cage":31,"testmod-BouquetWithThorns":6,"testmod-Charity":39,"ClockworkSouvenir":39,"SsserpentHead":11,"Nunchaku":14,"Chameleon Ring":38,"TheAbacus":47,"Pantograph":25,"Tiny Chest":3,"testmod-Déjàvu":29,"DemoMod:JetPack":8,"Gremlin Food":43,"ReplayTheSpireMod:Ninjato":42,"DemoMod:MemoryAlloy":0,"vexMod:ConsolationPrize":26,"Guide Book":53,"Quantum Egg":23,"Replay:WaspNest":24,"AT_BladeRuinedKing":44,"vexMod:FocusSash":19,"Orichalcum":5,"testmod-IndustrialRevolution":6,"Medical Kit":38,"White Beast Statue":49,"Calling Bell":34,"vexMod:Dragonfruit":45,"Anchor":0,"Hololive_LightStick":0,"vexMod:BarristanHead":6,"testmod-AssaultLearning":47,"Another Sword":0,"Bag of Marbles":12,"testmod-Faith":0,"Membership Card":32},{"TwistedFunnel":79,"Replay:Accelerometer":215,"vexMod:MemoryStick":6,"AT_ATBox":106,"Spirit Poop":135,"Whetstone":23,"Ginger":100,"Boot":84,"Sling":215,"Replay:Ringing Soul":134,"vexMod:CardConverter":76,"vexMod:EndlessSickness":43,"Replay:Bronze Core":196,"Hololive_Finger":138,"Replay:Wax Seal":56,"testmod-IntensifyImprint":0,"MerchantsRug":199,"testmod-TestBox":0,"Pear":50,"testmod-TimeTraveler":87,"DemoMod:OrangeGuonStone":117,"Pen Nib":13,"AT_EbonyIvory":150,"Paper Crane":69,"testmod-Fortitude":78,"vexMod:GhostlyGear":147,"SlaversCollar":205,"DemoMod:MeatBun":54,"Bird Faced Urn":157,"Mark of Pain":174,"Unceasing Top":80,"testmod-HeartOfDaVinci":163,"ats:Spiritual Recovery":172,"vexMod:PlasmaPancake":130,"Lantern":42,"Torii":160,"DemoMod:BigBoy":121,"Blue Doll":16,"Bag of Preparation":84,"Ancient Tea Set":90,"Smiling Mask":159,"Burning Blood":0,"testmod-CasingShield":16,"Replay:Rubber Ducky":10,"Matryoshka":80,"Shovel":178,"WristBlade":95,"ats:Berate":185,"testmod-ObsoleteBoomerang":179,"WingedGreaves":86,"Chemical X":0,"Replay:Bottled Eggs":60,"Ring of the Snake":0,"AT_ChloranthyRing":102,"Lee\u0027s Waffle":102,"testmod-Muramasa":0,"Golden Idol":104,"Basket Of Snakes":204,"Thread and Needle":101,"PreservedInsect":59,"DemoMod:PinkGuonStone":71,"Frozen Egg 2":0,"testmod-ConstraintPeriapt":28,"MawBank":19,"Replay:Arrowhead":161,"Ornamental Fan":108,"testmod-Hope":20,"Orrery":35,"ats:Tactical Delivery":164,"Garlic":42,"Durian":108,"Bottled Lightning":5,"testmod-BalancedPeriapt":216,"Toy Ornithopter":40,"DemoMod:BlueGuonStone":98,"Tiny House":17,"Calipers":187,"Gremlin Horn":109,"AT_MibuBalloonWealth":187,"Vajra":12,"testmod-IWantAll":0,"DemoMod:GlassGuonStoneRelic":5,"AT_ArchangelStaff":113,"Centennial Puzzle":145,"DemoMod:MonsterBlood":133,"DollysMirror":141,"Honey Jar":33,"Philosopher\u0027s Stone":70,"testmod-DragonStarHat":161,"Iron Hammer":166,"testmod-InfectionSource":186,"Toxic Egg 2":68,"AT_RedNoBalance":173,"Happy Flower":46,"Oddly Smooth Stone":54,"Charon\u0027s Ashes":13,"AT_SilverBalance":127,"vexMod:PaidLearning":109,"Question Card":120,"testmod-RealStoneCalender":22,"Replay:Baseball":16,"vexMod:Cooldron":141,"ReplayTheSpireMod:Shallot":211,"Shuriken":67,"Brimstone":185,"testmod-Acrobat":29,"Bronze Scales":84,"DemoMod:DecoyRelic":182,"Onion Ring":4,"Molten Egg 2":24,"ReplayTheSpireMod:TigerMarble":185,"Grinning Jar":74,"AT_DeathDance":156,"Meat on the Bone":90,"ReplayFunnel":60,"Darkstone Periapt":121,"AT_SeraphEmbrace":124,"SacredBark":148,"Snake Skull":101,"Juzu Bracelet":102,"Broom":169,"DemoMod:WhiteGuonStone":106,"Replay:Mystery Machine":207,"Empty Cage":42,"testmod-BouquetWithThorns":106,"testmod-Charity":18,"ClockworkSouvenir":18,"SsserpentHead":193,"Nunchaku":111,"Chameleon Ring":97,"TheAbacus":213,"Pantograph":116,"Tiny Chest":82,"testmod-Déjàvu":203,"DemoMod:JetPack":134,"Gremlin Food":75,"ReplayTheSpireMod:Ninjato":20,"DemoMod:MemoryAlloy":187,"vexMod:ConsolationPrize":67,"Guide Book":185,"Quantum Egg":199,"Replay:WaspNest":38,"AT_BladeRuinedKing":180,"vexMod:FocusSash":88,"Orichalcum":132,"testmod-IndustrialRevolution":84,"Medical Kit":150,"White Beast Statue":23,"Calling Bell":121,"vexMod:Dragonfruit":155,"Anchor":24,"Hololive_LightStick":80,"vexMod:BarristanHead":28,"testmod-AssaultLearning":52,"Another Sword":0,"Bag of Marbles":32,"testmod-Faith":0,"Membership Card":16},{"TwistedFunnel":323,"Replay:Accelerometer":704,"vexMod:MemoryStick":25,"AT_ATBox":400,"Spirit Poop":483,"Whetstone":96,"Ginger":386,"Boot":343,"Sling":704,"Replay:Ringing Soul":480,"vexMod:CardConverter":316,"vexMod:EndlessSickness":180,"Replay:Bronze Core":672,"Hololive_Finger":498,"Replay:Wax Seal":232,"testmod-IntensifyImprint":0,"MerchantsRug":675,"testmod-TestBox":0,"Pear":207,"testmod-TimeTraveler":356,"DemoMod:OrangeGuonStone":433,"Pen Nib":56,"AT_EbonyIvory":536,"Paper Crane":290,"testmod-Fortitude":321,"vexMod:GhostlyGear":526,"SlaversCollar":682,"DemoMod:MeatBun":222,"Bird Faced Urn":559,"Mark of Pain":627,"Unceasing Top":329,"testmod-HeartOfDaVinci":584,"ats:Spiritual Recovery":621,"vexMod:PlasmaPancake":466,"Lantern":173,"Torii":571,"DemoMod:BigBoy":443,"Blue Doll":65,"Bag of Preparation":343,"Ancient Tea Set":365,"Smiling Mask":566,"Burning Blood":0,"testmod-CasingShield":65,"Replay:Rubber Ducky":40,"Matryoshka":329,"Shovel":636,"WristBlade":376,"ats:Berate":655,"testmod-ObsoleteBoomerang":641,"WingedGreaves":349,"Chemical X":0,"Replay:Bottled Eggs":248,"Ring of the Snake":0,"AT_ChloranthyRing":392,"Lee\u0027s Waffle":392,"testmod-Muramasa":0,"Golden Idol":396,"Basket Of Snakes":681,"Thread and Needle":388,"PreservedInsect":244,"DemoMod:PinkGuonStone":300,"Frozen Egg 2":0,"testmod-ConstraintPeriapt":107,"MawBank":82,"Replay:Arrowhead":573,"Ornamental Fan":405,"testmod-Hope":86,"Orrery":139,"ats:Tactical Delivery":592,"Garlic":173,"Durian":405,"Bottled Lightning":22,"testmod-BalancedPeriapt":705,"Toy Ornithopter":164,"DemoMod:BlueGuonStone":382,"Tiny House":71,"Calipers":658,"Gremlin Horn":408,"AT_MibuBalloonWealth":658,"Vajra":51,"testmod-IWantAll":0,"DemoMod:GlassGuonStoneRelic":22,"AT_ArchangelStaff":422,"Centennial Puzzle":520,"DemoMod:MonsterBlood":474,"DollysMirror":509,"Honey Jar":132,"Philosopher\u0027s Stone":297,"testmod-DragonStarHat":573,"Iron Hammer":600,"testmod-InfectionSource":657,"Toxic Egg 2":285,"AT_RedNoBalance":621,"Happy Flower":190,"Oddly Smooth Stone":222,"Charon\u0027s Ashes":56,"AT_SilverBalance":460,"vexMod:PaidLearning":408,"Question Card":439,"testmod-RealStoneCalender":91,"Replay:Baseball":65,"vexMod:Cooldron":509,"ReplayTheSpireMod:Shallot":693,"Shuriken":282,"Brimstone":655,"testmod-Acrobat":113,"Bronze Scales":343,"DemoMod:DecoyRelic":650,"Onion Ring":17,"Molten Egg 2":98,"ReplayTheSpireMod:TigerMarble":655,"Grinning Jar":308,"AT_DeathDance":554,"Meat on the Bone":365,"ReplayFunnel":248,"Darkstone Periapt":443,"AT_SeraphEmbrace":452,"SacredBark":531,"Snake Skull":388,"Juzu Bracelet":392,"Broom":612,"DemoMod:WhiteGuonStone":401,"Replay:Mystery Machine":684,"Empty Cage":173,"testmod-BouquetWithThorns":400,"testmod-Charity":78,"ClockworkSouvenir":78,"SsserpentHead":666,"Nunchaku":413,"Chameleon Ring":379,"TheAbacus":698,"Pantograph":431,"Tiny Chest":334,"testmod-Déjàvu":680,"DemoMod:JetPack":480,"Gremlin Food":313,"ReplayTheSpireMod:Ninjato":86,"DemoMod:MemoryAlloy":658,"vexMod:ConsolationPrize":282,"Guide Book":655,"Quantum Egg":675,"Replay:WaspNest":151,"AT_BladeRuinedKing":643,"vexMod:FocusSash":358,"Orichalcum":469,"testmod-IndustrialRevolution":341,"Medical Kit":536,"White Beast Statue":96,"Calling Bell":443,"vexMod:Dragonfruit":552,"Anchor":98,"Hololive_LightStick":329,"vexMod:BarristanHead":109,"testmod-AssaultLearning":214,"Another Sword":0,"Bag of Marbles":125,"testmod-Faith":0,"Membership Card":65}],"Unceasing Top":[5],"Ring of the Snake":[322]},"card_choices":[{"not_picked":["Dagger Throw","PiercingWail"],"picked":"Backflip","floor":1.0},{"not_picked":["ReplayTheSpireMod:Scrap Shanks","Predator"],"picked":"Acrobatics","floor":3.0},{"not_picked":["Crippling Poison","Dodge and Roll","Dagger Throw"],"picked":"SKIP","floor":4.0},{"not_picked":["ReplayTheSpireMod:Speed Training","Dagger Spray"],"picked":"Accuracy","floor":6.0},{"not_picked":["Sucker Punch","Heel Hook","Poisoned Stab"],"picked":"SKIP","floor":8.0},{"not_picked":["Heel Hook","Deadly Poison","Dodge and Roll"],"picked":"SKIP","floor":10.0},{"not_picked":["Backstab","Flying Knee"],"picked":"Blade Dance","floor":12.0},{"not_picked":["AT_ArcaneSupremacy+1","Hidden Blade"],"picked":"Envenom+1","floor":14.0},{"not_picked":["Poison Darts","Storm of Steel"],"picked":"Night Terror","floor":16.0},{"not_picked":["Slice+1","AT_WindFlip+1","Dagger Throw+1"],"picked":"SKIP","floor":18.0},{"not_picked":["Bane","Sucker Punch","Outmaneuver+1"],"picked":"SKIP","floor":20.0},{"not_picked":["Toxin Wave","PiercingWail+1","Bane"],"picked":"SKIP","floor":21.0},{"not_picked":["Hidden Blade","Bane","Outmaneuver+1"],"picked":"SKIP","floor":24.0},{"not_picked":["Dash","Slice","Flying Knee"],"picked":"SKIP","floor":25.0},{"not_picked":["ReplayTheSpireMod:Shiv Toss+1","Toxin Wave"],"picked":"Well Laid Plans+1","floor":28.0},{"not_picked":["ReplayTheSpireMod:Necrosis","Cloak And Dagger","Dagger Throw"],"picked":"SKIP","floor":29.0},{"not_picked":["Expertise+1","ReplayTheSpireMod:Exploit Weakness","AT_WindFlip+1"],"picked":"SKIP","floor":31.0},{"not_picked":["AT_MyraUnstableElement","Phantasmal Killer"],"picked":"AT_EssenceShift+1","floor":33.0},{"not_picked":["Bouncing Flask","ReplayTheSpireMod:Scrap Shanks+1"],"picked":"Cloak And Dagger+1","floor":35.0},{"not_picked":["Underhanded Strike","Blade Dance+1"],"picked":"Catalyst+1","floor":37.0},{"not_picked":["Quick Slash+1","Deflect+1","PiercingWail+1"],"picked":"SKIP","floor":39.0},{"not_picked":["Outmaneuver+1","Infinite Blades+1"],"picked":"Terror","floor":40.0},{"not_picked":["AT_WomanClash","Blade Dance","ReplayTheSpireMod:Tripwire+1"],"picked":"SKIP","floor":41.0},{"not_picked":["Well Laid Plans+1","Slice","PiercingWail+1"],"picked":"SKIP","floor":42.0},{"not_picked":["AT_WindFlip+1","Heel Hook","Deadly Poison+1"],"picked":"SKIP","floor":45.0},{"not_picked":["Outmaneuver","Quick Slash","AT_Desolate+1"],"picked":"SKIP","floor":46.0},{"not_picked":["Outmaneuver+1","Dagger Spray","Sucker Punch"],"picked":"SKIP","floor":48.0},{"not_picked":["AT_WindFlip","Outmaneuver+1"],"picked":"Fluid Movement+1","floor":54.0}],"player_experience":448976,"relics_obtained":[{"floor":6.0,"key":"Replay:Rubber Ducky"},{"floor":8.0,"key":"Unceasing Top"},{"floor":10.0,"key":"testmod-AssaultLearning"},{"floor":26.0,"key":"Juzu Bracelet"},{"floor":29.0,"key":"testmod-Déjàvu"},{"floor":31.0,"key":"Basket Of Snakes"},{"floor":38.0,"key":"Replay:Mystery Machine"},{"floor":40.0,"key":"AT_DeathDance"},{"floor":42.0,"key":"ReplayTheSpireMod:Shallot"},{"floor":43.0,"key":"Garlic"},{"floor":45.0,"key":"Boot"},{"floor":54.0,"key":"testmod-BalancedPeriapt"}],"event_choices":[{"damage_healed":0.0,"max_hp_gain":0.0,"max_hp_loss":0.0,"gold_gain":0.0,"event_name":"Shining Light","player_choice":"Ignored","floor":7.0,"gold_loss":0.0,"damage_taken":0.0},{"damage_healed":0.0,"max_hp_gain":0.0,"max_hp_loss":0.0,"gold_gain":0.0,"event_name":"FaceTrader","player_choice":"Trade","floor":11.0,"gold_loss":0.0,"damage_taken":0.0,"relics_obtained":["SsserpentHead"]},{"cards_removed":["Strike_G"],"damage_healed":0.0,"max_hp_gain":0.0,"max_hp_loss":0.0,"gold_gain":0.0,"event_name":"Beggar","player_choice":"Gave Gold","floor":19.0,"gold_loss":75.0,"damage_taken":0.0},{"cards_removed":["Defend_G"],"damage_healed":0.0,"max_hp_gain":0.0,"max_hp_loss":0.0,"gold_gain":0.0,"event_name":"Bonfire Elementals","player_choice":"Offered Basic","floor":22.0,"gold_loss":0.0,"damage_taken":0.0},{"damage_healed":0.0,"max_hp_gain":0.0,"max_hp_loss":0.0,"gold_gain":0.0,"event_name":"Wheel of Change","player_choice":"Relic","floor":38.0,"gold_loss":0.0,"damage_taken":0.0}],"is_beta":false,"boss_relics":[{"not_picked":["Ectoplasm","testmod-Recursion"],"picked":"Replay:Bronze Core"},{"not_picked":["Sozu","Hololive_ChaosS"],"picked":"SlaversCollar"}],"items_purged_floors":[0,0,30,47,52,52,53],"is_endless":false,"potions_floor_spawned":[1,4,6,10,12,16,25,28,29,31,37,41,42,46,48,54],"ascension_level":8}}