{"host":"LeSweatyOnion","time":1611955656,"event":{"mods":["BaseMod","Beaked The Cultist","Minty Spire (QoL Compilation)","Practice Mode","StSLib","The Cursed","The Druid"],"gold_per_floor":[111,10,10,23,23,46,86,86,86,86,86,86],"floor_reached":11,"language":"ENG","playtime":507,"items_purged":["theDruid:Strike_O"],"score":71,"play_id":"79920a6e-7cb5-4e09-b8e4-85f32c1b2c5a","local_time":"20210129232736","is_ascension_mode":false,"campfire_choices":[{"data":"theDruid:BriarArmor","floor":8,"key":"SMITH"},{"data":"theDruid:WildSlash","floor":10,"key":"SMITH"}],"circlet_count":0,"master_deck":["theDruid:Strike_O","theDruid:Strike_O","theDruid:Strike_O","theDruid:Defend_O","theDruid:Defend_O","theDruid:Defend_O","theDruid:Defend_O","theDruid:BriarArmor+1","theDruid:WildSlash+1","theDruid:ThickHide","theDruid:Starfall","theDruid:Swipe","theDruid:FullMoon"],"relics":["theDruid:CrownOfTheWilds","NeowsBlessing","Golden Idol","Eternal Feather","theDruid:TigersClaw"],"acts_visited":["Exordium"],"potions_floor_usage":[11],"damage_taken":[{"damage":0,"enemies":"Cultist","floor":1,"turns":1},{"damage":0,"enemies":"Small Slimes","floor":4,"turns":1},{"damage":0,"enemies":"Jaw Worm","floor":6,"turns":1},{"damage":48,"enemies":"3 Sentries","floor":7,"turns":11},{"damage":31,"enemies":"Lagavulin","floor":11,"turns":6}],"seed_played":"7856380378962918314","potions_obtained":[{"floor":1,"key":"Strength Potion"},{"floor":4,"key":"Weak Potion"}],"is_trial":false,"path_per_floor":["M","$","?","M","?","M","E","R","T","R","E"],"character_chosen":"DRUID","items_purchased":["theDruid:Starfall"],"campfire_rested":0,"item_purchase_floors":[2],"current_hp_per_floor":[75,75,80,80,74,74,26,32,32,38,7,7],"gold":86,"neow_bonus":"THREE_ENEMY_KILL","is_daily":false,"chose_seed":false,"campfire_upgraded":2,"win_rate":0.0,"timestamp":1611955656,"path_taken":["M","$","?","M","?","M","E","R","T","R","E"],"items_purchased_type":["Card"],"build_version":"2020-12-18","purchased_purges":1,"victory":false,"max_hp_per_floor":[75,75,80,80,74,74,74,74,74,74,74,74],"card_choices":[{"not_picked":["theDruid:Pathfinder","theDruid:Scavenge"],"picked":"theDruid:ThickHide","floor":1},{"not_picked":["theDruid:BloodiedFur","theDruid:Gore"],"picked":"theDruid:Swipe","floor":4},{"not_picked":["theDruid:FelineGrace","theDruid:BrambleLash","theDruid:Pathfinder"],"picked":"SKIP","floor":6},{"not_picked":["theDruid:WildFrenzy","theDruid:Slingshot"],"picked":"theDruid:FullMoon","floor":7}],"player_experience":155600,"relics_obtained":[{"floor":7,"key":"Eternal Feather"},{"floor":9,"key":"theDruid:TigersClaw"}],"event_choices":[{"damage_healed":0,"gold_gain":0,"player_choice":"Donut","damage_taken":0,"max_hp_gain":5,"max_hp_loss":0,"event_name":"Big Fish","floor":3,"gold_loss":0},{"damage_healed":0,"gold_gain":0,"player_choice":"Lose Max HP","damage_taken":0,"relics_obtained":["Golden Idol"],"max_hp_gain":0,"max_hp_loss":6,"event_name":"Golden Idol","floor":5,"gold_loss":0}],"is_beta":true,"boss_relics":[],"items_purged_floors":[2],"is_endless":false,"potions_floor_spawned":[1,4],"killed_by":"Lagavulin","ascension_level":0}}