{"host":"43ljbksi7ebmxfn8","time":1611924023,"event":{"mods":["Act Like it!","BaseMod","Gensokyo","Minty Spire (QoL Compilation)","MostiFishMod","Pale of the Ancients","Quick Restart","Shop Mod","Spicy Shops","StSLib","TestMod","óô»ðÖ¸ÄÏ"],"gold_per_floor":[116,116,26,46,59,59,94,112,112,143,143,143,172,192,192,291,291,361,422,36,498,729,-1346,-1261,-1243,-1243,-1212,-1212,-949,-279,-259,-259,445,445,1105,1105,1105,1176,1072,1157,722,1373,1373,2045,2045,2641,2641,2728,1130,1770,2370,2987,3061,3061,1992,2727,2042,1328,1328,2048],"floor_reached":61,"language":"ZHS","playtime":2884,"items_purged":["Strike_P","Strike_P","Alpha+1","Strike_P","Vigilance+1","Wish","Defend_P"],"score":1973,"play_id":"d6753f36-db76-44ac-9b74-4232bacb967c","local_time":"20210129204023","is_ascension_mode":true,"campfire_choices":[{"floor":6.0,"key":"RECALL"},{"data":"Tantrum","floor":12.0,"key":"SMITH"},{"data":"Alpha","floor":15.0,"key":"SMITH"},{"data":"testmod-Bloodthirsty","floor":32.0,"key":"SMITH"}],"circlet_count":0,"master_deck":["Strike_P","Defend_P","Defend_P+1","Tantrum+1","Gensokyo:MonkeysPaw","Wallop","InnerPeace","testmod-Bloodthirsty+1","Vault","MostiFishMod:Speedup+1","TalkToTheHand","MostiFishMod:Mottled+1","MostiFishMod:PathToVictory+1"],"relics":["PureWater","DaveBox","testmod-TestBox","testmod-CasingShield","FeatherPendant","SynthV:TestCard","testmod-FatalChain","Pantograph","Omamori","Frozen Egg 2","Happy Flower","Shuriken","testmod-SaigiyounoYou","Kunai","MerchantsRug","testmod-TurbochargingSystem","SynthV:MejaisSoulstealer","Eternal Feather","Matryoshka","Du-Vu Doll","Tiny Chest","Bag of Marbles","Gensokyo:MosesMiracle","Ornamental Fan","HornCleat","testmod-Prudence","Letter Opener","testmod-IndustrialRevolution","Dead Branch","Blood Vial","Calipers","Orichalcum","Toy Ornithopter","testmod-Maize","CeramicFish","ImprovedEquipment","BrkXgEgg","MetatronsCube","SynthV:C4","paleoftheancients:Timepiece","paleoftheancients:KeyRelic","Gremlin Horn","CultistMask","paleoftheancients:SoulOfTheIroncluck","Mercury Hourglass","Chemical X","Medical Kit","Strawberry","Boot","Pear","Sundial","OrangePellets","PrismaticShard","testmod-Hope","Oddly Smooth Stone","Sling"],"acts_visited":["Exordium","Gensokyo:Gensokyo","Gensokyo:Gensokyoer","Gensokyo:Gensokyoest"],"potions_floor_usage":[56],"damage_taken":[{"damage":0.0,"enemies":"Gensokyo:2_Kodama","floor":1.0,"turns":1.0},{"damage":0.0,"enemies":"Gensokyo:3_Fairies","floor":4.0,"turns":4.0},{"damage":0.0,"enemies":"Gensokyo:Gryphon","floor":5.0,"turns":2.0},{"damage":2.0,"enemies":"Gensokyo:Aya","floor":7.0,"turns":4.0},{"damage":0.0,"enemies":"Gensokyo:Python_and_Kodama","floor":8.0,"turns":1.0},{"damage":36.0,"enemies":"Gensokyo:Mamizou","floor":10.0,"turns":5.0},{"damage":0.0,"enemies":"Gensokyo:Aya","floor":13.0,"turns":4.0},{"damage":0.0,"enemies":"Gensokyo:5_Fairies","floor":14.0,"turns":3.0},{"damage":1.0,"enemies":"Gensokyo:Yukari","floor":16.0,"turns":5.0},{"damage":20.0,"enemies":"Gensokyo:AngelMirror","floor":18.0,"turns":4.0},{"damage":14.0,"enemies":"Gensokyo:3_Dogs","floor":19.0,"turns":5.0},{"damage":53.0,"enemies":"Gensokyo:Swordslinger","floor":21.0,"turns":4.0},{"damage":28.0,"enemies":"Gensokyo:Chomper_and_Gloop","floor":22.0,"turns":4.0},{"damage":39.0,"enemies":"Gensokyo:Reisen","floor":24.0,"turns":9.0},{"damage":0.0,"enemies":"Gensokyo:Monolith_and_Dog","floor":25.0,"turns":1.0},{"damage":0.0,"enemies":"Gensokyo:Tenshi","floor":27.0,"turns":3.0},{"damage":3.0,"enemies":"Gensokyo:3_Gloops","floor":29.0,"turns":3.0},{"damage":59.0,"enemies":"Gensokyo:Reisen","floor":30.0,"turns":5.0},{"damage":12.0,"enemies":"Gensokyo:Wraith","floor":31.0,"turns":4.0},{"damage":82.0,"enemies":"Gensokyo:Kaguya","floor":33.0,"turns":9.0},{"damage":59.0,"enemies":"Gensokyo:3_Boulders","floor":35.0,"turns":4.0},{"damage":0.0,"enemies":"Gensokyo:Doremy","floor":40.0,"turns":5.0},{"damage":59.0,"enemies":"Gensokyo:3_Bats","floor":42.0,"turns":4.0},{"damage":59.0,"enemies":"Gensokyo:Kasen","floor":44.0,"turns":4.0},{"damage":57.0,"enemies":"Gensokyo:Marisa","floor":46.0,"turns":3.0},{"damage":2.0,"enemies":"Gensokyo:Sharpion","floor":48.0,"turns":3.0},{"damage":59.0,"enemies":"Gensokyo:Scarlet_Devils","floor":50.0,"turns":2.0},{"damage":59.0,"enemies":"Gensokyo:Scarlet_Devils","floor":51.0,"turns":2.0},{"damage":59.0,"enemies":"Gensokyo:Scarlet_Devils","floor":52.0,"turns":1.0},{"damage":72,"enemies":"","floor":56,"turns":2},{"damage":72,"enemies":"paleoftheancients:N","floor":60,"turns":2}],"seed_played":"-4614456480049331405","potions_obtained":[{"floor":1.0,"key":"Dexterity Potion"},{"floor":5.0,"key":"GamblersBrew"},{"floor":13.0,"key":"ColorlessPotion"},{"floor":22.0,"key":"BottledMiracle"},{"floor":24.0,"key":"Block Potion"},{"floor":25.0,"key":"DistilledChaos"},{"floor":31.0,"key":"PowerPotion"},{"floor":44.0,"key":"Ancient Potion"},{"floor":48.0,"key":"BottledMiracle"},{"floor":56,"key":"testmod-SpacePotion"}],"is_trial":false,"path_per_floor":["M","T","COS","M","M","R","E","M","T","E","?","R","E","M","R","B",null,"M","M","COS","M","M","R","E","M","T","E","?","M","E","M","R","B",null,"M","?","?","T","$","E","$","M","T","E","?","E","?","M","R","B","M","M","T","$","R","M","R","$","?","B",null],"character_chosen":"WATCHER","items_purchased":["Kunai","testmod-Bloodthirsty","MerchantsRug","testmod-TurbochargingSystem","SynthV:MejaisSoulstealer","Dead Branch","Calipers","ImprovedEquipment","BrkXgEgg","MetatronsCube","SynthV:C4","MostiFishMod:Mottled+1","Chemical X","Medical Kit","Strawberry","Boot","Pear","testmod-Nyarlathotep","Sundial","OrangePellets","PrismaticShard","testmod-Hope","Oddly Smooth Stone","Sling"],"campfire_rested":0,"item_purchase_floors":[23,23,23,23,23,39,41,49,49,49,49,49,55,55,55,55,55,55,57,57,57,58,58,58],"current_hp_per_floor":[79,79,79,79,79,79,77,77,77,41,41,41,41,41,41,65,79,61,67,67,20,12,12,33,43,43,78,78,79,23,34,43,64,79,48,48,48,48,48,79,79,20,20,21,21,38,27,76,79,79,79,79,79,79,96,96,96,96,96,96],"gold":2048,"neow_bonus":"TEN_PERCENT_HP_BONUS","is_daily":false,"chose_seed":false,"campfire_upgraded":3,"win_rate":0.0,"timestamp":1611924023,"path_taken":["M","?","COS","?","M","R","E","M","T","E","?","R","E","M","R","BOSS","M","M","COS","M","M","R","E","M","T","E","?","M","E","M","R","BOSS","M","?","?","?","$","E","$","?","T","E","?","E","?","M","R","BOSS","M","M","?","$","R","M","R","$","?","BOSS"],"items_purchased_type":["Relic","Card","Relic","Relic","Relic","Relic","Relic","Relic","Relic","Relic","Relic","Card","Relic","Relic","Relic","Relic","Relic","Relic","Relic","Relic","Relic","Relic","Relic","Relic"],"build_version":"2020-12-22","purchased_purges":7,"victory":true,"max_hp_per_floor":[79,79,79,79,79,79,79,79,79,79,79,79,79,79,79,79,79,79,79,79,79,79,79,79,79,79,79,79,79,79,79,79,79,79,79,79,79,79,79,79,79,79,79,79,79,79,79,79,79,79,79,79,79,79,96,96,96,96,96,96],"card_choices":[{"not_picked":["WheelKick","Prostrate","JustLucky"],"picked":"SKIP","floor":1.0},{"not_picked":["FollowUp","ClearTheMind","MostiFishMod:ScryFuture","EmptyFist","SignatureMove"],"picked":"SKIP","floor":4.0},{"not_picked":["FlyingSleeves","Protect","Swivel","CrushJoints","MostiFishMod:ScryFuture"],"picked":"SKIP","floor":5.0},{"not_picked":["Wallop","MostiFishMod:Clarity","MostiFishMod:DisColor","Evaluate"],"picked":"Tantrum","floor":7.0},{"not_picked":["Crescendo","CutThroughFate","FollowUp","Prostrate"],"picked":"Alpha","floor":8.0},{"not_picked":["ReachHeaven","CutThroughFate","Wallop","FlurryOfBlows","ClearTheMind"],"picked":"SKIP","floor":10.0},{"not_picked":["WaveOfTheHand","ClearTheMind","Consecrate","WindmillStrike","EmptyBody"],"picked":"SKIP","floor":13.0},{"not_picked":["BowlingBash","Meditate","FlyingSleeves","EmptyFist","EmptyBody"],"picked":"SKIP","floor":14.0},{"not_picked":["Devotion+1","Omniscience","Judgement","MostiFishMod:StarLaLaLa"],"picked":"Wish","floor":16.0},{"not_picked":["WindmillStrike+1","Collect","WaveOfTheHand","Sanctity","ThirdEye"],"picked":"SKIP","floor":18.0},{"not_picked":["CutThroughFate","MostiFishMod:PathToVictory","Prostrate+1","Protect","MostiFishMod:Clarity"],"picked":"SKIP","floor":19.0},{"not_picked":["Collect+1","CrushJoints","Consecrate+1","Fasting2+1"],"picked":"Wallop","floor":21.0},{"not_picked":["MostiFishMod:ScryFuture+1","EmptyBody","Weave+1","FearNoEvil"],"picked":"InnerPeace","floor":22.0},{"not_picked":["EmptyFist","FlyingSleeves","Halt","Consecrate","Study+1"],"picked":"SKIP","floor":24.0},{"not_picked":["SashWhip+1","ThirdEye","FlyingSleeves","BowlingBash"],"picked":"Vault","floor":25.0},{"not_picked":["ThirdEye+1","Evaluate","ReachHeaven+1","Vault"],"picked":"MostiFishMod:Dust+1","floor":27.0},{"not_picked":["FearNoEvil","Worship","Wireheading+1","JustLucky","ThirdEye"],"picked":"SKIP","floor":29.0},{"not_picked":["CrushJoints","WreathOfFlame","LikeWater+1","JustLucky"],"picked":"MostiFishMod:Speedup+1","floor":30.0},{"not_picked":["FlurryOfBlows+1","ThirdEye+1","PathToVictory","Halt"],"picked":"TalkToTheHand","floor":31.0},{"not_picked":["ThirdEye+1","FlyingSleeves","EmptyBody+1","Halt+1","Protect+1"],"picked":"SKIP","floor":35.0},{"not_picked":["Crescendo+1","FollowUp+1","InnerPeace+1","JustLucky+1","Alpha"],"picked":"SKIP","floor":40.0},{"not_picked":["SashWhip","FlurryOfBlows+1","MostiFishMod:Clarity","ClearTheMind+1","MostiFishMod:Speedup+1"],"picked":"SKIP","floor":42.0},{"not_picked":["WreathOfFlame","Perseverance","ClearTheMind","Protect+1","ThirdEye+1"],"picked":"SKIP","floor":44.0},{"not_picked":["SandsOfTime+1","CrushJoints","Crescendo","Weave","BowlingBash+1"],"picked":"SKIP","floor":46.0},{"not_picked":["PathToVictory","CutThroughFate+1","ThirdEye","Tantrum+1","Crescendo+1"],"picked":"SKIP","floor":48.0},{"not_picked":["MostiFishMod:Speedup+1","SandsOfTime","Evaluate","BowlingBash+1","TalkToTheHand"],"picked":"SKIP","floor":51.0},{"not_picked":["WheelKick+1","MostiFishMod:PathToVictory+1","ClearTheMind+1","JustLucky","TalkToTheHand"],"picked":"SKIP","floor":52.0},{"not_picked":["WheelKick+1","ClearTheMind+1","JustLucky","TalkToTheHand"],"picked":"MostiFishMod:PathToVictory+1","floor":52.0},{"not_picked":["Wireheading+1","FlyingSleeves+1","MostiFishMod:OutWit+1","WaveOfTheHand+1","EmptyBody"],"picked":"SKIP","floor":56}],"player_experience":378414,"relics_obtained":[{"floor":1.0,"key":"SynthV:TestCard"},{"floor":7.0,"key":"testmod-FatalChain"},{"floor":9.0,"key":"Pantograph"},{"floor":10.0,"key":"Frozen Egg 2"},{"floor":13.0,"key":"Shuriken"},{"floor":24.0,"key":"Eternal Feather"},{"floor":26.0,"key":"Matryoshka"},{"floor":27.0,"key":"Bag of Marbles"},{"floor":30.0,"key":"HornCleat"},{"floor":31.0,"key":"Gensokyo:MosesMiracle"},{"floor":38.0,"key":"Letter Opener"},{"floor":38.0,"key":"testmod-IndustrialRevolution"},{"floor":40.0,"key":"Blood Vial"},{"floor":43.0,"key":"Orichalcum"},{"floor":43.0,"key":"Toy Ornithopter"},{"floor":44.0,"key":"testmod-Maize"},{"floor":46.0,"key":"CeramicFish"},{"floor":51.0,"key":"paleoftheancients:SoulOfTheIroncluck"},{"floor":53.0,"key":"Mercury Hourglass"}],"event_choices":[],"is_beta":false,"boss_relics":[{"not_picked":["EE1DDrone","testmod-PortableAltar"],"picked":"testmod-SaigiyounoYou"},{"not_picked":["ExusiaiGun","xbg"],"picked":"testmod-Prudence"}],"items_purged_floors":[23,39,41,49,55,57,58],"is_endless":false,"potions_floor_spawned":[1,5,13,22,24,25,29,31,35,44,48,51,56],"ascension_level":1}}