{"host":"vyjryxuuuxkt43k4","time":1611885961,"event":{"mods":["AchievementEnabler","BaseMod","Colored Map","DeckTracker","Keyboard Shortcuts","Minty Spire (QoL Compilation)","Permanent Neow","Quick Restart","Rare Cards Sparkle","StSLib","SuperFastMode","everything is the same but u backflip on backflip"],"gold_per_floor":[118,133,133,143,143,143,173,98,98,113,131,147,147,147],"floor_reached":13,"language":"KOR","playtime":572,"items_purged":["Defend_P"],"score":100,"play_id":"6bedb92a-d25d-4db3-82fa-29c00883bf44","local_time":"20210129110601","is_ascension_mode":true,"campfire_choices":[{"data":"Eruption","floor":6.0,"key":"SMITH"}],"circlet_count":0,"master_deck":["Strike_P","Strike_P","Strike_P","Defend_P","Defend_P","Eruption+1","Vigilance","PathToVictory","FearNoEvil","EmptyFist","Indignation","Scrawl","BowlingBash+1","Meditate"],"relics":["PureWater","Molten Egg 2","Pen Nib"],"acts_visited":["Exordium"],"potions_floor_usage":[13,13],"damage_taken":[{"damage":12.0,"enemies":"Cultist","floor":1.0,"turns":3.0},{"damage":9.0,"enemies":"Jaw Worm","floor":2.0,"turns":3.0},{"damage":3.0,"enemies":"2 Louse","floor":4.0,"turns":2.0},{"damage":17.0,"enemies":"Lagavulin","floor":7.0,"turns":5.0},{"damage":19,"enemies":"Gremlin Gang","floor":10,"turns":4},{"damage":9,"enemies":"Red Slaver","floor":11,"turns":2},{"damage":0,"enemies":"3 Louse","floor":12,"turns":2},{"damage":6,"enemies":"Gremlin Nob","floor":13,"turns":2}],"seed_played":"-7599878032767617985","potions_obtained":[{"floor":10,"key":"Swift Potion"},{"floor":12,"key":"Energy Potion"}],"is_trial":false,"path_per_floor":["M","M","$","M","?","R","E","$","T","M","M","M","E"],"character_chosen":"WATCHER","items_purchased":[],"campfire_rested":0,"item_purchase_floors":[],"current_hp_per_floor":[60,51,51,48,48,48,31,31,31,12,3,3,0,0],"gold":147,"neow_bonus":"TRANSFORM_CARD","is_daily":false,"chose_seed":false,"campfire_upgraded":1,"win_rate":0.0,"timestamp":1611885961,"path_taken":["M","?","$","M","?","R","E","$","T","M","M","M","E"],"items_purchased_type":[],"build_version":"2020-12-22","purchased_purges":1,"victory":false,"max_hp_per_floor":[72,72,72,72,72,72,72,72,72,72,72,72,72,72],"card_choices":[{"not_picked":["Halt","Swivel"],"picked":"FearNoEvil","floor":1.0},{"not_picked":["Weave","LikeWater"],"picked":"EmptyFist","floor":2.0},{"not_picked":["CutThroughFate","SashWhip"],"picked":"Indignation","floor":4.0},{"not_picked":["EmptyBody","WreathOfFlame"],"picked":"Scrawl","floor":7.0},{"not_picked":["WaveOfTheHand","Crescendo"],"picked":"BowlingBash+1","floor":10},{"not_picked":["ClearTheMind","WreathOfFlame","ConjureBlade"],"picked":"SKIP","floor":11},{"not_picked":["PathToVictory","SignatureMove+1"],"picked":"Meditate","floor":12}],"player_experience":470127,"relics_obtained":[{"floor":7.0,"key":"Molten Egg 2"},{"floor":9.0,"key":"Pen Nib"}],"event_choices":[{"cards_removed":["Strike_P"],"damage_healed":0.0,"max_hp_gain":0.0,"max_hp_loss":0.0,"gold_gain":0.0,"event_name":"Bonfire Elementals","player_choice":"Offered Basic","floor":5.0,"gold_loss":0.0,"damage_taken":0.0}],"is_beta":false,"boss_relics":[],"items_purged_floors":[8],"is_endless":false,"potions_floor_spawned":[10,12],"killed_by":"Gremlin Nob","ascension_level":3}}