{"host":"pgm1p3lvdjflie30","time":1611898425,"event":{"mods":["100% Spire Juice","ATMod(阿瑾Mod)","AchievementEnabler","Alarm Clock","Aspiration","BaseMod","Colored Map","Colored Powertips","Conspire","Dark Map","Dota2Spire","Downfall","Energized Spire","Gremlin Mod","GungeonMod","Hermit","Highlight Path","HornydragonMod","Minty Spire (QoL Compilation)","MostiFishMod","Quarter Circle Forward PUNCH!","Quick Restart","Relic Stats","Replay The Spire","Robot Space Explorer","Spicy Shops","StSLib","TestMod","The Construct","The Gatherer","The Hayseed","The IronCluck","The Jungle","Waifu the Spire","【?物卡牌】REMEMod","?留之物","篝火指南"],"gold_per_floor":[119,519,519,93,133,133,178,202,249,105,148,170,213,242,242,389,389,428,428,450,150,182,229,229,306,357,373,391,391,232,332,-1390,-1276,-1276,-1252,-1252,-1240,-1216,-1192,-1192,-1148,-1148,-1148,-1148,-1148,-1132,-1052,-1029,-1029,-1002,-1002,-1002,-1002,-970,-955],"floor_reached":56,"language":"ZHS","playtime":2195,"items_purged":["Shame","Normality"],"score":1585,"play_id":"a2880072-1dbd-4602-bee4-2715e1c410d6","local_time":"20210129133345","is_ascension_mode":false,"campfire_choices":[{"floor":6,"key":"RECALL"},{"data":"Infinite Blades","floor":15,"key":"SMITH"},{"data":"construct:ClockworkEgg","floor":29,"key":"SMITH"},{"data":"construct:ClockworkEgg+1","floor":40,"key":"SMITH"},{"data":"construct:ClockworkEgg+2","floor":42,"key":"SMITH"},{"data":"Dramatic Entrance","floor":52,"key":"SMITH"}],"circlet_count":0,"master_deck":["construct:AttackMode","construct:DefenseMode","AT_FamilyPortrait","construct:Disrupt","construct:Boost","construct:ShiftStrike","Infinite Blades+1","construct:ClusterMines","construct:Chainstrike","Deflect","construct:VentSteam","Hologram","construct:LaserCore","Dagger Throw","construct:FierceBash","construct:ClockworkEgg+3","construct:Reinforce","construct:MassProduction","construct:Electrocute","construct:Autoturret+1","construct:FlakBarrage","construct:SweepLaser","construct:Antimatter","construct:FocusedBeam","Dramatic Entrance+1","CurseOfTheBell","CurseOfTheBell","conspire:Blindness","construct:Multistage","construct:BatteryCore","construct:OmegaCannon","construct:Dampening","construct:BatteryCore","construct:Stasis","construct:LongRangeLance","construct:VentSteam","construct:MetalShell","construct:Overcharge","construct:HastyRepair","construct:CripplingShot","construct:HeavyBolt+1","construct:ClusterMines","construct:ChargeShot+1","construct:FlameCore+1","construct:Isolate","construct:Reserves","construct:Missile","construct:Zapper","construct:PointDefense","construct:Analyze"],"relics":["construct:Cogwheel","DaveBox","testmod-TestBox","REME_ComplimentaryCards","testmod-Justice","ExusiaiGun","NeowsBlessing","SynthV:TestCard","AT_ChloranthyRing","REME_ArchaeologicalTools","construct:MasterCore","qcfpunch:School_Backpack","PreservedInsect","Lee\u0027s Waffle","MealTicket","energizedSpire:SpiderWeb","Sling","qcfpunch:Lotus_Statue","DemoMod:OrangeGuonStone","theJungle:SneckoAutograph","Orichalcum","MetatronsCube","downfall:ExtraCursedBell","qcfpunch:Wild_Herbs_Ointment","Lizard Tail","Anchor","SynthV:MejaisSoulstealer","Pandora\u0027s Box","Dota2Spire:MaskOfMadness","Quantum Egg","Red Mask","Spirit Poop","AT_SunfireAegis"],"acts_visited":["Exordium","Exordium","TheBeyond","TheEnding"],"potions_floor_usage":[18,33,55,55],"damage_taken":[{"damage":0,"enemies":"Jaw Worm","floor":1,"turns":1},{"damage":0,"enemies":"Cultist","floor":5,"turns":1},{"damage":0,"enemies":"Gremlin Nob","floor":7,"turns":1},{"damage":0,"enemies":"2 Louse","floor":8,"turns":1},{"damage":0,"enemies":"Exordium Thugs","floor":11,"turns":2},{"damage":0,"enemies":"2 Fungi Beasts","floor":12,"turns":1},{"damage":0,"enemies":"Lagavulin","floor":13,"turns":1},{"damage":0,"enemies":"Looter","floor":14,"turns":1},{"damage":0,"enemies":"Hexaghost","floor":16,"turns":2},{"damage":4,"enemies":"theJungle:Flameango_and_Byrd","floor":18,"turns":2},{"damage":0,"enemies":"theJungle:5_Spyders","floor":20,"turns":2},{"damage":0,"enemies":"theJungle:JungleHuntersEncounter","floor":22,"turns":2},{"damage":0,"enemies":"theJungle:Cassacara","floor":23,"turns":2},{"damage":0,"enemies":"theJungle:SlimyTreeVines","floor":27,"turns":1},{"damage":0,"enemies":"theJungle:Lyon","floor":28,"turns":1},{"damage":0,"enemies":"theJungle:QueenSpyder","floor":33,"turns":2},{"damage":2,"enemies":"3 Shapes","floor":35,"turns":1},{"damage":0,"enemies":"3 Darklings","floor":37,"turns":1},{"damage":2,"enemies":"4 Shapes","floor":38,"turns":1},{"damage":0,"enemies":"Jaw Worm Horde","floor":39,"turns":1},{"damage":0,"enemies":"Reptomancer","floor":41,"turns":1},{"damage":0,"enemies":"3 Darklings","floor":46,"turns":1},{"damage":0,"enemies":"Transient","floor":47,"turns":5},{"damage":0,"enemies":"Jaw Worm Horde","floor":48,"turns":1},{"damage":29,"enemies":"Awakened One","floor":50,"turns":5},{"damage":0,"enemies":"Shield and Spear","floor":54,"turns":1},{"damage":71,"enemies":"The Heart","floor":55,"turns":3}],"seed_played":"2155685374215120135","potions_obtained":[{"floor":3,"key":"PlaceholderMod:PlaceholderPotion"},{"floor":3,"key":"Fire Potion"},{"floor":3,"key":"Flashbang"},{"floor":18,"key":"LiquidBronze"},{"floor":20,"key":"Energy Potion"},{"floor":27,"key":"Adrenaline Potion"},{"floor":41,"key":"BlessingOfTheForge"},{"floor":46,"key":"Death Potion"}],"is_trial":false,"path_per_floor":["M","?","?","$","M","R","E","M","T","$","M","M","E","M","R","B",null,"M","?","M","$","M","E","?","?","T","M","M","R","$","?","R_BF","B",null,"M","?","M","M","M","R","E","R","T","?","?","M","M","M","R_BF","B",null,"R","$","E","B",null],"character_chosen":"THE_CONSTRUCT_MOD","items_purchased":["AT_ChloranthyRing","REME_ArchaeologicalTools","construct:MasterCore","Lee\u0027s Waffle","Sling","qcfpunch:Lotus_Statue","Dramatic Entrance","qcfpunch:Cattail","Anchor","SynthV:MejaisSoulstealer"],"campfire_rested":0,"item_purchase_floors":[4,4,4,10,21,21,30,32,32,32],"current_hp_per_floor":[85,85,85,85,85,85,85,85,85,92,92,92,92,92,92,92,92,88,88,88,92,92,92,92,92,92,92,92,92,92,97,97,97,97,95,95,95,93,93,93,93,93,93,93,93,93,95,95,95,70,99,99,99,99,32],"gold":-955,"neow_bonus":"THREE_ENEMY_KILL","is_daily":false,"chose_seed":false,"campfire_upgraded":5,"win_rate":0.0,"timestamp":1611898425,"path_taken":["M","?","?","$","M","R","E","?","T","$","M","M","E","M","R","BOSS","M","?","M","?","M","E","?","?","T","M","M","R","$","?","R_BF","BOSS","M","?","?","M","?","R","E","R","T","?","?","M","M","M","R_BF","BOSS","R","$","E","BOSS"],"items_purchased_type":["Relic","Relic","Relic","Relic","Relic","Relic","Card","Relic","Relic","Relic"],"build_version":"2020-12-22","purchased_purges":2,"victory":true,"max_hp_per_floor":[85,85,85,85,85,85,85,85,85,92,92,92,92,92,92,92,92,92,92,92,92,92,92,92,92,92,92,92,92,92,97,97,97,97,97,97,97,97,97,97,97,97,97,97,97,97,95,95,95,99,99,99,99,99,103],"relic_stats":{"Lee\u0027s Waffle":7,"Lizard Tail":0,"counters":[27,44],"MealTicket":4,"Pandora\u0027s Box":["construct:OmegaCannon","construct:Dampening","construct:BatteryCore","construct:Stasis","construct:LongRangeLance","construct:VentSteam","construct:MetalShell","construct:Overcharge","construct:HastyRepair","construct:CripplingShot"],"PreservedInsect":190,"Orichalcum":[24],"obtain_stats":[{"Dota2Spire:MaskOfMadness":41,"AT_ATBox":0,"DaveBox":0,"Spirit Poop":45,"DemoMod:GlassGuonStoneRelic":7,"ExusiaiGun":0,"construct:LongRangeLance":50,"Sling":21,"qcfpunch:Wild_Herbs_Ointment":31,"theJungle:SneckoAutograph":24,"Lizard Tail":31,"qcfpunch:Lotus_Statue":21,"MealTicket":13,"REME_ArchaeologicalTools":4,"qcfpunch:Cattail":32,"Red Mask":44,"downfall:ExtraCursedBell":31,"construct:MasterCore":4,"AT_ChloranthyRing":4,"Lee\u0027s Waffle":10,"testmod-TestBox":0,"SynthV:MejaisSoulstealer":32,"NeowsBlessing":0,"DemoMod:OrangeGuonStone":23,"Quantum Egg":43,"PreservedInsect":9,"testmod-Justice":0,"energizedSpire:SpiderWeb":17,"Orichalcum":25,"Anchor":32,"SynthV:TestCard":1,"qcfpunch:School_Backpack":7,"construct:Cogwheel":0,"Pandora\u0027s Box":34,"AT_SunfireAegis":54,"REME_ComplimentaryCards":0,"MetatronsCube":30},{"Dota2Spire:MaskOfMadness":21,"AT_ATBox":0,"DaveBox":0,"Spirit Poop":21,"DemoMod:GlassGuonStoneRelic":3,"ExusiaiGun":0,"construct:LongRangeLance":25,"Sling":11,"qcfpunch:Wild_Herbs_Ointment":15,"theJungle:SneckoAutograph":13,"Lizard Tail":15,"qcfpunch:Lotus_Statue":11,"MealTicket":7,"REME_ArchaeologicalTools":1,"qcfpunch:Cattail":15,"Red Mask":21,"downfall:ExtraCursedBell":15,"construct:MasterCore":1,"AT_ChloranthyRing":1,"Lee\u0027s Waffle":4,"testmod-TestBox":0,"SynthV:MejaisSoulstealer":15,"NeowsBlessing":0,"DemoMod:OrangeGuonStone":13,"Quantum Egg":21,"PreservedInsect":4,"testmod-Justice":0,"energizedSpire:SpiderWeb":9,"Orichalcum":13,"Anchor":15,"SynthV:TestCard":1,"qcfpunch:School_Backpack":3,"construct:Cogwheel":0,"Pandora\u0027s Box":16,"AT_SunfireAegis":26,"REME_ComplimentaryCards":0,"MetatronsCube":15},{"Dota2Spire:MaskOfMadness":28,"AT_ATBox":0,"DaveBox":0,"Spirit Poop":28,"DemoMod:GlassGuonStoneRelic":3,"ExusiaiGun":0,"construct:LongRangeLance":40,"Sling":15,"qcfpunch:Wild_Herbs_Ointment":21,"theJungle:SneckoAutograph":19,"Lizard Tail":21,"qcfpunch:Lotus_Statue":15,"MealTicket":8,"REME_ArchaeologicalTools":1,"qcfpunch:Cattail":21,"Red Mask":28,"downfall:ExtraCursedBell":21,"construct:MasterCore":1,"AT_ChloranthyRing":1,"Lee\u0027s Waffle":4,"testmod-TestBox":0,"SynthV:MejaisSoulstealer":21,"NeowsBlessing":0,"DemoMod:OrangeGuonStone":19,"Quantum Egg":28,"PreservedInsect":4,"testmod-Justice":0,"energizedSpire:SpiderWeb":11,"Orichalcum":19,"Anchor":21,"SynthV:TestCard":1,"qcfpunch:School_Backpack":3,"construct:Cogwheel":0,"Pandora\u0027s Box":23,"AT_SunfireAegis":41,"REME_ComplimentaryCards":0,"MetatronsCube":21}]},"card_choices":[{"not_picked":["construct:VentSteam","construct:Overcharge"],"picked":"construct:Disrupt","floor":1},{"not_picked":["construct:FocusedBeam","construct:GuardCore","construct:Reinforce","construct:ScopeCore"],"picked":"construct:Boost","floor":5},{"not_picked":["construct:MetalShell","construct:Isolate","construct:Chainstrike","construct:Analyze"],"picked":"construct:ShiftStrike","floor":7},{"not_picked":["Predator","AT_Desolate"],"picked":"Infinite Blades","floor":8},{"not_picked":["construct:Accumulate","construct:Analyze","construct:FlakBarrage","construct:MassProduction"],"picked":"construct:ClusterMines","floor":8},{"not_picked":["Prepared","Tactician"],"picked":"Deflect","floor":11},{"not_picked":["construct:HeavyBolt","construct:OmegaCannon","construct:Boost","construct:Reinforce"],"picked":"construct:Chainstrike","floor":11},{"not_picked":["Catalyst+1","AT_ArcaneSupremacy"],"picked":"Deflect","floor":12},{"not_picked":["construct:Synchronize","construct:Accumulate","construct:OmegaCannon","construct:CripplingShot"],"picked":"construct:VentSteam","floor":12},{"not_picked":["Storm","AT_EMC2"],"picked":"Hologram","floor":13},{"not_picked":["construct:VentSteam","construct:Backup","construct:Antimatter","construct:Chainstrike"],"picked":"construct:LaserCore","floor":13},{"not_picked":["MostiFishMod:PoisonShield","Prepared"],"picked":"Dagger Throw","floor":14},{"not_picked":["construct:SaveState","construct:ModeShift","construct:Reinforce","construct:ClusterMines"],"picked":"construct:FierceBash","floor":14},{"not_picked":["construct:SpinDrive","construct:MassProduction","construct:SiegeForm","construct:ShieldBurst"],"picked":"construct:ClockworkEgg","floor":16},{"not_picked":["construct:HardReboot","construct:ShiftStrike","construct:Bunker","construct:ReactiveShield"],"picked":"construct:Reinforce","floor":18},{"not_picked":["construct:Reinforce","construct:OmegaCannon","construct:Accumulate","construct:ScrapCannon"],"picked":"construct:Electrocute","floor":20},{"not_picked":["construct:SaveState","construct:Stasis","construct:Tumble","construct:Dampening"],"picked":"construct:Autoturret+1","floor":22},{"not_picked":["construct:Impenetrable","construct:SpinDrive","construct:ClusterMines+1","construct:OneWayMirror"],"picked":"construct:FlakBarrage","floor":23},{"not_picked":["construct:Electrocute","construct:PointDefense+1","construct:GuardCore","construct:ShiftStrike"],"picked":"construct:SweepLaser","floor":25},{"not_picked":["construct:ModeShift","construct:Electrocute","construct:SweepLaser+1","construct:PanicFire"],"picked":"construct:Antimatter","floor":27},{"not_picked":["construct:FierceBash","construct:SaveState","construct:Boost","construct:ScopeCore"],"picked":"construct:FocusedBeam","floor":28},{"not_picked":["construct:HammerDown","construct:HastyRepair","construct:Bunker","construct:MassProduction"],"picked":"construct:BatteryCore","floor":33},{"not_picked":["construct:CriticalHit+1","construct:ScrapCannon","construct:Reinforce","construct:SyphonStrike"],"picked":"construct:HeavyBolt+1","floor":35},{"not_picked":["construct:CriticalHit","construct:SweepLaser+1","construct:Backfire","construct:Autoturret+1"],"picked":"construct:ChargeShot+1","floor":37},{"not_picked":["construct:Stasis+1","construct:LaserCore+1","construct:Isolate","construct:PowerUp+1"],"picked":"construct:FlameCore+1","floor":38},{"not_picked":["construct:ShiftingStance","construct:Backfire+1","construct:ShiftStrike","construct:VentSteam"],"picked":"construct:Isolate","floor":39},{"not_picked":["construct:PanicFire","construct:BatteryAcid","construct:UnbalancingBlast+1","construct:GoldenBullet"],"picked":"construct:Reserves","floor":41},{"not_picked":["construct:Backup","construct:Forcefield","construct:Hazardproof","construct:Disrupt+1"],"picked":"construct:Missile","floor":46},{"not_picked":["construct:PointDefense+1","construct:Reinforce+1","construct:GoldenBullet","construct:ShiftStrike+1"],"picked":"construct:Zapper","floor":47},{"not_picked":["construct:Stasis","construct:Electrocute+1","construct:Dampening+1","construct:Missile+1"],"picked":"construct:PointDefense","floor":48},{"not_picked":["construct:Synchronize","construct:ModeShift+1","construct:SyphonStrike","construct:Accumulate"],"picked":"construct:Analyze","floor":54}],"player_experience":324460,"relics_obtained":[{"floor":1,"key":"SynthV:TestCard"},{"floor":7,"key":"qcfpunch:School_Backpack"},{"floor":9,"key":"PreservedInsect"},{"floor":13,"key":"MealTicket"},{"floor":23,"key":"DemoMod:OrangeGuonStone"},{"floor":25,"key":"Orichalcum"},{"floor":31,"key":"qcfpunch:Wild_Herbs_Ointment"},{"floor":31,"key":"Lizard Tail"},{"floor":41,"key":"Dota2Spire:MaskOfMadness"},{"floor":43,"key":"Quantum Egg"},{"floor":54,"key":"AT_SunfireAegis"}],"event_choices":[{"damage_healed":0,"gold_gain":400,"player_choice":"Sell","damage_taken":0,"max_hp_gain":0,"max_hp_loss":0,"event_name":"恩洛斯的?子","floor":2,"relics_lost":["AT_ATBox"],"gold_loss":0},{"damage_healed":0,"gold_gain":0,"player_choice":"Got Potions","damage_taken":0,"max_hp_gain":0,"max_hp_loss":0,"event_name":"Lab","floor":3,"gold_loss":0},{"damage_healed":0,"gold_gain":0,"cards_transformed":["FearNoEvil"],"player_choice":"Transformed","damage_taken":0,"max_hp_gain":0,"max_hp_loss":0,"event_name":"Transmorgrifier","floor":19,"gold_loss":0,"cards_obtained":["construct:MassProduction"]},{"damage_healed":0,"gold_gain":0,"cards_transformed":["Deflect"],"player_choice":"Transformed","damage_taken":0,"max_hp_gain":0,"max_hp_loss":0,"event_name":"Transmorgrifier","floor":36,"gold_loss":0,"cards_obtained":["construct:ClusterMines"]},{"damage_healed":0,"gold_gain":0,"player_choice":"Paid","damage_taken":0,"relics_obtained":["Red Mask"],"max_hp_gain":0,"max_hp_loss":0,"event_name":"Tomb of Lord Red Mask","floor":44,"gold_loss":-1148},{"cards_removed":["Overencumbered"],"damage_healed":0,"gold_gain":0,"player_choice":"Offered Curse","damage_taken":0,"relics_obtained":["Spirit Poop"],"max_hp_gain":0,"max_hp_loss":0,"event_name":"Bonfire Elementals","floor":45,"gold_loss":0}],"is_beta":false,"boss_relics":[{"not_picked":["REME_DuelDisc","conspire:RoyalGoblet"],"picked":"energizedSpire:SpiderWeb"},{"not_picked":["testmod-TimeTraveler","aspiration:RunicSpoon"],"picked":"Pandora\u0027s Box"}],"items_purged_floors":[30,32],"is_endless":false,"potions_floor_spawned":[8,12,13,16,18,20,22,27,41,46,48],"ascension_level":0}}