{"host":"h5acbxt0wmjo1kpm","time":1611903107,"event":{"mods":["2.2 Compatiblity","Act Like it!","AlwaysNeverKeys","Aspiration","Bard","Bartender","BaseMod","Better Third Choice","Colored Map","Downfall","Elementarium","Gensokyo","GifTheSpireLib","Hallownest","Marisa????????","Menagerie","Minty Spire (QoL Compilation)","Permanent Neow","Potionbrewer","Quick Restart","Relic Filter","Reliquary","Replay The Spire","Robot Space Explorer","RumiaBox-????????","Shade Mod","Spicy Shops","StSLib","Strawberry Spire","The Blackbeard","The Dragon Tamer","The Gatherer","The Hayseed","The Problem Sleuth","The Servant 0.9.4","Wandering Minibosses","Wide Potions"],"gold_per_floor":[99,109,124,7,21,11,11,43,43,77,77,89,89,100,119,119,119,119],"floor_reached":16,"language":"ENG","playtime":894,"items_purged":[],"score":186,"play_id":"9c2a4f58-1cf0-42b9-af84-8614a12a88a6","local_time":"20210128225147","is_ascension_mode":true,"campfire_choices":[{"data":"hexamod:ForkedFlame","floor":1,"key":"SMITH"},{"data":"hexamod:Sear","floor":11,"key":"SMITH"},{"data":"hexamod:WildfireWeapon","floor":13,"key":"SMITH"}],"circlet_count":0,"master_deck":["AscendersBane","hexamod:Strike","hexamod:Strike","hexamod:Strike","hexamod:Strike","hexamod:Defend","hexamod:Defend","hexamod:Defend","hexamod:Defend","hexamod:Sear+1","hexamod:Float","hexamod:ForkedFlame+1","hexamod:GhostLash","hexamod:WildfireWeapon+1","hexamod:Hexaguard","hexamod:FastForward","hexamod:NightmareStrike","hexamod:NightmareGuise","hexamod:FastForward"],"relics":["Replay:Ringing Soul","Gremlin Food","hexamod:SpiritBrand","wanderingMiniBosses:ThiefScarf","Mummified Hand","reliquary:PorcupineQuills"],"acts_visited":["Exordium"],"potions_floor_usage":[6,10,10,16],"damage_taken":[{"damage":0,"enemies":"Small Slimes","floor":2,"turns":3},{"damage":0,"enemies":"Cultist","floor":3,"turns":3},{"damage":0,"enemies":"downfall:FleeingMerchant","floor":4,"turns":4},{"damage":2,"enemies":"Jaw Worm","floor":5,"turns":2},{"damage":8,"enemies":"Exordium Wildlife","floor":6,"turns":5},{"damage":26,"enemies":"Lagavulin","floor":8,"turns":6},{"damage":19,"enemies":"Gremlin Gang","floor":10,"turns":6},{"damage":10,"enemies":"2 Fungi Beasts","floor":12,"turns":3},{"damage":5,"enemies":"3 Louse","floor":14,"turns":3},{"damage":3,"enemies":"Blue Slaver","floor":15,"turns":3},{"damage":38,"enemies":"WA_ARCHETYPE_RETAIN","floor":16,"turns":5}],"seed_played":"-968264800646282234","potions_obtained":[{"floor":5,"key":"champ:CounterPotion"},{"floor":6,"key":"PowerPotion"},{"floor":8,"key":"SneckoOil"},{"floor":15,"key":"potionbrewer:StunPotion"}],"is_trial":false,"path_per_floor":["R","M","M","$","M","M","T","E","?","M","R","M","R","M","M","B"],"character_chosen":"THE_SPIRIT","items_purchased":["hexamod:Incineration","hexamod:Hexaguard"],"campfire_rested":0,"item_purchase_floors":[4,4],"current_hp_per_floor":[42,42,42,42,40,32,32,6,63,47,47,37,37,35,35,0,0,0],"gold":119,"neow_bonus":"THREE_RARE_CARDS","is_daily":false,"chose_seed":false,"campfire_upgraded":3,"win_rate":0.0,"timestamp":1611903107,"path_taken":["R","M","M","$","M","M","T","E","?","M","R","M","R","M","M","BOSS"],"items_purchased_type":["Card","Card"],"build_version":"2020-12-22","purchased_purges":0,"victory":false,"max_hp_per_floor":[63,63,63,63,63,63,63,63,63,66,66,66,66,69,72,72,72,72],"card_choices":[{"not_picked":["hexamod:TimeWarp","hexamod:ApocalypticArmor"],"picked":"hexamod:ForkedFlame","floor":0},{"not_picked":["hexamod:InspiringFlames","hexamod:FlamesFromBeyond","hexamod:GhostOfSpirePast"],"picked":"SKIP","floor":2},{"not_picked":["hexamod:SpectralAdrenaline","hexamod:ShieldOfDarkness"],"picked":"hexamod:GhostLash","floor":3},{"not_picked":["hexamod:NightmareStrike","hexamod:GhostflameBarrier"],"picked":"hexamod:WildfireWeapon","floor":4},{"not_picked":["hexamod:ShieldOfDarkness","hexamod:RadiantFlame","hexamod:PhantomCloak"],"picked":"SKIP","floor":5},{"not_picked":["hexamod:FlamesFromBeyond","hexamod:GhostflameBarrier"],"picked":"hexamod:FastForward","floor":6},{"not_picked":["hexamod:AdvancingGuard","hexamod:NightmareStrike","hexamod:PhantomCloak"],"picked":"SKIP","floor":8},{"not_picked":["hexamod:SwordOfDarkness","hexamod:InspiringFlames"],"picked":"hexamod:NightmareStrike","floor":10},{"not_picked":["hexamod:FlamesFromBeyond","hexamod:BurningTouch","hexamod:EmpoweredFlame"],"picked":"SKIP","floor":12},{"not_picked":["hexamod:Again","hexamod:FlamesFromBeyond"],"picked":"hexamod:NightmareGuise","floor":14},{"not_picked":["hexamod:BurningTouch","hexamod:HeatMetal"],"picked":"hexamod:FastForward","floor":15}],"player_experience":2634358,"relics_obtained":[{"floor":7,"key":"Replay:Ringing Soul"},{"floor":8,"key":"Gremlin Food"},{"floor":10,"key":"hexamod:SpiritBrand"},{"floor":10,"key":"wanderingMiniBosses:ThiefScarf"}],"event_choices":[{"cards_removed":["hexamod:Incineration"],"damage_healed":57,"gold_gain":0,"player_choice":"Offered Uncommon","damage_taken":0,"max_hp_gain":0,"max_hp_loss":0,"event_name":"Bonfire Elementals","floor":9,"gold_loss":0}],"is_beta":false,"boss_relics":[],"items_purged_floors":[],"is_endless":false,"potions_floor_spawned":[5,6,8,15],"killed_by":"WA_ARCHETYPE_RETAIN","ascension_level":15}}