{"host":"xvjtz0l6trtfk8cl","time":1611955110,"event":{"mods":["BaseMod","Better Altar","Better Third Choice","Downfall","Fox Events","Hermit","Magitek Elite","Minty Spire (QoL Compilation)","StSLib","The Bladedancer","The Death Knight","The Hierophant","The Necromancer","Waifu the Spire"],"gold_per_floor":[114,84,98,116,116,116,116],"floor_reached":6,"language":"ENG","playtime":401,"items_purged":[],"score":36,"play_id":"7c9d370a-8be7-4ec4-9b1b-14ceac46686e","local_time":"20210129151830","is_ascension_mode":false,"campfire_choices":[],"circlet_count":0,"master_deck":["blademaster:Strike","blademaster:Strike","blademaster:Strike","blademaster:Strike","blademaster:Defend+1","blademaster:Defend","blademaster:Defend","blademaster:Defend+1","blademaster:RagingBlow","blademaster:HighVoltage","blademaster:Momentum"],"relics":["blademaster:DancersAmulet","NeowsBlessing","betterThird:SlimedRelic"],"acts_visited":["Exordium"],"potions_floor_usage":[],"damage_taken":[{"damage":0,"enemies":"Jaw Worm","floor":1,"turns":1},{"damage":0,"enemies":"Small Slimes","floor":3,"turns":1},{"damage":0,"enemies":"2 Louse","floor":4,"turns":1},{"damage":1,"enemies":"3 Sentries","floor":6,"turns":2}],"seed_played":"-1783889713394709650","potions_obtained":[{"floor":4,"key":"LiquidMemories"}],"is_trial":false,"path_per_floor":["M","?","M","M","?","E"],"character_chosen":"THE_BLADEMASTER","items_purchased":[],"campfire_rested":0,"item_purchase_floors":[],"current_hp_per_floor":[75,64,64,64,49,48,48],"gold":116,"neow_bonus":"THREE_ENEMY_KILL","is_daily":false,"chose_seed":false,"campfire_upgraded":0,"win_rate":0.0,"timestamp":1611955110,"path_taken":["M","?","M","M","?","E"],"items_purchased_type":[],"build_version":"2020-12-22","purchased_purges":0,"victory":false,"max_hp_per_floor":[75,75,75,75,75,75,75],"card_choices":[{"not_picked":["blademaster:OneTrickPony","blademaster:TraverseCut"],"picked":"blademaster:Momentum","floor":1},{"not_picked":["blademaster:Stability","blademaster:AwakeningStrike","blademaster:Quickness"],"picked":"SKIP","floor":3},{"not_picked":["blademaster:CombatPrep","blademaster:Gust","blademaster:SlyStabs"],"picked":"SKIP","floor":4}],"player_experience":39128,"relics_obtained":[],"event_choices":[{"damage_healed":0,"gold_gain":0,"player_choice":"Slimed","damage_taken":11,"max_hp_gain":0,"max_hp_loss":0,"event_name":"betterThird:BetterGoop","floor":2,"gold_loss":30},{"damage_healed":64,"gold_gain":0,"player_choice":"Upgrade","damage_taken":15,"max_hp_gain":0,"max_hp_loss":75,"event_name":"betterThird:BetterShining","floor":5,"gold_loss":0,"cards_upgraded":["blademaster:Defend","blademaster:Defend"]}],"is_beta":false,"boss_relics":[],"items_purged_floors":[],"is_endless":false,"potions_floor_spawned":[4],"killed_by":"3 Sentries","ascension_level":0}}