{"host":"gcl3kjho9wmyw479","time":1611913753,"event":{"mods":["Act Like it!","BaseMod","Better Note","Minty Spire (QoL Compilation)","Permanent Neow","Quick Restart","Replay The Spire","Shop Mod","StSLib","SuperFastMode","Wandering Minibosses"],"gold_per_floor":[114,364,364,364,99,99,99,126,151,186,186,212,212,54,54,149,149,163,100,100,28,28,28,28,28,328,328,356,356,356,388,388,493,493,509,809,836,761,761,761,795,795,795,824,482,386,417,433,433,441,441,441,186,223,233],"floor_reached":56,"language":"ENG","playtime":1767,"items_purged":["Defy Death","Sentinel","Iron Wave","Evolve","ReplayTheSpireMod:LeadingStrike+1"],"score":1619,"play_id":"1ad03be4-a511-412a-9ab1-9a752ba02a16","local_time":"20210129044913","daily_mods":["SealedDeck","Heirloom","Flight","DeadlyEvents","Elite Swarm"],"is_ascension_mode":true,"campfire_choices":[{"data":"Body Slam","floor":6,"key":"SMITH"},{"data":"Body Slam","floor":7,"key":"SMITH"},{"data":"Shrug It Off","floor":11,"key":"SMITH"},{"data":"Impervious","floor":13,"key":"SMITH"},{"floor":15,"key":"RECALL"},{"data":"Impervious","floor":23,"key":"SMITH"},{"data":"Evolve","floor":24,"key":"SMITH"},{"data":"Finesse","floor":25,"key":"SMITH"},{"data":"Fire Breathing","floor":27,"key":"SMITH"},{"data":"ReplayTheSpireMod:Stacked","floor":29,"key":"SMITH"},{"data":"Battle Trance","floor":30,"key":"SMITH"},{"data":"Offering","floor":32,"key":"SMITH"},{"data":"Ghostly Armor","floor":32,"key":"SMITH"},{"floor":40,"key":"REST"},{"data":"ReplayTheSpireMod:LeadingStrike","floor":42,"key":"SMITH"},{"data":"Entrench","floor":49,"key":"SMITH"},{"data":"Barricade","floor":49,"key":"SMITH"},{"floor":52,"key":"REST"}],"circlet_count":0,"master_deck":["Fire Breathing+1","Body Slam+1","Body Slam+1","Shrug It Off+1","ReplayTheSpireMod:Stacked+1","Battle Trance+1","Impervious+1","Impervious+1","Ghostly Armor+1","Evolve+1","Finesse+1","Offering+1","Offering+1","Entrench+1","Barricade+1","Bandage Up+1"],"relics":["Burning Blood","Ring of Chaos","Membership Card","BranchBurnRelic","Replay:Wax Seal","CaptainsWheel","Lizard Tail","Blood Vial","Philosopher\u0027s Stone","NeowsBlessing","Replay:Arrowhead","SacredBark","TungstenRod","Calipers","Divine Protection","Replay:Bottled Eggs","Garlic","ReplayFunnel","MerchantsRug","Replay:Bandana","Blue Doll","Letter Opener","ReplayTheSpireMod:Lightbulb","Self Forming Clay"],"acts_visited":["Exordium","TheCity","TheBeyond","TheEnding"],"potions_floor_usage":[41,54,55,55],"damage_taken":[{"damage":0,"enemies":"2 Louse","floor":1,"turns":3},{"damage":0,"enemies":"Gremlin Nob","floor":8,"turns":2},{"damage":0,"enemies":"Lagavulin","floor":10,"turns":4},{"damage":4,"enemies":"3 Sentries","floor":12,"turns":4},{"damage":0,"enemies":"The Guardian","floor":16,"turns":4},{"damage":0,"enemies":"3 Byrds","floor":18,"turns":3},{"damage":0,"enemies":"Gremlin Leader","floor":28,"turns":1},{"damage":0,"enemies":"Book of Stabbing","floor":31,"turns":1},{"damage":0,"enemies":"Automaton","floor":33,"turns":1},{"damage":0,"enemies":"3 Shapes","floor":35,"turns":3},{"damage":6,"enemies":"Giant Head","floor":37,"turns":3},{"damage":6,"enemies":"Nemesis","floor":41,"turns":3},{"damage":0,"enemies":"R_Hoarder","floor":44,"turns":5},{"damage":3,"enemies":"Giant Head","floor":47,"turns":2},{"damage":3,"enemies":"3 Darklings","floor":48,"turns":1},{"damage":3,"enemies":"Donu and Deca","floor":50,"turns":3},{"damage":3,"enemies":"Shield and Spear","floor":54,"turns":3},{"damage":3,"enemies":"The Heart","floor":55,"turns":4}],"seed_played":"-4948322780981035212","potions_obtained":[{"floor":28,"key":"Energy Potion"},{"floor":41,"key":"EssenceOfSteel"}],"is_trial":true,"path_per_floor":["M","WH","WH","?","$","R","R","E","T","E","R","E","R","$","R","B",null,"M","$","WH","$","?","R","R","R","T","R","E","R","R","E","R","B",null,"M","?","E","$","WH","R","E","R","T","E","$","$","E","M","R","B",null,"R","$","E","B",null],"character_chosen":"IRONCLAD","items_purchased":["Membership Card","Impervious","Ghostly Armor","Blood Vial","Evolve","Finesse","Garlic","ReplayFunnel","Dexterity Potion","SpeedPotion","Entrench","MerchantsRug","Replay:Bandana","Letter Opener","ReplayTheSpireMod:Lightbulb","Bandage Up+1"],"campfire_rested":2,"item_purchase_floors":[5,5,14,14,21,21,45,45,45,45,46,46,46,53,53,53],"current_hp_per_floor":[80,56,56,56,56,56,56,67,67,73,73,80,80,80,80,80,80,80,80,80,80,80,80,80,80,80,80,80,80,80,80,80,80,80,80,80,80,80,88,88,88,88,88,88,88,88,88,88,88,88,88,88,88,88,88],"gold":233,"neow_bonus":"TEN_PERCENT_HP_BONUS","is_daily":false,"chose_seed":false,"campfire_upgraded":15,"win_rate":0.0,"timestamp":1611913753,"path_taken":["M","WH","WH","?","$","R","R","E","T","E","R","E","R","$","R","BOSS","M","$","WH","$","?","R","R","R","T","R","E","R","R","E","R","BOSS","M","?","?","$","WH","R","E","R","T","E","$","$","E","?","R","BOSS","R","$","E","BOSS"],"items_purchased_type":["Relic","Card","Card","Relic","Card","Card","Relic","Relic","Potion","Potion","Card","Relic","Relic","Relic","Relic","Card"],"build_version":"2020-12-22","purchased_purges":5,"victory":true,"max_hp_per_floor":[80,80,80,80,80,80,80,80,80,80,80,80,80,80,80,80,80,80,80,80,80,80,80,80,80,80,80,80,80,80,80,80,80,80,80,80,80,80,88,88,88,88,88,88,88,88,88,88,88,88,88,88,88,88,88],"card_choices":[{"not_picked":["Warcry","Body Slam"],"picked":"Battle Trance","floor":1},{"not_picked":["Berserk","Brutality","Reaper"],"picked":"SKIP","floor":8},{"not_picked":["Eclipse","Double Tap","Brutality"],"picked":"SKIP","floor":10},{"not_picked":["Hemogenesis","Brutality"],"picked":"Impervious","floor":12},{"not_picked":["Body Slam+1","Thunderclap","ReplayTheSpireMod:Strike From Hell"],"picked":"SKIP","floor":18},{"not_picked":["Corruption","Eclipse","Replay:Many Hands"],"picked":"SKIP","floor":28},{"not_picked":["Brutality","Impervious"],"picked":"Offering","floor":31},{"not_picked":["Armaments","Replay:Undeath\u0027s Touch","Fire Breathing"],"picked":"SKIP","floor":35},{"not_picked":["Juggernaut","Bludgeon","Brutality"],"picked":"SKIP","floor":37},{"not_picked":["Replay:Many Hands","Double Tap","Demon Form"],"picked":"SKIP","floor":41},{"not_picked":["Hemogenesis","Double Tap"],"picked":"Offering","floor":44},{"not_picked":["Feed","Eclipse"],"picked":"Barricade","floor":47},{"not_picked":["Twin Strike+1","Combust","Armaments+1"],"picked":"SKIP","floor":48},{"not_picked":["Impervious","Feed","Reaper"],"picked":"SKIP","floor":54}],"player_experience":414118,"relics_obtained":[{"floor":8,"key":"Replay:Wax Seal"},{"floor":10,"key":"CaptainsWheel"},{"floor":12,"key":"Lizard Tail"},{"floor":26,"key":"Old Coin"},{"floor":28,"key":"Replay:PocketPolymizer"},{"floor":31,"key":"Replay:Arrowhead"},{"floor":37,"key":"TungstenRod"},{"floor":41,"key":"Calipers"},{"floor":43,"key":"Divine Protection"},{"floor":44,"key":"Replay:Bottled Eggs"},{"floor":47,"key":"Blue Doll"},{"floor":54,"key":"Self Forming Clay"}],"event_choices":[{"damage_healed":0,"gold_gain":0,"player_choice":"Ignored","damage_taken":0,"max_hp_gain":0,"max_hp_loss":0,"event_name":"Liars Game","floor":4,"gold_loss":0},{"damage_healed":0,"gold_gain":300,"player_choice":"Gold","damage_taken":0,"max_hp_gain":0,"max_hp_loss":0,"event_name":"Wheel of Change","floor":36,"gold_loss":0}],"is_beta":false,"boss_relics":[{"not_picked":["Replay:Wanted Poster","Busted Crown"],"picked":"Philosopher\u0027s Stone"},{"not_picked":["Ring of Chaos","Honey Jar"],"picked":"SacredBark"}],"items_purged_floors":[5,14,19,38,45],"is_endless":false,"potions_floor_spawned":[28,41,47,48],"ascension_level":4}}