{"host":"Jedit","time":1611942382,"event":{"mods":["BaseMod","Minty Spire (QoL Compilation)","Relic Stats","StSLib"],"gold_per_floor":[112,37,51,70,89,89,89,114,137,137,165,175,175,188,188,267,267,286,29,29,29,39,39,68,85,155,155,155],"floor_reached":27,"language":"ENG","playtime":991,"items_purged":["Pain"],"score":511,"play_id":"4a66d0aa-a280-455d-af25-6a6e5cd91307","local_time":"20210129174622","is_ascension_mode":true,"campfire_choices":[{"data":"Deadly Poison","floor":6,"key":"SMITH"},{"floor":10,"key":"REST"},{"floor":13,"key":"REST"},{"data":"Blade Dance","floor":15,"key":"SMITH"},{"floor":23,"key":"REST"}],"circlet_count":0,"master_deck":["AscendersBane","Strike_G","Strike_G","Strike_G","Strike_G","Strike_G","Defend_G","Defend_G","Defend_G","Defend_G","Defend_G","Survivor","Neutralize","Dagger Throw","Backstab","Deadly Poison+1","Bane","Tools of the Trade","Blade Dance+1","Deadly Poison","Poisoned Stab","Phantasmal Killer","Slice","Blade Dance","Choke","Shame","Bouncing Flask+1","Leg Sweep","Underhanded Strike"],"relics":["Ring of the Snake","Mango","Strawberry","Snake Skull","Kunai","WristBlade","Sling","CaptainsWheel","Enchiridion","Dream Catcher","Meat on the Bone"],"acts_visited":["Exordium","TheCity"],"potions_floor_usage":[8,16,16,18,27,27],"damage_taken":[{"damage":16,"enemies":"Cultist","floor":1,"turns":5},{"damage":0,"enemies":"2 Louse","floor":3,"turns":2},{"damage":0,"enemies":"Jaw Worm","floor":4,"turns":6},{"damage":0,"enemies":"3 Louse","floor":5,"turns":3},{"damage":30,"enemies":"Lagavulin","floor":8,"turns":9},{"damage":27,"enemies":"Gremlin Nob","floor":11,"turns":4},{"damage":2,"enemies":"Exordium Wildlife","floor":12,"turns":5},{"damage":11,"enemies":"2 Fungi Beasts","floor":14,"turns":3},{"damage":13,"enemies":"Slime Boss","floor":16,"turns":12},{"damage":12,"enemies":"3 Byrds","floor":18,"turns":5},{"damage":22,"enemies":"2 Thieves","floor":22,"turns":4},{"damage":14,"enemies":"Book of Stabbing","floor":24,"turns":4},{"damage":0,"enemies":"Snake Plant","floor":25,"turns":2},{"damage":42,"enemies":"Gremlin Leader","floor":27,"turns":4}],"seed_played":"-4207767388942686153","potions_obtained":[{"floor":4,"key":"Dexterity Potion"},{"floor":5,"key":"SmokeBomb"},{"floor":11,"key":"Ancient Potion"},{"floor":14,"key":"Block Potion"},{"floor":16,"key":"Explosive Potion"},{"floor":24,"key":"Regen Potion"},{"floor":25,"key":"ColorlessPotion"}],"is_trial":false,"path_per_floor":["M","$","M","M","M","R","?","E","T","R","E","M","R","M","R","B",null,"M","$","?","?","M","R","E","M","T","E"],"character_chosen":"THE_SILENT","items_purchased":["Blade Dance","Sling","Choke"],"campfire_rested":3,"item_purchase_floors":[19,19,19],"current_hp_per_floor":[57,57,57,57,57,57,53,23,23,49,22,20,46,35,35,22,71,59,59,59,38,16,42,28,28,28,0,0],"gold":155,"neow_bonus":"ONE_RARE_RELIC","is_daily":false,"chose_seed":false,"campfire_upgraded":2,"win_rate":0.0,"timestamp":1611942382,"path_taken":["M","$","M","M","?","R","?","E","T","R","E","M","R","M","R","BOSS","M","$","?","?","M","R","E","M","T","E"],"items_purchased_type":["Card","Relic","Card"],"build_version":"2020-12-18","purchased_purges":1,"victory":false,"max_hp_per_floor":[80,80,80,80,80,80,87,87,87,87,87,87,87,87,87,87,87,87,87,87,87,87,87,87,87,87,87,87],"relic_stats":{"Dream Catcher":0,"counters":[14,68],"Snake Skull":[21],"Kunai":[23],"obtain_stats":[{"CaptainsWheel":20,"Dream Catcher":24,"WristBlade":17,"Strawberry":7,"Enchiridion":21,"Mango":0,"Snake Skull":8,"Kunai":11,"Sling":19,"Ring of the Snake":0,"Meat on the Bone":26},{"CaptainsWheel":10,"Dream Catcher":12,"WristBlade":9,"Strawberry":4,"Enchiridion":10,"Mango":0,"Snake Skull":5,"Kunai":6,"Sling":10,"Ring of the Snake":0,"Meat on the Bone":13},{"CaptainsWheel":54,"Dream Catcher":62,"WristBlade":49,"Strawberry":16,"Enchiridion":54,"Mango":0,"Snake Skull":25,"Kunai":29,"Sling":54,"Ring of the Snake":0,"Meat on the Bone":64}],"Ring of the Snake":[28],"Meat on the Bone":0},"card_choices":[{"not_picked":["Quick Slash","Reflex"],"picked":"Dagger Throw","floor":1},{"not_picked":["Outmaneuver","Dodge and Roll"],"picked":"Backstab","floor":3},{"not_picked":["Cloak And Dagger","Deflect"],"picked":"Deadly Poison","floor":4},{"not_picked":["Quick Slash","Flying Knee"],"picked":"Bane","floor":5},{"not_picked":["Outmaneuver","Finisher"],"picked":"Tools of the Trade","floor":8},{"not_picked":["Escape Plan","Bane"],"picked":"Blade Dance","floor":11},{"not_picked":["Bane","Acrobatics"],"picked":"Deadly Poison","floor":12},{"not_picked":["Dagger Spray","Calculated Gamble"],"picked":"Poisoned Stab","floor":14},{"not_picked":["Die Die Die","Night Terror"],"picked":"Phantasmal Killer","floor":16},{"not_picked":["Heel Hook","Underhanded Strike"],"picked":"Slice","floor":18},{"not_picked":["Setup","Flying Knee"],"picked":"Bouncing Flask+1","floor":22},{"not_picked":["Backflip","PiercingWail"],"picked":"Leg Sweep","floor":24},{"not_picked":["Prepared","Deflect"],"picked":"Underhanded Strike","floor":25}],"player_experience":3460958,"relics_obtained":[{"floor":8,"key":"Snake Skull"},{"floor":11,"key":"Kunai"},{"floor":21,"key":"Enchiridion"},{"floor":24,"key":"Dream Catcher"},{"floor":26,"key":"Meat on the Bone"}],"event_choices":[{"damage_healed":0,"gold_gain":0,"player_choice":"Success","damage_taken":11,"relics_obtained":["Strawberry"],"max_hp_gain":0,"max_hp_loss":0,"event_name":"Scrap Ooze","floor":7,"gold_loss":0},{"damage_healed":0,"gold_gain":0,"player_choice":"Stole Relic","damage_taken":0,"relics_obtained":["CaptainsWheel"],"max_hp_gain":0,"max_hp_loss":0,"event_name":"Addict","floor":20,"gold_loss":0,"cards_obtained":["Shame"]},{"damage_healed":0,"gold_gain":0,"player_choice":"Obtained Book","damage_taken":21,"max_hp_gain":0,"max_hp_loss":0,"event_name":"Cursed Tome","floor":21,"gold_loss":0}],"is_beta":true,"boss_relics":[{"not_picked":["Coffee Dripper","Philosopher\u0027s Stone"],"picked":"WristBlade"}],"items_purged_floors":[2],"is_endless":false,"potions_floor_spawned":[4,5,11,14,16,24,25],"killed_by":"Gremlin Leader","ascension_level":20}}