{"host":"oehe2dxjvdgux73m","time":1611937626,"event":{"mods":["AchievementEnabler","BaseMod","Colored Map","Colored Powertips","DeckTracker","Keyboard Shortcuts","Minty Spire (QoL Compilation)","Permanent Neow","Quick Restart","StSLib","SuperFastMode"],"gold_per_floor":[114,114,9,26,45,70,70,88,88,105,125,50,13,13,13,86,86,96,108,108,67,67,67,94,109,132,132,146,146,163,189,189,266,316,328,343,243,254,266,266,14,41,76,88,128,0,24,51,63,75,75],"floor_reached":50,"language":"KOR","playtime":2448,"items_purged":["Well Laid Plans","Poisoned Stab"],"score":1163,"play_id":"a0e3134d-2277-4747-9d11-7786c6593106","local_time":"20210130012706","is_ascension_mode":true,"campfire_choices":[{"data":"Crippling Poison","floor":7.0,"key":"SMITH"},{"floor":15.0,"key":"REST"},{"floor":23.0,"key":"REST"},{"floor":29.0,"key":"REST"},{"floor":32.0,"key":"REST"},{"data":"Catalyst","floor":40.0,"key":"SMITH"},{"floor":44.0,"key":"RECALL"},{"data":"Burst","floor":49.0,"key":"SMITH"}],"circlet_count":0,"master_deck":["AscendersBane","Survivor","Neutralize","Tactician","Leg Sweep","Deadly Poison","Footwork+1","Bouncing Flask","Crippling Poison+1","Flash of Steel","Catalyst+1","Well Laid Plans+1","Acrobatics","Backflip","Calculated Gamble","Corpse Explosion","Bullet Time","Escape Plan","Backflip","Dodge and Roll","Backflip","Acrobatics","Burst+1","PiercingWail","Backflip+1","Escape Plan","Acrobatics+1","Reflex"],"relics":["Pandora\u0027s Box","Frozen Egg 2","Pantograph","Philosopher\u0027s Stone","Bottled Flame","Anchor","Tiny House","Lantern","MawBank","Strawberry","Smiling Mask","Red Mask"],"acts_visited":["Exordium","TheCity","TheBeyond"],"potions_floor_usage":[50],"damage_taken":[{"damage":9.0,"enemies":"Jaw Worm","floor":1.0,"turns":5.0},{"damage":0.0,"enemies":"Cultist","floor":4.0,"turns":3.0},{"damage":4.0,"enemies":"2 Louse","floor":5.0,"turns":3.0},{"damage":20.0,"enemies":"Lagavulin","floor":6.0,"turns":4.0},{"damage":5.0,"enemies":"2 Fungi Beasts","floor":8.0,"turns":3.0},{"damage":15.0,"enemies":"Exordium Thugs","floor":10.0,"turns":6.0},{"damage":0.0,"enemies":"Gremlin Gang","floor":11.0,"turns":1.0},{"damage":5.0,"enemies":"The Guardian","floor":16.0,"turns":7.0},{"damage":12.0,"enemies":"Shell Parasite","floor":18.0,"turns":5.0},{"damage":7.0,"enemies":"2 Thieves","floor":19.0,"turns":3.0},{"damage":35.0,"enemies":"Slavers","floor":24.0,"turns":3.0},{"damage":2.0,"enemies":"Snake Plant","floor":25.0,"turns":2.0},{"damage":0.0,"enemies":"3 Cultists","floor":28.0,"turns":3.0},{"damage":14.0,"enemies":"Sentry and Sphere","floor":30.0,"turns":5.0},{"damage":12.0,"enemies":"Gremlin Leader","floor":31.0,"turns":7.0},{"damage":6.0,"enemies":"Champ","floor":33.0,"turns":8.0},{"damage":7.0,"enemies":"3 Shapes","floor":35.0,"turns":4.0},{"damage":0.0,"enemies":"Orb Walker","floor":36.0,"turns":3.0},{"damage":0.0,"enemies":"Sphere and 2 Shapes","floor":38.0,"turns":3.0},{"damage":19.0,"enemies":"Writhing Mass","floor":39.0,"turns":4.0},{"damage":5.0,"enemies":"Nemesis","floor":42.0,"turns":5.0},{"damage":8.0,"enemies":"Reptomancer","floor":45.0,"turns":4.0},{"damage":11.0,"enemies":"Maw","floor":47.0,"turns":6.0},{"damage":1.0,"enemies":"Jaw Worm Horde","floor":48.0,"turns":4.0},{"damage":54,"enemies":"Time Eater","floor":50,"turns":10}],"seed_played":"-7314343401787921039","potions_obtained":[{"floor":1.0,"key":"Swift Potion"},{"floor":10.0,"key":"AttackPotion"},{"floor":11.0,"key":"SpeedPotion"},{"floor":19.0,"key":"Explosive Potion"},{"floor":24.0,"key":"Swift Potion"},{"floor":30.0,"key":"Swift Potion"},{"floor":33.0,"key":"SkillPotion"},{"floor":34.0,"key":"LiquidMemories"},{"floor":35.0,"key":"DistilledChaos"},{"floor":39.0,"key":"SteroidPotion"},{"floor":42.0,"key":"GamblersBrew"}],"is_trial":false,"path_per_floor":["M","?","$","M","M","E","R","M","T","M","M","$","$","?","R","B",null,"M","M","?","$","?","R","E","M","T","?","M","R","M","E","R","B",null,"M","M","$","M","M","R","$","E","T","R","E","?","M","M","R","B"],"character_chosen":"THE_SILENT","items_purchased":["Flash of Steel","Calculated Gamble","Escape Plan","Lantern","Escape Plan"],"campfire_rested":4,"item_purchase_floors":[3,13,21,41,41],"current_hp_per_floor":[50,50,50,50,46,26,26,21,21,6,6,6,6,6,25,45,61,49,42,42,42,24,45,10,8,8,8,8,29,15,3,24,43,69,62,62,62,62,43,43,43,38,45,45,37,37,26,25,25,0,0],"gold":75,"neow_bonus":"BOSS_RELIC","is_daily":false,"chose_seed":false,"campfire_upgraded":3,"win_rate":0.0,"timestamp":1611937626,"path_taken":["M","?","$","M","M","E","R","M","T","M","M","?","$","?","R","BOSS","M","?","?","$","?","R","E","M","T","?","M","R","?","E","R","BOSS","M","?","$","M","M","R","$","E","T","R","E","?","M","M","R","BOSS"],"items_purchased_type":["Card","Card","Card","Relic","Card"],"build_version":"2020-12-22","purchased_purges":2,"victory":false,"max_hp_per_floor":[66,66,66,66,66,66,66,66,66,66,66,66,66,66,66,66,66,66,66,66,66,71,71,71,71,71,71,71,71,71,71,71,71,76,76,76,76,76,76,76,76,76,83,83,83,83,83,83,83,83,83],"card_choices":[{"not_picked":["Noxious Fumes","Backflip"],"picked":"Crippling Poison","floor":1.0},{"not_picked":["Deadly Poison","Cloak And Dagger"],"picked":"Catalyst","floor":4.0},{"not_picked":["Bane","Underhanded Strike","Setup"],"picked":"SKIP","floor":5.0},{"not_picked":["Prepared","Distraction"],"picked":"Well Laid Plans+1","floor":6.0},{"not_picked":["Expertise","Quick Slash","Well Laid Plans+1"],"picked":"SKIP","floor":8.0},{"not_picked":["Riddle With Holes","Blade Dance"],"picked":"Acrobatics","floor":10.0},{"not_picked":["Concentrate","Sucker Punch"],"picked":"Backflip","floor":11.0},{"not_picked":["Grand Finale","Bullet Time"],"picked":"Corpse Explosion","floor":16.0},{"not_picked":["Outmaneuver","Deadly Poison","Quick Slash"],"picked":"SKIP","floor":18.0},{"not_picked":["Deflect","Tactician","Prepared"],"picked":"SKIP","floor":19.0},{"not_picked":["Deadly Poison+1","Poisoned Stab"],"picked":"Backflip","floor":24.0},{"not_picked":["Slice+1","Infinite Blades+1","Underhanded Strike"],"picked":"SKIP","floor":25.0},{"not_picked":["Outmaneuver","Dash"],"picked":"Dodge and Roll","floor":28.0},{"not_picked":["Backstab","Calculated Gamble"],"picked":"Backflip","floor":30.0},{"not_picked":["Heel Hook","Underhanded Strike"],"picked":"Acrobatics","floor":31.0},{"not_picked":["Glass Knife","Bullet Time"],"picked":"Burst","floor":33.0},{"not_picked":["All Out Attack","Outmaneuver"],"picked":"PiercingWail","floor":34.0},{"not_picked":["Slice","Dagger Throw","Acrobatics"],"picked":"SKIP","floor":35.0},{"not_picked":["Endless Agony","Sucker Punch","Underhanded Strike"],"picked":"SKIP","floor":36.0},{"not_picked":["Outmaneuver","Backstab","Dagger Throw"],"picked":"SKIP","floor":38.0},{"not_picked":["PiercingWail","Flying Knee+1"],"picked":"Backflip+1","floor":39.0},{"not_picked":["Blade Dance","Dagger Spray","Slice"],"picked":"SKIP","floor":42.0},{"not_picked":["Choke","Eviscerate+1"],"picked":"Acrobatics+1","floor":45.0},{"not_picked":["Deadly Poison","Cloak And Dagger+1"],"picked":"Reflex","floor":47.0},{"not_picked":["Acrobatics","Bullet Time","Blade Dance"],"picked":"SKIP","floor":48.0}],"player_experience":326345,"relics_obtained":[{"floor":6.0,"key":"Frozen Egg 2"},{"floor":9.0,"key":"Pantograph"},{"floor":24.0,"key":"Bottled Flame"},{"floor":31.0,"key":"Anchor"},{"floor":42.0,"key":"MawBank"},{"floor":43.0,"key":"Strawberry"},{"floor":45.0,"key":"Smiling Mask"}],"event_choices":[{"cards_removed":["Tactician"],"damage_healed":0.0,"max_hp_gain":0.0,"max_hp_loss":0.0,"gold_gain":0.0,"event_name":"Purifier","player_choice":"Purged","floor":2.0,"gold_loss":0.0,"damage_taken":0.0},{"damage_healed":0.0,"max_hp_gain":0.0,"max_hp_loss":0.0,"gold_gain":0.0,"event_name":"FaceTrader","player_choice":"Leave","floor":14.0,"gold_loss":0.0,"damage_taken":0.0},{"damage_healed":0.0,"max_hp_gain":0.0,"max_hp_loss":0.0,"gold_gain":0.0,"cards_transformed":["Flying Knee","After Image"],"event_name":"Drug Dealer","player_choice":"Became Test Subject","floor":20.0,"gold_loss":0.0,"damage_taken":0.0,"cards_obtained":["Poisoned Stab","Bullet Time"]},{"damage_healed":0.0,"max_hp_gain":5.0,"max_hp_loss":0.0,"gold_gain":0.0,"event_name":"Forgotten Altar","player_choice":"Shed Blood","floor":22.0,"gold_loss":0.0,"damage_taken":23.0},{"cards_removed":["Underhanded Strike"],"damage_healed":0.0,"max_hp_gain":0.0,"max_hp_loss":0.0,"gold_gain":0.0,"event_name":"Purifier","player_choice":"Purged","floor":27.0,"gold_loss":0.0,"damage_taken":0.0},{"damage_healed":0.0,"max_hp_gain":0.0,"max_hp_loss":0.0,"gold_gain":0.0,"event_name":"Tomb of Lord Red Mask","player_choice":"Paid","floor":46.0,"gold_loss":140.0,"damage_taken":0.0,"relics_obtained":["Red Mask"]}],"is_beta":false,"boss_relics":[{"not_picked":["Calling Bell","HoveringKite"],"picked":"Philosopher\u0027s Stone"},{"not_picked":["SacredBark","Black Star"],"picked":"Tiny House"}],"items_purged_floors":[12,37],"is_endless":false,"potions_floor_spawned":[1,10,11,19,24,30,33,35,39,42],"killed_by":"Time Eater","ascension_level":20}}