{"host":"d54lcqy5t45er8jx","time":1611905564,"event":{"mods":["2.2 Compatiblity","BaseMod","CapriCore","Defuse TimeMaze Blight","Hermit","Hubris","Infinite Spire","Marisa£¨Ùöéë¡¡Øª×âÞÞ£©","Minty Spire (QoL Compilation)","Rare Cards Sparkle","Relic Stats","StSLib","The Animator","The Cursed","The Immortal","The Servant 0.9.4","WarShipGirlsR/??á´Ò³R mod"],"gold_per_floor":[125,57,57,57,72,110,110,143,143,176,219,244,244,262,262,262,262],"floor_reached":16,"language":"ENG","playtime":743,"items_purged":[],"score":128,"play_id":"e4c8dc4f-8565-4720-ae20-1bd039c21412","local_time":"20210129163244","daily_mods":["Heirloom","DeadlyEvents","Elite Swarm","Uncertain Future"],"is_ascension_mode":false,"campfire_choices":[{"data":"animator:Sora","floor":7,"key":"SMITH"},{"data":"animator:Eve","floor":13,"key":"SMITH"},{"data":"animator:DolaSchwi","floor":15,"key":"SMITH"}],"circlet_count":0,"master_deck":["animator:Strike_MadokaMagica","animator:Defend_MadokaMagica","animator:Strike","animator:Strike","animator:Defend","animator:Defend","animator:Defend","animator:IrohaTamaki","animator:YuiTsuruno","animator:DolaCouronne","animator:LeleiLaLalena","animator:DolaSchwi+1","animator:Sora+1","animator:Jibril","animator:Eve+1","animator:ChlammyZell","animator:Sora","animator:IzunaHatsuse"],"relics":["animator:LivingPicture","animator:TheMissingPiece","hubris:Spice","infinitespire:EmpoweringShard","Happy Flower","Boot","Blood Vial"],"acts_visited":["Exordium"],"potions_floor_usage":[10,12,12,14],"damage_taken":[{"damage":1,"enemies":"Cultist","floor":1,"turns":4},{"damage":1,"enemies":"Jaw Worm","floor":5,"turns":5},{"damage":7,"enemies":"Lagavulin","floor":6,"turns":9},{"damage":29,"enemies":"Gremlin Nob","floor":8,"turns":5},{"damage":15,"enemies":"Lagavulin","floor":10,"turns":5},{"damage":0,"enemies":"2 Louse","floor":11,"turns":2},{"damage":10,"enemies":"Gremlin Nob","floor":12,"turns":6},{"damage":9,"enemies":"2 Fungi Beasts","floor":14,"turns":3},{"damage":11,"enemies":"The Guardian","floor":16,"turns":2}],"seed_played":"8735802221363476993","potions_obtained":[{"floor":6,"key":"Block Potion"},{"floor":8,"key":"Swift Potion"},{"floor":10,"key":"DistilledChaos"},{"floor":11,"key":"BlessingOfTheForge"}],"is_trial":true,"path_per_floor":["M","$","?","?","M","E","R","E","T","E","M","E","R","M","R","B"],"character_chosen":"THE_ANIMATOR","items_purchased":["animator:LeleiLaLalena"],"campfire_rested":0,"item_purchase_floors":[2],"current_hp_per_floor":[73,73,73,73,73,66,66,38,38,23,23,13,13,8,8,0,0],"gold":262,"neow_bonus":"","is_daily":false,"chose_seed":false,"campfire_upgraded":3,"win_rate":0.0,"timestamp":1611905564,"path_taken":["M","$","?","?","M","E","R","E","T","E","M","?","R","M","R","BOSS"],"items_purchased_type":["Card"],"build_version":"2020-12-22","purchased_purges":0,"victory":false,"max_hp_per_floor":[74,74,74,74,75,75,75,76,76,76,76,76,76,78,78,78,78],"relic_stats":{"Blood Vial":4,"Happy Flower":[6],"counters":[9,41],"Boot":[6],"obtain_stats":[{"Blood Vial":12,"Happy Flower":9,"hubris:Spice":0,"animator:TheMissingPiece":0,"animator:LivingPicture":0,"infinitespire:EmpoweringShard":8,"Boot":10},{"Blood Vial":7,"Happy Flower":4,"hubris:Spice":0,"animator:TheMissingPiece":0,"animator:LivingPicture":0,"infinitespire:EmpoweringShard":4,"Boot":5},{"Blood Vial":36,"Happy Flower":23,"hubris:Spice":0,"animator:TheMissingPiece":0,"animator:LivingPicture":0,"infinitespire:EmpoweringShard":23,"Boot":28}]},"card_choices":[{"not_picked":["animator:GazelDwargon","animator:Shuna"],"picked":"animator:DolaCouronne","floor":1},{"not_picked":["animator:Mitsurugi","animator:Spearman"],"picked":"animator:DolaSchwi","floor":5},{"not_picked":["animator:Eve","animator:Hans"],"picked":"animator:Sora","floor":6},{"not_picked":["animator:DolaSchwi","animator:DolaRiku"],"picked":"animator:Jibril","floor":8},{"not_picked":["animator:MadokaKaname","animator:SwordMaiden"],"picked":"animator:Eve","floor":10},{"not_picked":["animator:Lu","animator:Tyuule"],"picked":"animator:ChlammyZell","floor":11},{"not_picked":["animator:Wiz","animator:Shizu"],"picked":"animator:Sora","floor":12},{"not_picked":["animator:Tet","animator:DolaSchwi"],"picked":"animator:IzunaHatsuse","floor":14}],"player_experience":931967,"relics_obtained":[{"floor":8,"key":"infinitespire:EmpoweringShard"},{"floor":9,"key":"Happy Flower"},{"floor":10,"key":"Boot"},{"floor":12,"key":"Blood Vial"}],"event_choices":[{"cards_removed":["animator:Strike"],"damage_healed":0,"gold_gain":0,"player_choice":"Offered Basic","damage_taken":0,"max_hp_gain":0,"max_hp_loss":0,"event_name":"Bonfire Elementals","floor":4,"gold_loss":0}],"is_beta":false,"boss_relics":[],"items_purged_floors":[],"is_endless":false,"potions_floor_spawned":[6,8,10,11],"killed_by":"The Guardian","ascension_level":0}}