{"host":"c95txy58ipbu969e","time":1611894591,"event":{"mods":["Act Like it!","BaseMod","Downfall","Minty Spire (QoL Compilation)","Quick Restart","StSLib"],"gold_per_floor":[99,99,99,99,113,113,113,124,124,136,171,171,206,219,229,304,304,304,315,315,3,18,33,33,66,80,112,112,123,143,176,203,203,203,203],"floor_reached":33,"language":"ZHS","playtime":2355,"items_purged":[],"score":602,"play_id":"9cebf01f-855e-4aaa-8d8a-3966ab3bb992","local_time":"20210129122951","is_ascension_mode":true,"campfire_choices":[{"data":"hexamod:Float","floor":1.0,"key":"SMITH"},{"data":"hexamod:SpectersWail","floor":6.0,"key":"SMITH"},{"data":"hexamod:Rewind","floor":12.0,"key":"SMITH"},{"data":"hexamod:SearingWound","floor":18.0,"key":"SMITH"},{"floor":28.0,"key":"REST"}],"circlet_count":0,"master_deck":["AscendersBane","hexamod:Strike","hexamod:Strike","hexamod:Strike","hexamod:Strike","hexamod:Defend","hexamod:Defend","hexamod:Defend","hexamod:Defend","hexamod:Sear","hexamod:Float+1","hexamod:SpectersWail+1","hexamod:SpectralSpark","hexamod:GhostOfSpirePast","hexamod:Rewind+1","hexamod:SpectralSpark","hexamod:FourthSeal","hexamod:EmpoweredFlame","hexamod:PhantomFireball","hexamod:SearingWound+1","hexamod:AdvancingGuard+1","hexamod:ExtraCrispy","hexamod:Hexaguard","hexamod:FifthSeal","hexamod:SecondSeal","hexamod:CatchUp+1","hexamod:SixthSeal","hexamod:FirstSeal"],"relics":["hexamod:SpiritBrand","downfall:HeartsMalice","Mango","Bag of Preparation","Question Card","expansioncontent:StudyCardRelic","Matryoshka","Anchor","Potion Belt","bronze:BronzeIdol","Ornamental Fan","Toxic Egg 2"],"acts_visited":["Exordium","TheCity"],"potions_floor_usage":[33],"damage_taken":[{"damage":0.0,"enemies":"Cultist","floor":2.0,"turns":1.0},{"damage":0.0,"enemies":"Small Slimes","floor":3.0,"turns":1.0},{"damage":0.0,"enemies":"downfall:FleeingMerchant","floor":4.0,"turns":1.0},{"damage":0.0,"enemies":"2 Louse","floor":5.0,"turns":2.0},{"damage":6.0,"enemies":"2 Fungi Beasts","floor":8.0,"turns":3.0},{"damage":6.0,"enemies":"Gremlin Gang","floor":10.0,"turns":3.0},{"damage":20.0,"enemies":"3 Sentries","floor":11.0,"turns":6.0},{"damage":5.0,"enemies":"Lagavulin","floor":13.0,"turns":3.0},{"damage":7.0,"enemies":"Exordium Wildlife","floor":14.0,"turns":3.0},{"damage":2.0,"enemies":"2 Fungi Beasts","floor":15.0,"turns":3.0},{"damage":23.0,"enemies":"DF_ARCHETYPE_STREAMLINE","floor":16.0,"turns":6.0},{"damage":0.0,"enemies":"Chosen","floor":19.0,"turns":2.0},{"damage":0.0,"enemies":"downfall:FleeingMerchant","floor":21.0,"turns":4.0},{"damage":9.0,"enemies":"Snake Plant","floor":22.0,"turns":3.0},{"damage":14.0,"enemies":"Shelled Parasite and Fungi","floor":23.0,"turns":6.0},{"damage":34.0,"enemies":"Gremlin Leader","floor":25.0,"turns":5.0},{"damage":11.0,"enemies":"Sentry and Sphere","floor":26.0,"turns":4.0},{"damage":0.0,"enemies":"Slavers","floor":27.0,"turns":4.0},{"damage":0.0,"enemies":"3 Cultists","floor":29.0,"turns":3.0},{"damage":0.0,"enemies":"Chosen and Byrds","floor":30.0,"turns":5.0},{"damage":14.0,"enemies":"Book of Stabbing","floor":31.0,"turns":5.0},{"damage":4.0,"enemies":"Centurion and Healer","floor":32.0,"turns":6.0},{"damage":14,"enemies":"SI_MIRROR_ARCHETYPE","floor":33,"turns":2}],"seed_played":"-6698311879867429030","potions_obtained":[{"floor":8.0,"key":"SpeedPotion"},{"floor":11.0,"key":"GamblersBrew"},{"floor":14.0,"key":"hexamod:EctoCoolerPotion"},{"floor":14.0,"key":"Fire Potion"},{"floor":16.0,"key":"Dexterity Potion"},{"floor":16.0,"key":"Regen Potion"},{"floor":21.0,"key":"EntropicBrew"},{"floor":25.0,"key":"PowerPotion"},{"floor":26.0,"key":"LiquidMemories"},{"floor":27.0,"key":"DistilledChaos"},{"floor":27.0,"key":"BlessingOfTheForge"},{"floor":29.0,"key":"Dexterity Potion"},{"floor":29.0,"key":"DuplicationPotion"},{"floor":30.0,"key":"AttackPotion"},{"floor":31.0,"key":"Slimebound:ThreeZeroPotion"},{"floor":32.0,"key":"BlessingOfTheForge"},{"floor":32.0,"key":"SteroidPotion"}],"is_trial":false,"path_per_floor":["R","M","M","$","M","R","T","M","?","M","E","R","E","M","M","B",null,"R","M","?","$","M","M","T","E","M","E","R","M","M","E","M","B"],"character_chosen":"THE_SPIRIT","items_purchased":["hexamod:ExtraCrispy","Matryoshka"],"campfire_rested":1,"item_purchase_floors":[21,21],"current_hp_per_floor":[57,57,57,57,57,57,71,65,77,71,51,51,46,39,37,14,61,61,61,61,61,52,50,50,16,5,5,28,28,28,14,10,0,0,0],"gold":203,"neow_bonus":"THREE_ENEMY_KILL","is_daily":false,"chose_seed":false,"campfire_upgraded":4,"win_rate":0.0,"timestamp":1611894591,"path_taken":["R","M","M","?","M","R","T","M","?","?","E","R","E","M","M","BOSS","R","M","?","$","M","M","T","E","M","E","R","M","M","E","M","BOSS"],"items_purchased_type":["Card","Relic"],"build_version":"2020-12-22","purchased_purges":0,"victory":false,"max_hp_per_floor":[63,63,63,63,63,63,77,77,77,77,77,77,77,77,77,77,77,77,77,77,77,77,77,77,77,77,77,77,77,77,77,77,77,77,77],"card_choices":[{"not_picked":["hexamod:HauntingEcho","hexamod:SuperheatedStrike"],"picked":"hexamod:SpectersWail","floor":2.0},{"not_picked":["hexamod:InspiringFlames","hexamod:RecurringNightmare"],"picked":"hexamod:PowerFromBeyond","floor":3.0},{"not_picked":["hexamod:ShieldOfDarkness","hexamod:ThirdSeal"],"picked":"hexamod:SpectralSpark","floor":4.0},{"not_picked":["hexamod:Rewind","hexamod:NecessarySacrifice"],"picked":"hexamod:GhostOfSpirePast","floor":5.0},{"not_picked":["hexamod:HeatMetal","hexamod:FlamesFromBeyond","hexamod:Firestarter"],"picked":"SKIP","floor":8.0},{"not_picked":["hexamod:HeatMetal","hexamod:FlamesFromBeyond","hexamod:Firestarter"],"picked":"SKIP","floor":8.0},{"not_picked":["hexamod:Again","hexamod:PhantomFireball"],"picked":"hexamod:Rewind","floor":10.0},{"not_picked":["hexamod:BurningTouch","hexamod:HauntingEcho"],"picked":"hexamod:SpectralSpark","floor":11.0},{"not_picked":["hexamod:ThirdSeal","hexamod:ThermalTransfer"],"picked":"hexamod:FourthSeal","floor":13.0},{"not_picked":["hexamod:HauntingEcho","hexamod:ApocalypseNow","hexamod:RainOfEmbers"],"picked":"hexamod:EmpoweredFlame","floor":14.0},{"not_picked":["hexamod:SkipABeat","hexamod:SpectralSpark","hexamod:BacktrackSmack"],"picked":"hexamod:PhantomFireball","floor":15.0},{"not_picked":["hexamod:UnlimitedPower","hexamod:TimeWarp","hexamod:ApocalypticArmor"],"picked":"hexamod:SearingWound","floor":16.0},{"not_picked":["hexamod:DynamicBlow","hexamod:AdvancingGuard","hexamod:ShieldOfDarkness+1","hexamod:SuperheatedStrike+1"],"picked":"SKIP","floor":19.0},{"not_picked":["hexamod:DynamicBlow","hexamod:ShieldOfDarkness+1","hexamod:SuperheatedStrike+1"],"picked":"hexamod:AdvancingGuard","floor":19.0},{"not_picked":["hexamod:ShieldOfDarkness","hexamod:SpectralAdrenaline","hexamod:NightmareStrike","hexamod:BurningTouch"],"picked":"SKIP","floor":21.0},{"not_picked":["hexamod:SpectersWail","hexamod:ThermalTransfer","hexamod:GhostShield"],"picked":"hexamod:Hexaguard","floor":22.0},{"not_picked":["hexamod:Firestarter","hexamod:BacktrackSmack","hexamod:SpectersWail","hexamod:AdvancingGuard"],"picked":"SKIP","floor":23.0},{"not_picked":["hexamod:RadiantFlame","hexamod:SecondSeal","hexamod:Haunt"],"picked":"hexamod:FifthSeal","floor":25.0},{"not_picked":["hexamod:ThirdSeal","hexamod:FourthSeal"],"picked":"hexamod:SecondSeal","floor":26.0},{"not_picked":["hexamod:HauntingEcho","hexamod:SuperheatedStrike+1","hexamod:RetreatToShadows"],"picked":"hexamod:CatchUp+1","floor":26.0},{"not_picked":["hexamod:CatchUp","hexamod:ApocalypticArmor","hexamod:HauntingEcho","hexamod:NecessarySacrifice"],"picked":"SKIP","floor":27.0},{"not_picked":["hexamod:CatchUp","hexamod:ApocalypticArmor","hexamod:HauntingEcho","hexamod:NecessarySacrifice"],"picked":"SKIP","floor":27.0},{"not_picked":["hexamod:Incineration","hexamod:Firestarter","hexamod:ThermalTransfer","hexamod:SwordOfDarkness"],"picked":"SKIP","floor":29.0},{"not_picked":["hexamod:SecondSeal","hexamod:FourthSeal"],"picked":"hexamod:SixthSeal","floor":30.0},{"not_picked":["hexamod:HeatMetal","hexamod:SuperheatedStrike","hexamod:NightmareGuise","hexamod:RetreatToShadows"],"picked":"SKIP","floor":30.0},{"not_picked":["hexamod:BurningTouch+1","hexamod:ShieldOfDarkness+1","hexamod:GhostflameBarrier+1","hexamod:NightmareGuise+1"],"picked":"SKIP","floor":31.0},{"not_picked":["hexamod:ThirdSeal","hexamod:FourthSeal"],"picked":"hexamod:FirstSeal","floor":32.0},{"not_picked":["hexamod:ChargedBarrage+1","hexamod:InspiringFlames+1","hexamod:GhostLash","hexamod:AdvancingGuard+1"],"picked":"SKIP","floor":32.0}],"player_experience":530666,"relics_obtained":[{"floor":7.0,"key":"Mango"},{"floor":11.0,"key":"Bag of Preparation"},{"floor":13.0,"key":"Question Card"},{"floor":24.0,"key":"Anchor"},{"floor":24.0,"key":"Potion Belt"},{"floor":25.0,"key":"bronze:BronzeIdol"},{"floor":27.0,"key":"Ornamental Fan"},{"floor":31.0,"key":"Toxic Egg 2"}],"event_choices":[{"cards_removed":["hexamod:PowerFromBeyond"],"damage_healed":12.0,"max_hp_gain":0.0,"max_hp_loss":0.0,"gold_gain":0.0,"event_name":"Bonfire Elementals","player_choice":"Offered Uncommon","floor":9.0,"gold_loss":0.0,"damage_taken":0.0}],"is_beta":false,"boss_relics":[{"not_picked":["Sozu","SacredBark"],"picked":"expansioncontent:StudyCardRelic"}],"items_purged_floors":[],"is_endless":false,"potions_floor_spawned":[8,11,14,16,22,26,27,29,32],"killed_by":"SI_MIRROR_ARCHETYPE","ascension_level":15}}