{"host":"l2dnabsh5e0fsksb","time":1611886180,"event":{"mods":["2.2 Compatiblity","BaseMod","Downfall","Minty Spire (QoL Compilation)","Quick Restart","StSLib"],"gold_per_floor":[99,99,199,199,199,232,258,258,58,73,73,73,108,125,141,141,141,141],"floor_reached":16,"language":"ENG","playtime":419,"items_purged":[],"score":250,"play_id":"5f8e9ee3-8fa1-411c-8711-89310aa8e35b","local_time":"20210129123940","is_ascension_mode":true,"campfire_choices":[{"floor":1,"key":"RECALL"},{"data":"bronze:Replicate","floor":9,"key":"SMITH"},{"data":"bronze:Optimize","floor":12,"key":"SMITH"}],"circlet_count":0,"master_deck":["AscendersBane","bronze:Strike","bronze:Strike","bronze:Strike","bronze:Strike","bronze:Defend","bronze:Defend","bronze:Defend","bronze:Defend","bronze:Replicate+1","bronze:Goto","bronze:Shell","bronze:Optimize+1","bronze:Format","bronze:BuggyMess","bronze:BuggyMess","bronze:WhirlingStrike","bronze:ChildClass","bronze:ItsAFeature"],"relics":["bronze:BronzeCore","downfall:HeartsMalice","Bag of Preparation","downfall:HeartBlessingRed","downfall:HeartBlessingGreen","Du-Vu Doll","Torii"],"acts_visited":["Exordium"],"potions_floor_usage":[16,16],"damage_taken":[{"damage":0,"enemies":"Jaw Worm","floor":2,"turns":1},{"damage":0,"enemies":"2 Louse","floor":4,"turns":1},{"damage":0,"enemies":"Gremlin Nob","floor":6,"turns":1},{"damage":0,"enemies":"Cultist","floor":8,"turns":1},{"damage":2,"enemies":"Blue Slaver","floor":10,"turns":4},{"damage":0,"enemies":"Lagavulin","floor":13,"turns":5},{"damage":14,"enemies":"Large Slime","floor":14,"turns":3},{"damage":20,"enemies":"Exordium Thugs","floor":15,"turns":4},{"damage":20,"enemies":"DF_ARCHETYPE_STREAMLINE","floor":16,"turns":9}],"seed_played":"-4137800318140760571","potions_obtained":[{"floor":6,"key":"bronze:CleanCodePotion"},{"floor":14,"key":"Swift Potion"},{"floor":15,"key":"LiquidBronze"}],"is_trial":false,"path_per_floor":["R","M","?","M","?","E","T","M","R","M","?","R","E","M","M","B"],"character_chosen":"THE_AUTOMATON","items_purchased":[],"campfire_rested":0,"item_purchase_floors":[],"current_hp_per_floor":[63,63,63,63,63,63,63,63,63,61,49,49,49,35,15,0,0,0],"gold":141,"neow_bonus":"THREE_ENEMY_KILL","is_daily":false,"chose_seed":false,"campfire_upgraded":2,"win_rate":0.0,"timestamp":1611886180,"path_taken":["R","M","?","M","?","E","T","M","R","M","?","R","E","M","M","BOSS"],"items_purchased_type":[],"build_version":"2020-12-22","purchased_purges":0,"victory":false,"max_hp_per_floor":[70,70,70,70,70,70,70,70,70,70,70,70,70,70,70,70,70,70],"card_choices":[{"not_picked":["bronze:Safeguard","bronze:InfiniteBeams"],"picked":"bronze:Shell","floor":2},{"not_picked":["bronze:Separator","bronze:OilSpill"],"picked":"bronze:Optimize","floor":4},{"not_picked":["bronze:Allocate","bronze:Overload"],"picked":"bronze:Format","floor":6},{"not_picked":["bronze:Deprecate","bronze:Overload"],"picked":"bronze:BuggyMess","floor":8},{"not_picked":["bronze:Refactor","bronze:BitShift"],"picked":"bronze:BuggyMess","floor":10},{"not_picked":["bronze:Deprecate","bronze:Separator"],"picked":"bronze:WhirlingStrike","floor":13},{"not_picked":["bronze:Backtrace","bronze:CutThrough"],"picked":"bronze:ChildClass","floor":14},{"not_picked":["bronze:Overheat","bronze:DelayedGuard"],"picked":"bronze:ItsAFeature","floor":15}],"player_experience":1856975,"relics_obtained":[{"floor":6,"key":"Bag of Preparation"},{"floor":13,"key":"Torii"}],"event_choices":[{"damage_healed":0,"gold_gain":0,"player_choice":"Success","damage_taken":12,"relics_obtained":["Du-Vu Doll"],"max_hp_gain":0,"max_hp_loss":0,"event_name":"Scrap Ooze","floor":11,"gold_loss":0}],"is_beta":false,"boss_relics":[],"items_purged_floors":[],"is_endless":false,"potions_floor_spawned":[6,14,15],"killed_by":"DF_ARCHETYPE_STREAMLINE","ascension_level":12}}