{"host":"dscols65uipasqd2","time":1611900439,"event":{"mods":["2.2 Compatiblity","AchievementEnabler","Aspiration","BaseMod","Colored Powertips","Downfall","Energized Spire","GifTheSpireLib","Hermit","Hubris","Infinite Spire","JesterMod","Jorbs\u0027s Wanderer Trilogy","Magitek Elite","Marisa????????","Minty Spire (QoL Compilation)","Rare Cards Sparkle","Replay The Spire","StSLib","Stuff the Spire","The Cursed","The Disciple","The Hierophant","The Judge","The Jungle","TheFirefly"],"gold_per_floor":[99,114,198,198,211,211,211,211,211,225,17,17,32,49,49,49,68,171,171,171,181,195,195,213,513,537,549,549,560,579,579,579,11,26,124,124,124,136,136,27,27,77,77,87,105,105,105,105],"floor_reached":46,"language":"ENG","playtime":4064,"items_purged":["Pride"],"score":437,"play_id":"80054304-2369-4194-a702-b3cccc4a0541","local_time":"20210129010719","is_ascension_mode":false,"campfire_choices":[{"floor":1,"key":"DIG"},{"floor":8,"key":"REST"},{"floor":12,"key":"RECALL"},{"floor":15,"key":"REST"},{"data":"Slimebound:AcidTongue","floor":20,"key":"SMITH"},{"floor":28,"key":"REST"},{"floor":32,"key":"REST"},{"data":"Slimebound:Repurpose","floor":37,"key":"SMITH"}],"circlet_count":0,"master_deck":["Slimebound:Strike_Slimebound","Slimebound:Strike_Slimebound","Slimebound:Strike_Slimebound","Slimebound:Tackle","Slimebound:Defend_Slimebound","Slimebound:Defend_Slimebound","Slimebound:Defend_Slimebound","Slimebound:Split","Slimebound:CorrosiveSpit","Slimebound:Prepare","ReplayTheSpireMod:Splinters","Slimebound:SplitBruiser","Slimebound:PressTheAttack","Slimebound:AcidTongue+1","Slimebound:SplitLeeching","Slimebound:LeechEnergy","Slimebound:Repurpose+1","Slimebound:SplitMire+1","Slimebound:ForwardTackle","Slimebound:Teamwork","Slimebound:LeechLife","Slimebound:Schlurp","Slimebound:OozeBath","Slimebound:Equalize+1","Slimebound:LivingWall","Slimebound:HauntingLick","Slimebound:DisruptingSlam","Slimebound:MinionMaster","expansioncontent:StudyTheSpire","Slimebound:LevelUp","Slimebound:SlimeSpikes","Slimebound:Nibble","Slimebound:HauntingLick+1","Slimebound:PrepareCrush","Slimebound:ComboTackle+1","Slimebound:LivingWall+1","Replay:SS_forest_2","Slimebound:LeadByExample+1","Slimebound:LeechingTouch+1","Slimebound:Schlurp+1"],"relics":["Slimebound:AbsorbEndCombat","Sundial","StuffTheSpire:GrapeVine","jesterMod:MirrorMask","Honey Jar","Golden_Hairpin","Old Coin","MealTicket","Medical Kit","Gem_Box","StuffTheSpire:DarkSteelAnvil","Replay:Accelerometer"],"acts_visited":["Exordium","TheCity","TheBeyond"],"potions_floor_usage":[29,29,35,35,45],"damage_taken":[{"damage":18,"enemies":"Small Slimes","floor":2,"turns":3},{"damage":12,"enemies":"Jaw Worm","floor":5,"turns":4},{"damage":8,"enemies":"2 Louse","floor":10,"turns":3},{"damage":9,"enemies":"downfall:FleeingMerchant","floor":11,"turns":4},{"damage":20,"enemies":"Lots of Slimes","floor":13,"turns":5},{"damage":4,"enemies":"Large Slime","floor":14,"turns":4},{"damage":26,"enemies":"Exordium Thugs","floor":17,"turns":4},{"damage":29,"enemies":"SI_SHIV_ARCHETYPE","floor":18,"turns":8},{"damage":10,"enemies":"Chosen","floor":21,"turns":3},{"damage":38,"enemies":"Shelled Parasite and Fungi","floor":22,"turns":5},{"damage":24,"enemies":"Sentry and Sphere","floor":24,"turns":5},{"damage":26,"enemies":"Chosen and Byrds","floor":27,"turns":6},{"damage":6,"enemies":"Snecko","floor":29,"turns":3},{"damage":23,"enemies":"Snake Plant","floor":30,"turns":3},{"damage":6,"enemies":"downfall:FleeingMerchant","floor":33,"turns":4},{"damage":9,"enemies":"Shelled Parasite and Fungi","floor":34,"turns":5},{"damage":38,"enemies":"IC_MUSHROOM_ARCHETYPE","floor":35,"turns":6},{"damage":5,"enemies":"Orb Walker","floor":38,"turns":3},{"damage":14,"enemies":"downfall:FleeingMerchant","floor":40,"turns":4},{"damage":8,"enemies":"downfall:FleeingMerchant","floor":42,"turns":5},{"damage":13,"enemies":"3 Shapes","floor":44,"turns":4},{"damage":30,"enemies":"Writhing Mass","floor":45,"turns":4},{"damage":56,"enemies":"Nightmare","floor":46,"turns":5}],"seed_played":"-6537014488775453688","potions_obtained":[{"floor":2,"key":"Guardian:BlockOnCardUsePotion"},{"floor":18,"key":"hexamod:SoulburnPotion"},{"floor":22,"key":"Block Potion"},{"floor":27,"key":"bronze:BurnAndBuffPotion"},{"floor":30,"key":"Ancient Potion"},{"floor":31,"key":"CultistPotion"},{"floor":34,"key":"champ:CounterPotion"},{"floor":45,"key":"champ:CounterPotion"}],"is_trial":false,"path_per_floor":["R","M","?","?","M","PTL","PTL","R","T","M","$","R","M","M","R","?","M","B",null,"R","M","M","AVR","M","?","T","M","R","M","M","?","R","$","M","B",null,"R","M","?","$","?","?","T","M","M","NM"],"character_chosen":"SLIMEBOUND","items_purchased":["Slimebound:Repurpose","jesterMod:MirrorMask","expansioncontent:StudyTheSpire","Slimebound:LevelUp","Medical Kit","Slimebound:SlimeSpikes","Slimebound:Nibble","Replay:SS_forest_2"],"campfire_rested":4,"item_purchase_floors":[11,11,33,33,33,33,33,40],"current_hp_per_floor":[71,57,57,57,49,49,49,70,70,64,61,61,41,45,66,66,44,23,71,71,65,39,39,29,29,29,24,45,61,54,54,71,71,66,46,71,71,68,68,59,59,71,71,62,42,0,0,0],"gold":105,"neow_bonus":"TEN_PERCENT_HP_BONUS","is_daily":false,"chose_seed":false,"campfire_upgraded":2,"win_rate":0.0,"timestamp":1611900439,"path_taken":["R","M","?","?","M","PTL","PTL","R","T","?","$","R","M","M","R","?","M","BOSS","R","M","M","AVR","M","?","T","M","R","M","M","?","R","?","M","BOSS","R","M","?","$","?","?","T","M","M","NM"],"items_purchased_type":["Card","Relic","Card","Card","Relic","Card","Card","Card"],"build_version":"2020-12-22","purchased_purges":1,"victory":false,"max_hp_per_floor":[71,71,71,71,71,71,71,71,71,71,71,71,71,71,71,71,71,71,71,71,71,71,71,71,71,71,71,71,71,71,71,71,71,71,71,71,71,71,71,71,71,71,71,71,71,71,71,71],"card_choices":[{"not_picked":["Slimebound:RollThrough","Slimebound:LeadByExample"],"picked":"Slimebound:Prepare","floor":2},{"not_picked":["Slimebound:Prepare","Slimebound:SplitAcid"],"picked":"Slimebound:SplitBruiser","floor":3},{"not_picked":["Slimebound:SplitAcid","Slimebound:LeechingTouch"],"picked":"Slimebound:PressTheAttack","floor":3},{"not_picked":["Slimebound:SplitLeeching","Slimebound:LeadByExample"],"picked":"Slimebound:AcidTongue","floor":5},{"not_picked":["Slimebound:SamplingLick","Slimebound:LeechingTouch"],"picked":"Slimebound:SplitLeeching","floor":10},{"not_picked":["Slimebound:SplitLeeching","Slimebound:Nibble"],"picked":"Slimebound:LeechEnergy","floor":11},{"not_picked":["Slimebound:RejuvenatingLick","Slimebound:PressTheAttack"],"picked":"Slimebound:SplitMire","floor":13},{"not_picked":["Slimebound:ProtectTheBoss","Slimebound:GrowthPunch"],"picked":"Slimebound:ForwardTackle","floor":14},{"not_picked":["Slimebound:Equalize","Slimebound:FinishingTackle"],"picked":"Slimebound:Teamwork","floor":17},{"not_picked":["Slimebound:DuplicatedForm","Slimebound:MassFeed"],"picked":"Slimebound:LeechLife","floor":18},{"not_picked":["Slimebound:Chomp","Slimebound:GoopTackle","Slimebound:SplitLeeching"],"picked":"Slimebound:Schlurp","floor":21},{"not_picked":["Slimebound:Repurpose","Slimebound:SlimeSpikes+1","Slimebound:SpikyOuterGoop"],"picked":"Slimebound:OozeBath","floor":22},{"not_picked":["Slimebound:GoopSpray","Slimebound:ComboTackle","Slimebound:LeechingTouch"],"picked":"Slimebound:Equalize+1","floor":24},{"not_picked":["Slimebound:LeechEnergy","Slimebound:ComboTackle+1","Slimebound:HauntingLick+1"],"picked":"Slimebound:LivingWall","floor":27},{"not_picked":["Slimebound:ItLooksTasty","Slimebound:FormOfPuddle","Slimebound:ProtectTheBoss+1"],"picked":"Slimebound:HauntingLick","floor":29},{"not_picked":["Slimebound:LeechEnergy","Slimebound:ProtectTheBoss","Slimebound:Replication"],"picked":"Slimebound:DisruptingSlam","floor":30},{"not_picked":["Slimebound:Nibble+1","Slimebound:LeechingTouch","Slimebound:Equalize"],"picked":"Slimebound:MinionMaster","floor":33},{"not_picked":["Slimebound:SplitAcid","Slimebound:GoopTackle","Slimebound:Repurpose"],"picked":"Slimebound:HauntingLick+1","floor":34},{"not_picked":["Slimebound:MinionMaster","Slimebound:DouseInSlime","Slimebound:RallyTheTroops"],"picked":"Slimebound:PrepareCrush","floor":35},{"not_picked":["Slimebound:FormOfPuddle","Slimebound:ItLooksTasty+1","Slimebound:LeechingTouch+1"],"picked":"Slimebound:ComboTackle+1","floor":38},{"not_picked":["Slimebound:RejuvenatingLick","Slimebound:SlimeSpikes+1","Slimebound:BestDefense"],"picked":"Slimebound:LivingWall+1","floor":40},{"not_picked":["Slimebound:PressTheAttack","Slimebound:Replication+1","Slimebound:SplitMire"],"picked":"Slimebound:LeadByExample+1","floor":42},{"not_picked":["Slimebound:TongueLash","Slimebound:HauntingLick+1","Slimebound:PressTheAttack"],"picked":"Slimebound:LeechingTouch+1","floor":44},{"not_picked":["Slimebound:Repurpose","Slimebound:SplitBruiser","Slimebound:LivingWall+1"],"picked":"Slimebound:Schlurp+1","floor":45}],"player_experience":486114,"relics_obtained":[{"floor":1,"key":"Sundial"},{"floor":3,"key":"StuffTheSpire:GrapeVine"},{"floor":26,"key":"MealTicket"},{"floor":42,"key":"StuffTheSpire:DarkSteelAnvil"},{"floor":43,"key":"Replay:Accelerometer"}],"event_choices":[{"damage_healed":0,"gold_gain":0,"player_choice":"Stole Relic","damage_taken":0,"relics_obtained":["Old Coin"],"max_hp_gain":0,"max_hp_loss":0,"event_name":"Addict","floor":25,"gold_loss":0,"cards_obtained":["Pride"]},{"cards_removed":["Slimebound:Defend_Slimebound"],"damage_healed":0,"gold_gain":0,"player_choice":"Removed Skill","damage_taken":0,"max_hp_gain":0,"max_hp_loss":0,"event_name":"Falling","floor":41,"gold_loss":0}],"is_beta":false,"boss_relics":[{"not_picked":["energizedSpire:SpiderWeb","energizedSpire:NeverEndingSparkler"],"picked":"Honey Jar"},{"not_picked":["Busted Crown","SacredBark"],"picked":"Gem_Box"}],"items_purged_floors":[33],"is_endless":false,"potions_floor_spawned":[2,18,22,27,30,34,45],"killed_by":"Nightmare","ascension_level":0}}