{"host":"p34rppyhk302xzzg","time":1611909220,"event":{"mods":["Act Like it!","Ascension Reborn","BaseMod","Better Vampires","Gensokyo","Hallownest","Lobotomy","LobotomyExtend","Marisa£®ÏF”Í°°ƒß¿Ì…≥£©","Minty Spire (QoL Compilation)","Quick Restart","Reimu£®≤©¿ˆ¡È√Œ£©","Remilia£®¿Ÿ√◊¿Ú—«£©","SOS£®Àπ∞Õ¥Ô÷Æ◊”£©","StSLib","Waifu the Spire","Youmu£®ªÍ∆«—˝√Œ£©","noobMod","°æ“≈ŒÔø®≈∆°øREMEMod"],"gold_per_floor":[114,114,124,140,70,95,115,145,145,145,164,38,58,24,24,119,119,119,119],"floor_reached":18,"language":"ZHS","playtime":715,"items_purged":[],"score":205,"play_id":"f11fb32f-1962-48ed-a4d2-c5ef9cce7445","local_time":"20210129163340","is_ascension_mode":true,"campfire_choices":[{"data":"ThoughtCuttingSword","floor":10,"key":"SMITH"},{"data":"DoubleWheelOfPain","floor":15,"key":"SMITH"}],"circlet_count":0,"master_deck":["Strike_YM","Strike_YM","Strike_YM","Strike_YM","Defend_YM","Defend_YM","Defend_YM","Defend_YM","SlashOfPresentWorld","WheelOfPainOfLivingAndDead+1","Immolate","OldLady","SlashOfMeditation+1","Clumsy","ShyLook","ThoughtCuttingSword+1","FairyFestival","FlashingScatteredFlowers","SilentOrchestra","PhosphoricSlash","LittleHelper","CrescentMoonSlash","WallGazer","TenKingsRetributionOnThePreta","MHz","ObsessionWithThePresentWorld","Gensokyo:TarnishedGold","Gensokyo:RustyChest","Gensokyo:BlemishedSteel","DespairKnight","LotusPostureSlash","DoubleWheelOfPain+1","CrumblingArmor","HeavenGodSword"],"relics":["HalfPhantom","REME_ComplimentaryCards","ice","CogitoBucket","LetterFromLob","Gensokyo:NagashiBinaDoll","RuthlessExorcism:ReiMu","FencingExperience","Letter Opener","SkinProphecy","REME_LowDesire","Dream Catcher","Omamori"],"acts_visited":["Exordium","Gensokyo:Gensokyo"],"potions_floor_usage":[3,11,16],"damage_taken":[{"damage":0,"enemies":"Gensokyo:Python","floor":1,"turns":3},{"damage":10,"enemies":"Gensokyo:2_Kodama","floor":3,"turns":3},{"damage":11,"enemies":"Gensokyo:Gryphon","floor":4,"turns":3},{"damage":57,"enemies":"Gensokyo:Aya","floor":6,"turns":10},{"damage":0,"enemies":"Gensokyo:2_Rabbits","floor":7,"turns":1},{"damage":26,"enemies":"Gensokyo:Mamizou","floor":8,"turns":7},{"damage":40,"enemies":"Gensokyo:CorruptedTreant","floor":11,"turns":3},{"damage":7,"enemies":"Gensokyo:3_Kodama","floor":13,"turns":2},{"damage":13,"enemies":"Gensokyo:Reimu","floor":16,"turns":6}],"seed_played":"-4823201565267113890","potions_obtained":[{"floor":3,"key":"REME_GoldPotion"},{"floor":6,"key":"LiquidBronze"},{"floor":13,"key":"SteroidPotion"},{"floor":16,"key":"Weak Potion"}],"is_trial":false,"path_per_floor":["M","?","M","M","?","E","M","E","T","R","M","COS","M","$","R","B",null,"M"],"character_chosen":"YOUMU","items_purchased":["DoubleWheelOfPain"],"campfire_rested":0,"item_purchase_floors":[14],"current_hp_per_floor":[75,75,65,54,54,6,6,50,50,50,13,13,4,4,4,75,90,0,0],"gold":119,"neow_bonus":"","is_daily":false,"chose_seed":false,"campfire_upgraded":2,"win_rate":0.0,"timestamp":1611909220,"path_taken":["M","?","?","M","?","E","M","E","T","R","M","COS","?","?","R","BOSS","M"],"items_purchased_type":["Card"],"build_version":"2020-12-22","purchased_purges":0,"victory":false,"max_hp_per_floor":[75,75,75,75,75,75,75,76,76,76,81,81,85,85,85,90,90,90,90],"card_choices":[{"not_picked":["VoidDream","SpiderBud","CherryBlossoms"],"picked":"Singing Bowl","floor":1},{"not_picked":["Wellcheers","SnowQueen"],"picked":"OldLady","floor":1},{"not_picked":["ThoughtCuttingSword","CrescentMoonSlash"],"picked":"SlashOfMeditation","floor":1},{"not_picked":["Bloodbath","WallGazer"],"picked":"ShyLook","floor":3},{"not_picked":["HellFireSword","BizarrenessOfSixRealms"],"picked":"ThoughtCuttingSword","floor":3},{"not_picked":["CherryBlossoms","CrumblingArmor"],"picked":"FairyFestival","floor":4},{"not_picked":["FantasyOfEnteringEnlightenment","HumanGodSword"],"picked":"FlashingScatteredFlowers","floor":4},{"not_picked":["UniverseFragment","SpiderBud"],"picked":"SilentOrchestra","floor":6},{"not_picked":["SpiritCuttingSword","ConstancyOfTheConventionalTruth"],"picked":"PhosphoricSlash","floor":6},{"not_picked":["CherryBlossoms","PunishingBird"],"picked":"LittleHelper","floor":7},{"not_picked":["ObsessionSword","HeavenlyHaloSlash"],"picked":"CrescentMoonSlash","floor":7},{"not_picked":["BeautyBeast","Bloodbath"],"picked":"WallGazer","floor":8},{"not_picked":["CelestialStarSword","SlashClearingTheSixSenses"],"picked":"TenKingsRetributionOnThePreta","floor":8},{"not_picked":["BeautyBeast","Bloodbath"],"picked":"MHz","floor":11},{"not_picked":["FlashingScatteredFlowers","AsTheSilentNirvana"],"picked":"ObsessionWithThePresentWorld","floor":11},{"not_picked":["Murderer","PunishingBird","BeautyBeast"],"picked":"Singing Bowl","floor":13},{"not_picked":["OSAHOGD","HappyTeddy"],"picked":"DespairKnight","floor":13},{"not_picked":["FantasyOfEnteringEnlightenment","HumanKnowledgeSword"],"picked":"LotusPostureSlash","floor":13},{"not_picked":["SnowQueen","Mercenary"],"picked":"CrumblingArmor","floor":16},{"not_picked":["WickedSoul","ASingleThoughtAndInfiniteKalpas"],"picked":"HeavenGodSword","floor":16}],"player_experience":68003,"relics_obtained":[{"floor":1,"key":"LetterFromLob"},{"floor":6,"key":"RuthlessExorcism:ReiMu"},{"floor":8,"key":"FencingExperience"},{"floor":9,"key":"Letter Opener"},{"floor":17,"key":"Dream Catcher"},{"floor":17,"key":"Omamori"}],"event_choices":[],"is_beta":false,"boss_relics":[{"not_picked":["Runic Pyramid","RedLine:ReiMu"],"picked":"REME_LowDesire"}],"items_purged_floors":[],"is_endless":false,"potions_floor_spawned":[3,6,13,16],"ascension_level":1}}