{"host":"vl29iwkwnyytuw8q","time":1611938119,"event":{"mods":["BaseMod","Minty Spire (QoL Compilation)","Permanent Neow","Relic Stats","StSLib"],"gold_per_floor":[119,139,155,155,166,196,271,271,297,310,99,129,129,140,140,216,216,226,226,245,143,153,153,184,184,260,260,260,271,140,156,156,230,230,240,252,252,302,315,315,329,123,123,134,145,145,162,175,175,175,175,175],"floor_reached":51,"language":"ENG","playtime":1849,"items_purged":["Strike_G","Strike_G","Strike_G","Strike_G"],"score":1291,"play_id":"2b33f506-d0a8-4ffe-b90d-1b4436843480","local_time":"20210129173519","is_ascension_mode":true,"campfire_choices":[{"floor":8.0,"key":"REST"},{"floor":13.0,"key":"REST"},{"floor":15.0,"key":"REST"},{"floor":23.0,"key":"REST"},{"floor":25.0,"key":"REST"},{"floor":32.0,"key":"REST"},{"floor":40,"key":"REST"},{"floor":46,"key":"REST"},{"floor":49,"key":"REST"}],"circlet_count":0,"master_deck":["AscendersBane","Strike_G","Defend_G+1","Defend_G","Defend_G+1","Defend_G","Defend_G","Survivor","Neutralize","Cloak And Dagger","All Out Attack","Blade Dance","Tools of the Trade","Outmaneuver","Noxious Fumes","Acrobatics","Dagger Throw","Adrenaline","Terror+1","Dagger Spray","Blade Dance","Accuracy+1","Quick Slash","Backflip","Footwork","Die Die Die","Envenom","Backflip","Reflex","Blade Dance","Choke","Infinite Blades","Acrobatics","Parasite","Bullet Time"],"relics":["Fusion Hammer","WarpedTongs","PreservedInsect","Smiling Mask","War Paint","Regal Pillow","HoveringKite","Darkstone Periapt","Ornamental Fan","WristBlade","HornCleat"],"acts_visited":["Exordium","TheCity","TheBeyond"],"potions_floor_usage":[50,51],"damage_taken":[{"damage":0.0,"enemies":"Small Slimes","floor":1.0,"turns":3.0},{"damage":0.0,"enemies":"Cultist","floor":2.0,"turns":4.0},{"damage":1.0,"enemies":"2 Louse","floor":3.0,"turns":3.0},{"damage":3.0,"enemies":"Red Slaver","floor":5.0,"turns":4.0},{"damage":21.0,"enemies":"Lagavulin","floor":6.0,"turns":8.0},{"damage":13.0,"enemies":"Exordium Thugs","floor":10.0,"turns":4.0},{"damage":9.0,"enemies":"Gremlin Nob","floor":12.0,"turns":3.0},{"damage":18.0,"enemies":"Lots of Slimes","floor":14.0,"turns":4.0},{"damage":22.0,"enemies":"Hexaghost","floor":16.0,"turns":12.0},{"damage":16.0,"enemies":"Shell Parasite","floor":18.0,"turns":6.0},{"damage":7.0,"enemies":"Chosen","floor":20.0,"turns":5.0},{"damage":23.0,"enemies":"Sentry and Sphere","floor":22.0,"turns":7.0},{"damage":28.0,"enemies":"Book of Stabbing","floor":24.0,"turns":5.0},{"damage":11.0,"enemies":"Snecko","floor":29.0,"turns":6.0},{"damage":17.0,"enemies":"Snake Plant","floor":31.0,"turns":5.0},{"damage":52.0,"enemies":"Collector","floor":33.0,"turns":9.0},{"damage":14.0,"enemies":"Orb Walker","floor":35.0,"turns":4.0},{"damage":34.0,"enemies":"3 Darklings","floor":36.0,"turns":4.0},{"damage":1,"enemies":"Jaw Worm Horde","floor":39,"turns":4},{"damage":0,"enemies":"Maw","floor":41,"turns":6},{"damage":20,"enemies":"Transient","floor":44,"turns":6},{"damage":2,"enemies":"Spire Growth","floor":45,"turns":3},{"damage":0,"enemies":"Writhing Mass","floor":47,"turns":4},{"damage":12,"enemies":"Jaw Worm Horde","floor":48,"turns":3},{"damage":64,"enemies":"Donu and Deca","floor":50,"turns":9},{"damage":10,"enemies":"Time Eater","floor":51,"turns":3}],"seed_played":"-285256978581895231","potions_obtained":[{"floor":3.0,"key":"SteroidPotion"},{"floor":5.0,"key":"Poison Potion"},{"floor":6.0,"key":"Poison Potion"},{"floor":16.0,"key":"Block Potion"},{"floor":20.0,"key":"DistilledChaos"},{"floor":22.0,"key":"SkillPotion"},{"floor":24.0,"key":"Weak Potion"},{"floor":35.0,"key":"Dexterity Potion"},{"floor":41,"key":"LiquidBronze"},{"floor":47,"key":"Block Potion"}],"is_trial":false,"path_per_floor":["M","M","M","?","M","E","?","R","T","M","$","E","R","M","R","B",null,"M","?","M","$","M","R","E","R","T","?","?","M","$","M","R","B",null,"M","M","?","?","M","R","M","$","T","M","M","R","M","M","R","B","B"],"character_chosen":"THE_SILENT","items_purchased":["War Paint","Blade Dance","Footwork","Choke","Infinite Blades"],"campfire_rested":9,"item_purchase_floors":[11,21,30,42,42],"current_hp_per_floor":[59,59,58,58,55,34,23,42,42,29,29,20,54,36,66,44,61,45,45,38,38,15,49,21,55,55,55,55,44,44,27,61,9,52,38,4,4,4,3,37,37,37,37,17,15,49,55,43,72,8,0,0],"gold":175,"neow_bonus":"BOSS_RELIC","is_daily":false,"chose_seed":false,"campfire_upgraded":0,"win_rate":0.0,"timestamp":1611938119,"path_taken":["M","M","M","?","?","E","?","R","T","M","$","E","R","M","R","BOSS","M","?","M","$","M","R","E","R","T","?","?","M","$","M","R","BOSS","M","M","?","?","?","R","M","?","T","M","M","R","M","?","R","BOSS","BOSS"],"items_purchased_type":["Relic","Card","Card","Card","Card"],"build_version":"2020-12-22","purchased_purges":4,"victory":false,"max_hp_per_floor":[66,66,66,66,66,66,66,66,66,66,66,66,66,66,66,66,66,66,66,66,66,66,66,66,66,66,66,66,66,66,66,66,66,66,66,66,66,66,66,66,66,66,66,66,66,66,72,72,72,72,72,72],"relic_stats":{"Darkstone Periapt":6,"Regal Pillow":109,"counters":[26,134],"Ornamental Fan":[252],"HoveringKite":[69],"PreservedInsect":66,"War Paint":["Defend_G","Defend_G"],"Smiling Mask":250,"obtain_stats":[{"Darkstone Periapt":24,"Regal Pillow":12,"HornCleat":43,"WristBlade":34,"Ornamental Fan":26,"HoveringKite":17,"Fusion Hammer":0,"PreservedInsect":6,"War Paint":11,"Smiling Mask":9,"Ring of the Snake":0,"WarpedTongs":4},{"Darkstone Periapt":13,"Regal Pillow":7,"HornCleat":20,"WristBlade":16,"Ornamental Fan":13,"HoveringKite":9,"Fusion Hammer":0,"PreservedInsect":5,"War Paint":6,"Smiling Mask":5,"Ring of the Snake":0,"WarpedTongs":3},{"Darkstone Periapt":68,"Regal Pillow":29,"HornCleat":106,"WristBlade":88,"Ornamental Fan":68,"HoveringKite":45,"Fusion Hammer":0,"PreservedInsect":22,"War Paint":26,"Smiling Mask":22,"Ring of the Snake":0,"WarpedTongs":10}],"WarpedTongs":[124]},"card_choices":[{"not_picked":["Dagger Spray","Calculated Gamble"],"picked":"Cloak And Dagger","floor":1.0},{"not_picked":["Dodge and Roll","Flying Knee"],"picked":"All Out Attack","floor":2.0},{"not_picked":["Bouncing Flask","Backflip"],"picked":"Blade Dance","floor":3.0},{"not_picked":["Dagger Spray","Bouncing Flask"],"picked":"Tools of the Trade","floor":5.0},{"not_picked":["Eviscerate","Concentrate"],"picked":"Outmaneuver","floor":6.0},{"not_picked":["Bouncing Flask","Prepared"],"picked":"Noxious Fumes","floor":10.0},{"not_picked":["Flying Knee","Deflect"],"picked":"Acrobatics","floor":12.0},{"not_picked":["Slice","Prepared"],"picked":"Dagger Throw","floor":14.0},{"not_picked":["Tools of the Trade","Die Die Die"],"picked":"Adrenaline","floor":16.0},{"not_picked":["Cloak And Dagger","Underhanded Strike"],"picked":"Terror+1","floor":18.0},{"not_picked":["Dodge and Roll","Flying Knee"],"picked":"Dagger Spray","floor":20.0},{"not_picked":["Flechettes","Terror"],"picked":"Accuracy+1","floor":22.0},{"not_picked":["All Out Attack","Setup"],"picked":"Quick Slash","floor":24.0},{"not_picked":["Choke","Dagger Spray"],"picked":"Backflip","floor":29.0},{"not_picked":["Masterful Stab","Outmaneuver"],"picked":"Die Die Die","floor":31.0},{"not_picked":["Tools of the Trade","Adrenaline"],"picked":"Envenom","floor":33.0},{"not_picked":["Eviscerate","Dagger Spray"],"picked":"Backflip","floor":35.0},{"not_picked":["Setup","Accuracy"],"picked":"Reflex","floor":36.0},{"not_picked":["Quick Slash","Prepared","Noxious Fumes+1"],"picked":"SKIP","floor":39},{"not_picked":["Dagger Spray","Quick Slash"],"picked":"Blade Dance","floor":41},{"not_picked":["Dash","Quick Slash"],"picked":"Acrobatics","floor":44},{"not_picked":["Poisoned Stab+1","Accuracy","Blade Dance"],"picked":"SKIP","floor":45},{"not_picked":["Backflip","Blade Dance"],"picked":"Bullet Time","floor":47},{"not_picked":["Prepared","Backflip","Eviscerate"],"picked":"SKIP","floor":48}],"player_experience":649384,"relics_obtained":[{"floor":6.0,"key":"PreservedInsect"},{"floor":9.0,"key":"Smiling Mask"},{"floor":12.0,"key":"Regal Pillow"},{"floor":24.0,"key":"Darkstone Periapt"},{"floor":26.0,"key":"Ornamental Fan"},{"floor":43,"key":"HornCleat"}],"event_choices":[{"damage_healed":0.0,"max_hp_gain":0.0,"max_hp_loss":0.0,"gold_gain":0.0,"event_name":"Accursed Blacksmith","player_choice":"Rummage","floor":4.0,"gold_loss":0.0,"damage_taken":0.0,"relics_obtained":["WarpedTongs"],"cards_obtained":["Pain"]},{"damage_healed":0.0,"max_hp_gain":0.0,"max_hp_loss":0.0,"gold_gain":75.0,"event_name":"World of Goop","player_choice":"Gather Gold","floor":7.0,"gold_loss":0.0,"damage_taken":11.0},{"damage_healed":0.0,"max_hp_gain":0.0,"max_hp_loss":0.0,"gold_gain":0.0,"event_name":"Ghosts","player_choice":"Ignored","floor":19.0,"gold_loss":0.0,"damage_taken":0.0},{"cards_removed":["Pain"],"damage_healed":0.0,"max_hp_gain":0.0,"max_hp_loss":0.0,"gold_gain":0.0,"event_name":"Back to Basics","player_choice":"Elegance","floor":27.0,"gold_loss":0.0,"damage_taken":0.0},{"damage_healed":0.0,"max_hp_gain":0.0,"max_hp_loss":0.0,"gold_gain":0.0,"event_name":"The Moai Head","player_choice":"Ignored","floor":37.0,"gold_loss":0.0,"damage_taken":0.0},{"damage_healed":0.0,"max_hp_gain":0.0,"max_hp_loss":0.0,"gold_gain":50.0,"event_name":"Golden Shrine","player_choice":"Pray","floor":38.0,"gold_loss":0.0,"damage_taken":0.0}],"is_beta":false,"boss_relics":[{"not_picked":["Runic Pyramid","SlaversCollar"],"picked":"HoveringKite"},{"not_picked":["Snecko Eye","SacredBark"],"picked":"WristBlade"}],"items_purged_floors":[11,21,30,42],"is_endless":false,"potions_floor_spawned":[3,5,6,16,20,22,24,35,41,47],"killed_by":"Time Eater","ascension_level":20}}