{"host":"9ug175nssngig2z3","time":1611902481,"event":{"mods":["Act Like it!","Bard","BaseMod","Colored Powertips","Conspire","Energized Spire","Hermit","Hubris","Infinite Spire","Mimic Mod","Minty Spire (QoL Compilation)","Relic Stats","Replay The Spire","Spicy Shops","StSLib","The Hierophant","The Jungle","The Runesmith","Transform Curses","UnlockEverythingMod","everything is the same but u backflip on backflip"],"gold_per_floor":[115,152,169,18,28,28,28,28,54,54,72,72,106,36,36,139,139,158,73,88,101,201,201,215,215,215,246,246,246,265,284,284,386,386,403,30,46,62,62,62,62,32,32,32,51,66,76,90,90,90,90],"floor_reached":50,"language":"ENG","playtime":3701,"items_purged":["Hallucinations","bard:Defend","bard:Defend"],"score":489,"play_id":"98355ac4-ad6a-4968-ad54-96ec68496b0f","local_time":"20210129004121","is_ascension_mode":false,"campfire_choices":[{"data":"bard:DiscordantVoice","floor":6.0,"key":"SMITH"},{"data":"bard:Rhapsody","floor":8.0,"key":"SMITH"},{"data":"bard:SongBolt","floor":12.0,"key":"SMITH"},{"data":"bard:CuttingWords","floor":23.0,"key":"SMITH"},{"data":"bard:SplendidForm","floor":25.0,"key":"SMITH"},{"floor":28.0,"key":"REST"},{"floor":40.0,"key":"REST"},{"floor":44.0,"key":"REST"},{"floor":49.0,"key":"REST"}],"circlet_count":0,"master_deck":["bard:Strike","bard:Strike","bard:Strike","bard:Defend","bard:Defend","bard:Riposte","bard:Inspire","bard:SongBolt+1","bard:DiscordantVoice+1","bard:Silence+1","bard:CuttingWords+1","bard:Rhapsody+1","bard:LocateObject","bard:Thunderwave","bard:Doot+1","bard:SplendidForm+1","bard:StudiedStrike","bard:Demoralize","bard:Solo","bard:HideousLaughter","infinitespire:FutureSight","bard:Encore","infinitespire:Starlight","bard:Shifting","bard:GreaterMagicWeapon+1"],"relics":["bard:PitchPipe","bard:BagPipes","NeowsBlessing","Oddly Smooth Stone","ReplayTheSpireMod:CursedCoin","bard:OilPainting","infinitespire:Beetle Shell","Bottled Tornado","hubris:Zylophone","Painkiller Herb","Pet Ghost","conspire:DecoderRing","Runesmith:AutoHammer","Ginger","Ring of Chaos","Juzu Bracelet","TheAbacus","infinitespire:EmpoweringShard"],"acts_visited":["Exordium","TheCity","TheBeyond"],"potions_floor_usage":[],"damage_taken":[{"damage":0.0,"enemies":"Cultist","floor":1.0,"turns":1.0},{"damage":0.0,"enemies":"Jaw Worm","floor":2.0,"turns":2.0},{"damage":0.0,"enemies":"Jaw Worm","floor":3.0,"turns":1.0},{"damage":4.0,"enemies":"Small Slimes","floor":5.0,"turns":4.0},{"damage":8.0,"enemies":"Blue Slaver","floor":11.0,"turns":3.0},{"damage":18.0,"enemies":"3 Sentries","floor":13.0,"turns":10.0},{"damage":56.0,"enemies":"Hexaghost","floor":16.0,"turns":15.0},{"damage":8.0,"enemies":"Spheric Guardian","floor":18.0,"turns":4.0},{"damage":0.0,"enemies":"Shell Parasite","floor":20.0,"turns":4.0},{"damage":10.0,"enemies":"Cultist and Chosen","floor":21.0,"turns":5.0},{"damage":9.0,"enemies":"Centurion and Healer","floor":24.0,"turns":6.0},{"damage":6.0,"enemies":"Gremlin Leader","floor":27.0,"turns":6.0},{"damage":16.0,"enemies":"Snecko","floor":30.0,"turns":5.0},{"damage":15.0,"enemies":"Snake Plant","floor":31.0,"turns":3.0},{"damage":47.0,"enemies":"Champ","floor":33.0,"turns":9.0},{"damage":13.0,"enemies":"Orb Walker","floor":35.0,"turns":5.0},{"damage":15.0,"enemies":"3 Shapes","floor":37.0,"turns":7.0},{"damage":28.0,"enemies":"Jaw Worm Horde","floor":38.0,"turns":4.0},{"damage":8.0,"enemies":"Spire Growth","floor":45.0,"turns":4.0},{"damage":22.0,"enemies":"4 Shapes","floor":46.0,"turns":6.0},{"damage":32.0,"enemies":"3 Darklings","floor":47.0,"turns":4.0},{"damage":26.0,"enemies":"Sphere and 2 Shapes","floor":48.0,"turns":7.0}],"seed_played":"-670937783179373490","potions_obtained":[{"floor":5.0,"key":"SneckoOil"},{"floor":11.0,"key":"bard:InspiredBrew"},{"floor":13.0,"key":"DuplicationPotion"},{"floor":18.0,"key":"LiquidBronze"},{"floor":20.0,"key":"ColorlessPotion"},{"floor":30.0,"key":"BlessingOfTheForge"},{"floor":31.0,"key":"Explosive Potion"},{"floor":35.0,"key":"FearPotion"},{"floor":37.0,"key":"LiquidBronze"},{"floor":42.0,"key":"Death Potion"},{"floor":42.0,"key":"LifebloodPotion"}],"is_trial":false,"path_per_floor":["M","MIM","M","$","M","R","?","R","T","?","M","R","E","$","R","B",null,"?","?","?","?","?","T","?","T","T","E","T","AVR","?","?","T","B",null,"?","T","?","?","?","T","AVR","?","T","T","?","?","?","?","T","B"],"character_chosen":"BARD","items_purchased":["ReplayTheSpireMod:CursedCoin","bard:CuttingWords","bard:OilPainting","bard:Doot","Juzu Bracelet"],"campfire_rested":4,"item_purchase_floors":[4,4,4,14,36],"current_hp_per_floor":[70,70,70,70,66,66,66,66,66,66,58,58,40,40,61,5,70,62,62,62,52,52,52,43,43,43,37,58,58,42,27,48,1,70,57,57,42,14,14,35,35,35,35,56,58,46,24,8,29,7,7],"gold":90,"neow_bonus":"THREE_ENEMY_KILL","is_daily":false,"chose_seed":false,"campfire_upgraded":5,"win_rate":0.0,"timestamp":1611902481,"path_taken":["M","?","M","$","?","R","?","R","T","?","M","R","E","$","R","BOSS","?","?","?","?","?","T","?","T","T","E","T","AVR","?","?","T","BOSS","?","?","?","?","?","T","AVR","?","T","T","?","?","?","?","T","BOSS"],"items_purchased_type":["Relic","Card","Relic","Card","Relic"],"build_version":"2020-12-22","purchased_purges":3,"victory":false,"max_hp_per_floor":[70,70,70,70,70,70,70,70,70,70,70,70,70,70,70,70,70,70,70,70,70,70,70,70,70,70,70,70,70,70,70,70,70,70,70,70,70,70,70,70,70,70,70,70,70,70,70,70,70,70,70],"relic_stats":{"TheAbacus":[6],"counters":[23,117],"Juzu Bracelet":0,"Ginger":[0],"obtain_stats":[{"bard:BagPipes":0,"bard:PitchPipe":0,"NeowsBlessing":0,"bard:OilPainting":4,"ReplayTheSpireMod:CursedCoin":4,"Oddly Smooth Stone":2,"Painkiller Herb":17,"infinitespire:Beetle Shell":9,"Ring of Chaos":34,"Juzu Bracelet":36,"Ginger":29,"Bottled Tornado":10,"Pet Ghost":19,"hubris:Zylophone":13,"TheAbacus":41,"conspire:DecoderRing":26,"infinitespire:EmpoweringShard":43,"Runesmith:AutoHammer":27},{"bard:BagPipes":0,"bard:PitchPipe":0,"NeowsBlessing":0,"bard:OilPainting":3,"ReplayTheSpireMod:CursedCoin":3,"Oddly Smooth Stone":2,"Painkiller Herb":7,"infinitespire:Beetle Shell":4,"Ring of Chaos":15,"Juzu Bracelet":16,"Ginger":12,"Bottled Tornado":4,"Pet Ghost":8,"hubris:Zylophone":6,"TheAbacus":18,"conspire:DecoderRing":11,"infinitespire:EmpoweringShard":18,"Runesmith:AutoHammer":12},{"bard:BagPipes":0,"bard:PitchPipe":0,"NeowsBlessing":0,"bard:OilPainting":4,"ReplayTheSpireMod:CursedCoin":4,"Oddly Smooth Stone":3,"Painkiller Herb":36,"infinitespire:Beetle Shell":8,"Ring of Chaos":78,"Juzu Bracelet":83,"Ginger":61,"Bottled Tornado":8,"Pet Ghost":40,"hubris:Zylophone":21,"TheAbacus":94,"conspire:DecoderRing":55,"infinitespire:EmpoweringShard":94,"Runesmith:AutoHammer":61}]},"card_choices":[{"not_picked":["bard:EchoEcho","bard:FeastOnFear"],"picked":"bard:SongBolt","floor":1.0},{"not_picked":["bard:StudiedStrike","bard:Parry"],"picked":"bard:DiscordantVoice","floor":2.0},{"not_picked":["bard:SongBolt","bard:TinyHut"],"picked":"bard:Silence","floor":3.0},{"not_picked":["bard:FeastOnFear","bard:Balestra"],"picked":"bard:Rhapsody","floor":5.0},{"not_picked":["bard:ViciousMockery","bard:EchoEcho"],"picked":"bard:LocateObject","floor":11.0},{"not_picked":["bard:SongBolt","bard:EchoEcho"],"picked":"bard:Thunderwave","floor":13.0},{"not_picked":["bard:CovetousAura","bard:Improv"],"picked":"bard:SplendidForm","floor":16.0},{"not_picked":["bard:QuickSong","bard:Thunderwave"],"picked":"bard:StudiedStrike","floor":18.0},{"not_picked":["bard:Gamble+1","bard:StudiedStrike"],"picked":"bard:Demoralize","floor":20.0},{"not_picked":["bard:Blink","bard:InspiringSong"],"picked":"bard:Solo","floor":21.0},{"not_picked":["bard:Thunderwave","bard:Shout"],"picked":"bard:HideousLaughter","floor":24.0},{"not_picked":["bard:BucklerBash+1","bard:GuardPoint","bard:Gamble"],"picked":"SKIP","floor":27.0},{"not_picked":["bard:ViciousMockery+1","bard:EchoEcho+1","bard:HideousLaughter"],"picked":"SKIP","floor":30.0},{"not_picked":["bard:HarmoniousVoice","bard:Sift","bard:CuttingWords"],"picked":"SKIP","floor":31.0},{"not_picked":["bard:FingerOfDeath","bard:Haste"],"picked":"bard:Encore","floor":33.0},{"not_picked":["bard:TinyHut","bard:Parry","bard:LingeringEcho"],"picked":"SKIP","floor":35.0},{"not_picked":["bard:BucklerBash","bard:Gamble","bard:Heroism"],"picked":"SKIP","floor":37.0},{"not_picked":["bard:PrismaticSpray","bard:FeastOnFear+1","bard:Thunderwave+1"],"picked":"SKIP","floor":38.0},{"not_picked":["bard:TinyHut","bard:HideousLaughter"],"picked":"bard:Shifting","floor":45.0},{"not_picked":["bard:Fermata","bard:LingeringEcho"],"picked":"bard:GreaterMagicWeapon+1","floor":46.0},{"not_picked":["bard:BucklerBash","bard:Gamble+1","bard:PrismaticSpray+1"],"picked":"SKIP","floor":47.0},{"not_picked":["bard:FaerieFire","bard:PhantasmalForce+1","bard:Balestra"],"picked":"SKIP","floor":48.0}],"player_experience":175170,"relics_obtained":[{"floor":2.0,"key":"Oddly Smooth Stone"},{"floor":9.0,"key":"infinitespire:Beetle Shell"},{"floor":10.0,"key":"Bottled Tornado"},{"floor":13.0,"key":"hubris:Zylophone"},{"floor":26.0,"key":"conspire:DecoderRing"},{"floor":27.0,"key":"Runesmith:AutoHammer"},{"floor":43.0,"key":"infinitespire:EmpoweringShard"}],"event_choices":[{"damage_healed":0.0,"max_hp_gain":0.0,"max_hp_loss":0.0,"gold_gain":0.0,"event_name":"Addict","player_choice":"Obtained Relic","floor":19.0,"gold_loss":85.0,"damage_taken":0.0,"relics_obtained":["Pet Ghost"]},{"damage_healed":0.0,"max_hp_gain":0.0,"max_hp_loss":0.0,"gold_gain":100.0,"event_name":"Golden Shrine","player_choice":"Pray","floor":22.0,"gold_loss":0.0,"damage_taken":0.0},{"damage_healed":0.0,"max_hp_gain":0.0,"max_hp_loss":0.0,"gold_gain":0.0,"event_name":"Tomb of Lord Red Mask","player_choice":"Ignored","floor":39.0,"gold_loss":0.0,"damage_taken":0.0},{"damage_healed":0.0,"max_hp_gain":0.0,"max_hp_loss":0.0,"gold_gain":0.0,"event_name":"The Woman in Blue","player_choice":"Bought 2 Potions","floor":42.0,"gold_loss":0.0,"damage_taken":0.0}],"is_beta":false,"boss_relics":[{"not_picked":["Ectoplasm","infinitespire:Cupcake"],"picked":"Painkiller Herb"},{"not_picked":["bard:SelfPlayingFlute","Runesmith:UraniumAnvil"],"picked":"Ring of Chaos"}],"items_purged_floors":[4,36,36],"is_endless":false,"potions_floor_spawned":[5,11,13,18,20,30,31,35,37,46],"killed_by":"Awakened One","ascension_level":0}}