{"host":"h3h5j8lwiwd519yy","time":1611936599,"event":{"mods":["2.2 Compatiblity","AchievementEnabler","BaseMod","Better Third Choice","Block Reminder","Colored Map","Colored Powertips","Curses Come First","Highlight Path","Minty Spire (QoL Compilation)","Quick Restart","Rare Cards Sparkle","Relic Stats","StSLib","Synergy Search"],"gold_per_floor":[209,224,249,124,199,199,53,53,53,53,53,70,70,87,87,160,160,170,170,170,187,187,187,202,202,229,229,246,4,24,42,42,42,42],"floor_reached":33,"language":"ENG","playtime":1691,"items_purged":[],"score":403,"play_id":"3aa07ba6-0d47-4439-8713-2ea6da244882","local_time":"20210129140959","is_ascension_mode":true,"campfire_choices":[{"data":"Footwork","floor":6.0,"key":"SMITH"},{"data":"PiercingWail","floor":11.0,"key":"SMITH"},{"floor":15.0,"key":"REST"},{"floor":23.0,"key":"REST"},{"floor":25.0,"key":"REST"},{"floor":27.0,"key":"REST"},{"floor":32.0,"key":"REST"}],"circlet_count":0,"master_deck":["AscendersBane","Strike_G","Strike_G","Strike_G","Strike_G","Strike_G","Defend_G","Defend_G","Defend_G","Defend_G","Defend_G","Survivor","Neutralize","Blade Dance","Dash","Footwork+1","PiercingWail+1","PiercingWail+1","Adrenaline","Writhe","Terror","Slice","Infinite Blades","Deflect","Footwork","Bouncing Flask","Dagger Throw"],"relics":["Ring of the Snake","Regal Pillow","Sling","Gremlin Horn","Philosopher\u0027s Stone","Potion Belt","Mummified Hand","Happy Flower","Snake Skull"],"acts_visited":["Exordium","TheCity"],"potions_floor_usage":[33,33],"damage_taken":[{"damage":2.0,"enemies":"Cultist","floor":1.0,"turns":4.0},{"damage":5.0,"enemies":"2 Louse","floor":2.0,"turns":4.0},{"damage":0.0,"enemies":"Jaw Worm","floor":10.0,"turns":4.0},{"damage":1.0,"enemies":"Exordium Thugs","floor":12.0,"turns":7.0},{"damage":3.0,"enemies":"Looter","floor":14.0,"turns":4.0},{"damage":58.0,"enemies":"Hexaghost","floor":16.0,"turns":16.0},{"damage":32.0,"enemies":"Spheric Guardian","floor":18.0,"turns":8.0},{"damage":13.0,"enemies":"3 Byrds","floor":21.0,"turns":8.0},{"damage":60.0,"enemies":"Centurion and Healer","floor":24.0,"turns":14.0},{"damage":3.0,"enemies":"Snecko","floor":28.0,"turns":5.0},{"damage":29.0,"enemies":"Cultist and Chosen","floor":30.0,"turns":8.0},{"damage":17.0,"enemies":"Shelled Parasite and Fungi","floor":31.0,"turns":7.0},{"damage":72,"enemies":"Champ","floor":33,"turns":14}],"seed_played":"8749571964141135401","potions_obtained":[{"floor":2.0,"key":"Swift Potion"},{"floor":14.0,"key":"ColorlessPotion"},{"floor":21.0,"key":"SneckoOil"},{"floor":24.0,"key":"Block Potion"},{"floor":31.0,"key":"SpeedPotion"}],"is_trial":false,"path_per_floor":["M","M","T","$","?","R","$","?","T","M","R","M","T","M","R","B",null,"M","?","T","M","?","R","M","R","T","R","M","$","M","M","R","B"],"character_chosen":"THE_SILENT","items_purchased":["Footwork","PiercingWail","Sling","Snake Skull","Deflect","Footwork"],"campfire_rested":5,"item_purchase_floors":[4,4,7,29,29,29],"current_hp_per_floor":[57,52,52,52,41,41,41,41,41,41,41,40,40,37,66,8,52,20,20,20,7,29,63,3,37,37,66,63,63,34,17,51,0,0],"gold":42,"neow_bonus":"HUNDRED_GOLD","is_daily":false,"chose_seed":false,"campfire_upgraded":2,"win_rate":0.0,"timestamp":1611936599,"path_taken":["M","?","?","$","?","R","$","?","T","M","R","M","?","M","R","BOSS","M","?","?","M","?","R","M","R","T","R","M","$","M","M","R","BOSS"],"items_purchased_type":["Card","Card","Relic","Relic","Card","Card"],"build_version":"2020-12-22","purchased_purges":0,"victory":false,"max_hp_per_floor":[66,66,66,66,66,66,66,66,66,66,66,66,66,66,66,66,66,66,66,66,66,66,66,66,66,66,66,66,66,66,66,66,66,66],"relic_stats":{"Regal Pillow":65,"Gremlin Horn":[5,5],"Happy Flower":[11],"counters":[13,103],"Mummified Hand":[12],"Snake Skull":[15],"obtain_stats":[{"Potion Belt":19,"Regal Pillow":3,"Gremlin Horn":13,"Happy Flower":26,"Mummified Hand":20,"Philosopher\u0027s Stone":17,"Snake Skull":29,"Sling":7,"Ring of the Snake":0},{"Potion Belt":7,"Regal Pillow":2,"Gremlin Horn":4,"Happy Flower":9,"Mummified Hand":7,"Philosopher\u0027s Stone":6,"Snake Skull":10,"Sling":2,"Ring of the Snake":0},{"Potion Belt":47,"Regal Pillow":8,"Gremlin Horn":19,"Happy Flower":69,"Mummified Hand":47,"Philosopher\u0027s Stone":39,"Snake Skull":74,"Sling":8,"Ring of the Snake":0}],"Ring of the Snake":[26]},"card_choices":[{"not_picked":["Endless Agony","Distraction"],"picked":"Blade Dance","floor":1.0},{"not_picked":["Heel Hook","Blade Dance"],"picked":"Dash","floor":2.0},{"not_picked":["Concentrate","Deadly Poison"],"picked":"PiercingWail","floor":10.0},{"not_picked":["Deflect","Blade Dance","Distraction"],"picked":"SKIP","floor":12.0},{"not_picked":["Bane","Distraction","Dodge and Roll"],"picked":"SKIP","floor":14.0},{"not_picked":["Storm of Steel","Doppelganger"],"picked":"Adrenaline","floor":16.0},{"not_picked":["Reflex+1","Blade Dance","Dagger Spray"],"picked":"SKIP","floor":18.0},{"not_picked":["Poisoned Stab","Acrobatics"],"picked":"Terror","floor":21.0},{"not_picked":["Sucker Punch","Blur"],"picked":"Slice","floor":24.0},{"not_picked":["Blur+1","Eviscerate"],"picked":"Infinite Blades","floor":28.0},{"not_picked":["Predator","Dodge and Roll"],"picked":"Bouncing Flask","floor":30.0},{"not_picked":["Blade Dance+1","Reflex"],"picked":"Dagger Throw","floor":31.0}],"player_experience":976630,"relics_obtained":[{"floor":3.0,"key":"Regal Pillow"},{"floor":13.0,"key":"Gremlin Horn"},{"floor":20.0,"key":"Mummified Hand"},{"floor":26.0,"key":"Happy Flower"}],"event_choices":[{"damage_healed":0.0,"max_hp_gain":0.0,"max_hp_loss":0.0,"gold_gain":75.0,"event_name":"betterThird:BetterGoop","player_choice":"Gold","floor":5.0,"gold_loss":0.0,"damage_taken":11.0},{"damage_healed":0.0,"max_hp_gain":0.0,"max_hp_loss":0.0,"gold_gain":0.0,"event_name":"Living Wall","player_choice":"Grow","floor":8.0,"gold_loss":0.0,"damage_taken":0.0,"cards_upgraded":["PiercingWail"]},{"damage_healed":0.0,"max_hp_gain":0.0,"max_hp_loss":0.0,"gold_gain":0.0,"event_name":"The Mausoleum","player_choice":"Opened","floor":19.0,"gold_loss":0.0,"damage_taken":0.0,"relics_obtained":["Potion Belt"],"cards_obtained":["Writhe"]},{"damage_healed":22.0,"max_hp_gain":0.0,"max_hp_loss":0.0,"gold_gain":0.0,"event_name":"The Library","player_choice":"Heal","floor":22.0,"gold_loss":0.0,"damage_taken":0.0}],"is_beta":false,"boss_relics":[{"not_picked":["Ring of the Serpent","Coffee Dripper"],"picked":"Philosopher\u0027s Stone"}],"items_purged_floors":[],"is_endless":false,"potions_floor_spawned":[2,14,21,24,31],"killed_by":"Champ","ascension_level":14}}