{"host":"36zn1fhase90d3ns","time":1611916590,"event":{"mods":["2.2 Compatiblity","AchievementEnabler","Act Like it!","Aspiration","BaseMod","BetterRewards","Block Reminder","Colored Map","Colored Powertips","Conspire","Curses Come First","Custom Start","Energized Spire","Friendly Minions","Halation","Hermit","Hubris","Minty Spire (QoL Compilation)","Prisma Mod","Quick Restart","Relic Sorter","Replay The Spire","Shade Mod","Spicy Shops","StSLib","The Necromancer","Unceasing Turn Reminder","Yohane!"],"gold_per_floor":[115,135,135,135,60,60,85,85,112,112,141,156,171,48,48,149,149,162,162,162,21,26,352,352,352,352],"floor_reached":25,"language":"ENG","playtime":1618,"items_purged":["Strike_G"],"score":376,"play_id":"d6d7dfc0-5a3b-4309-b3d5-dd17a02ca202","local_time":"20210129043630","is_ascension_mode":true,"campfire_choices":[{"data":"Well Laid Plans","floor":6,"key":"SMITH"},{"data":"Survivor","floor":8,"key":"SMITH"},{"data":"Defend_G","floor":10,"key":"SMITH"},{"floor":15,"key":"REST"},{"data":"hubris:Counter","floor":24,"key":"SMITH"}],"circlet_count":0,"master_deck":["Strike_G+1","Strike_G","Strike_G","Strike_G","Defend_G","Defend_G+1","Defend_G","Defend_G","Defend_G+1","Survivor+1","Neutralize","Well Laid Plans+1","hubris:Sniper+1","Dagger Throw+1","ReplayTheSpireMod:Stacked","hubris:Wrath","Cloak And Dagger","Cloak And Dagger","Footwork","ReplayTheSpireMod:From All Sides","A Thousand Cuts","hubris:Counter+1","ReplayTheSpireMod:The Works+1"],"relics":["Ring of the Snake","halation:Jellyphish","Happy Flower","conspire:Dentures","Lantern","War Paint","ReplayTheSpireMod:CursedCoin","Akabeko","hubris:HollowSoul","energizedSpire:PogoStick","aspiration:RitualStick","hubris:MedicalManual","hubris:BlackHole"],"acts_visited":["Exordium","TheCity"],"potions_floor_usage":[11],"damage_taken":[{"damage":5,"enemies":"Cultist","floor":1,"turns":4},{"damage":3,"enemies":"2 Louse","floor":2,"turns":4},{"damage":24,"enemies":"3 Sentries","floor":7,"turns":13},{"damage":26,"enemies":"Lagavulin","floor":11,"turns":9},{"damage":0,"enemies":"Small Slimes","floor":12,"turns":3},{"damage":0,"enemies":"Blue Slaver","floor":13,"turns":4},{"damage":4,"enemies":"Fading Forest","floor":16,"turns":11},{"damage":0,"enemies":"Spheric Guardian","floor":18,"turns":4},{"damage":0,"enemies":"2 Thieves","floor":22,"turns":4},{"damage":13,"enemies":"Book of Stabbing","floor":23,"turns":8},{"damage":33,"enemies":"Replay:Snechameleon","floor":25,"turns":8}],"seed_played":"-5984394855061355851","potions_obtained":[{"floor":1,"key":"Ancient Potion"},{"floor":2,"key":"Ancient Potion"},{"floor":16,"key":"Venom Potion"}],"is_trial":false,"path_per_floor":["M","M","?","?","$","R","E","R","T","R","E","M","M","$","R","B",null,"M","?","?","$","M","E","R","E"],"character_chosen":"THE_SILENT","items_purchased":["Well Laid Plans","hubris:Sniper","halation:Jellyphish","ReplayTheSpireMod:CursedCoin","Cloak And Dagger","Footwork","Akabeko","A Thousand Cuts"],"campfire_rested":1,"item_purchase_floors":[0,0,0,14,14,14,14,21],"current_hp_per_floor":[69,66,66,66,66,66,42,42,42,42,16,16,16,16,37,35,70,78,78,62,62,62,49,49,16,16],"gold":352,"neow_bonus":"","is_daily":false,"chose_seed":false,"campfire_upgraded":4,"win_rate":0.0,"timestamp":1611916590,"path_taken":["M","?","?","?","$","R","E","R","T","R","E","M","?","$","R","BOSS","M","?","?","?","?","E","R","E"],"items_purchased_type":["Card","Card","Relic","Relic","Card","Card","Relic","Card"],"build_version":"2020-12-22","purchased_purges":1,"victory":false,"max_hp_per_floor":[70,70,70,70,70,70,70,70,70,70,70,70,70,70,70,70,70,78,78,78,78,78,78,78,78,78],"card_choices":[{"not_picked":["Backflip","Quick Slash","Choke"],"picked":"SKIP","floor":1},{"not_picked":["Dagger Spray","Combust"],"picked":"Dagger Throw","floor":2},{"not_picked":["Toxin Wave","Sucker Punch","Grand Finale"],"picked":"SKIP","floor":7},{"not_picked":["Outmaneuver","Sword Boomerang","ReplayTheSpireMod:Strike From Hell"],"picked":"SKIP","floor":11},{"not_picked":["Crippling Poison","Sword Boomerang","Defy Death"],"picked":"SKIP","floor":12},{"not_picked":["Heavy Blade","Body Slam"],"picked":"ReplayTheSpireMod:Stacked","floor":13},{"not_picked":["Offering","Limit Break"],"picked":"ReplayTheSpireMod:From All Sides","floor":16},{"not_picked":["Bane","Dagger Spray","Dodge and Roll"],"picked":"SKIP","floor":18},{"not_picked":["hubris:SlightOfHand","Eviscerate+1"],"picked":"hubris:Counter","floor":22},{"not_picked":["Acrobatics+1","Deflect+1"],"picked":"ReplayTheSpireMod:The Works+1","floor":23}],"player_experience":469222,"relics_obtained":[{"floor":7,"key":"conspire:Dentures"},{"floor":9,"key":"Lantern"},{"floor":11,"key":"War Paint"},{"floor":23,"key":"hubris:MedicalManual"}],"event_choices":[{"damage_healed":0,"gold_gain":0,"player_choice":"Gave Potion","damage_taken":0,"relics_obtained":["Happy Flower"],"max_hp_gain":0,"max_hp_loss":0,"event_name":"WeMeetAgain","floor":4,"gold_loss":0},{"damage_healed":0,"gold_gain":0,"player_choice":"Ignored","damage_taken":0,"max_hp_gain":0,"max_hp_loss":0,"event_name":"Cursed Tome","floor":19,"gold_loss":0}],"is_beta":false,"boss_relics":[{"not_picked":["halation:Prosthetics","ChewingGum"],"picked":"energizedSpire:PogoStick"}],"items_purged_floors":[5],"is_endless":false,"potions_floor_spawned":[1,2,16],"killed_by":"Replay:Snechameleon","ascension_level":3}}