{"host":"dlre6nluqh4zuhws","time":1611911324,"event":{"mods":["BaseMod","Downfall","Minty Spire (QoL Compilation)","StSLib"],"gold_per_floor":[99,112,124,143,161,161,186,186,214,214,234,253,353,378,388,490,490,490,510,527,198,217,244,317,317,317,317,317,332,332,432,449,554,554,554,569,569,140,152,152,152,152,202,202,202,142,142,152,172,172,172,172],"floor_reached":50,"language":"ENG","playtime":4331,"items_purged":["Slimebound:Strike_Slimebound","Slimebound:Defend_Slimebound","Slimebound:Teamwork"],"score":647,"play_id":"4dbebe0a-b8f7-443d-85d5-f33fcb14bd7e","local_time":"20210129160844","is_ascension_mode":false,"campfire_choices":[{"data":"Slimebound:Tackle","floor":1,"key":"SMITH"},{"data":"Slimebound:Split","floor":8,"key":"SMITH"},{"data":"Slimebound:Schlurp","floor":10,"key":"SMITH"},{"data":"Slimebound:Equalize","floor":18,"key":"SMITH"},{"data":"Slimebound:PrepareCrush","floor":26,"key":"SMITH"},{"data":"Slimebound:Grow","floor":28,"key":"SMITH"},{"data":"Slimebound:RainOfGoop","floor":30,"key":"SMITH"},{"data":"Slimebound:Gluttony","floor":35,"key":"SMITH"},{"data":"Slimebound:SamplingLick","floor":42,"key":"SMITH"},{"data":"expansioncontent:YouAreMine","floor":47,"key":"SMITH"}],"circlet_count":0,"master_deck":["Slimebound:Strike_Slimebound","Slimebound:Defend_Slimebound","Slimebound:Defend_Slimebound","Slimebound:Defend_Slimebound","Slimebound:Split+1","Slimebound:CorrosiveSpit","Slimebound:SlimeTap","Slimebound:SamplingLick+1","Slimebound:LivingWall","Slimebound:Schlurp+1","Slimebound:SplitLeeching","Slimebound:GrowthPunch","Slimebound:Equalize+1","Slimebound:LeechEnergy","Slimebound:PrepareCrush+1","CurseOfTheBell","Slimebound:Grow+1","Slimebound:ItLooksTasty+1","Slimebound:SlimeBarrage+1","expansioncontent:DashGenerateEvil+1","Slimebound:AcidTongue","Slimebound:Schlurp","Slimebound:RainOfGoop+1","Slimebound:Gluttony+1","Slimebound:Equalize+1","Slimebound:LeechLife+1","Slimebound:GoopSpray+1","Slimebound:Replication+1","Decay","Clumsy","Slimebound:ViciousTackle+1","downfall:Icky","Pain","Slimebound:HauntingLick","Slimebound:RainOfGoop","expansioncontent:YouAreMine+1","Slimebound:SplitBruiser+1"],"relics":["Slimebound:AbsorbEndCombat","Orichalcum","Slimebound:AggressiveSlimeRelic","Gambling Chip","Calling Bell","Pen Nib","Molten Egg 2","Ice Cream","Bottled Lightning","Mercury Hourglass","downfall:ExtraCursedKey","Torii","White Beast Statue","Sozu","Mango","Pantograph","Du-Vu Doll","Regal Pillow","Art of War"],"acts_visited":["Exordium","TheCity","TheBeyond"],"potions_floor_usage":[23,50,50,50],"damage_taken":[{"damage":3,"enemies":"Cultist","floor":2,"turns":5},{"damage":3,"enemies":"2 Louse","floor":3,"turns":2},{"damage":13,"enemies":"Small Slimes","floor":4,"turns":3},{"damage":10,"enemies":"Exordium Thugs","floor":5,"turns":7},{"damage":6,"enemies":"Lagavulin","floor":9,"turns":10},{"damage":0,"enemies":"3 Louse","floor":11,"turns":3},{"damage":0,"enemies":"Blue Slaver","floor":12,"turns":3},{"damage":5,"enemies":"3 Sentries","floor":14,"turns":7},{"damage":0,"enemies":"3 Louse","floor":15,"turns":3},{"damage":15,"enemies":"IC_STATUS_ARCHETYPE","floor":16,"turns":6},{"damage":20,"enemies":"3 Byrds","floor":19,"turns":6},{"damage":13,"enemies":"Spheric Guardian","floor":20,"turns":5},{"damage":0,"enemies":"downfall:FleeingMerchant","floor":21,"turns":4},{"damage":7,"enemies":"Chosen and Byrds","floor":22,"turns":5},{"damage":33,"enemies":"Slavers","floor":23,"turns":6},{"damage":0,"enemies":"Snecko","floor":29,"turns":2},{"damage":2,"enemies":"Colosseum Nobs","floor":31,"turns":3},{"damage":8,"enemies":"Snake Plant","floor":32,"turns":2},{"damage":75,"enemies":"DF_ARCHETYPE_CLAW","floor":33,"turns":7},{"damage":1,"enemies":"3 Shapes","floor":36,"turns":3},{"damage":0,"enemies":"downfall:FleeingMerchant","floor":38,"turns":4},{"damage":0,"enemies":"3 Darklings","floor":39,"turns":3},{"damage":0,"enemies":"3 Darklings","floor":43,"turns":3},{"damage":0,"enemies":"downfall:FleeingMerchant","floor":46,"turns":2},{"damage":0,"enemies":"Jaw Worm Horde","floor":48,"turns":3},{"damage":32,"enemies":"4 Shapes","floor":49,"turns":6},{"damage":109,"enemies":"WA_ARCHETYPE_DIVINITY","floor":50,"turns":5}],"seed_played":"6349994580576410649","potions_obtained":[{"floor":3,"key":"Weak Potion"},{"floor":4,"key":"champ:CounterPotion"},{"floor":14,"key":"SteroidPotion"},{"floor":15,"key":"Ancient Potion"},{"floor":16,"key":"LiquidBronze"},{"floor":29,"key":"Dexterity Potion"},{"floor":32,"key":"Slimebound:SpawnSlimePotion"}],"is_trial":false,"path_per_floor":["R","M","M","M","M","?","T","R","E","R","M","M","?","E","M","B",null,"R","M","M","$","M","E","T","?","R","?","R","M","R","?","M","B",null,"R","M","?","$","M","?","T","R","?","?","?","$","R","M","M","B"],"character_chosen":"SLIMEBOUND","items_purchased":["expansioncontent:DashGenerateEvil","Slimebound:AcidTongue","Mango","Art of War","Slimebound:RainOfGoop","expansioncontent:YouAreMine"],"campfire_rested":0,"item_purchase_floors":[21,21,38,46,46,46],"current_hp_per_floor":[71,71,70,59,57,57,57,57,55,55,55,59,59,60,71,70,71,71,55,60,64,67,40,40,40,40,63,63,65,65,65,57,8,71,71,71,71,85,85,85,85,85,85,85,85,85,85,85,79,0,0,0],"gold":172,"neow_bonus":"TEN_PERCENT_HP_BONUS","is_daily":false,"chose_seed":false,"campfire_upgraded":10,"win_rate":0.0,"timestamp":1611911324,"path_taken":["R","M","M","M","?","?","T","R","E","R","M","?","?","E","M","BOSS","R","M","M","$","M","E","T","?","R","?","R","M","R","?","M","BOSS","R","M","?","$","M","?","T","R","?","?","?","$","R","M","M","BOSS"],"items_purchased_type":["Card","Card","Relic","Relic","Card","Card"],"build_version":"2020-12-13","purchased_purges":3,"victory":false,"max_hp_per_floor":[71,71,71,71,71,71,71,71,71,71,71,71,71,71,71,71,71,71,71,71,71,71,71,71,71,71,71,71,71,71,71,71,71,71,71,71,71,85,85,85,85,85,85,85,85,85,85,85,85,85,85,85],"card_choices":[{"not_picked":["Slimebound:ItLooksTasty","Slimebound:AcidTongue"],"picked":"Slimebound:SlimeTap","floor":2},{"not_picked":["Slimebound:GoopSpray","Slimebound:LevelUp"],"picked":"Slimebound:SamplingLick","floor":3},{"not_picked":["Slimebound:HauntingLick","Slimebound:LeechingTouch"],"picked":"Slimebound:LivingWall","floor":4},{"not_picked":["Slimebound:LivingWall","Slimebound:LeechingTouch"],"picked":"Slimebound:Schlurp","floor":5},{"not_picked":["Slimebound:ItLooksTasty","Slimebound:PressTheAttack"],"picked":"Slimebound:Teamwork","floor":9},{"not_picked":["Slimebound:Prepare","Slimebound:SamplingLick"],"picked":"Slimebound:SplitLeeching","floor":11},{"not_picked":["Slimebound:SplitLeeching","Slimebound:ItLooksTasty"],"picked":"Slimebound:GrowthPunch","floor":12},{"not_picked":["Slimebound:Replication","Slimebound:FinishingTackle"],"picked":"Slimebound:Equalize","floor":14},{"not_picked":["Slimebound:Replication","Slimebound:Chomp"],"picked":"Slimebound:LeechEnergy","floor":15},{"not_picked":["Slimebound:MassFeed","Slimebound:SelfFormingGoo"],"picked":"Slimebound:PrepareCrush","floor":16},{"not_picked":["Slimebound:LeadByExample","Slimebound:SamplingLick"],"picked":"Slimebound:Grow","floor":19},{"not_picked":["Slimebound:FormOfPuddle","Slimebound:LeechEnergy+1"],"picked":"Slimebound:ItLooksTasty+1","floor":20},{"not_picked":["Slimebound:PressTheAttack+1","Slimebound:LeadByExample"],"picked":"Slimebound:SlimeBarrage+1","floor":21},{"not_picked":["Slimebound:TongueLash+1","Slimebound:Replication"],"picked":"Slimebound:Schlurp","floor":22},{"not_picked":["Slimebound:ItLooksTasty+1","Slimebound:OneTwoCombo+1"],"picked":"Slimebound:RainOfGoop","floor":23},{"not_picked":["Slimebound:FormOfPuddle","Slimebound:Prepare","Slimebound:SplitLeeching"],"picked":"SKIP","floor":29},{"not_picked":["Slimebound:LeechEnergy+1","Slimebound:RollThrough+1"],"picked":"Slimebound:Gluttony","floor":31},{"not_picked":["Slimebound:SlimeBarrage+1","Slimebound:Replication"],"picked":"Slimebound:Equalize+1","floor":32},{"not_picked":["Slimebound:DouseInSlime","Slimebound:OneTwoCombo+1"],"picked":"Slimebound:LeechLife+1","floor":33},{"not_picked":["Slimebound:SplitAcid","Slimebound:GoopSpray","Slimebound:LeechEnergy+1"],"picked":"SKIP","floor":36},{"not_picked":["Slimebound:RollThrough+1","Slimebound:DisruptingSlam+1"],"picked":"Slimebound:GoopSpray+1","floor":38},{"not_picked":["Slimebound:FlameTackle+1","Slimebound:GoopSpray+1"],"picked":"Slimebound:Replication+1","floor":39},{"not_picked":["Slimebound:Dissolve","Slimebound:LeadByExample+1"],"picked":"Slimebound:ViciousTackle+1","floor":43},{"not_picked":["Slimebound:FinishingTackle+1","Slimebound:LivingWall+1"],"picked":"Slimebound:HauntingLick","floor":46},{"not_picked":["Slimebound:SplitAcid+1","Slimebound:LeechEnergy+1"],"picked":"Slimebound:SplitBruiser+1","floor":48},{"not_picked":["Slimebound:SplitBruiser","Slimebound:Schlurp","Slimebound:PressTheAttack+1"],"picked":"SKIP","floor":49}],"player_experience":27216,"relics_obtained":[{"floor":7,"key":"Orichalcum"},{"floor":9,"key":"Slimebound:AggressiveSlimeRelic"},{"floor":14,"key":"Gambling Chip"},{"floor":17,"key":"Pen Nib"},{"floor":17,"key":"Molten Egg 2"},{"floor":17,"key":"Ice Cream"},{"floor":23,"key":"Bottled Lightning"},{"floor":24,"key":"Mercury Hourglass"},{"floor":31,"key":"Torii"},{"floor":31,"key":"White Beast Statue"},{"floor":41,"key":"Pantograph"},{"floor":43,"key":"Du-Vu Doll"},{"floor":44,"key":"Regal Pillow"}],"event_choices":[{"cards_removed":["Slimebound:Strike_Slimebound"],"damage_healed":0,"gold_gain":0,"player_choice":"Offered Basic","damage_taken":0,"max_hp_gain":0,"max_hp_loss":0,"event_name":"Bonfire Elementals","floor":6,"gold_loss":0},{"damage_healed":0,"gold_gain":100,"player_choice":"Gold","damage_taken":0,"max_hp_gain":0,"max_hp_loss":0,"event_name":"Wheel of Change","floor":13,"gold_loss":0},{"damage_healed":23,"gold_gain":0,"player_choice":"Heal","damage_taken":0,"max_hp_gain":0,"max_hp_loss":0,"event_name":"The Library","floor":27,"gold_loss":0},{"cards_removed":["Slimebound:Tackle"],"damage_healed":0,"gold_gain":0,"player_choice":"Removed Attack","damage_taken":0,"max_hp_gain":0,"max_hp_loss":0,"event_name":"Falling","floor":40,"gold_loss":0},{"damage_healed":0,"gold_gain":0,"player_choice":"Ignored","damage_taken":0,"max_hp_gain":0,"max_hp_loss":0,"event_name":"Mysterious Sphere","floor":45,"gold_loss":0}],"is_beta":false,"boss_relics":[{"not_picked":["SacredBark","Astrolabe"],"picked":"Calling Bell"},{"not_picked":["bronze:MakeshiftBattery","Coffee Dripper"],"picked":"Sozu"}],"items_purged_floors":[21,38,46],"is_endless":false,"potions_floor_spawned":[3,4,14,15,16,20,22,23,29,32,33,36,38,39,43,46,48,49],"killed_by":"WA_ARCHETYPE_DIVINITY","ascension_level":0}}