{"host":"d30a110yzuqvj3hw","time":1611906322,"event":{"mods":["Alarm Clock","Aspiration","BaseMod","Downfall","Energized Spire","Googly Eyes","Highlight Path","KomeijiMod","Minty Spire (QoL Compilation)","Quarter Circle Forward PUNCH!","Quick Restart","Replay The Spire","Spicy Shops","Spire Arcade","StSLib","The Disciple","The Jungle","[GremlinLeader]The Maniac"],"gold_per_floor":[117,127,147,147,166,166,193,193,217,217,237,267,33,53,53,53,53],"floor_reached":16,"language":"ZHS","playtime":419,"items_purged":["Injury"],"score":154,"play_id":"84e14f5b-b28c-4dde-98e5-1c647b039583","local_time":"20210129154522","is_ascension_mode":true,"campfire_choices":[{"data":"Blade Dance","floor":6,"key":"SMITH"},{"data":"A Thousand Cuts","floor":8,"key":"SMITH"},{"data":"Predator","floor":10,"key":"SMITH"},{"data":"Survivor","floor":15,"key":"SMITH"}],"circlet_count":0,"master_deck":["Strike_G","Strike_G","Strike_G","Strike_G","Strike_G","Defend_G","Defend_G","Defend_G","Defend_G","Defend_G","Survivor+1","Neutralize","Predator+1","Blade Dance+1","Crippling Poison+1","A Thousand Cuts+1","Cloak And Dagger+1","Bullet Time+1","Flash of Steel","Flash of Steel","Prepared+1","Hidden Blade+1","Prepared+1"],"relics":["Ring of the Snake","aspiration:Nostalgia","MusicBox","Toxic Egg 2","Strawberry","Blue Doll","Chameleon Ring","CeramicFish"],"acts_visited":["Exordium"],"potions_floor_usage":[12,14],"damage_taken":[{"damage":15,"enemies":"Jaw Worm","floor":1,"turns":5},{"damage":0,"enemies":"2 Louse","floor":3,"turns":3},{"damage":0,"enemies":"Small Slimes","floor":5,"turns":3},{"damage":24,"enemies":"Gremlin Nob","floor":7,"turns":4},{"damage":6,"enemies":"Blue Slaver","floor":11,"turns":4},{"damage":14,"enemies":"3 Sentries","floor":12,"turns":6},{"damage":9,"enemies":"Exordium Thugs","floor":14,"turns":4},{"damage":2,"enemies":"Hexaghost","floor":16,"turns":4}],"seed_played":"-2608443668037296798","potions_obtained":[{"floor":1,"key":"JyouchiReiPotion"},{"floor":7,"key":"Weak Potion"},{"floor":11,"key":"Toxic Potion"},{"floor":12,"key":"UndeadPotion"}],"is_trial":false,"path_per_floor":["M","?","M","?","M","R","E","R","T","R","M","E","$","M","R","B"],"character_chosen":"THE_SILENT","items_purchased":["CeramicFish","Flash of Steel","Prepared+1","Hidden Blade+1"],"campfire_rested":0,"item_purchase_floors":[13,13,13,13],"current_hp_per_floor":[48,48,48,48,48,48,31,31,31,31,25,11,11,2,2,0,0],"gold":53,"neow_bonus":"NOSTALGIA","is_daily":false,"chose_seed":false,"campfire_upgraded":4,"win_rate":0.0,"timestamp":1611906322,"path_taken":["M","?","M","?","M","R","E","R","T","R","M","E","?","M","R","BOSS"],"items_purchased_type":["Relic","Card","Card","Card"],"build_version":"2020-12-22","purchased_purges":1,"victory":false,"max_hp_per_floor":[70,70,70,70,70,70,77,77,77,77,77,77,77,77,77,77,77],"card_choices":[{"not_picked":["Concentrate","Caltrops"],"picked":"Predator","floor":1},{"not_picked":["Deflect","Setup"],"picked":"Blade Dance","floor":3},{"not_picked":["Quick Slash","ReplayTheSpireMod:Speed Training+1"],"picked":"Crippling Poison+1","floor":5},{"not_picked":["Dagger Spray","Acrobatics+1"],"picked":"A Thousand Cuts","floor":7},{"not_picked":["Outmaneuver+1","Underhanded Strike"],"picked":"Cloak And Dagger+1","floor":11},{"not_picked":["Escape Plan+1","ReplayTheSpireMod:From All Sides"],"picked":"Bullet Time+1","floor":12},{"not_picked":["Footwork","Poisoned Stab"],"picked":"Prepared+1","floor":14}],"player_experience":496139,"relics_obtained":[{"floor":7,"key":"Strawberry"},{"floor":9,"key":"Blue Doll"},{"floor":12,"key":"Chameleon Ring"}],"event_choices":[],"is_beta":false,"boss_relics":[],"items_purged_floors":[13],"is_endless":false,"potions_floor_spawned":[1,7,11,12],"killed_by":"Hexaghost","ascension_level":8}}