{"host":"ayh4nqhr0ddw4ozv","time":1611953651,"event":{"mods":["BaseMod","Minty Spire (QoL Compilation)","Relic Stats","Replay The Spire","Robot Space Explorer","StSLib"],"gold_per_floor":[112,131,131,131,131,143,161,161,186,186,186,197,197,217,245,262,262,366,366,377,363,363,69,85,116,116,134,207,220,220,65,76,108,108,211,211,230,281,281,297,313,348,348,348,348],"floor_reached":44,"language":"ENG","playtime":4292,"items_purged":["Pain"],"score":907,"play_id":"f80f4dcc-4acf-4fad-af9f-49037eafdb56","local_time":"20210129125411","is_ascension_mode":true,"campfire_choices":[{"floor":8,"key":"REST"},{"floor":10,"key":"REST"},{"floor":17,"key":"REST"},{"floor":26,"key":"REST"},{"floor":30,"key":"REST"},{"floor":34,"key":"REST"}],"circlet_count":0,"master_deck":["AscendersBane","Strike_B","Defend_B","Defend_B","Defend_B","Defend_B","Zap","Go for the Eyes","Sweeping Beam","Bash","Rebound","Leap","ReplayTheSpireMod:Reroute Power","Skim","Reprogram","Beam Cell","Core Surge","Glacier+1","Amplify+1","Creative AI+1","Hologram","Mirror Shield","Coolheaded","Steam+1","Go for the Eyes+1","Conserve Battery","Steam Power","Buffer","ReplayTheSpireMod:Repulse","Turbo+1","ReplayTheSpireMod:Calculation Training"],"relics":["Fusion Hammer","Boot","Carrot","Prayer Wheel","Astrolabe","WarpedTongs","ClockworkSouvenir","Replay:Antivirus Software","Runic Capacitor","Replay:Multitool","Runic Dome","Unceasing Top","Pocketwatch","Vajra","ReplayTheSpireMod:Ring of Challenge"],"acts_visited":["Exordium","TheCity","TheBeyond"],"potions_floor_usage":[15,18,25,33,37,38,44],"damage_taken":[{"damage":0,"enemies":"2 Louse","floor":1,"turns":2},{"damage":10,"enemies":"Small Slimes","floor":2,"turns":3},{"damage":0,"enemies":"Cultist","floor":6,"turns":3},{"damage":6,"enemies":"2 Fungi Beasts","floor":7,"turns":3},{"damage":26,"enemies":"Gremlin Nob","floor":9,"turns":4},{"damage":4,"enemies":"Exordium Thugs","floor":12,"turns":4},{"damage":0,"enemies":"Gremlin Gang","floor":14,"turns":4},{"damage":18,"enemies":"Lagavulin","floor":15,"turns":8},{"damage":0,"enemies":"Large Slime","floor":16,"turns":3},{"damage":40,"enemies":"The Guardian","floor":18,"turns":12},{"damage":16,"enemies":"Shell Parasite","floor":20,"turns":15},{"damage":14,"enemies":"2 Thieves","floor":21,"turns":4},{"damage":6,"enemies":"Snecko","floor":24,"turns":6},{"damage":28,"enemies":"Gremlin Leader","floor":25,"turns":9},{"damage":15,"enemies":"Cultist and Chosen","floor":27,"turns":8},{"damage":0,"enemies":"Centurion and Healer","floor":29,"turns":11},{"damage":6,"enemies":"Chosen and Byrds","floor":32,"turns":10},{"damage":0,"enemies":"Book of Stabbing","floor":33,"turns":8},{"damage":0,"enemies":"Champ","floor":35,"turns":18},{"damage":8,"enemies":"3 Shapes","floor":37,"turns":8},{"damage":11,"enemies":"2 Orb Walkers","floor":38,"turns":6},{"damage":0,"enemies":"Orb Walker","floor":40,"turns":5},{"damage":7,"enemies":"Jaw Worm Horde","floor":41,"turns":7},{"damage":1,"enemies":"Giant Head","floor":42,"turns":11},{"damage":50,"enemies":"Reptomancer","floor":44,"turns":5}],"seed_played":"5176059292725427205","potions_obtained":[{"floor":7,"key":"Reflective Coating"},{"floor":12,"key":"Venom Potion"},{"floor":14,"key":"LiquidBronze"},{"floor":16,"key":"PowerPotion"},{"floor":27,"key":"LifebloodPotion"},{"floor":35,"key":"Fire Potion"},{"floor":41,"key":"Explosive Potion"},{"floor":42,"key":"LiquidMemories"}],"is_trial":false,"path_per_floor":["M","M","?","PTL","PTL","M","M","R","E","R","T","M","?","M","E","M","R","B",null,"M","M","?","$","M","E","R","M","T","M","R","$","M","E","R","B",null,"M","?","T","M","M","E","?","E"],"character_chosen":"DEFECT","items_purchased":["ClockworkSouvenir","GamblersBrew","Runic Capacitor"],"campfire_rested":6,"item_purchase_floors":[23,23,31],"current_hp_per_floor":[68,58,58,58,58,58,52,74,48,70,70,66,71,71,53,53,77,37,69,53,39,39,39,33,5,29,14,14,14,38,38,32,32,56,56,74,66,55,55,55,48,47,47,0,0],"gold":348,"neow_bonus":"BOSS_RELIC","is_daily":false,"chose_seed":false,"campfire_upgraded":0,"win_rate":0.0,"timestamp":1611953651,"path_taken":["M","M","?","PTL","PTL","M","M","R","E","R","T","M","?","M","E","M","R","BOSS","M","M","?","$","M","E","R","?","T","M","R","$","M","E","R","BOSS","M","?","?","M","?","E","?","E"],"items_purchased_type":["Relic","Potion","Relic"],"build_version":"2020-12-22","purchased_purges":1,"victory":false,"max_hp_per_floor":[75,75,75,75,75,75,75,75,75,75,75,75,80,80,80,80,80,80,80,80,80,80,80,80,80,80,80,80,80,80,80,80,80,80,80,80,80,80,80,80,80,80,80,80,80],"relic_stats":{"counters":[25,177],"Astrolabe":["Glacier","Amplify","Creative AI"],"Prayer Wheel":10,"Boot":[111],"obtain_stats":[{"Carrot":11,"Astrolabe":19,"Vajra":42,"Runic Capacitor":31,"Replay:Multitool":33,"Boot":9,"WarpedTongs":22,"ClockworkSouvenir":23,"Runic Dome":36,"Prayer Wheel":15,"Fusion Hammer":0,"Replay:Antivirus Software":25,"ReplayTheSpireMod:Ring of Challenge":43,"Cracked Core":0,"Unceasing Top":38,"Pocketwatch":39},{"Carrot":5,"Astrolabe":10,"Vajra":24,"Runic Capacitor":16,"Replay:Multitool":18,"Boot":5,"WarpedTongs":12,"ClockworkSouvenir":12,"Runic Dome":19,"Prayer Wheel":8,"Fusion Hammer":0,"Replay:Antivirus Software":14,"ReplayTheSpireMod:Ring of Challenge":24,"Cracked Core":0,"Unceasing Top":21,"Pocketwatch":21},{"Carrot":15,"Astrolabe":46,"Vajra":172,"Runic Capacitor":99,"Replay:Multitool":117,"Boot":15,"WarpedTongs":65,"ClockworkSouvenir":65,"Runic Dome":135,"Prayer Wheel":31,"Fusion Hammer":0,"Replay:Antivirus Software":80,"ReplayTheSpireMod:Ring of Challenge":172,"Cracked Core":0,"Unceasing Top":149,"Pocketwatch":149}],"Unceasing Top":[3],"WarpedTongs":[112],"Pocketwatch":[3]},"card_choices":[{"not_picked":["Barrage","Streamline"],"picked":"Go for the Eyes","floor":1},{"not_picked":["Turbo","Beam Cell"],"picked":"Sweeping Beam","floor":2},{"not_picked":["Time Bomb","Redo","Turbo"],"picked":"SKIP","floor":6},{"not_picked":["Steam Power","Steam"],"picked":"Rebound","floor":7},{"not_picked":["Hologram","White Noise"],"picked":"Leap","floor":9},{"not_picked":["Blizzard","Chaos"],"picked":"ReplayTheSpireMod:Reroute Power","floor":12},{"not_picked":["Turbo","Go for the Eyes"],"picked":"Skim","floor":14},{"not_picked":["Redo","ReplayRNGCard"],"picked":"Reprogram","floor":15},{"not_picked":["Scrape","Barrage"],"picked":"Beam Cell","floor":16},{"not_picked":["Defragment","Barrage","Stack"],"picked":"SKIP","floor":16},{"not_picked":["Buffer","Meteor Strike"],"picked":"Core Surge","floor":18},{"not_picked":["Storm","Sweeping Beam"],"picked":"Hologram","floor":20},{"not_picked":["Leap","Gash","Streamline"],"picked":"SKIP","floor":20},{"not_picked":["Go for the Eyes","ReplaySort","Gash"],"picked":"SKIP","floor":21},{"not_picked":["ReplayRNGCard","Cold Snap","Panic Button"],"picked":"SKIP","floor":21},{"not_picked":["Redo+1","FTL","Hello World"],"picked":"SKIP","floor":24},{"not_picked":["Beam Cell","Compile Driver","All For One"],"picked":"SKIP","floor":24},{"not_picked":["Rebound","Sweeping Beam","Redo+1"],"picked":"SKIP","floor":25},{"not_picked":["Gash","Compile Driver"],"picked":"Mirror Shield","floor":27},{"not_picked":["Barrage","Sweeping Beam","Compile Driver"],"picked":"SKIP","floor":27},{"not_picked":["Panic Button","Sweeping Beam"],"picked":"Coolheaded","floor":29},{"not_picked":["Fusion","Mirror Shield"],"picked":"Steam+1","floor":29},{"not_picked":["Coolheaded","Cold Snap"],"picked":"Go for the Eyes+1","floor":32},{"not_picked":["Stack+1","Go for the Eyes+1"],"picked":"Conserve Battery","floor":32},{"not_picked":["Tempest+1","Hologram"],"picked":"Steam Power","floor":33},{"not_picked":["Amplify","Electrodynamics"],"picked":"Buffer","floor":35},{"not_picked":["Coolheaded","Sunder+1"],"picked":"ReplayTheSpireMod:Repulse","floor":37},{"not_picked":["Rebound+1","Gash","Genetic Algorithm"],"picked":"SKIP","floor":37},{"not_picked":["Capacitor","Beam Cell+1"],"picked":"Turbo+1","floor":40},{"not_picked":["FTL","Coolheaded","Leap+1"],"picked":"SKIP","floor":40},{"not_picked":["BasicCrystalCard","Recycle"],"picked":"ReplayTheSpireMod:Calculation Training","floor":41},{"not_picked":["Leap+1","Streamline","White Noise"],"picked":"SKIP","floor":41},{"not_picked":["ReplayTheSpireMod:Omega Cannon","Stack+1","Double Energy"],"picked":"SKIP","floor":42}],"player_experience":392118,"relics_obtained":[{"floor":9,"key":"Boot"},{"floor":11,"key":"Carrot"},{"floor":15,"key":"Prayer Wheel"},{"floor":25,"key":"Replay:Antivirus Software"},{"floor":33,"key":"Replay:Multitool"},{"floor":38,"key":"Unceasing Top"},{"floor":39,"key":"Pocketwatch"},{"floor":42,"key":"Vajra"},{"floor":43,"key":"ReplayTheSpireMod:Ring of Challenge"}],"event_choices":[{"damage_healed":0,"gold_gain":0,"player_choice":"Donut","damage_taken":0,"max_hp_gain":5,"max_hp_loss":0,"event_name":"Big Fish","floor":13,"gold_loss":0},{"damage_healed":0,"gold_gain":0,"player_choice":"Rummage","damage_taken":0,"relics_obtained":["WarpedTongs"],"max_hp_gain":0,"max_hp_loss":0,"event_name":"Accursed Blacksmith","floor":22,"gold_loss":0,"cards_obtained":["Pain"]},{"damage_healed":0,"gold_gain":0,"player_choice":"Fight","damage_taken":0,"max_hp_gain":0,"max_hp_loss":0,"event_name":"Mysterious Sphere","floor":38,"gold_loss":0}],"is_beta":false,"boss_relics":[{"not_picked":["Replay:Ancient Bell","Ectoplasm"],"picked":"Astrolabe"},{"not_picked":["Inserter","Cursed Key"],"picked":"Runic Dome"}],"items_purged_floors":[23],"is_endless":false,"potions_floor_spawned":[7,12,14,16,24,27,29,32,35,41,42],"killed_by":"Reptomancer","ascension_level":12}}