{"host":"3qkmyeoym75lj4wn","time":1611941510,"event":{"mods":["2.2 Compatiblity","BaseMod","Block Reminder","Colored Powertips","Highlight Path","Minty Spire (QoL Compilation)","Permanent Neow","Potion Indicator Mod","Rare Cards Sparkle","Relic Stats","StSLib","Unceasing Turn Reminder"],"gold_per_floor":[115,115,134,151,151,181,181,211,287,307,21,34,59,72,72,72,72],"floor_reached":16,"language":"ENG","playtime":606,"items_purged":["Strike_B"],"score":294,"play_id":"c823bf19-8063-4764-b575-a9218f517ca5","local_time":"20210129173150","is_ascension_mode":true,"campfire_choices":[{"floor":7,"key":"REST"},{"data":"Defragment","floor":15,"key":"SMITH"}],"circlet_count":0,"master_deck":["AscendersBane","Strike_B","Strike_B","Strike_B","Defend_B","Defend_B","Defend_B","Defend_B","Zap+1","Dualcast","Streamline","Ball Lightning","FTL","Defragment+1","Conserve Battery","Steam","Cold Snap","Fission"],"relics":["Cracked Core","Thread and Needle","Toy Ornithopter","Dream Catcher","Eternal Feather","Happy Flower","Symbiotic Virus"],"acts_visited":["Exordium"],"potions_floor_usage":[13,13,14],"damage_taken":[{"damage":2,"enemies":"Jaw Worm","floor":1,"turns":4},{"damage":9,"enemies":"2 Louse","floor":3,"turns":2},{"damage":6,"enemies":"Cultist","floor":4,"turns":4},{"damage":18,"enemies":"Lagavulin","floor":6,"turns":6},{"damage":44,"enemies":"3 Sentries","floor":8,"turns":6},{"damage":0,"enemies":"Looter","floor":10,"turns":3},{"damage":0,"enemies":"Red Slaver","floor":12,"turns":3},{"damage":0,"enemies":"Lagavulin","floor":13,"turns":4},{"damage":1,"enemies":"Lots of Slimes","floor":14,"turns":4},{"damage":32,"enemies":"Hexaghost","floor":16,"turns":9}],"seed_played":"-6901864921724992397","potions_obtained":[{"floor":1,"key":"LiquidBronze"},{"floor":4,"key":"Dexterity Potion"},{"floor":10,"key":"EssenceOfDarkness"},{"floor":12,"key":"AttackPotion"},{"floor":13,"key":"Energy Potion"}],"is_trial":false,"path_per_floor":["M","?","M","M","?","E","R","E","T","M","$","M","E","M","R","B"],"character_chosen":"DEFECT","items_purchased":["Happy Flower","Steam"],"campfire_rested":1,"item_purchase_floors":[11,11],"current_hp_per_floor":[62,62,53,47,47,29,50,6,6,6,6,6,16,20,29,0,0],"gold":72,"neow_bonus":"UPGRADE_CARD","is_daily":false,"chose_seed":false,"campfire_upgraded":1,"win_rate":0.0,"timestamp":1611941510,"path_taken":["M","?","M","M","?","E","R","E","T","?","$","M","E","M","R","BOSS"],"items_purchased_type":["Relic","Card"],"build_version":"2020-12-22","purchased_purges":1,"victory":false,"max_hp_per_floor":[71,71,71,71,71,71,71,71,71,71,71,71,71,71,71,71,71],"relic_stats":{"Dream Catcher":0,"Happy Flower":[6],"counters":[10,45],"Eternal Feather":9,"obtain_stats":[{"Dream Catcher":8,"Happy Flower":11,"Thread and Needle":5,"Eternal Feather":9,"Cracked Core":0,"Symbiotic Virus":13,"Toy Ornithopter":6},{"Dream Catcher":5,"Happy Flower":6,"Thread and Needle":3,"Eternal Feather":5,"Cracked Core":0,"Symbiotic Virus":8,"Toy Ornithopter":4},{"Dream Catcher":22,"Happy Flower":25,"Thread and Needle":10,"Eternal Feather":22,"Cracked Core":0,"Symbiotic Virus":32,"Toy Ornithopter":16}],"Toy Ornithopter":15},"card_choices":[{"not_picked":["Fusion","Turbo","Scrape"],"picked":"SKIP","floor":1},{"not_picked":["Turbo","Conserve Battery"],"picked":"Streamline","floor":3},{"not_picked":["Streamline","Hologram"],"picked":"Ball Lightning","floor":4},{"not_picked":["Streamline","Barrage"],"picked":"FTL","floor":6},{"not_picked":["Turbo","Hyperbeam"],"picked":"Defragment","floor":8},{"not_picked":["Aggregate","Beam Cell"],"picked":"Conserve Battery","floor":10},{"not_picked":["Capacitor","White Noise"],"picked":"Cold Snap","floor":12},{"not_picked":["Hologram","Reprogram"],"picked":"Fission","floor":13},{"not_picked":["Beam Cell","Barrage","Recycle"],"picked":"SKIP","floor":14}],"player_experience":1710429,"relics_obtained":[{"floor":6,"key":"Toy Ornithopter"},{"floor":8,"key":"Dream Catcher"},{"floor":9,"key":"Eternal Feather"},{"floor":13,"key":"Symbiotic Virus"}],"event_choices":[{"damage_healed":0,"gold_gain":0,"player_choice":"Ignored","damage_taken":0,"max_hp_gain":0,"max_hp_loss":0,"event_name":"Golden Wing","floor":2,"gold_loss":0},{"damage_healed":0,"gold_gain":0,"player_choice":"Gave Potion","damage_taken":0,"relics_obtained":["Thread and Needle"],"max_hp_gain":0,"max_hp_loss":0,"event_name":"WeMeetAgain","floor":5,"gold_loss":0}],"is_beta":false,"boss_relics":[],"items_purged_floors":[11],"is_endless":false,"potions_floor_spawned":[1,4,10,12,13],"killed_by":"Hexaghost","ascension_level":20}}