{"host":"xv6tnu9e6lzjd13s","time":1611880108,"event":{"mods":["BaseMod","Colored Powertips","Downfall","Googly Eyes","Hermit","Minty Spire (QoL Compilation)","StSLib","The Animator","The Cursed","The Servant 0.9.4"],"gold_per_floor":[123,123,134,134,134,134,148,195,245,245,258,271,92,92,92,215,215,230,263,233,233],"floor_reached":20,"language":"ENG","playtime":1245,"items_purged":[],"score":222,"play_id":"4e502e1c-8225-4d75-bab9-1628a84357a6","local_time":"20210128172828","is_ascension_mode":false,"campfire_choices":[{"data":"animator:DolaSchwi","floor":6,"key":"SMITH"},{"floor":15,"key":"REST"}],"circlet_count":0,"master_deck":["animator:Strike_NoGameNoLife","animator:Defend_NoGameNoLife","animator:Strike+1","animator:Strike","animator:Strike","animator:Defend","animator:Defend+1","animator:Defend","animator:DolaSchwi+1","animator:DolaCouronne","animator:MisaKurobane","animator:SakuraMatou","animator:MetalKnight","animator:Lu","animator:DolaRiku+1","animator:Patchouli","animator:HigakiRinne","animator:Hitei+1"],"relics":["animator:LivingPicture","animator:TheMissingPiece","Blood Vial","animator:WornHelmet","Golden Idol","SlaversCollar","Red Mask"],"acts_visited":["Exordium","TheCity"],"potions_floor_usage":[16,19],"damage_taken":[{"damage":2,"enemies":"Small Slimes","floor":1,"turns":4},{"damage":12,"enemies":"2 Louse","floor":3,"turns":3},{"damage":0,"enemies":"Cultist","floor":7,"turns":4},{"damage":21,"enemies":"3 Sentries","floor":8,"turns":8},{"damage":12,"enemies":"Exordium Wildlife","floor":11,"turns":4},{"damage":0,"enemies":"Blue Slaver","floor":12,"turns":3},{"damage":0,"enemies":"Slime Boss","floor":16,"turns":6},{"damage":23,"enemies":"Shell Parasite","floor":18,"turns":5},{"damage":37,"enemies":"Masked Bandits","floor":19,"turns":5},{"damage":9,"enemies":"2 Thieves","floor":20,"turns":1}],"seed_played":"8647225245995091944","potions_obtained":[{"floor":7,"key":"Strength Potion"},{"floor":8,"key":"DistilledChaos"},{"floor":11,"key":"EssenceOfSteel"},{"floor":16,"key":"Strength Potion"},{"floor":18,"key":"SkillPotion"}],"is_trial":false,"path_per_floor":["M","?","M","?","?","R","M","E","T","?","M","M","$","?","R","B",null,"M","?","M"],"character_chosen":"THE_ANIMATOR","items_purchased":["animator:Patchouli"],"campfire_rested":1,"item_purchase_floors":[13],"current_hp_per_floor":[64,64,52,39,61,61,61,40,40,40,30,32,32,32,50,52,61,38,3,0,0],"gold":233,"neow_bonus":"RANDOM_COLORLESS","is_daily":false,"chose_seed":false,"campfire_upgraded":1,"win_rate":0.0,"timestamp":1611880108,"path_taken":["M","?","M","?","?","R","M","E","T","?","?","M","$","?","R","BOSS","M","?","M"],"items_purchased_type":["Card"],"build_version":"2020-12-22","purchased_purges":0,"victory":false,"max_hp_per_floor":[66,66,66,66,66,66,66,66,66,66,66,66,66,61,61,61,61,61,61,61,61],"card_choices":[{"not_picked":["animator:Zero","animator:NononJakuzure"],"picked":"animator:MisaKurobane","floor":0},{"not_picked":["animator:Genos","animator:Sonic"],"picked":"animator:SakuraMatou","floor":1},{"not_picked":["animator:Gillette","animator:Ara"],"picked":"animator:MetalKnight","floor":3},{"not_picked":["animator:Berserker","animator:Gillette"],"picked":"animator:Lu","floor":7},{"not_picked":["animator:DolaStephanie","animator:FielNirvalen"],"picked":"animator:DolaRiku","floor":8},{"not_picked":["animator:Rider","animator:Vanir","animator:Ara"],"picked":"SKIP","floor":11},{"not_picked":["animator:Archer","animator:Rider","animator:Shichika"],"picked":"SKIP","floor":12},{"not_picked":["animator:Boros","animator:Wiz"],"picked":"animator:HigakiRinne","floor":16},{"not_picked":["animator:Melzalgald","animator:Berserker","animator:SilverFang"],"picked":"SKIP","floor":18},{"not_picked":["animator:MumenRider","animator:ShinjiMatou"],"picked":"animator:Hitei+1","floor":19}],"player_experience":85774,"relics_obtained":[{"floor":8,"key":"Blood Vial"},{"floor":9,"key":"animator:WornHelmet"},{"floor":19,"key":"Red Mask"}],"event_choices":[{"damage_healed":0,"gold_gain":0,"player_choice":"Ignored","damage_taken":0,"max_hp_gain":0,"max_hp_loss":0,"event_name":"Liars Game","floor":2,"gold_loss":0},{"damage_healed":0,"gold_gain":0,"player_choice":"Entered Light","damage_taken":13,"max_hp_gain":0,"max_hp_loss":0,"event_name":"Shining Light","floor":4,"gold_loss":0,"cards_upgraded":["animator:Strike","animator:Defend"]},{"damage_healed":22,"gold_gain":0,"player_choice":"Banana","damage_taken":0,"max_hp_gain":0,"max_hp_loss":0,"event_name":"Big Fish","floor":5,"gold_loss":0},{"damage_healed":0,"gold_gain":0,"player_choice":"Forge","damage_taken":0,"max_hp_gain":0,"max_hp_loss":0,"event_name":"Accursed Blacksmith","floor":10,"gold_loss":0,"cards_upgraded":["animator:DolaRiku"]},{"damage_healed":0,"gold_gain":0,"player_choice":"Lose Max HP","damage_taken":0,"relics_obtained":["Golden Idol"],"max_hp_gain":0,"max_hp_loss":5,"event_name":"Golden Idol","floor":14,"gold_loss":0},{"damage_healed":0,"gold_gain":0,"player_choice":"Fought Bandits","damage_taken":0,"max_hp_gain":0,"max_hp_loss":0,"event_name":"Masked Bandits","floor":19,"gold_loss":0}],"is_beta":false,"boss_relics":[{"not_picked":["Runic Dome","Tiny House"],"picked":"SlaversCollar"}],"items_purged_floors":[],"is_endless":false,"potions_floor_spawned":[7,8,11,12,16,18],"killed_by":"2 Thieves","ascension_level":0}}