{"host":"takgv9cv6xf64vhq","time":1611924602,"event":{"mods":["BaseMod","Colored Powertips","Downfall","Hubris","LagranYue(拉格朗・月)","Marisa（F雨　魔理沙）","Minty Spire (QoL Compilation)","Replay The Spire","StSLib","The Animator","The Cursed","The Jungle","TheHeartMod"],"gold_per_floor":[119,119,129,53,64,96,14,14,14,29,55,73,73,73,73,174,174,194,39,53,68,68,79,4,4,79,110,122,134,148,178,178,282,282,295,307,77,91,139,170,170,170,194,219,236,254,284,300,300,300],"floor_reached":51,"language":"ZHS","playtime":5160,"items_purged":["downfall:Icky","animator:Curse_Greed"],"score":932,"play_id":"e53d6998-ba71-4a0c-ab69-e374388a5d7d","local_time":"20210129205002","is_ascension_mode":true,"campfire_choices":[{"data":"Footwork","floor":15.0,"key":"SMITH"},{"data":"Noxious Fumes","floor":25.0,"key":"SMITH"},{"floor":32.0,"key":"DIG"},{"floor":42.0,"key":"RECALL"},{"data":"Pain","floor":49,"key":"PURGE"}],"circlet_count":0,"master_deck":["Strike_G","Strike_G","Strike_G","Strike_G","Strike_G","Defend_G","Defend_G","Defend_G","Defend_G","Defend_G","Survivor","Neutralize","Blur","Neutralize","Forethought","Predator","Footwork+1","Dagger Spray","Backflip","Caltrops","Sucker Punch","ReplayTheSpireMod:Speed Training","Footwork","Replay:Bag of Tricks","hubris:SlightOfHand","Blade Dance+1","Noxious Fumes+1","Catalyst","Bullet Time","Pot Of Greed","Pot Of Greed","Pot Of Greed","Dagger Throw","Draining Mist","PiercingWail+1","Adrenaline","Bullet Time","Pot Of Greed","Masterful Stab+1","Backflip+1","Accuracy","Terror","Bouncing Flask+1","Noxious Fumes","Heel Hook+1","Strike_B","hubris:Envy","Wraith Form v2","PiercingWail+1","Pot Of Greed","Calculated Gamble","Hidden Blade","Dash"],"relics":["Cursed Key","Pet Ghost","WarpedTongs","Snack Pack","hubris:Potato","Bottled Tornado","expansioncontent:StudyCardRelic","Bag of Preparation","Replay:Accelerometer","Grinning Jar","ReplayFunnel","StrikeDummy","SlaversCollar","CatCart","Du-Vu Doll","LagranYue:MagicReflectiveArmorRelic","Orichalcum","Happy Flower"],"acts_visited":["Exordium","TheCity","TheBeyond"],"potions_floor_usage":[50,50],"damage_taken":[{"damage":0.0,"enemies":"2 Louse","floor":1.0,"turns":3.0},{"damage":0.0,"enemies":"Cultist","floor":3.0,"turns":5.0},{"damage":0.0,"enemies":"Small Slimes","floor":5.0,"turns":4.0},{"damage":52.0,"enemies":"Gremlin Nob","floor":6.0,"turns":7.0},{"damage":3.0,"enemies":"Looter","floor":10.0,"turns":3.0},{"damage":14.0,"enemies":"Lagavulin","floor":11.0,"turns":8.0},{"damage":0.0,"enemies":"Gremlin Gang","floor":12.0,"turns":5.0},{"damage":1.0,"enemies":"The Guardian","floor":16.0,"turns":13.0},{"damage":0.0,"enemies":"Shell Parasite","floor":18.0,"turns":5.0},{"damage":0.0,"enemies":"Chosen","floor":20.0,"turns":5.0},{"damage":12.0,"enemies":"Centurion and Healer","floor":21.0,"turns":4.0},{"damage":0.0,"enemies":"Shelled Parasite and Fungi","floor":23.0,"turns":4.0},{"damage":7.0,"enemies":"Gremlin Leader","floor":27.0,"turns":8.0},{"damage":0.0,"enemies":"Snecko","floor":28.0,"turns":4.0},{"damage":14.0,"enemies":"Centurion and Healer","floor":29.0,"turns":5.0},{"damage":2.0,"enemies":"Chosen and Byrds","floor":30.0,"turns":4.0},{"damage":11.0,"enemies":"Slavers","floor":31.0,"turns":5.0},{"damage":19.0,"enemies":"Collector","floor":33.0,"turns":12.0},{"damage":0.0,"enemies":"Orb Walker","floor":35.0,"turns":4.0},{"damage":18.0,"enemies":"3 Darklings","floor":36.0,"turns":5.0},{"damage":3.0,"enemies":"Jaw Worm Horde","floor":38.0,"turns":4.0},{"damage":47.0,"enemies":"Orin","floor":39.0,"turns":8.0},{"damage":6.0,"enemies":"Giant Head","floor":40.0,"turns":6.0},{"damage":2.0,"enemies":"Reptomancer","floor":44.0,"turns":5.0},{"damage":10.0,"enemies":"Sphere and 2 Shapes","floor":45.0,"turns":8.0},{"damage":0.0,"enemies":"4 Shapes","floor":46.0,"turns":5.0},{"damage":0,"enemies":"Nemesis","floor":47,"turns":7},{"damage":0,"enemies":"Spire Growth","floor":48,"turns":5},{"damage":0,"enemies":"Donu and Deca","floor":50,"turns":10}],"seed_played":"4691237717036805314","potions_obtained":[{"floor":5.0,"key":"SpeedPotion"},{"floor":11.0,"key":"LifebloodPotion"},{"floor":12.0,"key":"Weak Potion"},{"floor":16.0,"key":"BlessingOfTheForge"},{"floor":20.0,"key":"Strength Potion"},{"floor":28.0,"key":"SmokeBomb"},{"floor":30.0,"key":"Fire Potion"},{"floor":31.0,"key":"Block Potion"},{"floor":38.0,"key":"Poison Potion"},{"floor":39.0,"key":"Fire Potion"},{"floor":40.0,"key":"Block Potion"},{"floor":44.0,"key":"ColorlessPotion"}],"is_trial":false,"path_per_floor":["M","?","M","$","M","E","$","?","T","M","E","M","$","T","R","B",null,"M","$","M","M","?","M","$","R","T","E","M","M","M","E","R","B",null,"M","M","$","M","?","E","?","R","T","E","M","M","E","M","R","B",null],"character_chosen":"THE_SILENT","items_purchased":["Footwork","Caltrops","Bag of Preparation","Accuracy","Terror"],"campfire_rested":0,"item_purchase_floors":[4,7,19,37,37],"current_hp_per_floor":[70,70,70,70,70,18,18,18,18,15,7,11,11,11,11,22,70,70,70,70,64,64,70,70,70,70,69,70,60,66,59,59,54,70,70,58,58,63,28,30,30,30,30,34,32,36,44,46,46,58],"gold":300,"neow_bonus":"BOSS_RELIC","is_daily":false,"chose_seed":false,"campfire_upgraded":2,"win_rate":0.0,"timestamp":1611924602,"path_taken":["M","?","?","?","M","E","$","?","T","M","E","?","$","?","R","BOSS","M","$","M","?","?","?","?","R","T","E","M","M","M","E","R","BOSS","M","M","$","M","?","E","?","R","T","E","M","?","E","?","R","BOSS"],"items_purchased_type":["Card","Card","Relic","Card","Card"],"build_version":"2020-12-22","purchased_purges":2,"victory":true,"max_hp_per_floor":[70,70,70,70,70,70,70,70,70,70,70,70,70,70,70,70,70,70,70,70,70,70,70,70,70,70,70,70,70,70,70,70,70,70,70,70,70,70,70,70,70,70,70,70,70,70,70,70,70,70],"card_choices":[{"not_picked":["Outmaneuver","Backstab"],"picked":"Blur","floor":1.0},{"not_picked":["Sucker Punch","hubris:SlightOfHand"],"picked":"Predator","floor":3.0},{"not_picked":["Dagger Throw","Prepared"],"picked":"Dagger Spray","floor":5.0},{"not_picked":["Tactician","Outmaneuver"],"picked":"Backflip","floor":6.0},{"not_picked":["Expertise","Flying Knee"],"picked":"Sucker Punch","floor":10.0},{"not_picked":["Choke","Flechettes"],"picked":"ReplayTheSpireMod:Speed Training","floor":11.0},{"not_picked":["Tactician","Cloak And Dagger"],"picked":"Footwork","floor":12.0},{"not_picked":["Burst","Doppelganger"],"picked":"Replay:Bag of Tricks","floor":16.0},{"not_picked":["Predator","Bane"],"picked":"hubris:SlightOfHand","floor":18.0},{"not_picked":["hubris:Counter","ReplayTheSpireMod:Scrap Shanks"],"picked":"Blade Dance+1","floor":20.0},{"not_picked":["Outmaneuver","Reflex"],"picked":"Noxious Fumes","floor":21.0},{"not_picked":["Blade Dance","Riddle With Holes"],"picked":"Catalyst","floor":23.0},{"not_picked":["Blade Dance+1","ReplayTheSpireMod:Shiv Toss"],"picked":"Bullet Time","floor":27.0},{"not_picked":["Poisoned Stab","Endless Agony"],"picked":"Dagger Throw","floor":28.0},{"not_picked":["Expertise","Underhanded Strike"],"picked":"Draining Mist","floor":29.0},{"not_picked":["Quick Slash","Slice"],"picked":"PiercingWail+1","floor":30.0},{"not_picked":["Hidden Blade","PiercingWail"],"picked":"Adrenaline","floor":31.0},{"not_picked":["ReplayTheSpireMod:Necrosis","Doppelganger"],"picked":"Bullet Time","floor":33.0},{"not_picked":["ReplayTheSpireMod:The Works","Bane+1"],"picked":"Masterful Stab+1","floor":35.0},{"not_picked":["hubris:TrickCloak","Sucker Punch"],"picked":"Backflip+1","floor":36.0},{"not_picked":["Outmaneuver+1","Flying Knee+1"],"picked":"Bouncing Flask+1","floor":38.0},{"not_picked":["Dagger Throw","Catalyst"],"picked":"Noxious Fumes","floor":39.0},{"not_picked":["Dodge and Roll","PiercingWail"],"picked":"Heel Hook+1","floor":40.0},{"not_picked":["Slice+1","ReplayTheSpireMod:The Works+1"],"picked":"Wraith Form v2","floor":44.0},{"not_picked":["Calculated Gamble","Hidden Blade"],"picked":"PiercingWail+1","floor":45.0},{"not_picked":["Outmaneuver","Poisoned Stab"],"picked":"Calculated Gamble","floor":46.0},{"not_picked":["Backflip","Choke+1"],"picked":"Hidden Blade","floor":47},{"not_picked":["Quick Slash+1","Concentrate+1"],"picked":"Dash","floor":48}],"player_experience":189773,"relics_obtained":[{"floor":6.0,"key":"Pet Ghost"},{"floor":9.0,"key":"Snack Pack"},{"floor":11.0,"key":"hubris:Potato"},{"floor":14.0,"key":"Bottled Tornado"},{"floor":26.0,"key":"Replay:Accelerometer"},{"floor":27.0,"key":"Grinning Jar"},{"floor":31.0,"key":"ReplayFunnel"},{"floor":32.0,"key":"StrikeDummy"},{"floor":39.0,"key":"CatCart"},{"floor":40.0,"key":"Du-Vu Doll"},{"floor":43.0,"key":"LagranYue:MagicReflectiveArmorRelic"},{"floor":44.0,"key":"Orichalcum"},{"floor":47,"key":"Happy Flower"}],"event_choices":[{"damage_healed":0.0,"max_hp_gain":0.0,"max_hp_loss":0.0,"gold_gain":0.0,"event_name":"Match and Keep!","player_choice":"2 cards matched","floor":2.0,"gold_loss":0.0,"damage_taken":0.0,"cards_obtained":["Neutralize","Forethought"]},{"damage_healed":0.0,"max_hp_gain":0.0,"max_hp_loss":0.0,"gold_gain":0.0,"event_name":"Accursed Blacksmith","player_choice":"Rummage","floor":8.0,"gold_loss":0.0,"damage_taken":0.0,"relics_obtained":["WarpedTongs"],"cards_obtained":["Pain"]},{"cards_removed":["downfall:Malfunctioning"],"damage_healed":0.0,"max_hp_gain":0.0,"max_hp_loss":0.0,"gold_gain":0.0,"event_name":"Wheel of Change","player_choice":"Card Removal","floor":22.0,"gold_loss":0.0,"damage_taken":0.0},{"damage_healed":0.0,"max_hp_gain":0.0,"max_hp_loss":0.0,"gold_gain":0.0,"event_name":"OrinTheCat","player_choice":"Fight","floor":39.0,"gold_loss":0.0,"damage_taken":0.0},{"cards_removed":["Terror"],"damage_healed":0.0,"max_hp_gain":0.0,"max_hp_loss":0.0,"gold_gain":0.0,"event_name":"NoteForYourself","player_choice":"Took Card","floor":41.0,"gold_loss":0.0,"damage_taken":0.0,"cards_obtained":["Strike_B"]}],"is_beta":false,"boss_relics":[{"not_picked":["Astrolabe","Replay:Wanted Poster"],"picked":"expansioncontent:StudyCardRelic"},{"not_picked":["Kintsugi","Ring of Chaos"],"picked":"SlaversCollar"}],"items_purged_floors":[24,37],"is_endless":false,"potions_floor_spawned":[5,11,12,16,20,28,30,31,38,39,40,44],"ascension_level":1}}