{"host":"a1eatafr7pisesky","time":1611922303,"event":{"mods":["AchievementEnabler","BaseMod","Colored Map","Keyboard Shortcuts","Minty Spire (QoL Compilation)","Say the Spire","StSLib","SuperFastMode","everything is the same but u backflip on backflip"],"gold_per_floor":[114,127,47,67,82,116,116,132,155,182,160,185,135,151,151,225,225,236,266,266,19,19,19,48,59,59,108,108,122,122,122],"floor_reached":30,"language":"KOR","playtime":1293,"items_purged":["Flex"],"score":464,"play_id":"18b93111-e931-4403-b9bb-2b5bc236821a","local_time":"20210129211143","is_ascension_mode":true,"campfire_choices":[{"data":"Feed","floor":7.0,"key":"SMITH"},{"data":"Armaments","floor":15.0,"key":"SMITH"},{"floor":23.0,"key":"REST"},{"floor":28.0,"key":"REST"}],"circlet_count":0,"master_deck":["AscendersBane","Bash","Cleave","Rage","Thunderclap","Battle Trance+1","Burning Pact","Shrug It Off","Flex+1","Feed+1","Armaments+1","Intimidate","Body Slam","Impervious","Uppercut","Inflame","Flex","Warcry","Brutality","Dual Wield","Feel No Pain","Evolve","Barricade","Shrug It Off","Intimidate"],"relics":["Burning Blood","Nunchaku","Art of War","War Paint","Odd Mushroom","Pandora\u0027s Box","Red Mask","MutagenicStrength","Pen Nib","Ancient Tea Set"],"acts_visited":["Exordium","TheCity"],"potions_floor_usage":[30,30,30],"damage_taken":[{"damage":0.0,"enemies":"Cultist","floor":1.0,"turns":3.0},{"damage":0.0,"enemies":"2 Louse","floor":2.0,"turns":2.0},{"damage":8.0,"enemies":"Small Slimes","floor":4.0,"turns":4.0},{"damage":6.0,"enemies":"2 Fungi Beasts","floor":5.0,"turns":3.0},{"damage":34.0,"enemies":"3 Sentries","floor":6.0,"turns":6.0},{"damage":3.0,"enemies":"Exordium Wildlife","floor":8.0,"turns":4.0},{"damage":34.0,"enemies":"Lagavulin","floor":10.0,"turns":7.0},{"damage":1.0,"enemies":"The Mushroom Lair","floor":12.0,"turns":3.0},{"damage":0.0,"enemies":"Blue Slaver","floor":14.0,"turns":2.0},{"damage":24.0,"enemies":"Hexaghost","floor":16.0,"turns":12.0},{"damage":22.0,"enemies":"3 Byrds","floor":18.0,"turns":6.0},{"damage":47.0,"enemies":"Masked Bandits","floor":19.0,"turns":4.0},{"damage":48.0,"enemies":"Slavers","floor":24.0,"turns":8.0},{"damage":7.0,"enemies":"Shell Parasite","floor":25.0,"turns":8.0},{"damage":35.0,"enemies":"Cultist and Chosen","floor":29.0,"turns":9.0},{"damage":15,"enemies":"Snake Plant","floor":30,"turns":4}],"seed_played":"-2206205834378771304","potions_obtained":[{"floor":2.0,"key":"Energy Potion"},{"floor":4.0,"key":"GamblersBrew"},{"floor":12.0,"key":"Energy Potion"},{"floor":19.0,"key":"Block Potion"},{"floor":25.0,"key":"Ancient Potion"}],"is_trial":false,"path_per_floor":["M","M","$","M","M","E","R","M","T","E","?","?","?","M","R","B",null,"M","?","?","$","?","R","E","M","$","T","R","M","M"],"character_chosen":"IRONCLAD","items_purchased":["Burning Pact","Feel No Pain","EntropicBrew"],"campfire_rested":2,"item_purchase_floors":[3,21,21],"current_hp_per_floor":[56,62,62,60,60,32,32,39,39,11,11,20,20,30,30,12,68,56,19,19,19,19,47,13,12,12,12,42,13,0,0],"gold":122,"neow_bonus":"TRANSFORM_TWO_CARDS","is_daily":false,"chose_seed":false,"campfire_upgraded":2,"win_rate":0.0,"timestamp":1611922303,"path_taken":["M","M","$","M","?","E","R","M","T","E","?","?","?","?","R","BOSS","M","?","?","$","?","R","E","M","$","T","R","M","M"],"items_purchased_type":["Card","Card","Potion"],"build_version":"2020-12-22","purchased_purges":1,"victory":false,"max_hp_per_floor":[75,75,75,75,75,75,75,79,79,79,79,83,83,87,87,87,87,91,95,95,95,95,95,103,103,103,103,103,103,103,103],"card_choices":[{"not_picked":["Warcry","Power Through"],"picked":"Thunderclap","floor":1.0},{"not_picked":["Reckless Charge","Twin Strike"],"picked":"Battle Trance","floor":2.0},{"not_picked":["Entrench","Shockwave"],"picked":"Shrug It Off","floor":4.0},{"not_picked":["Armaments","Wild Strike"],"picked":"Flex","floor":5.0},{"not_picked":["Entrench","Pommel Strike"],"picked":"Feed","floor":6.0},{"not_picked":["Perfected Strike","Anger","Clothesline"],"picked":"SKIP","floor":8.0},{"not_picked":["Hemokinesis","Feed"],"picked":"Armaments","floor":10.0},{"not_picked":["Sword Boomerang","Metallicize"],"picked":"Intimidate","floor":12.0},{"not_picked":["Shrug It Off","Clothesline"],"picked":"Body Slam","floor":14.0},{"not_picked":["Corruption","Reaper"],"picked":"Impervious","floor":16.0},{"not_picked":["Power Through","Infernal Blade"],"picked":"Dual Wield","floor":18.0},{"not_picked":["Shockwave","Anger+1"],"picked":"Barricade","floor":24.0},{"not_picked":["Burning Pact","Shockwave"],"picked":"Shrug It Off","floor":25.0},{"not_picked":["Metallicize","Sentinel"],"picked":"Intimidate","floor":29.0}],"player_experience":380031,"relics_obtained":[{"floor":6.0,"key":"Nunchaku"},{"floor":9.0,"key":"Art of War"},{"floor":10.0,"key":"War Paint"},{"floor":12.0,"key":"Odd Mushroom"},{"floor":19.0,"key":"Red Mask"},{"floor":24.0,"key":"Pen Nib"},{"floor":27.0,"key":"Ancient Tea Set"}],"event_choices":[{"damage_healed":0.0,"max_hp_gain":0.0,"max_hp_loss":0.0,"gold_gain":0.0,"event_name":"World of Goop","player_choice":"Left Gold","floor":11.0,"gold_loss":22.0,"damage_taken":0.0},{"damage_healed":0.0,"max_hp_gain":0.0,"max_hp_loss":0.0,"gold_gain":0.0,"event_name":"Mushrooms","player_choice":"Fought Mushrooms","floor":12.0,"gold_loss":0.0,"damage_taken":0.0},{"cards_removed":["Strike_R"],"damage_healed":0.0,"max_hp_gain":0.0,"max_hp_loss":0.0,"gold_gain":0.0,"event_name":"The Cleric","player_choice":"Card Removal","floor":13.0,"gold_loss":50.0,"damage_taken":0.0},{"damage_healed":0.0,"max_hp_gain":0.0,"max_hp_loss":0.0,"gold_gain":0.0,"event_name":"Masked Bandits","player_choice":"Fought Bandits","floor":19.0,"gold_loss":0.0,"damage_taken":0.0},{"damage_healed":0.0,"max_hp_gain":0.0,"max_hp_loss":0.0,"gold_gain":0.0,"event_name":"Drug Dealer","player_choice":"Inject Mutagens","floor":20.0,"gold_loss":0.0,"damage_taken":0.0,"relics_obtained":["MutagenicStrength"]},{"damage_healed":0.0,"max_hp_gain":0.0,"max_hp_loss":0.0,"gold_gain":0.0,"event_name":"Match and Keep!","player_choice":"1 cards matched","floor":22.0,"gold_loss":0.0,"damage_taken":0.0,"cards_obtained":["Evolve"]}],"is_beta":false,"boss_relics":[{"not_picked":["Velvet Choker","SacredBark"],"picked":"Pandora\u0027s Box"}],"items_purged_floors":[21],"is_endless":false,"potions_floor_spawned":[2,4,8,12,19,24,25],"killed_by":"Snake Plant","ascension_level":14}}