{"host":"owox7x4ngjt9htcc","time":1611897624,"event":{"mods":["BaseMod","Colored Map","DeckTracker","Keyboard Shortcuts","Minty Spire (QoL Compilation)","SuperFastMode"],"gold_per_floor":[114,114,129,229,244,244,274,49,49,64,64,64,64,30,30,130,130,145,145,59,74,89,119,119,158,183,198,222,231,270,294,294,403,453,468,99,114,138,0,0,0,30,55,70,100,115,115,115,115,115],"floor_reached":51,"language":"KOR","playtime":1365,"items_purged":["Doppelganger"],"score":865,"play_id":"6ed5ac68-24a9-41d4-bdbf-249e000300ff","local_time":"20210129142024","daily_mods":["Shiny","ControlledChaos","Lethality"],"is_ascension_mode":false,"campfire_choices":[{"data":"After Image","floor":6,"key":"SMITH"},{"data":"Bullet Time","floor":12,"key":"SMITH"},{"data":"Envenom","floor":15,"key":"SMITH"},{"data":"Infinite Blades","floor":24,"key":"SMITH"},{"floor":32,"key":"REST"},{"data":"Adrenaline","floor":40,"key":"SMITH"},{"floor":47,"key":"REST"},{"data":"A Thousand Cuts","floor":49,"key":"SMITH"}],"circlet_count":0,"master_deck":["Venomology","Corpse Explosion","Malaise","Phantasmal Killer","Die Die Die","Adrenaline+1","Envenom+1","Burst","Wraith Form v2","Tools of the Trade","Night Terror","After Image+1","Bullet Time+1","Storm of Steel","Glass Knife","A Thousand Cuts+1","Infinite Blades+1","Acrobatics+1","PiercingWail","Leg Sweep","Blade Dance","Footwork","Footwork","Dodge and Roll","Slice+1","Blade Dance","Infinite Blades","Blur","Blade Dance","Adrenaline","Sucker Punch+1","Adrenaline","Noxious Fumes","Cloak And Dagger","Accuracy+1"],"relics":["Ring of the Snake","Frozen Eye","Akabeko","Anchor","Nunchaku","Meat on the Bone","WristBlade","MutagenicStrength","Oddly Smooth Stone","CeramicFish","Regal Pillow","Toy Ornithopter","Tiny House","Mango","Red Mask","Du-Vu Doll","PreservedInsect","MealTicket"],"acts_visited":["Exordium","TheCity","TheBeyond"],"potions_floor_usage":[3,7,16,18,18,22,23,30,33,35,38,44,50,50,50],"damage_taken":[{"damage":1,"enemies":"Jaw Worm","floor":1,"turns":3},{"damage":8,"enemies":"Small Slimes","floor":3,"turns":2},{"damage":0,"enemies":"Cultist","floor":5,"turns":2},{"damage":16,"enemies":"Gremlin Nob","floor":7,"turns":4},{"damage":0,"enemies":"Exordium Thugs","floor":10,"turns":1},{"damage":15,"enemies":"Hexaghost","floor":16,"turns":7},{"damage":0,"enemies":"2 Thieves","floor":18,"turns":4},{"damage":0,"enemies":"Spheric Guardian","floor":21,"turns":1},{"damage":0,"enemies":"Snecko","floor":22,"turns":2},{"damage":7,"enemies":"Slavers","floor":23,"turns":2},{"damage":0,"enemies":"Gremlin Leader","floor":25,"turns":3},{"damage":6,"enemies":"Cultist and Chosen","floor":27,"turns":3},{"damage":19,"enemies":"Shelled Parasite and Fungi","floor":28,"turns":3},{"damage":29,"enemies":"Slavers","floor":30,"turns":3},{"damage":0,"enemies":"Snake Plant","floor":31,"turns":4},{"damage":8,"enemies":"Champ","floor":33,"turns":6},{"damage":0,"enemies":"3 Darklings","floor":35,"turns":3},{"damage":13,"enemies":"3 Shapes","floor":37,"turns":3},{"damage":23,"enemies":"Spire Growth","floor":38,"turns":4},{"damage":3,"enemies":"Reptomancer","floor":42,"turns":4},{"damage":4,"enemies":"Transient","floor":44,"turns":5},{"damage":0,"enemies":"Giant Head","floor":45,"turns":5},{"damage":0,"enemies":"Jaw Worm Horde","floor":46,"turns":3},{"damage":16,"enemies":"Awakened One","floor":50,"turns":6}],"seed_played":"1138922244981197753","potions_obtained":[{"floor":3,"key":"CunningPotion"},{"floor":7,"key":"EntropicBrew"},{"floor":22,"key":"CultistPotion"},{"floor":25,"key":"Block Potion"},{"floor":31,"key":"DuplicationPotion"},{"floor":34,"key":"Regen Potion"},{"floor":41,"key":"Energy Potion"},{"floor":44,"key":"CunningPotion"},{"floor":46,"key":"Block Potion"}],"is_trial":false,"path_per_floor":["M","?","M","?","M","R","E","$","T","M","T","R","?","$","R","B",null,"M","?","$","M","M","E","R","E","T","M","M","?","E","M","R","B",null,"M","$","M","M","?","R","?","E","T","M","E","M","R","?","R","B",null],"character_chosen":"THE_SILENT","items_purchased":["Anchor","Footwork","Footwork","Dodge and Roll","Mango","Noxious Fumes","Cloak And Dagger"],"campfire_rested":2,"item_purchase_floors":[8,14,20,20,36,36,36],"current_hp_per_floor":[69,62,54,54,54,54,38,38,38,38,38,38,43,43,43,40,75,75,75,75,75,75,68,68,68,68,62,43,43,26,38,75,72,80,80,94,81,63,63,63,63,60,60,61,61,61,94,94,94,83],"gold":115,"neow_bonus":"","is_daily":true,"chose_seed":false,"campfire_upgraded":6,"win_rate":0.0,"timestamp":1611897624,"path_taken":["M","?","M","?","?","R","E","?","T","M","?","R","?","$","R","BOSS","M","?","$","M","M","E","R","E","T","M","M","?","E","M","R","BOSS","M","$","M","M","?","R","?","E","T","M","E","?","R","?","R","BOSS"],"items_purchased_type":["Relic","Card","Card","Card","Relic","Card","Card"],"build_version":"2020-12-22","purchased_purges":1,"victory":true,"max_hp_per_floor":[70,70,70,70,70,70,70,70,70,70,70,70,75,75,75,75,75,75,75,75,75,75,75,75,75,75,75,75,75,75,75,75,75,80,80,94,94,94,94,94,94,94,94,94,94,94,94,94,94,94],"card_choices":[{"not_picked":["Masterful Stab","Cloak And Dagger"],"picked":"Infinite Blades","floor":1},{"not_picked":["Slice","Endless Agony"],"picked":"Acrobatics","floor":3},{"not_picked":["Bane","Finisher"],"picked":"PiercingWail","floor":5},{"not_picked":["Quick Slash","Dodge and Roll"],"picked":"Leg Sweep","floor":7},{"not_picked":["Choke","Bane"],"picked":"Blade Dance","floor":10},{"not_picked":["Deadly Poison","Deflect","Predator"],"picked":"SKIP","floor":18},{"not_picked":["Reflex","Eviscerate"],"picked":"Slice+1","floor":21},{"not_picked":["Underhanded Strike","Slice","Outmaneuver"],"picked":"SKIP","floor":22},{"not_picked":["All Out Attack","Distraction+1"],"picked":"Blade Dance","floor":23},{"not_picked":["A Thousand Cuts","Blade Dance"],"picked":"Infinite Blades","floor":25},{"not_picked":["Underhanded Strike","Sucker Punch","Bane+1"],"picked":"SKIP","floor":27},{"not_picked":["Backstab","Bane"],"picked":"Blur","floor":28},{"not_picked":["Outmaneuver","Expertise"],"picked":"Adrenaline","floor":30},{"not_picked":["Prepared","Slice"],"picked":"Sucker Punch+1","floor":31},{"not_picked":["Unload","Night Terror"],"picked":"Adrenaline","floor":33},{"not_picked":["Flying Knee+1","Sucker Punch","Acrobatics+1"],"picked":"SKIP","floor":35},{"not_picked":["Dash","Deadly Poison+1","Flying Knee"],"picked":"SKIP","floor":37},{"not_picked":["Bouncing Flask+1","Storm of Steel"],"picked":"Accuracy+1","floor":38},{"not_picked":["Caltrops","Bane","Prepared"],"picked":"SKIP","floor":42},{"not_picked":["Slice","Dash","Catalyst+1"],"picked":"SKIP","floor":44},{"not_picked":["Dagger Spray+1","Doppelganger","Dash"],"picked":"SKIP","floor":45},{"not_picked":["Choke+1","Expertise","Flying Knee"],"picked":"SKIP","floor":46}],"player_experience":903456,"relics_obtained":[{"floor":7,"key":"Akabeko"},{"floor":9,"key":"Nunchaku"},{"floor":11,"key":"Meat on the Bone"},{"floor":23,"key":"Oddly Smooth Stone"},{"floor":25,"key":"CeramicFish"},{"floor":26,"key":"Regal Pillow"},{"floor":30,"key":"Toy Ornithopter"},{"floor":42,"key":"Du-Vu Doll"},{"floor":43,"key":"PreservedInsect"},{"floor":45,"key":"MealTicket"}],"event_choices":[{"cards_removed":["Grand Finale"],"damage_healed":0,"gold_gain":0,"player_choice":"Card Removal","damage_taken":7,"max_hp_gain":0,"max_hp_loss":0,"event_name":"Golden Wing","floor":2,"gold_loss":0},{"damage_healed":0,"gold_gain":100,"player_choice":"Gold","damage_taken":0,"max_hp_gain":0,"max_hp_loss":0,"event_name":"Wheel of Change","floor":4,"gold_loss":0},{"damage_healed":0,"gold_gain":0,"player_choice":"Donut","damage_taken":0,"max_hp_gain":5,"max_hp_loss":0,"event_name":"Big Fish","floor":13,"gold_loss":0},{"damage_healed":0,"gold_gain":0,"player_choice":"Inject Mutagens","damage_taken":0,"relics_obtained":["MutagenicStrength"],"max_hp_gain":0,"max_hp_loss":0,"event_name":"Drug Dealer","floor":19,"gold_loss":0},{"damage_healed":0,"gold_gain":0,"player_choice":"Read","damage_taken":0,"max_hp_gain":0,"max_hp_loss":0,"event_name":"The Library","floor":29,"gold_loss":0,"cards_obtained":["Blade Dance"]},{"damage_healed":0,"gold_gain":0,"player_choice":"Paid","damage_taken":0,"relics_obtained":["Red Mask"],"max_hp_gain":0,"max_hp_loss":0,"event_name":"Tomb of Lord Red Mask","floor":39,"gold_loss":138},{"damage_healed":0,"gold_gain":0,"player_choice":"Got Potions","damage_taken":0,"max_hp_gain":0,"max_hp_loss":0,"event_name":"Lab","floor":41,"gold_loss":0},{"cards_removed":["Unload"],"damage_healed":0,"gold_gain":0,"player_choice":"Removed Attack","damage_taken":0,"max_hp_gain":0,"max_hp_loss":0,"event_name":"Falling","floor":48,"gold_loss":0}],"is_beta":false,"boss_relics":[{"not_picked":["Ring of the Serpent","Calling Bell"],"picked":"WristBlade"},{"not_picked":["Empty Cage","Runic Dome"],"picked":"Tiny House"}],"items_purged_floors":[8],"is_endless":false,"potions_floor_spawned":[3,7,10,22,25,28,31,42,44,45,46],"ascension_level":0}}