{"host":"n45maixt3qrh0rsz","time":1611905037,"event":{"mods":["ATMod(°¢èªMod)","Act Like it!","Arknights The Spire","BaseMod","CapriCore","Dota2Spire","Downfall","Gensokyo","Minty Spire (QoL Compilation)","Quick Restart","Relic Stats","Replay The Spire","StSLib","¡¾ÒÅÎï¿¨ÅÆ¡¿REMEMod"],"gold_per_floor":[99,99,99,99,99,99,145,173,73,73,73,73,101,126,154,262,262,62,90,90,90,83,83,131,149,174,196,13,45,86,106,119,229,229,229,249,271,321,321,333,357,376,386,409,64,64,115,157,157,157,157],"floor_reached":49,"language":"ZHS","playtime":2221,"items_purged":[],"score":582,"play_id":"73d95083-7024-4ffd-98c0-fe6c06a01e81","local_time":"20210129152357","is_ascension_mode":false,"campfire_choices":[{"floor":1,"key":"RECALL"},{"data":"hexamod:SoulSteal","floor":9,"key":"SMITH"},{"data":"AT_FamilyPortrait","floor":11,"key":"SMITH"},{"data":"hexamod:GhostOfSpirePresent","floor":18,"key":"SMITH"},{"data":"hexamod:FastForward","floor":23,"key":"SMITH"},{"data":"hexamod:UnlimitedPower","floor":35,"key":"SMITH"},{"floor":46,"key":"REST"}],"circlet_count":0,"master_deck":["hexamod:Strike+1","hexamod:Strike+1","hexamod:Strike+1","hexamod:Defend","hexamod:Defend+1","hexamod:Defend+1","hexamod:Defend+1","hexamod:Sear+1","hexamod:Float+1","REME_BodyOfCthun+1","AT_FamilyPortrait+1","hexamod:ThermalTransfer+1","hexamod:SecondSeal","hexamod:SoulSteal+1","hexamod:DynamicBlow","hexamod:HeatMetal","hexamod:FastForward+1","hexamod:PhantomFireball+1","hexamod:GhostOfSpirePresent+1","hexamod:FastForward+1","hexamod:FastForward","hexamod:SoulSteal","hexamod:FifthSeal","hexamod:FirstSeal","hexamod:Again+1","hexamod:SpectralSpark+1","hexamod:SixthSeal","hexamod:GhostflameBarrier+1","hexamod:FirstSeal","hexamod:Firestarter+1","expansioncontent:DashGenerateEvil+1","hexamod:HauntingEcho+1","hexamod:FlamesFromBeyond","hexamod:SixthSeal","hexamod:NecessarySacrifice+1","hexamod:SixthSeal","hexamod:ApocalypseNow+1","hexamod:SixthSeal","hexamod:UnlimitedPower+1","hexamod:ThirdSeal","hexamod:CatchUp+1","hexamod:FlamesFromBeyond+1","hexamod:FastForward","hexamod:BurningTouch+1","expansioncontent:QuickStudy","hexamod:VolcanoVisage+1","hexamod:NightmareGuise+1","hexamod:SpectralSpark+1","hexamod:SwordOfDarkness+1","hexamod:NightmareStrike+1","hexamod:HeatCrush","hexamod:Incineration","expansioncontent:StudyTheSpire+1","hexamod:SwordOfDarkness+1","hexamod:RadiantFlame+1","Parasite","hexamod:Firestarter","hexamod:ShieldOfDarkness"],"relics":["hexamod:UnbrokenSoul","AT_ATBox","REME_ComplimentaryCards","downfall:HeartsMalice","Dota2Spire:Vanguard","AT_SunfireAegis","downfall:HeartBlessingBlue","AT_TrinityForce","downfall:HeartBlessingRed","downfall:HeartBlessingGreen","AT_ChloranthyRing","Red Mask","PreservedInsect","StoneCalendar","hexamod:BolsterEngine","Potion Belt","AT_MibuBalloonWealth"],"acts_visited":["Exordium","TheCity","TheBeyond"],"potions_floor_usage":[10,16,16,19,33,33,33,43,45,45],"damage_taken":[{"damage":0,"enemies":"Jaw Worm","floor":2,"turns":1},{"damage":0,"enemies":"Small Slimes","floor":6,"turns":1},{"damage":0,"enemies":"Lagavulin","floor":8,"turns":1},{"damage":0,"enemies":"Cultist","floor":12,"turns":1},{"damage":0,"enemies":"Large Slime","floor":13,"turns":3},{"damage":0,"enemies":"2 Fungi Beasts","floor":14,"turns":4},{"damage":4,"enemies":"Exordium Thugs","floor":15,"turns":3},{"damage":10,"enemies":"IC_STATUS_ARCHETYPE","floor":16,"turns":7},{"damage":3,"enemies":"Shell Parasite","floor":19,"turns":3},{"damage":1,"enemies":"downfall:FleeingMerchant","floor":22,"turns":4},{"damage":15,"enemies":"Chosen","floor":25,"turns":6},{"damage":9,"enemies":"Shelled Parasite and Fungi","floor":26,"turns":3},{"damage":10,"enemies":"3 Cultists","floor":27,"turns":5},{"damage":0,"enemies":"downfall:FleeingMerchant","floor":28,"turns":4},{"damage":0,"enemies":"Masked Bandits","floor":29,"turns":2},{"damage":12,"enemies":"Gremlin Leader","floor":30,"turns":5},{"damage":28,"enemies":"Centurion and Healer","floor":31,"turns":6},{"damage":13,"enemies":"Chosen and Byrds","floor":32,"turns":5},{"damage":48,"enemies":"WA_ARCHETYPE_CALM","floor":33,"turns":10},{"damage":21,"enemies":"3 Darklings","floor":36,"turns":6},{"damage":9,"enemies":"3 Shapes","floor":37,"turns":3},{"damage":34,"enemies":"3 Shapes","floor":38,"turns":5},{"damage":15,"enemies":"Writhing Mass","floor":40,"turns":3},{"damage":0,"enemies":"Maw","floor":42,"turns":5},{"damage":35,"enemies":"Jaw Worm Horde","floor":43,"turns":4},{"damage":0,"enemies":"downfall:FleeingMerchant","floor":45,"turns":4},{"damage":22,"enemies":"Spire Growth","floor":47,"turns":3},{"damage":1,"enemies":"Writhing Mass","floor":48,"turns":3},{"damage":7,"enemies":"Jaw Worm Horde","floor":49,"turns":1}],"seed_played":"-3898941972080840017","potions_obtained":[{"floor":10,"key":"REME_GoldPotion"},{"floor":10,"key":"Reflective Coating"},{"floor":10,"key":"Energy Potion"},{"floor":13,"key":"ColorlessPotion"},{"floor":15,"key":"Energy Potion"},{"floor":25,"key":"BlessingOfTheForge"},{"floor":27,"key":"GamblersBrew"},{"floor":30,"key":"Fire Potion"},{"floor":32,"key":"Explosive Potion"},{"floor":33,"key":"LifebloodPotion"},{"floor":36,"key":"Energy Potion"},{"floor":37,"key":"Fire Potion"},{"floor":38,"key":"Cursed Concoction"},{"floor":47,"key":"Energy Potion"}],"is_trial":false,"path_per_floor":["R","M","?","?","T","M","T","E","R","?","R","M","M","M","M","B",null,"R","M","?","?","$","R","T","M","M","M","$","?","E","M","M","B",null,"R","M","M","?","?","M","T","M","M","T","$","R","M","M","M"],"character_chosen":"THE_SPIRIT","items_purchased":["expansioncontent:DashGenerateEvil","expansioncontent:StudyTheSpire","AT_MibuBalloonWealth"],"campfire_rested":1,"item_purchase_floors":[28,45,45],"current_hp_per_floor":[70,70,70,70,70,70,70,70,80,80,80,80,80,80,76,66,80,80,77,77,77,76,76,76,61,52,49,56,63,58,44,45,14,80,80,73,64,44,44,36,36,36,1,1,1,25,3,2,0,0,0],"gold":157,"neow_bonus":"THREE_ENEMY_KILL","is_daily":false,"chose_seed":false,"campfire_upgraded":5,"win_rate":0.0,"timestamp":1611905037,"path_taken":["R","M","?","?","?","M","T","E","R","?","R","M","?","M","M","BOSS","R","M","?","?","$","R","T","M","M","?","$","?","E","M","M","BOSS","R","M","M","?","?","?","T","M","M","?","$","R","M","M","M"],"items_purchased_type":["Card","Card","Relic"],"build_version":"2020-12-22","purchased_purges":0,"victory":false,"max_hp_per_floor":[70,70,70,70,70,70,70,70,80,80,80,80,80,80,80,80,80,80,80,80,80,80,80,80,80,80,80,80,80,80,80,80,80,80,80,80,80,80,80,80,80,80,80,80,80,80,80,80,80,80,80],"relic_stats":{"counters":[29,108],"StoneCalendar":[0],"PreservedInsect":0,"obtain_stats":[{"AT_ChloranthyRing":24,"Potion Belt":44,"AT_ATBox":0,"downfall:HeartBlessingRed":18,"AT_MibuBalloonWealth":45,"downfall:HeartsMalice":0,"downfall:HeartBlessingGreen":18,"StoneCalendar":38,"Dota2Spire:Vanguard":7,"PreservedInsect":30,"downfall:BrokenWingStatue":4,"hexamod:UnbrokenSoul":34,"downfall:HeartBlessingBlue":9,"AT_TrinityForce":17,"Red Mask":29,"AT_SunfireAegis":8,"hexamod:BolsterEngine":41,"hexamod:SpiritBrand":0,"REME_ComplimentaryCards":0},{"AT_ChloranthyRing":10,"Potion Belt":25,"AT_ATBox":0,"downfall:HeartBlessingRed":8,"AT_MibuBalloonWealth":26,"downfall:HeartsMalice":0,"downfall:HeartBlessingGreen":8,"StoneCalendar":22,"Dota2Spire:Vanguard":2,"PreservedInsect":16,"downfall:BrokenWingStatue":1,"hexamod:UnbrokenSoul":19,"downfall:HeartBlessingBlue":3,"AT_TrinityForce":8,"Red Mask":15,"AT_SunfireAegis":3,"hexamod:BolsterEngine":23,"hexamod:SpiritBrand":0,"REME_ComplimentaryCards":0},{"AT_ChloranthyRing":25,"Potion Belt":97,"AT_ATBox":0,"downfall:HeartBlessingRed":18,"AT_MibuBalloonWealth":101,"downfall:HeartsMalice":0,"downfall:HeartBlessingGreen":18,"StoneCalendar":85,"Dota2Spire:Vanguard":0,"PreservedInsect":50,"downfall:BrokenWingStatue":0,"hexamod:UnbrokenSoul":71,"downfall:HeartBlessingBlue":0,"AT_TrinityForce":18,"Red Mask":45,"AT_SunfireAegis":0,"hexamod:BolsterEngine":88,"hexamod:SpiritBrand":0,"REME_ComplimentaryCards":0}]},"card_choices":[{"not_picked":["hexamod:Hexaguard","hexamod:RecurringNightmare"],"picked":"hexamod:ThermalTransfer","floor":2},{"not_picked":["hexamod:SwordOfDarkness","hexamod:RecurringNightmare"],"picked":"hexamod:SecondSeal","floor":6},{"not_picked":["hexamod:NightmareGuise","hexamod:GhostflameBarrier"],"picked":"hexamod:SoulSteal","floor":8},{"not_picked":["hexamod:InspiringFlames","hexamod:HauntingEcho"],"picked":"hexamod:DynamicBlow","floor":12},{"not_picked":["hexamod:Hexaguard","hexamod:PhantomCloak"],"picked":"hexamod:HeatMetal","floor":13},{"not_picked":["hexamod:Hexaguard","hexamod:ChargedBarrage"],"picked":"hexamod:FastForward","floor":14},{"not_picked":["hexamod:EmpoweredFlame","hexamod:Firestarter"],"picked":"hexamod:PhantomFireball","floor":15},{"not_picked":["hexamod:FlameSwitch","hexamod:GiftsFromTheDead"],"picked":"hexamod:GhostOfSpirePresent","floor":16},{"not_picked":["hexamod:NightmareStrike","hexamod:BurningTouch"],"picked":"hexamod:FastForward","floor":19},{"not_picked":["hexamod:AdvancingGuard","hexamod:FirstSeal"],"picked":"hexamod:FifthSeal","floor":22},{"not_picked":["hexamod:FourthSeal","hexamod:ThirdSeal"],"picked":"hexamod:FirstSeal","floor":25},{"not_picked":["hexamod:HauntingEcho","hexamod:GhostLash"],"picked":"hexamod:Again","floor":25},{"not_picked":["hexamod:Firestarter","hexamod:NightmareStrike"],"picked":"hexamod:SpectralSpark","floor":26},{"not_picked":["hexamod:FirstSeal","hexamod:ThirdSeal"],"picked":"hexamod:SixthSeal","floor":27},{"not_picked":["hexamod:SecondSeal","hexamod:Incineration"],"picked":"hexamod:GhostflameBarrier","floor":27},{"not_picked":["hexamod:FourthSeal","hexamod:SecondSeal"],"picked":"hexamod:FirstSeal","floor":28},{"not_picked":["hexamod:AdvancingGuard","hexamod:GhostLash"],"picked":"hexamod:Firestarter","floor":28},{"not_picked":["hexamod:NightmareStrike","hexamod:PhantomCloak"],"picked":"hexamod:HauntingEcho","floor":29},{"not_picked":["hexamod:NightmareStrike+1","hexamod:PhantomCloak"],"picked":"hexamod:FlamesFromBeyond","floor":30},{"not_picked":["hexamod:ThirdSeal","hexamod:SecondSeal"],"picked":"hexamod:SixthSeal","floor":31},{"not_picked":["hexamod:NightmareGuise","hexamod:ThermalTransfer"],"picked":"hexamod:NecessarySacrifice+1","floor":31},{"not_picked":["hexamod:ThirdSeal","hexamod:SecondSeal"],"picked":"hexamod:SixthSeal","floor":32},{"not_picked":["hexamod:Hexaguard+1","hexamod:FourthSeal"],"picked":"hexamod:ApocalypseNow","floor":32},{"not_picked":["hexamod:SecondSeal","hexamod:ThirdSeal"],"picked":"hexamod:SixthSeal","floor":33},{"not_picked":["hexamod:HexaLevel","hexamod:FlameSwitch"],"picked":"hexamod:UnlimitedPower","floor":33},{"not_picked":["hexamod:SixthSeal","hexamod:SecondSeal"],"picked":"hexamod:ThirdSeal","floor":36},{"not_picked":["hexamod:ThirdSeal","hexamod:NightmareGuise+1"],"picked":"hexamod:CatchUp+1","floor":36},{"not_picked":["hexamod:ShieldOfDarkness","hexamod:AdvancingGuard"],"picked":"hexamod:FlamesFromBeyond","floor":37},{"not_picked":["hexamod:SpectersWail+1","hexamod:HeatMetal"],"picked":"hexamod:FastForward","floor":38},{"not_picked":["hexamod:PhantomCloak+1","hexamod:RadiantFlame"],"picked":"hexamod:BurningTouch","floor":38},{"not_picked":["expansioncontent:AwakenDeath","Replay:SS_hec_1"],"picked":"expansioncontent:QuickStudy","floor":39},{"not_picked":["hexamod:SuperheatedStrike+1","hexamod:RadiantFlame"],"picked":"hexamod:VolcanoVisage","floor":40},{"not_picked":["hexamod:ShieldOfDarkness","hexamod:BurningTouch"],"picked":"hexamod:NightmareGuise+1","floor":40},{"not_picked":["hexamod:NightmareStrike","hexamod:EtherealExpedition+1"],"picked":"hexamod:SpectralSpark+1","floor":42},{"not_picked":["hexamod:GhostflameBarrier","hexamod:InspiringFlames"],"picked":"hexamod:SwordOfDarkness+1","floor":42},{"not_picked":["hexamod:ShieldOfDarkness","hexamod:SkipABeat+1"],"picked":"hexamod:NightmareStrike+1","floor":43},{"not_picked":["hexamod:RainOfEmbers","hexamod:HauntingEcho+1"],"picked":"hexamod:HeatCrush","floor":45},{"not_picked":["hexamod:CatchUp","hexamod:HeatMetal"],"picked":"hexamod:Incineration","floor":45},{"not_picked":["hexamod:Haunt+1","hexamod:NightmareGuise+1"],"picked":"hexamod:SwordOfDarkness+1","floor":47},{"not_picked":["hexamod:DynamicBlow+1","hexamod:HeatShield"],"picked":"hexamod:RadiantFlame+1","floor":47},{"not_picked":["hexamod:NightmareGuise","hexamod:FlamesFromBeyond+1"],"picked":"hexamod:Firestarter","floor":48},{"not_picked":["hexamod:BurningTouch","hexamod:SpectersWail"],"picked":"hexamod:ShieldOfDarkness","floor":48}],"player_experience":60773,"relics_obtained":[{"floor":7,"key":"Dota2Spire:Vanguard"},{"floor":8,"key":"AT_SunfireAegis"},{"floor":24,"key":"AT_ChloranthyRing"},{"floor":29,"key":"Red Mask"},{"floor":30,"key":"PreservedInsect"},{"floor":38,"key":"StoneCalendar"},{"floor":41,"key":"hexamod:BolsterEngine"},{"floor":44,"key":"Potion Belt"}],"event_choices":[{"damage_healed":0,"gold_gain":0,"player_choice":"Got Potions","damage_taken":0,"max_hp_gain":0,"max_hp_loss":0,"event_name":"Lab","floor":10,"gold_loss":0},{"damage_healed":0,"gold_gain":0,"player_choice":"Read","damage_taken":0,"max_hp_gain":0,"max_hp_loss":0,"event_name":"The Library","floor":20,"gold_loss":0,"cards_obtained":["hexamod:FastForward"]},{"damage_healed":0,"gold_gain":0,"player_choice":"Fought Bandits","damage_taken":0,"max_hp_gain":0,"max_hp_loss":0,"event_name":"Masked Bandits","floor":29,"gold_loss":0}],"is_beta":false,"boss_relics":[{"not_picked":["SacredBark","Runic Dome"],"picked":"AT_TrinityForce"},{"not_picked":["Fusion Hammer","REME_ChargedStone"],"picked":"hexamod:UnbrokenSoul"}],"items_purged_floors":[],"is_endless":false,"potions_floor_spawned":[13,15,25,27,30,32,33,36,37,38,42,47],"killed_by":"Jaw Worm Horde","ascension_level":0}}