{"host":"kydqlojjt9mno5rv","time":1611943371,"event":{"mods":["AchievementEnabler","BaseMod","Colored Powertips","Curses Come First","DeckTracker","Minty Spire (QoL Compilation)","Quick Restart","Replay The Spire","Shop Mod","Spicy Shops","StSLib","SuperFastMode","Synergy Search","Weighted Paths"],"gold_per_floor":[114,114,114,114,134,161,161,161,161,161,173,173,203,219,219,317,317,327,327,338,32,32,67,83,83,83,83,93,93,18,48,48,48,48],"floor_reached":33,"language":"ENG","playtime":1020,"items_purged":["Clumsy"],"score":356,"play_id":"8dfb2b8c-4272-494f-9edd-ce99eb836540","local_time":"20210129130251","is_ascension_mode":false,"campfire_choices":[{"floor":8,"key":"REST"},{"data":"CarveReality","floor":10,"key":"SMITH"},{"data":"Judgement","floor":12,"key":"SMITH"},{"floor":15,"key":"REST"},{"floor":27,"key":"REST"},{"floor":29,"key":"REST"},{"floor":32,"key":"REST"}],"circlet_count":0,"master_deck":["Strike_P","Strike_P","Strike_P","Defend_P","Defend_P","Defend_P","Eruption","Vigilance","JustLucky","CarveReality+1","Replay:BluntJabs","Judgement+1","Replay:BluntJabs","ReachHeaven","DevaForm","Halt","EmptyFist","Scrawl"],"relics":["PureWater","NeowsBlessing","PreservedInsect","Onion Ring","Odd Mushroom","Cursed Key","Membership Card","FossilizedHelix","Bottled Tornado","Pen Nib","Simple Rune","Omamori"],"acts_visited":["Exordium","TheCity"],"potions_floor_usage":[31],"damage_taken":[{"damage":0,"enemies":"Small Slimes","floor":1,"turns":1},{"damage":0,"enemies":"Cultist","floor":5,"turns":1},{"damage":0,"enemies":"Lagavulin","floor":6,"turns":1},{"damage":0,"enemies":"2 Louse","floor":11,"turns":1},{"damage":7,"enemies":"The Mushroom Lair","floor":13,"turns":2},{"damage":11,"enemies":"Large Slime","floor":14,"turns":2},{"damage":0,"enemies":"Slime Boss","floor":16,"turns":3},{"damage":0,"enemies":"Spheric Guardian","floor":18,"turns":1},{"damage":10,"enemies":"3 Byrds","floor":20,"turns":4},{"damage":36,"enemies":"Slavers","floor":23,"turns":4},{"damage":9,"enemies":"Shelled Parasite and Fungi","floor":24,"turns":4},{"damage":0,"enemies":"3 Cultists","floor":28,"turns":4},{"damage":16,"enemies":"Gremlin Leader","floor":31,"turns":4},{"damage":66,"enemies":"Pondfish","floor":33,"turns":7}],"seed_played":"-4283382841442586123","potions_obtained":[{"floor":1,"key":"AttackPotion"},{"floor":13,"key":"Energy Potion"},{"floor":24,"key":"Death Potion"},{"floor":28,"key":"StancePotion"}],"is_trial":false,"path_per_floor":["M","?","$","?","M","E","?","R","T","R","M","R","?","M","R","B",null,"M","?","M","$","?","E","M","?","T","R","M","R","$","E","R","B"],"character_chosen":"WATCHER","items_purchased":["Membership Card","FossilizedHelix","Simple Rune"],"campfire_rested":5,"item_purchase_floors":[21,21,30],"current_hp_per_floor":[72,72,72,72,72,72,58,72,72,72,72,72,65,54,72,72,72,72,72,62,62,62,26,17,17,17,38,38,59,59,43,64,0,0],"gold":48,"neow_bonus":"THREE_ENEMY_KILL","is_daily":false,"chose_seed":false,"campfire_upgraded":2,"win_rate":0.0,"timestamp":1611943371,"path_taken":["M","?","?","?","M","E","?","R","T","R","M","R","?","M","R","BOSS","M","?","?","?","?","E","M","?","T","R","M","R","$","E","R","BOSS"],"items_purchased_type":["Relic","Relic","Relic"],"build_version":"2020-12-22","purchased_purges":1,"victory":false,"max_hp_per_floor":[72,72,72,72,72,72,72,72,72,72,72,72,72,72,72,72,72,72,72,72,72,72,72,72,72,72,72,72,72,72,72,72,72,72],"card_choices":[{"not_picked":["TalkToTheHand","SashWhip"],"picked":"JustLucky","floor":1},{"not_picked":["BowlingBash","CrushJoints"],"picked":"CarveReality","floor":5},{"not_picked":["BowlingBash","JustLucky"],"picked":"Replay:BluntJabs","floor":6},{"not_picked":["Replay:BluntJabs","Halt"],"picked":"Judgement","floor":11},{"not_picked":["Protect","SashWhip"],"picked":"Replay:BluntJabs","floor":13},{"not_picked":["FollowUp","WindmillStrike"],"picked":"ReachHeaven","floor":14},{"not_picked":["Vault","Replay:LoomingThreat"],"picked":"DevaForm","floor":16},{"not_picked":["Collect","Halt","CutThroughFate"],"picked":"SKIP","floor":18},{"not_picked":["Fasting2","LikeWater","BowlingBash"],"picked":"SKIP","floor":20},{"not_picked":["ClearTheMind","Conclude","EmptyBody"],"picked":"SKIP","floor":23},{"not_picked":["BowlingBash","ThirdEye+1"],"picked":"EmptyFist","floor":24},{"not_picked":["Wallop","Consecrate","Swivel"],"picked":"SKIP","floor":28},{"not_picked":["EmptyBody+1","Consecrate"],"picked":"Scrawl","floor":31}],"player_experience":169633,"relics_obtained":[{"floor":6,"key":"PreservedInsect"},{"floor":9,"key":"Onion Ring"},{"floor":13,"key":"Odd Mushroom"},{"floor":23,"key":"Bottled Tornado"},{"floor":26,"key":"Pen Nib"},{"floor":31,"key":"Omamori"}],"event_choices":[{"cards_removed":["Genetic Algorithm"],"damage_healed":0,"gold_gain":0,"player_choice":"Took Card","damage_taken":0,"max_hp_gain":0,"max_hp_loss":0,"event_name":"NoteForYourself","floor":2,"gold_loss":0,"cards_obtained":["Genetic Algorithm"]},{"damage_healed":0,"gold_gain":0,"player_choice":"Entered Light","damage_taken":14,"max_hp_gain":0,"max_hp_loss":0,"event_name":"Shining Light","floor":7,"gold_loss":0,"cards_upgraded":["Defend_P","Strike_P"]},{"damage_healed":0,"gold_gain":0,"player_choice":"Fought Mushrooms","damage_taken":0,"max_hp_gain":0,"max_hp_loss":0,"event_name":"Mushrooms","floor":13,"gold_loss":0},{"damage_healed":0,"gold_gain":0,"cards_transformed":["Strike_P"],"player_choice":"Transformed","damage_taken":0,"max_hp_gain":0,"max_hp_loss":0,"event_name":"Transmorgrifier","floor":19,"gold_loss":0,"cards_obtained":["Halt"]},{"damage_healed":0,"gold_gain":0,"player_choice":"Ignored","damage_taken":0,"max_hp_gain":0,"max_hp_loss":0,"event_name":"Vampires","floor":22,"gold_loss":0},{"damage_healed":0,"gold_gain":0,"player_choice":"Bought 0 Potions","damage_taken":0,"max_hp_gain":0,"max_hp_loss":0,"event_name":"The Woman in Blue","floor":25,"gold_loss":0}],"is_beta":false,"boss_relics":[{"not_picked":["VioletLotus","Replay:Wanted Poster"],"picked":"Cursed Key"}],"items_purged_floors":[30],"is_endless":false,"potions_floor_spawned":[1,13,24,28],"killed_by":"Pondfish","ascension_level":0}}