{"host":"9qk11wtevf51xvhl","time":1611959257,"event":{"mods":["BaseMod","Minty Spire (QoL Compilation)"],"gold_per_floor":[118,132,97,97,116,146,146,171,171,171,121,171,11,26,26,128,128,97,109,109,109],"floor_reached":20,"language":"ENG","playtime":1659,"items_purged":["Regret"],"score":264,"play_id":"ef555b05-36cc-478b-8cf9-ea0ef75cac0a","local_time":"20210129232737","is_ascension_mode":true,"campfire_choices":[{"data":"Cloak And Dagger","floor":7.0,"key":"SMITH"},{"floor":10,"key":"REST"},{"floor":15,"key":"REST"}],"circlet_count":0,"master_deck":["Strike_G","Strike_G","Strike_G","Strike_G","Strike_G","Defend_G","Defend_G","Defend_G","Defend_G","Defend_G","Survivor","Neutralize","Cloak And Dagger+1","Caltrops","Accuracy","Cloak And Dagger","After Image","Bullet Time","PiercingWail+1"],"relics":["Ring of the Snake","Smiling Mask","Matryoshka","Ornamental Fan","Bag of Preparation","Snake Skull","Blood Vial","Regal Pillow","Busted Crown"],"acts_visited":["Exordium","TheCity"],"potions_floor_usage":[8],"damage_taken":[{"damage":5.0,"enemies":"Jaw Worm","floor":1.0,"turns":6.0},{"damage":7.0,"enemies":"Small Slimes","floor":2.0,"turns":5.0},{"damage":6.0,"enemies":"Cultist","floor":5.0,"turns":4.0},{"damage":40.0,"enemies":"3 Sentries","floor":6.0,"turns":10.0},{"damage":16,"enemies":"Lagavulin","floor":8,"turns":9},{"damage":0,"enemies":"Large Slime","floor":14,"turns":6},{"damage":30,"enemies":"Hexaghost","floor":16,"turns":13},{"damage":16,"enemies":"2 Thieves","floor":18,"turns":5},{"damage":16,"enemies":"Spheric Guardian","floor":19,"turns":4},{"damage":37,"enemies":"Snecko","floor":20,"turns":7}],"seed_played":"7478850197231128597","potions_obtained":[{"floor":1.0,"key":"LiquidBronze"},{"floor":2.0,"key":"SteroidPotion"},{"floor":16,"key":"Energy Potion"}],"is_trial":false,"path_per_floor":["M","M","?","?","M","E","R","E","T","R","$","T","$","M","R","B",null,"M","M","M"],"character_chosen":"THE_SILENT","items_purchased":["After Image"],"campfire_rested":2,"item_purchase_floors":[13],"current_hp_per_floor":[58,51,68,68,62,22,22,6,6,27,27,27,27,29,65,37,62,48,34,0,0],"gold":109,"neow_bonus":"THREE_CARDS","is_daily":false,"chose_seed":false,"campfire_upgraded":1,"win_rate":0.0,"timestamp":1611959257,"path_taken":["M","M","?","?","M","E","R","E","T","R","$","?","?","M","R","BOSS","M","M","?"],"items_purchased_type":["Card"],"build_version":"2020-12-22","purchased_purges":1,"victory":false,"max_hp_per_floor":[70,70,70,70,70,70,70,70,70,70,70,70,70,70,70,70,70,70,70,70,70],"card_choices":[{"not_picked":["Backflip","Acrobatics"],"picked":"Cloak And Dagger","floor":0.0},{"not_picked":["Flechettes","Dagger Throw"],"picked":"Caltrops","floor":1.0},{"not_picked":["Acrobatics","Blade Dance","Dagger Throw"],"picked":"SKIP","floor":2.0},{"not_picked":["Quick Slash","Dodge and Roll","Escape Plan"],"picked":"SKIP","floor":5.0},{"not_picked":["Outmaneuver","Bane"],"picked":"Accuracy","floor":6.0},{"not_picked":["Eviscerate","Distraction"],"picked":"Cloak And Dagger","floor":8},{"not_picked":["Backstab","Heel Hook","Glass Knife"],"picked":"SKIP","floor":14},{"not_picked":["Malaise","Glass Knife"],"picked":"Bullet Time","floor":16},{"not_picked":["Masterful Stab"],"picked":"SKIP","floor":18},{"not_picked":[],"picked":"PiercingWail+1","floor":19}],"player_experience":546662,"relics_obtained":[{"floor":6.0,"key":"Matryoshka"},{"floor":8,"key":"Ornamental Fan"},{"floor":9,"key":"Bag of Preparation"},{"floor":9,"key":"Snake Skull"},{"floor":12,"key":"Blood Vial"},{"floor":12,"key":"Regal Pillow"}],"event_choices":[{"damage_healed":17.0,"max_hp_gain":0.0,"max_hp_loss":0.0,"gold_gain":0.0,"event_name":"The Cleric","player_choice":"Healed","floor":3.0,"gold_loss":35.0,"damage_taken":0.0},{"damage_healed":0.0,"max_hp_gain":0.0,"max_hp_loss":0.0,"gold_gain":0.0,"event_name":"Big Fish","player_choice":"Box","floor":4.0,"gold_loss":0.0,"damage_taken":0.0,"relics_obtained":["Smiling Mask"],"cards_obtained":["Regret"]}],"is_beta":false,"boss_relics":[{"not_picked":["Ectoplasm","Coffee Dripper"],"picked":"Busted Crown"}],"items_purged_floors":[11],"is_endless":false,"potions_floor_spawned":[1,2,16],"killed_by":"Snecko","ascension_level":9}}