{"host":"w3q5ijqu8eoknil3","time":1611947545,"event":{"mods":["AchievementEnabler","BaseMod","Block Reminder","Colored Map","Colored Powertips","Curses Come First","Dark Map","Minty Spire (QoL Compilation)","Quick Restart","Relic Stats","StSLib","ojb\u0027s Better Paths Mod","ojb\u0027s Info Mod","slay the spire mod where everything is the same but ironclad has a cowboy hat"],"gold_per_floor":[114,114,126,139,153,171,203,224,249,26,88,121,121,50,50,127,127,146,165,165,165,0,0,13,13,13,13,13],"floor_reached":27,"language":"ENG","playtime":692,"items_purged":["Writhe"],"score":431,"play_id":"e1a2e829-3d7c-4dfe-9648-d0be473aad36","local_time":"20210129191225","is_ascension_mode":true,"campfire_choices":[{"data":"Catalyst","floor":13,"key":"SMITH"},{"floor":15,"key":"REST"},{"floor":23,"key":"REST"}],"circlet_count":0,"master_deck":["AscendersBane","Strike_G","Strike_G","Defend_G","Defend_G","Defend_G","Defend_G","Defend_G","Survivor","Neutralize","After Image","Flying Knee","Bane","Unload","Catalyst+1","Outmaneuver","All Out Attack","Bouncing Flask","Deadly Poison","Die Die Die","Flechettes+1","Eviscerate+1","Poisoned Stab+1","Dagger Spray","Flying Knee+1","Decay","Poisoned Stab"],"relics":["Ring of the Snake","Anchor","Odd Mushroom","MawBank","OrangePellets","Strawberry","Astrolabe","Chemical X","Matryoshka"],"acts_visited":["Exordium","TheCity"],"potions_floor_usage":[5,7,12,24,27,27],"damage_taken":[{"damage":0,"enemies":"2 Louse","floor":1,"turns":5},{"damage":0,"enemies":"Cultist","floor":3,"turns":3},{"damage":4,"enemies":"Small Slimes","floor":4,"turns":3},{"damage":0,"enemies":"Blue Slaver","floor":5,"turns":4},{"damage":14,"enemies":"2 Fungi Beasts","floor":6,"turns":4},{"damage":22,"enemies":"3 Sentries","floor":7,"turns":6},{"damage":12,"enemies":"The Mushroom Lair","floor":8,"turns":3},{"damage":6,"enemies":"Lagavulin","floor":12,"turns":5},{"damage":14,"enemies":"Hexaghost","floor":16,"turns":7},{"damage":13,"enemies":"Spheric Guardian","floor":18,"turns":5},{"damage":26,"enemies":"2 Thieves","floor":19,"turns":4},{"damage":34,"enemies":"Snake Plant","floor":24,"turns":5},{"damage":6,"enemies":"3 Cultists","floor":27,"turns":2}],"seed_played":"2883144935007912126","potions_obtained":[{"floor":1,"key":"Block Potion"},{"floor":3,"key":"GamblersBrew"},{"floor":8,"key":"GhostInAJar"},{"floor":16,"key":"GamblersBrew"},{"floor":18,"key":"SpeedPotion"},{"floor":24,"key":"DuplicationPotion"}],"is_trial":false,"path_per_floor":["M","?","M","M","M","M","E","?","T","$","?","E","R","?","R","B",null,"M","M","?","?","$","R","M","$","T","M"],"character_chosen":"THE_SILENT","items_purchased":["OrangePellets","Chemical X"],"campfire_rested":2,"item_purchase_floors":[10,22],"current_hp_per_floor":[59,59,59,55,55,41,19,7,7,7,7,8,8,8,28,14,54,41,15,15,15,15,35,1,1,1,0,0],"gold":13,"neow_bonus":"THREE_RARE_CARDS","is_daily":false,"chose_seed":false,"campfire_upgraded":1,"win_rate":0.0,"timestamp":1611947545,"path_taken":["M","?","M","M","?","M","E","?","T","$","?","E","R","?","R","BOSS","M","M","?","?","$","R","M","?","T","M"],"items_purchased_type":["Relic","Relic"],"build_version":"2020-12-22","purchased_purges":1,"victory":false,"max_hp_per_floor":[60,60,60,60,60,60,60,60,60,60,60,67,67,67,67,67,67,67,67,67,67,67,67,67,67,67,67,67],"relic_stats":{"OrangePellets":[0],"counters":[13,56],"Astrolabe":["Flechettes","Eviscerate","Poisoned Stab"],"Chemical X":[1],"MawBank":12,"obtain_stats":[{"OrangePellets":10,"Anchor":7,"Matryoshka":26,"Strawberry":12,"Astrolabe":17,"Chemical X":22,"Odd Mushroom":8,"MawBank":9,"Ring of the Snake":0},{"OrangePellets":7,"Anchor":6,"Matryoshka":12,"Strawberry":8,"Astrolabe":9,"Chemical X":11,"Odd Mushroom":7,"MawBank":7,"Ring of the Snake":0},{"OrangePellets":28,"Anchor":25,"Matryoshka":54,"Strawberry":33,"Astrolabe":40,"Chemical X":49,"Odd Mushroom":28,"MawBank":28,"Ring of the Snake":0}],"Ring of the Snake":[26]},"card_choices":[{"not_picked":["Night Terror","Storm of Steel"],"picked":"After Image","floor":0},{"not_picked":["Catalyst","Well Laid Plans"],"picked":"Flying Knee","floor":1},{"not_picked":["Cloak And Dagger","Flechettes"],"picked":"Catalyst","floor":3},{"not_picked":["Dodge and Roll","Flying Knee"],"picked":"Outmaneuver","floor":4},{"not_picked":["Heel Hook","Tools of the Trade"],"picked":"All Out Attack","floor":5},{"not_picked":["Flying Knee","Deflect","Escape Plan"],"picked":"SKIP","floor":6},{"not_picked":["Prepared","Flying Knee","Concentrate"],"picked":"SKIP","floor":7},{"not_picked":["Noxious Fumes","Caltrops"],"picked":"Bouncing Flask","floor":8},{"not_picked":["Masterful Stab","Underhanded Strike"],"picked":"Deadly Poison","floor":12},{"not_picked":["Bullet Time","Phantasmal Killer"],"picked":"Die Die Die","floor":16},{"not_picked":["Eviscerate","Flechettes"],"picked":"Dagger Spray","floor":18},{"not_picked":["Dagger Spray","Acrobatics"],"picked":"Flying Knee+1","floor":19},{"not_picked":["Backflip","Deflect+1"],"picked":"Poisoned Stab","floor":24}],"player_experience":1022339,"relics_obtained":[{"floor":7,"key":"Anchor"},{"floor":8,"key":"Odd Mushroom"},{"floor":9,"key":"MawBank"},{"floor":12,"key":"Strawberry"},{"floor":26,"key":"Matryoshka"}],"event_choices":[{"damage_healed":0,"gold_gain":0,"player_choice":"3 cards matched","damage_taken":0,"max_hp_gain":0,"max_hp_loss":0,"event_name":"Match and Keep!","floor":2,"gold_loss":0,"cards_obtained":["Bane","Writhe","Unload"]},{"damage_healed":0,"gold_gain":0,"player_choice":"Fought Mushrooms","damage_taken":0,"max_hp_gain":0,"max_hp_loss":0,"event_name":"Mushrooms","floor":8,"gold_loss":0},{"damage_healed":0,"gold_gain":62,"player_choice":"Gained Gold","damage_taken":0,"max_hp_gain":0,"max_hp_loss":0,"event_name":"Golden Wing","floor":11,"gold_loss":0},{"damage_healed":0,"gold_gain":0,"player_choice":"Left Gold","damage_taken":0,"max_hp_gain":0,"max_hp_loss":0,"event_name":"World of Goop","floor":14,"gold_loss":71},{"damage_healed":0,"gold_gain":0,"player_choice":"Ignored","damage_taken":0,"max_hp_gain":0,"max_hp_loss":0,"event_name":"Vampires","floor":20,"gold_loss":0},{"damage_healed":0,"gold_gain":0,"player_choice":"Smashed Altar","damage_taken":0,"max_hp_gain":0,"max_hp_loss":0,"event_name":"Forgotten Altar","floor":21,"gold_loss":0,"cards_obtained":["Decay"]}],"is_beta":false,"boss_relics":[{"not_picked":["WristBlade","Busted Crown"],"picked":"Astrolabe"}],"items_purged_floors":[10],"is_endless":false,"potions_floor_spawned":[1,3,4,8,16,18,24],"killed_by":"3 Cultists","ascension_level":19}}