{"host":"8is2j71l4wmybkoi","time":1611930105,"event":{"mods":["AchievementEnabler","BaseMod","Colored Map","Minty Spire (QoL Compilation)","Rare Cards Sparkle","StSLib","SuperFastMode"],"gold_per_floor":[109,109,129,147,147,147,172,191,241,9,24,41,56,72,72,173,173,188,176,194,212,212,212,226,43,43,57,82,96,96,112,112,215,215,234,234,234,252,264,264,264,264,313,313,313,360,372,402,402,402],"floor_reached":51,"language":"KOR","playtime":1799,"items_purged":["Strike_G"],"score":1265,"play_id":"ef3dd383-9e84-4203-81df-650bd66f86b4","local_time":"20210129232145","is_ascension_mode":true,"campfire_choices":[{"floor":6.0,"key":"REST"},{"floor":15.0,"key":"REST"},{"floor":23.0,"key":"REST"},{"floor":30.0,"key":"REST"},{"data":"Catalyst","floor":32.0,"key":"SMITH"},{"data":"Bouncing Flask","floor":40.0,"key":"SMITH"},{"data":"Madness","floor":42.0,"key":"SMITH"},{"floor":44.0,"key":"REST"},{"floor":49.0,"key":"RECALL"}],"circlet_count":0,"master_deck":["AscendersBane","Strike_G","Strike_G","Strike_G","Strike_G","Defend_G+1","Defend_G","Defend_G","Defend_G","Defend_G","Survivor","Neutralize","Dark Shackles+1","Deadly Poison","Crippling Poison","Dagger Throw","Poisoned Stab","Backflip","Backflip","Blur","Adrenaline","CurseOfTheBell","PiercingWail+1","Catalyst+1","Venomology","Bandage Up","Deadly Poison+1","Bouncing Flask+1","Setup+1","Corpse Explosion","Sadistic Nature","Master of Strategy","Chrysalis","Madness+1","Madness","Normality","Regret","Parasite","Acrobatics","Leg Sweep+1"],"relics":["Ring of the Snake","Paper Crane","Vajra","PreservedInsect","Snake Skull","Calling Bell","Toy Ornithopter","Sundial","Unceasing Top","Darkstone Periapt","Cursed Key","Nunchaku","Bag of Preparation","White Beast Statue"],"acts_visited":["Exordium","TheCity","TheBeyond"],"potions_floor_usage":[50,50,50],"damage_taken":[{"damage":1.0,"enemies":"2 Louse","floor":1.0,"turns":3.0},{"damage":4.0,"enemies":"Small Slimes","floor":3.0,"turns":4.0},{"damage":0.0,"enemies":"Cultist","floor":4.0,"turns":4.0},{"damage":22.0,"enemies":"Gremlin Nob","floor":7.0,"turns":4.0},{"damage":2.0,"enemies":"Red Slaver","floor":8.0,"turns":4.0},{"damage":2.0,"enemies":"2 Fungi Beasts","floor":11.0,"turns":3.0},{"damage":0.0,"enemies":"Blue Slaver","floor":12.0,"turns":4.0},{"damage":0.0,"enemies":"Looter","floor":13.0,"turns":2.0},{"damage":0.0,"enemies":"Exordium Wildlife","floor":14.0,"turns":4.0},{"damage":6.0,"enemies":"The Guardian","floor":16.0,"turns":8.0},{"damage":1.0,"enemies":"Chosen","floor":18.0,"turns":5.0},{"damage":10.0,"enemies":"2 Thieves","floor":19.0,"turns":4.0},{"damage":37.0,"enemies":"Snecko","floor":20.0,"turns":6.0},{"damage":0.0,"enemies":"Snake Plant","floor":21.0,"turns":5.0},{"damage":28.0,"enemies":"Cultist and Chosen","floor":24.0,"turns":7.0},{"damage":12.0,"enemies":"Snecko","floor":27.0,"turns":4.0},{"damage":7.0,"enemies":"Book of Stabbing","floor":28.0,"turns":6.0},{"damage":0.0,"enemies":"Snake Plant","floor":29.0,"turns":3.0},{"damage":5.0,"enemies":"Shelled Parasite and Fungi","floor":31.0,"turns":5.0},{"damage":45.0,"enemies":"Collector","floor":33.0,"turns":6.0},{"damage":2.0,"enemies":"3 Shapes","floor":35.0,"turns":4.0},{"damage":5.0,"enemies":"3 Darklings","floor":38.0,"turns":4.0},{"damage":18.0,"enemies":"Jaw Worm Horde","floor":39.0,"turns":4.0},{"damage":0.0,"enemies":"Nemesis","floor":45.0,"turns":1.0},{"damage":4.0,"enemies":"Writhing Mass","floor":47.0,"turns":5.0},{"damage":9.0,"enemies":"Giant Head","floor":48.0,"turns":7.0},{"damage":60,"enemies":"Donu and Deca","floor":50,"turns":8}],"seed_played":"154455145079810142","potions_obtained":[{"floor":3.0,"key":"CultistPotion"},{"floor":8.0,"key":"Strength Potion"},{"floor":12.0,"key":"DuplicationPotion"},{"floor":20.0,"key":"GamblersBrew"},{"floor":21.0,"key":"GamblersBrew"},{"floor":27.0,"key":"SteroidPotion"},{"floor":29.0,"key":"SkillPotion"},{"floor":35.0,"key":"CunningPotion"},{"floor":38.0,"key":"Explosive Potion"},{"floor":47.0,"key":"DuplicationPotion"}],"is_trial":false,"path_per_floor":["M","?","M","M","?","R","E","M","T","$","M","M","M","M","R","B",null,"M","M","M","M","?","R","M","$","T","M","E","M","R","M","R","B",null,"M","?","?","M","M","R","?","R","T","R","E","T","M","E","R","B",null],"character_chosen":"THE_SILENT","items_purchased":["Snake Skull","ColorlessPotion","Explosive Potion","Bandage Up"],"campfire_rested":5,"item_purchase_floors":[10,25,25,25],"current_hp_per_floor":[62,48,44,44,11,32,10,8,8,8,6,6,6,6,27,21,58,57,47,10,15,3,24,1,1,1,3,10,19,40,44,44,18,57,59,59,49,58,52,52,43,43,49,71,76,82,84,79,79,38],"gold":402,"neow_bonus":"RANDOM_COLORLESS","is_daily":false,"chose_seed":false,"campfire_upgraded":3,"win_rate":0.0,"timestamp":1611930105,"path_taken":["M","?","M","M","?","R","E","M","T","$","M","M","M","M","R","BOSS","M","M","M","M","?","R","M","$","T","?","E","M","R","M","R","BOSS","M","?","?","M","M","R","?","R","T","R","E","?","?","E","R","BOSS"],"items_purchased_type":["Relic","Potion","Potion","Card"],"build_version":"2020-12-22","purchased_purges":1,"victory":true,"max_hp_per_floor":[70,70,70,70,70,70,70,70,70,70,70,70,70,70,70,70,70,70,70,70,70,70,70,70,70,70,70,70,70,70,70,70,70,70,70,70,70,70,70,70,70,70,76,76,76,82,88,88,88,88],"card_choices":[{"not_picked":["Purity","Impatience"],"picked":"Dark Shackles","floor":0.0},{"not_picked":["Backflip","Dodge and Roll"],"picked":"Deadly Poison","floor":1.0},{"not_picked":["Distraction","Setup"],"picked":"Crippling Poison","floor":3.0},{"not_picked":["Cloak And Dagger","Infinite Blades"],"picked":"Dagger Throw","floor":4.0},{"not_picked":["Acrobatics","Slice"],"picked":"Poisoned Stab","floor":7.0},{"not_picked":["Underhanded Strike","Crippling Poison"],"picked":"Backflip","floor":8.0},{"not_picked":["Bane","Outmaneuver"],"picked":"Backflip","floor":11.0},{"not_picked":["Phantasmal Killer","PiercingWail","Eviscerate"],"picked":"SKIP","floor":12.0},{"not_picked":["Bane","Flying Knee","Expertise"],"picked":"SKIP","floor":13.0},{"not_picked":["Cloak And Dagger","Predator"],"picked":"Blur","floor":14.0},{"not_picked":["Tools of the Trade","Grand Finale"],"picked":"Adrenaline","floor":16.0},{"not_picked":["Leg Sweep","Poisoned Stab+1"],"picked":"PiercingWail+1","floor":18.0},{"not_picked":["Cloak And Dagger","Bane","Quick Slash"],"picked":"SKIP","floor":19.0},{"not_picked":["Deflect","Deadly Poison+1"],"picked":"Catalyst","floor":20.0},{"not_picked":["Eviscerate","Masterful Stab","PiercingWail"],"picked":"SKIP","floor":21.0},{"not_picked":["Crippling Poison","Catalyst"],"picked":"Venomology","floor":24.0},{"not_picked":["Bane","Cloak And Dagger"],"picked":"Deadly Poison+1","floor":27.0},{"not_picked":["Grand Finale","Prepared+1"],"picked":"Bouncing Flask","floor":28.0},{"not_picked":["Blade Dance","Backstab"],"picked":"Setup+1","floor":29.0},{"not_picked":["Crippling Poison","Outmaneuver","Cloak And Dagger"],"picked":"SKIP","floor":31.0},{"not_picked":["Die Die Die","A Thousand Cuts"],"picked":"Corpse Explosion","floor":33.0},{"not_picked":["Quick Slash","Deadly Poison","Noxious Fumes"],"picked":"SKIP","floor":35.0},{"not_picked":["Forethought","PanicButton"],"picked":"Sadistic Nature","floor":37.0},{"not_picked":["Transmutation","Impatience"],"picked":"Master of Strategy","floor":37.0},{"not_picked":["Master of Strategy","The Bomb"],"picked":"Chrysalis","floor":37.0},{"not_picked":["Cloak And Dagger","Sucker Punch","Slice+1"],"picked":"SKIP","floor":38.0},{"not_picked":["Prepared","Finisher","Dodge and Roll+1"],"picked":"SKIP","floor":39.0},{"not_picked":["Sucker Punch","Bouncing Flask"],"picked":"Acrobatics","floor":47.0},{"not_picked":["Backflip","Grand Finale"],"picked":"Leg Sweep+1","floor":48.0}],"player_experience":842714,"relics_obtained":[{"floor":7.0,"key":"Vajra"},{"floor":9.0,"key":"PreservedInsect"},{"floor":17.0,"key":"Toy Ornithopter"},{"floor":17.0,"key":"Sundial"},{"floor":17.0,"key":"Unceasing Top"},{"floor":28.0,"key":"Darkstone Periapt"},{"floor":43.0,"key":"Nunchaku"},{"floor":46.0,"key":"Bag of Preparation"},{"floor":48.0,"key":"White Beast Statue"}],"event_choices":[{"damage_healed":0.0,"max_hp_gain":0.0,"max_hp_loss":0.0,"gold_gain":0.0,"event_name":"Shining Light","player_choice":"Entered Light","floor":2.0,"gold_loss":0.0,"damage_taken":14.0,"cards_upgraded":["Dark Shackles","Defend_G"]},{"damage_healed":0.0,"max_hp_gain":0.0,"max_hp_loss":0.0,"gold_gain":0.0,"event_name":"Scrap Ooze","player_choice":"Success","floor":5.0,"gold_loss":0.0,"damage_taken":33.0,"relics_obtained":["Paper Crane"]},{"damage_healed":0.0,"max_hp_gain":0.0,"max_hp_loss":0.0,"gold_gain":0.0,"event_name":"Knowing Skull","player_choice":"POTION ","floor":22.0,"potions_obtained":["DuplicationPotion"],"gold_loss":0.0,"damage_taken":12.0,"cards_obtained":[]},{"damage_healed":0.0,"max_hp_gain":0.0,"max_hp_loss":0.0,"gold_gain":0.0,"event_name":"Tomb of Lord Red Mask","player_choice":"Ignored","floor":36.0,"gold_loss":0.0,"damage_taken":0.0},{"damage_healed":0.0,"max_hp_gain":0.0,"max_hp_loss":0.0,"gold_gain":0.0,"event_name":"SensoryStone","player_choice":"Memory 3","floor":37.0,"gold_loss":0.0,"damage_taken":10.0},{"damage_healed":0.0,"max_hp_gain":0.0,"max_hp_loss":0.0,"gold_gain":0.0,"event_name":"Winding Halls","player_choice":"Embrace Madness","floor":41.0,"gold_loss":0.0,"damage_taken":9.0,"cards_obtained":["Madness","Madness"]}],"is_beta":false,"boss_relics":[{"not_picked":["Velvet Choker","Philosopher\u0027s Stone"],"picked":"Calling Bell"},{"not_picked":["Busted Crown","Sozu"],"picked":"Cursed Key"}],"items_purged_floors":[10],"is_endless":false,"potions_floor_spawned":[3,8,12,20,21,27,29,35,38,45,47],"ascension_level":10}}