{"host":"k5yjj86hwv5qv2gx","time":1611944266,"event":{"mods":["BaseMod","BetterRewards","Minty Spire (QoL Compilation)","StSLib"],"gold_per_floor":[140,204,246,246,246,246,356,356,356,356,38,100,160,197,197,293,293,331,341,353,392,3,36,36,89,141,177,177,209,248,273,273,351,351,391,391,391,406,447,447,781,781,781,800,817,871,333,366,366,391,391,391,391,6,63,63],"floor_reached":57,"language":"ENG","playtime":3223,"items_purged":["Strike_R"],"score":3764,"play_id":"482fbabd-b4ae-4ca7-9a5b-9107ab1126ba","local_time":"20210129101746","is_ascension_mode":true,"campfire_choices":[{"floor":6.0,"key":"REST"},{"data":"Shockwave","floor":8.0,"key":"SMITH"},{"data":"Bash","floor":10.0,"key":"SMITH"},{"data":"Double Tap","floor":15.0,"key":"SMITH"},{"floor":24.0,"key":"REST"},{"floor":32.0,"key":"RECALL"},{"data":"Barricade","floor":40,"key":"SMITH"},{"data":"Flame Barrier","floor":42,"key":"SMITH"},{"data":"Juggernaut","floor":49,"key":"SMITH"},{"data":"Flame Barrier","floor":53,"key":"SMITH"}],"circlet_count":0,"master_deck":["AscendersBane","Strike_R+1","Strike_R","Strike_R","Strike_R","Defend_R","Defend_R","Defend_R","Defend_R+1","Bash+1","HandOfGreed+1","Iron Wave+1","Pommel Strike+1","Iron Wave+1","Shockwave+1","Flame Barrier+1","Double Tap+1","Body Slam+1","Feed+1","Thunderclap+1","Shrug It Off","Iron Wave+1","Body Slam+1","Barricade+1","Flame Barrier+1","Pommel Strike+1","Shrug It Off","Flame Barrier+1","Juggernaut+1","Metallicize+1","Clothesline+1"],"relics":["Burning Blood","Molten Egg 2","Sling","Potion Belt","Incense Burner","Lizard Tail","HandDrill","Lantern","Boot","Busted Crown","Medical Kit","Regal Pillow","Oddly Smooth Stone","Letter Opener","Bag of Preparation","Red Skull","SacredBark","Old Coin","CaptainsWheel","Gremlin Horn","Frozen Egg 2","Ancient Tea Set","Anchor","ClockworkSouvenir","Bottled Lightning"],"acts_visited":["Exordium","TheCity","TheBeyond","TheEnding"],"potions_floor_usage":[33,45,48,48,51,55,56,56,56],"damage_taken":[{"damage":7.0,"enemies":"Jaw Worm","floor":1.0,"turns":4.0},{"damage":0.0,"enemies":"Small Slimes","floor":2.0,"turns":4.0},{"damage":1.0,"enemies":"Cultist","floor":3.0,"turns":4.0},{"damage":20.0,"enemies":"3 Sentries","floor":7.0,"turns":7.0},{"damage":9.0,"enemies":"Lots of Slimes","floor":12.0,"turns":5.0},{"damage":0.0,"enemies":"Gremlin Nob","floor":13.0,"turns":2.0},{"damage":13.0,"enemies":"Large Slime","floor":14.0,"turns":4.0},{"damage":17.0,"enemies":"The Guardian","floor":16.0,"turns":10.0},{"damage":2.0,"enemies":"3 Byrds","floor":18.0,"turns":4.0},{"damage":10.0,"enemies":"Shell Parasite","floor":19.0,"turns":4.0},{"damage":11.0,"enemies":"Centurion and Healer","floor":20.0,"turns":5.0},{"damage":4.0,"enemies":"Snecko","floor":21.0,"turns":4.0},{"damage":36.0,"enemies":"Gremlin Leader","floor":23.0,"turns":7.0},{"damage":12.0,"enemies":"Slavers","floor":25.0,"turns":4.0},{"damage":1.0,"enemies":"Shelled Parasite and Fungi","floor":27.0,"turns":3.0},{"damage":0.0,"enemies":"Book of Stabbing","floor":29.0,"turns":3.0},{"damage":0.0,"enemies":"3 Cultists","floor":30.0,"turns":3.0},{"damage":3.0,"enemies":"Gremlin Leader","floor":31.0,"turns":3.0},{"damage":84,"enemies":"Collector","floor":33,"turns":7},{"damage":0,"enemies":"Orb Walker","floor":35,"turns":3},{"damage":4,"enemies":"3 Darklings","floor":38,"turns":3},{"damage":20,"enemies":"Sphere and 2 Shapes","floor":39,"turns":9},{"damage":8,"enemies":"Nemesis","floor":41,"turns":8},{"damage":19,"enemies":"Writhing Mass","floor":44,"turns":6},{"damage":0,"enemies":"Maw","floor":45,"turns":6},{"damage":0,"enemies":"Giant Head","floor":46,"turns":6},{"damage":0,"enemies":"Reptomancer","floor":48,"turns":5},{"damage":8,"enemies":"Awakened One","floor":50,"turns":15},{"damage":1,"enemies":"Donu and Deca","floor":51,"turns":14},{"damage":12,"enemies":"Shield and Spear","floor":55,"turns":11},{"damage":64,"enemies":"The Heart","floor":56,"turns":9}],"seed_played":"4614911897925568986","potions_obtained":[{"floor":1.0,"key":"GamblersBrew"},{"floor":3.0,"key":"LiquidMemories"},{"floor":5.0,"key":"FearPotion"},{"floor":5.0,"key":"SteroidPotion"},{"floor":12.0,"key":"EssenceOfSteel"},{"floor":13.0,"key":"Regen Potion"},{"floor":19.0,"key":"SmokeBomb"},{"floor":20.0,"key":"Fire Potion"},{"floor":23.0,"key":"Strength Potion"},{"floor":25.0,"key":"LiquidBronze"},{"floor":27.0,"key":"GamblersBrew"},{"floor":30.0,"key":"PowerPotion"},{"floor":33,"key":"Explosive Potion"},{"floor":45,"key":"ColorlessPotion"},{"floor":46,"key":"Strength Potion"}],"is_trial":false,"path_per_floor":["M","M","M","?","?","R","E","R","T","R","$","M","E","M","R","B",null,"M","M","M","M","$","E","R","E","T","M","?","E","M","E","R","B",null,"M","?","?","M","M","R","E","R","T","M","M","E","$","E","R","B","B",null,"R","$","E","B",null],"character_chosen":"IRONCLAD","items_purchased":["Molten Egg 2","HandOfGreed+1","Sling","Potion Belt","HandDrill","Lantern","Medical Kit","Regal Pillow","Shrug It Off","Frozen Egg 2","Metallicize+1","Ancient Tea Set","LiquidBronze","Swift Potion","ClockworkSouvenir","Ancient Potion"],"campfire_rested":2,"item_purchase_floors":[0,0,0,0,11,11,22,22,22,47,47,47,54,54,54,54],"current_hp_per_floor":[39,45,50,27,27,49,35,35,35,35,35,32,38,31,31,20,61,65,65,64,66,66,40,81,91,91,95,95,99,103,103,103,29,88,94,94,94,96,82,82,80,80,80,71,81,87,87,97,97,99,104,115,115,115,113,55],"gold":63,"neow_bonus":"","is_daily":false,"chose_seed":false,"campfire_upgraded":7,"win_rate":0.0,"timestamp":1611944266,"path_taken":["M","M","M","?","?","R","E","R","T","R","$","M","E","?","R","BOSS","M","?","M","M","$","E","R","E","T","?","?","E","?","E","R","BOSS","M","?","?","M","?","R","E","R","T","M","M","E","?","E","R","BOSS","BOSS","R","$","E","BOSS"],"items_purchased_type":["Relic","Card","Relic","Relic","Relic","Relic","Relic","Relic","Card","Relic","Card","Relic","Potion","Potion","Relic","Potion"],"build_version":"2020-12-22","purchased_purges":1,"victory":true,"max_hp_per_floor":[75,75,75,75,75,75,75,75,75,75,75,75,75,75,75,75,75,75,79,83,83,83,87,87,91,91,95,95,99,103,103,103,107,107,107,107,102,102,102,102,102,102,102,106,110,110,110,114,114,118,118,118,118,118,122,122],"card_choices":[{"not_picked":["Armaments","Wild Strike+1"],"picked":"Iron Wave+1","floor":1.0},{"not_picked":["Sword Boomerang+1","Flex"],"picked":"Pommel Strike+1","floor":2.0},{"not_picked":["Perfected Strike+1","Rupture"],"picked":"Iron Wave+1","floor":3.0},{"not_picked":["Thunderclap+1","Rupture"],"picked":"Shockwave","floor":7.0},{"not_picked":["Sword Boomerang+1","Blood for Blood+1"],"picked":"Flame Barrier","floor":12.0},{"not_picked":["Second Wind","Anger+1"],"picked":"Double Tap","floor":13.0},{"not_picked":["Warcry","Perfected Strike+1"],"picked":"Body Slam+1","floor":14.0},{"not_picked":["Exhume","Limit Break"],"picked":"Feed+1","floor":16.0},{"not_picked":["Perfected Strike+1"],"picked":"SKIP","floor":18.0},{"not_picked":[],"picked":"Thunderclap+1","floor":19.0},{"not_picked":["Warcry"],"picked":"SKIP","floor":20.0},{"not_picked":["Seeing Red"],"picked":"SKIP","floor":21.0},{"not_picked":[],"picked":"Iron Wave+1","floor":23.0},{"not_picked":[],"picked":"Body Slam+1","floor":25.0},{"not_picked":["Burning Pact"],"picked":"SKIP","floor":27.0},{"not_picked":["Armaments"],"picked":"SKIP","floor":29.0},{"not_picked":["Hemokinesis+1"],"picked":"SKIP","floor":30.0},{"not_picked":["Carnage+1"],"picked":"SKIP","floor":31.0},{"not_picked":[],"picked":"Barricade","floor":33},{"not_picked":[],"picked":"Flame Barrier","floor":35},{"not_picked":[],"picked":"Pommel Strike+1","floor":38},{"not_picked":[],"picked":"Shrug It Off","floor":39},{"not_picked":["Sever Soul+1"],"picked":"SKIP","floor":41},{"not_picked":["Clothesline+1"],"picked":"SKIP","floor":44},{"not_picked":[],"picked":"Flame Barrier","floor":45},{"not_picked":[],"picked":"Juggernaut","floor":46},{"not_picked":[],"picked":"Clothesline+1","floor":48},{"not_picked":["Flex"],"picked":"SKIP","floor":55}],"player_experience":1147740,"relics_obtained":[{"floor":7.0,"key":"Incense Burner"},{"floor":9.0,"key":"Lizard Tail"},{"floor":13.0,"key":"Boot"},{"floor":23.0,"key":"Oddly Smooth Stone"},{"floor":25.0,"key":"Letter Opener"},{"floor":29.0,"key":"Bag of Preparation"},{"floor":31.0,"key":"Red Skull"},{"floor":41,"key":"Old Coin"},{"floor":43,"key":"CaptainsWheel"},{"floor":46,"key":"Gremlin Horn"},{"floor":48,"key":"Anchor"},{"floor":55,"key":"Bottled Lightning"}],"event_choices":[{"damage_healed":0.0,"max_hp_gain":0.0,"max_hp_loss":0.0,"gold_gain":0.0,"event_name":"Shining Light","player_choice":"Entered Light","floor":4.0,"gold_loss":0.0,"damage_taken":23.0,"cards_upgraded":["Defend_R","Strike_R"]},{"damage_healed":0.0,"max_hp_gain":0.0,"max_hp_loss":0.0,"gold_gain":0.0,"event_name":"Lab","player_choice":"Got Potions","floor":5.0,"gold_loss":0.0,"damage_taken":0.0},{"damage_healed":0.0,"max_hp_gain":0.0,"max_hp_loss":0.0,"gold_gain":0.0,"event_name":"Upgrade Shrine","player_choice":"Upgraded","floor":28.0,"gold_loss":0.0,"damage_taken":0.0,"cards_upgraded":["Flame Barrier"]},{"damage_healed":0,"gold_gain":0,"player_choice":"Ignored","damage_taken":0,"max_hp_gain":0,"max_hp_loss":0,"event_name":"Tomb of Lord Red Mask","floor":36,"gold_loss":0},{"damage_healed":0,"gold_gain":0,"player_choice":"Max HP","damage_taken":0,"max_hp_gain":0,"max_hp_loss":5,"event_name":"Winding Halls","floor":37,"gold_loss":0}],"is_beta":false,"boss_relics":[{"not_picked":["Philosopher\u0027s Stone","Empty Cage"],"picked":"Busted Crown"},{"not_picked":["Sozu","Snecko Eye"],"picked":"SacredBark"}],"items_purged_floors":[47],"is_endless":false,"potions_floor_spawned":[1,3,12,13,19,20,23,25,27,30,33,35,45,46],"ascension_level":20}}