{"host":"2js2pxuugveqjuf7","time":1611914504,"event":{"mods":["BaseMod","Colored Map","Minty Spire (QoL Compilation)","Quick Restart","Random Character Button","Relic Stats","StSLib"],"gold_per_floor":[363,313,326,15,32,59,59,91,138,171,171,171,171,189,189,286,286,306,14,14,33,47,47,79,79,129,129,129,155,155,173,173,276,276,294,344,344,356,369,396,396,409,409,409,424,424,440,480,480,480,480,480,360,402,402,402],"floor_reached":55,"language":"ENG","playtime":4975,"items_purged":["Strike_B","Defend_B"],"score":1091,"play_id":"a3f386aa-27ca-4dd6-8692-7c7eccbad9e7","local_time":"20210129040144","is_ascension_mode":true,"campfire_choices":[{"data":"Defragment","floor":7.0,"key":"SMITH"},{"data":"Heatsinks","floor":11.0,"key":"SMITH"},{"data":"Loop","floor":15.0,"key":"SMITH"},{"floor":23.0,"key":"REST"},{"floor":25.0,"key":"REST"},{"data":"Chill","floor":28.0,"key":"SMITH"},{"data":"Glacier","floor":30.0,"key":"SMITH"},{"data":"Storm","floor":32.0,"key":"SMITH"},{"floor":41.0,"key":"DIG"},{"floor":44.0,"key":"DIG"},{"floor":49.0,"key":"RECALL"},{"data":"Amplify","floor":52.0,"key":"SMITH"}],"circlet_count":0,"master_deck":["Defend_B","Zap","Dualcast+1","Cold Snap+1","Sweeping Beam","Defragment+1","Coolheaded","Loop+1","Heatsinks+1","White Noise+1","Glacier+1","Machine Learning","Storm+1","Doom and Gloom+1","Skim","Chill+1","Steam Power+1","Hologram+1","Amplify+1","Cold Snap+1","Turbo+1","Reinforced Body","Lockon+1","Biased Cognition+1","Biased Cognition+1","Creative AI+1","Tempest+1","Consume+1","Double Energy+1"],"relics":["Cracked Core","Centennial Puzzle","Cables","Bag of Marbles","War Paint","Akabeko","Empty Cage","Medical Kit","Singing Bowl","Blood Vial","Gambling Chip","Frozen Egg 2","Astrolabe","Shovel","Turnip","Question Card","Symbiotic Virus","Ornamental Fan","CeramicFish","Orrery","Bronze Scales"],"acts_visited":["Exordium","TheCity","TheBeyond","TheEnding"],"potions_floor_usage":[55],"damage_taken":[{"damage":1.0,"enemies":"Cultist","floor":1.0,"turns":3.0},{"damage":2.0,"enemies":"Jaw Worm","floor":3.0,"turns":3.0},{"damage":0.0,"enemies":"2 Louse","floor":5.0,"turns":1.0},{"damage":14.0,"enemies":"Lagavulin","floor":6.0,"turns":9.0},{"damage":6.0,"enemies":"3 Sentries","floor":8.0,"turns":9.0},{"damage":9.0,"enemies":"Lagavulin","floor":10.0,"turns":7.0},{"damage":0.0,"enemies":"Exordium Thugs","floor":14.0,"turns":1.0},{"damage":0.0,"enemies":"Slime Boss","floor":16.0,"turns":13.0},{"damage":31.0,"enemies":"Shell Parasite","floor":18.0,"turns":3.0},{"damage":1.0,"enemies":"Chosen","floor":21.0,"turns":3.0},{"damage":4.0,"enemies":"Snecko","floor":22.0,"turns":4.0},{"damage":34.0,"enemies":"Book of Stabbing","floor":24.0,"turns":6.0},{"damage":0.0,"enemies":"Gremlin Leader","floor":29.0,"turns":5.0},{"damage":8.0,"enemies":"Cultist and Chosen","floor":31.0,"turns":4.0},{"damage":6.0,"enemies":"Champ","floor":33.0,"turns":11.0},{"damage":4.0,"enemies":"3 Shapes","floor":35.0,"turns":2.0},{"damage":19.0,"enemies":"Mind Bloom Boss Battle","floor":36.0,"turns":5.0},{"damage":1.0,"enemies":"3 Darklings","floor":38.0,"turns":3.0},{"damage":2.0,"enemies":"Jaw Worm Horde","floor":39.0,"turns":3.0},{"damage":30.0,"enemies":"Reptomancer","floor":40.0,"turns":4.0},{"damage":0.0,"enemies":"4 Shapes","floor":42.0,"turns":2.0},{"damage":3.0,"enemies":"Maw","floor":45.0,"turns":5.0},{"damage":0.0,"enemies":"Sphere and 2 Shapes","floor":47.0,"turns":3.0},{"damage":18.0,"enemies":"Giant Head","floor":48.0,"turns":6.0},{"damage":93.0,"enemies":"Awakened One","floor":50.0,"turns":10.0},{"damage":28.0,"enemies":"Shield and Spear","floor":54.0,"turns":3.0},{"damage":60,"enemies":"The Heart","floor":55,"turns":3}],"seed_played":"-6061288365777717230","potions_obtained":[{"floor":1.0,"key":"Fire Potion"},{"floor":5.0,"key":"Strength Potion"},{"floor":14.0,"key":"Swift Potion"},{"floor":21.0,"key":"FairyPotion"},{"floor":22.0,"key":"Dexterity Potion"},{"floor":33.0,"key":"DuplicationPotion"},{"floor":54.0,"key":"FocusPotion"}],"is_trial":false,"path_per_floor":["M","?","M","$","M","E","R","E","T","E","R","?","?","M","R","B",null,"M","$","?","M","M","R","E","R","T","?","R","E","R","M","R","B",null,"M","?","?","M","M","E","R","M","T","R","M","?","M","E","R","B",null,"R","$","E","B"],"character_chosen":"DEFECT","items_purchased":["Defragment","Centennial Puzzle","Dexterity Potion","Storm","Medical Kit","Orrery"],"campfire_rested":2,"item_purchase_floors":[4,4,4,19,19,53],"current_hp_per_floor":[74,74,72,72,72,58,58,52,52,43,43,28,28,28,28,28,63,32,32,32,31,27,49,15,37,37,37,37,39,39,33,33,29,64,64,49,49,52,54,26,26,28,28,28,29,95,97,79,79,29,80,80,82,56,0,0],"gold":402,"neow_bonus":"TWO_FIFTY_GOLD","is_daily":false,"chose_seed":false,"campfire_upgraded":7,"win_rate":0.0,"timestamp":1611914504,"path_taken":["M","?","M","$","M","E","R","E","T","E","R","?","?","M","R","BOSS","M","$","?","M","M","R","E","R","T","?","R","E","R","M","R","BOSS","M","?","?","?","M","E","R","M","T","R","?","?","?","E","R","BOSS","R","$","E","BOSS"],"items_purchased_type":["Card","Relic","Potion","Card","Relic","Relic"],"build_version":"2020-12-22","purchased_purges":2,"victory":false,"max_hp_per_floor":[75,75,75,75,75,75,75,75,75,75,75,75,75,75,75,75,75,75,75,75,75,75,75,75,75,75,75,75,75,75,75,75,75,75,77,79,79,81,83,83,83,83,83,83,85,95,97,97,97,97,97,97,99,99,99,99],"relic_stats":{"Singing Bowl":14,"counters":[27,130],"Astrolabe":["Cold Snap","Thunder Strike","Turbo"],"CeramicFish":54,"War Paint":["Dualcast","White Noise"],"Medical Kit":[25],"Question Card":10,"Cables":[99,38,47,14,0],"Blood Vial":26,"Centennial Puzzle":[57],"Shovel":2,"Ornamental Fan":[4],"Gambling Chip":[22],"Bronze Scales":[39],"Turnip":[10],"obtain_stats":[{"Singing Bowl":24,"Astrolabe":34,"CeramicFish":48,"War Paint":10,"Frozen Egg 2":29,"Empty Cage":17,"Medical Kit":19,"Question Card":41,"Akabeko":13,"Cables":6,"Blood Vial":26,"Centennial Puzzle":4,"Shovel":36,"Ornamental Fan":44,"Gambling Chip":27,"Bronze Scales":54,"Orrery":53,"Turnip":40,"Bag of Marbles":8,"Cracked Core":0,"Symbiotic Virus":43},{"Singing Bowl":12,"Astrolabe":15,"CeramicFish":24,"War Paint":6,"Frozen Egg 2":13,"Empty Cage":8,"Medical Kit":9,"Question Card":20,"Akabeko":6,"Cables":4,"Blood Vial":12,"Centennial Puzzle":2,"Shovel":17,"Ornamental Fan":21,"Gambling Chip":12,"Bronze Scales":26,"Orrery":25,"Turnip":20,"Bag of Marbles":5,"Cracked Core":0,"Symbiotic Virus":21},{"Singing Bowl":62,"Astrolabe":82,"CeramicFish":114,"War Paint":32,"Frozen Egg 2":67,"Empty Cage":46,"Medical Kit":49,"Question Card":99,"Akabeko":32,"Cables":16,"Blood Vial":62,"Centennial Puzzle":6,"Shovel":89,"Ornamental Fan":101,"Gambling Chip":62,"Bronze Scales":127,"Orrery":124,"Turnip":99,"Bag of Marbles":25,"Cracked Core":0,"Symbiotic Virus":101}]},"card_choices":[{"not_picked":["Chaos","Compile Driver"],"picked":"Cold Snap","floor":1.0},{"not_picked":["Steam","Rebound"],"picked":"Sweeping Beam","floor":3.0},{"not_picked":["Turbo","Fusion"],"picked":"Coolheaded","floor":5.0},{"not_picked":["Redo","Melter"],"picked":"Loop","floor":6.0},{"not_picked":["Force Field","Leap"],"picked":"Heatsinks","floor":8.0},{"not_picked":["Steam","Static Discharge"],"picked":"White Noise","floor":10.0},{"not_picked":["Reinforced Body","Rebound"],"picked":"Glacier","floor":14.0},{"not_picked":["Meteor Strike","Hyperbeam"],"picked":"Machine Learning","floor":16.0},{"not_picked":["Stack+1","Beam Cell","Auto Shields"],"picked":"SKIP","floor":18.0},{"not_picked":["Redo+1","Conserve Battery"],"picked":"Doom and Gloom+1","floor":21.0},{"not_picked":["Streamline","Steam Power"],"picked":"Skim","floor":22.0},{"not_picked":["Streamline","Cold Snap"],"picked":"Chill","floor":24.0},{"not_picked":["Beam Cell","Force Field"],"picked":"Steam Power+1","floor":29.0},{"not_picked":["Heatsinks+1","Turbo"],"picked":"Hologram+1","floor":31.0},{"not_picked":["Rainbow","Reboot"],"picked":"Amplify","floor":33.0},{"not_picked":["Steam Power+1","Rebound+1","Cold Snap+1"],"picked":"Singing Bowl","floor":35.0},{"not_picked":["Leap","Ball Lightning","Rebound"],"picked":"Singing Bowl","floor":36.0},{"not_picked":["Compile Driver+1","Chill+1","Beam Cell+1"],"picked":"Singing Bowl","floor":38.0},{"not_picked":["Compile Driver","Auto Shields","White Noise"],"picked":"Singing Bowl","floor":39.0},{"not_picked":["Compile Driver+1","Beam Cell+1"],"picked":"Reinforced Body","floor":40.0},{"not_picked":["Redo","Compile Driver","Hologram"],"picked":"Lockon+1","floor":42.0},{"not_picked":["Barrage","Double Energy","Streamline","Recycle+1"],"picked":"Singing Bowl","floor":45.0},{"not_picked":["Turbo+1","Chill","Leap","Gash"],"picked":"Singing Bowl","floor":47.0},{"not_picked":["Leap+1","Lockon","Melter+1"],"picked":"Biased Cognition+1","floor":48.0},{"not_picked":["Auto Shields","Ball Lightning+1","FTL"],"picked":"Biased Cognition+1","floor":53.0},{"not_picked":["Redo","Gash+1","Streamline+1","Leap"],"picked":"Singing Bowl","floor":53.0},{"not_picked":["Compile Driver","Hyperbeam","Steam"],"picked":"Creative AI+1","floor":53.0},{"not_picked":["Double Energy+1","Glacier","Go for the Eyes+1"],"picked":"Tempest+1","floor":53.0},{"not_picked":["Ball Lightning","Double Energy","Go for the Eyes+1"],"picked":"Consume+1","floor":53.0},{"not_picked":["Fission","Hologram","Coolheaded+1"],"picked":"Double Energy+1","floor":54.0}],"player_experience":309454,"relics_obtained":[{"floor":6.0,"key":"Cables"},{"floor":8.0,"key":"Bag of Marbles"},{"floor":10.0,"key":"War Paint"},{"floor":24.0,"key":"Singing Bowl"},{"floor":26.0,"key":"Blood Vial"},{"floor":29.0,"key":"Frozen Egg 2"},{"floor":36.0,"key":"Shovel"},{"floor":40.0,"key":"Turnip"},{"floor":41.0,"key":"Question Card"},{"floor":43.0,"key":"Symbiotic Virus"},{"floor":44.0,"key":"Ornamental Fan"},{"floor":48.0,"key":"CeramicFish"},{"floor":54.0,"key":"Bronze Scales"}],"event_choices":[{"cards_removed":["Injury"],"damage_healed":0.0,"max_hp_gain":0.0,"max_hp_loss":0.0,"gold_gain":0.0,"event_name":"The Cleric","player_choice":"Card Removal","floor":2.0,"gold_loss":50.0,"damage_taken":0.0},{"damage_healed":0.0,"max_hp_gain":0.0,"max_hp_loss":0.0,"gold_gain":0.0,"event_name":"Shining Light","player_choice":"Entered Light","floor":12.0,"gold_loss":0.0,"damage_taken":15.0,"cards_upgraded":["Cold Snap","Strike_B"]},{"damage_healed":0.0,"max_hp_gain":0.0,"max_hp_loss":0.0,"gold_gain":0.0,"event_name":"WeMeetAgain","player_choice":"Gave Potion","floor":13.0,"gold_loss":0.0,"damage_taken":0.0,"relics_obtained":["Akabeko"]},{"damage_healed":0.0,"max_hp_gain":0.0,"max_hp_loss":0.0,"gold_gain":0.0,"event_name":"The Mausoleum","player_choice":"Opened","floor":27.0,"gold_loss":0.0,"damage_taken":0.0,"relics_obtained":["Gambling Chip"],"cards_obtained":["Writhe"]},{"damage_healed":0.0,"max_hp_gain":0.0,"max_hp_loss":0.0,"gold_gain":0.0,"event_name":"MindBloom","player_choice":"Fight","floor":36.0,"gold_loss":0.0,"damage_taken":0.0},{"cards_removed":["Writhe"],"damage_healed":0.0,"max_hp_gain":0.0,"max_hp_loss":0.0,"gold_gain":0.0,"event_name":"Fountain of Cleansing","player_choice":"Removed Curses","floor":37.0,"gold_loss":0.0,"damage_taken":0.0},{"cards_removed":["Thunder Strike"],"damage_healed":56.0,"max_hp_gain":10.0,"max_hp_loss":0.0,"gold_gain":0.0,"event_name":"Bonfire Elementals","player_choice":"Offered Rare","floor":46.0,"gold_loss":0.0,"damage_taken":0.0}],"is_beta":false,"boss_relics":[{"not_picked":["SacredBark","Runic Dome"],"picked":"Empty Cage"},{"not_picked":["Nuclear Battery","Busted Crown"],"picked":"Astrolabe"}],"items_purged_floors":[4,19],"is_endless":false,"potions_floor_spawned":[1,5,14,21,22,33,35,36,40,45,54],"killed_by":"The Heart","ascension_level":5}}