{"host":"xi8yg1ddhptuxb9d","time":1611881023,"event":{"mods":["AchievementEnabler","AlwaysNeverKeys","BaseMod","Block Reminder","Minty Spire (QoL Compilation)","Relic Sorter","StSLib"],"gold_per_floor":[119,119,136,148,163,163,196,196,250,285,106,106,123,135,135,210,210,220,232,232,252,252,252],"floor_reached":22,"language":"ENG","playtime":1013,"items_purged":[],"score":396,"play_id":"ce695cef-7704-463e-a297-3c8e3d90eb54","local_time":"20210128194343","is_ascension_mode":true,"campfire_choices":[{"floor":6.0,"key":"REST"},{"floor":8.0,"key":"REST"},{"data":"TalkToTheHand","floor":12.0,"key":"SMITH"},{"data":"Vault","floor":15.0,"key":"SMITH"}],"circlet_count":0,"master_deck":["AscendersBane","Strike_P","Strike_P","Strike_P","Strike_P","Defend_P","Defend_P","Defend_P","Defend_P","Eruption","Vigilance","TalkToTheHand+1","EmptyBody","Tantrum","Pray","MentalFortress","Consecrate","Vault+1","ClearTheMind","Evaluate","Scrawl","Conclude","Prostrate","Worship"],"relics":["PureWater","Vajra","TeardropLocket","Akabeko","Strawberry","Philosopher\u0027s Stone"],"acts_visited":["Exordium","TheCity"],"potions_floor_usage":[18],"damage_taken":[{"damage":7.0,"enemies":"Cultist","floor":1.0,"turns":3.0},{"damage":6.0,"enemies":"2 Louse","floor":3.0,"turns":2.0},{"damage":0.0,"enemies":"Small Slimes","floor":4.0,"turns":3.0},{"damage":8.0,"enemies":"Exordium Thugs","floor":5.0,"turns":3.0},{"damage":37.0,"enemies":"3 Sentries","floor":7.0,"turns":8.0},{"damage":21.0,"enemies":"Gremlin Nob","floor":10.0,"turns":4.0},{"damage":0.0,"enemies":"3 Louse","floor":13.0,"turns":2.0},{"damage":0.0,"enemies":"2 Fungi Beasts","floor":14.0,"turns":1.0},{"damage":32.0,"enemies":"The Guardian","floor":16.0,"turns":15.0},{"damage":12,"enemies":"Chosen","floor":18,"turns":5},{"damage":4,"enemies":"Spheric Guardian","floor":19,"turns":3},{"damage":41,"enemies":"Chosen and Byrds","floor":21,"turns":7},{"damage":10,"enemies":"Shelled Parasite and Fungi","floor":22,"turns":2}],"seed_played":"-2946308583000299475","potions_obtained":[{"floor":1.0,"key":"BlessingOfTheForge"},{"floor":5.0,"key":"LiquidBronze"},{"floor":10.0,"key":"SkillPotion"},{"floor":14.0,"key":"Regen Potion"},{"floor":16.0,"key":"Swift Potion"},{"floor":21,"key":"CultistPotion"}],"is_trial":false,"path_per_floor":["M","T","M","M","M","R","E","R","T","E","$","R","M","M","R","B",null,"M","M","$","M","M"],"character_chosen":"WATCHER","items_purchased":["Vault"],"campfire_rested":2,"item_purchase_floors":[11],"current_hp_per_floor":[60,60,54,54,46,68,31,53,53,39,39,39,39,39,39,22,66,54,50,50,9,0,0],"gold":252,"neow_bonus":"TEN_PERCENT_HP_BONUS","is_daily":false,"chose_seed":false,"campfire_upgraded":2,"win_rate":0.0,"timestamp":1611881023,"path_taken":["M","?","M","M","M","R","E","R","T","E","$","R","M","?","R","BOSS","M","M","$","M","M"],"items_purchased_type":["Card"],"build_version":"2020-12-22","purchased_purges":0,"victory":false,"max_hp_per_floor":[74,74,74,74,74,74,74,74,74,81,81,81,81,81,81,81,81,81,81,81,81,81,81],"card_choices":[{"not_picked":["Protect","PathToVictory"],"picked":"TalkToTheHand","floor":1.0},{"not_picked":["ReachHeaven","EmptyMind"],"picked":"EmptyBody","floor":3.0},{"not_picked":["Swivel","Prostrate"],"picked":"Tantrum","floor":4.0},{"not_picked":["SashWhip","FlurryOfBlows"],"picked":"Pray","floor":5.0},{"not_picked":["SashWhip","BowlingBash"],"picked":"MentalFortress","floor":7.0},{"not_picked":["Indignation","Evaluate"],"picked":"Consecrate","floor":10.0},{"not_picked":["FollowUp","Evaluate"],"picked":"ClearTheMind","floor":13.0},{"not_picked":["WindmillStrike","ThirdEye"],"picked":"Evaluate","floor":14.0},{"not_picked":["MasterReality","LessonLearned"],"picked":"Scrawl","floor":16.0},{"not_picked":["PathToVictory","CrushJoints"],"picked":"Conclude","floor":18},{"not_picked":["ClearTheMind","WindmillStrike"],"picked":"Prostrate","floor":19},{"not_picked":["CrushJoints","Weave"],"picked":"Worship","floor":21}],"player_experience":687066,"relics_obtained":[{"floor":2.0,"key":"Vajra"},{"floor":7.0,"key":"TeardropLocket"},{"floor":9.0,"key":"Akabeko"},{"floor":10.0,"key":"Strawberry"}],"event_choices":[],"is_beta":false,"boss_relics":[{"not_picked":["Busted Crown","SacredBark"],"picked":"Philosopher\u0027s Stone"}],"items_purged_floors":[],"is_endless":false,"potions_floor_spawned":[1,5,10,14,16,21],"killed_by":"Shelled Parasite and Fungi","ascension_level":20}}