{"host":"6xsbn6ynqlzwllfm","time":1611947175,"event":{"mods":["2.2 Compatiblity","BaseMod","Bestiary","Colored Map","Colored Powertips","Curses Come First","Highlight Path","Keyboard Shortcuts","Minty Spire (QoL Compilation)","Relic Stats","Slay the Relics Exporter","StSLib","SuperFastMode"],"gold_per_floor":[114,214,35,55,70,102,67,67,67,19,32,32,59,75,75,179,179,179,179],"floor_reached":18,"language":"ENG","playtime":1041,"items_purged":[],"score":302,"play_id":"63f15034-029d-4c40-b8a7-c569c213e24c","local_time":"20210129140615","is_ascension_mode":true,"campfire_choices":[{"data":"SandsOfTime","floor":8,"key":"SMITH"},{"data":"FlurryOfBlows","floor":15,"key":"SMITH"}],"circlet_count":0,"master_deck":["AscendersBane","Strike_P","Strike_P","Strike_P","Strike_P+1","Defend_P","Defend_P","Defend_P","Eruption","Vigilance","SandsOfTime+1","Protect","CutThroughFate","JustLucky","Vengeance","LessonLearned","LikeWater+1","FlurryOfBlows+1","Blasphemy"],"relics":["PureWater","NeowsBlessing","HandDrill","MealTicket","Matryoshka","Mummified Hand","Philosopher\u0027s Stone"],"acts_visited":["Exordium","TheCity"],"potions_floor_usage":[6,6,16,16],"damage_taken":[{"damage":0,"enemies":"Small Slimes","floor":1,"turns":1},{"damage":0,"enemies":"Cultist","floor":4,"turns":1},{"damage":0,"enemies":"Jaw Worm","floor":5,"turns":1},{"damage":26,"enemies":"3 Sentries","floor":6,"turns":10},{"damage":12,"enemies":"Exordium Wildlife","floor":11,"turns":7},{"damage":0,"enemies":"Lagavulin","floor":13,"turns":4},{"damage":1,"enemies":"Looter","floor":14,"turns":2},{"damage":35,"enemies":"Hexaghost","floor":16,"turns":7},{"damage":61,"enemies":"3 Byrds","floor":18,"turns":3}],"seed_played":"-7646693735566131834","potions_obtained":[{"floor":1,"key":"EssenceOfSteel"},{"floor":5,"key":"StancePotion"},{"floor":11,"key":"FearPotion"},{"floor":14,"key":"AttackPotion"}],"is_trial":false,"path_per_floor":["M","?","$","M","M","E","?","R","T","$","M","?","E","M","R","B",null,"M"],"character_chosen":"WATCHER","items_purchased":["HandDrill","Protect","PowerPotion"],"campfire_rested":0,"item_purchase_floors":[3,3,10],"current_hp_per_floor":[65,65,65,65,65,39,57,57,57,72,60,60,60,59,59,24,60,0,0],"gold":179,"neow_bonus":"THREE_ENEMY_KILL","is_daily":false,"chose_seed":false,"campfire_upgraded":2,"win_rate":0.0,"timestamp":1611947175,"path_taken":["M","?","?","?","M","E","?","R","T","$","M","?","E","M","R","BOSS","M"],"items_purchased_type":["Relic","Card","Potion"],"build_version":"2020-12-22","purchased_purges":0,"victory":false,"max_hp_per_floor":[72,72,72,72,72,72,72,72,72,72,72,72,72,72,72,72,72,72,72],"relic_stats":{"counters":[9,36],"Mummified Hand":[6],"MealTicket":15,"HandDrill":[4],"obtain_stats":[{"Matryoshka":9,"NeowsBlessing":0,"Mummified Hand":13,"MealTicket":6,"Philosopher\u0027s Stone":17,"HandDrill":3,"PureWater":0},{"Matryoshka":4,"NeowsBlessing":0,"Mummified Hand":6,"MealTicket":4,"Philosopher\u0027s Stone":8,"HandDrill":1,"PureWater":0},{"Matryoshka":13,"NeowsBlessing":0,"Mummified Hand":24,"MealTicket":13,"Philosopher\u0027s Stone":33,"HandDrill":1,"PureWater":0}]},"card_choices":[{"not_picked":["Halt","CrushJoints"],"picked":"SandsOfTime","floor":1},{"not_picked":["CrushJoints","FollowUp"],"picked":"CutThroughFate","floor":4},{"not_picked":["CrushJoints","ForeignInfluence"],"picked":"JustLucky","floor":5},{"not_picked":["Nirvana","BowlingBash"],"picked":"Vengeance","floor":6},{"not_picked":["WreathOfFlame","Tantrum"],"picked":"LikeWater","floor":13},{"not_picked":["Prostrate","Evaluate"],"picked":"FlurryOfBlows","floor":14},{"not_picked":["LessonLearned","Brilliance"],"picked":"Blasphemy","floor":16}],"player_experience":1219135,"relics_obtained":[{"floor":6,"key":"MealTicket"},{"floor":9,"key":"Matryoshka"},{"floor":13,"key":"Mummified Hand"}],"event_choices":[{"damage_healed":0,"gold_gain":100,"player_choice":"Pray","damage_taken":0,"max_hp_gain":0,"max_hp_loss":0,"event_name":"Golden Shrine","floor":2,"gold_loss":0},{"damage_healed":18,"gold_gain":0,"player_choice":"Healed","damage_taken":0,"max_hp_gain":0,"max_hp_loss":0,"event_name":"The Cleric","floor":7,"gold_loss":35},{"damage_healed":0,"gold_gain":0,"cards_transformed":["Defend_P"],"player_choice":"Transformed","damage_taken":0,"max_hp_gain":0,"max_hp_loss":0,"event_name":"Transmorgrifier","floor":12,"gold_loss":0,"cards_obtained":["LessonLearned"]}],"is_beta":false,"boss_relics":[{"not_picked":["VioletLotus","Empty Cage"],"picked":"Philosopher\u0027s Stone"}],"items_purged_floors":[],"is_endless":false,"potions_floor_spawned":[1,5,11,14],"killed_by":"3 Byrds","ascension_level":11}}