{"host":"pe7ycb8t2t906so2","time":1611878829,"event":{"mods":["BaseMod","Colored Map","Highlight Path","Minty Spire (QoL Compilation)"],"gold_per_floor":[118,118,137,62,62,62,91,109,162,162,2,2,31,45,45,122,122,138,63,63,75,75,75,103,103,103,114,34,62,62,62,62],"floor_reached":31,"language":"FRA","playtime":1484,"items_purged":["CrushJoints","CrushJoints+1"],"score":609,"play_id":"696924d0-e0a5-4eb7-99ee-d792d14dc9ae","local_time":"20210128190709","is_ascension_mode":true,"campfire_choices":[{"data":"TalkToTheHand","floor":6,"key":"SMITH"},{"data":"PathToVictory","floor":12,"key":"SMITH"},{"data":"Vigilance","floor":15,"key":"SMITH"},{"floor":23,"key":"REST"},{"floor":25,"key":"REST"},{"floor":30,"key":"REST"}],"circlet_count":0,"master_deck":["AscendersBane","Defend_P+1","Defend_P","Defend_P+1","Eruption+1","Vigilance+1","TalkToTheHand+1","PathToVictory+1","LessonLearned+1","SignatureMove+1","Meditate+1","EmptyBody","Evaluate","Scrawl"],"relics":["PureWater","NeowsBlessing","Orichalcum","Bag of Preparation","Happy Flower","TeardropLocket","Astrolabe","MutagenicStrength","The Courier","Molten Egg 2","WingedGreaves"],"acts_visited":["Exordium","TheCity"],"potions_floor_usage":[14,16,21],"damage_taken":[{"damage":0,"enemies":"Small Slimes","floor":1,"turns":2},{"damage":0,"enemies":"Cultist","floor":3,"turns":1},{"damage":0,"enemies":"3 Sentries","floor":7,"turns":1},{"damage":0,"enemies":"Jaw Worm","floor":8,"turns":4},{"damage":0,"enemies":"Gremlin Nob","floor":13,"turns":2},{"damage":0,"enemies":"3 Louse","floor":14,"turns":2},{"damage":45,"enemies":"Hexaghost","floor":16,"turns":10},{"damage":0,"enemies":"Spheric Guardian","floor":18,"turns":1},{"damage":17,"enemies":"3 Byrds","floor":21,"turns":4},{"damage":4,"enemies":"Slavers","floor":24,"turns":4},{"damage":5,"enemies":"Snake Plant","floor":27,"turns":3},{"damage":46,"enemies":"Gremlin Leader","floor":29,"turns":4},{"damage":13,"enemies":"Masked Bandits","floor":31,"turns":2}],"seed_played":"7078148643168566059","potions_obtained":[{"floor":7,"key":"Fire Potion"},{"floor":8,"key":"ColorlessPotion"},{"floor":18,"key":"StancePotion"},{"floor":24,"key":"Strength Potion"}],"is_trial":false,"path_per_floor":["M","?","M","?","?","R","E","M","T","?","$","R","E","M","R","B",null,"M","$","?","M","?","R","E","R","T","M","$","E","R","?"],"character_chosen":"WATCHER","items_purchased":["Happy Flower"],"campfire_rested":3,"item_purchase_floors":[11],"current_hp_per_floor":[61,61,61,61,61,61,61,61,61,54,54,54,54,54,54,9,53,53,53,34,17,17,38,34,55,55,50,50,4,25,12,12],"gold":62,"neow_bonus":"THREE_ENEMY_KILL","is_daily":false,"chose_seed":false,"campfire_upgraded":3,"win_rate":0.0,"timestamp":1611878829,"path_taken":["M","?","M","?","?","R","E","?","T","?","$","R","E","M","R","BOSS","M","$","?","M","?","R","E","R","T","M","?","E","R","?"],"items_purchased_type":["Relic"],"build_version":"2020-12-22","purchased_purges":2,"victory":false,"max_hp_per_floor":[68,68,68,68,68,68,68,68,68,68,68,68,68,68,68,68,68,68,68,73,73,73,73,73,73,73,73,73,73,73,73,73],"card_choices":[{"not_picked":["Prostrate","CrushJoints"],"picked":"TalkToTheHand","floor":1},{"not_picked":["Halt","Study","FlyingSleeves"],"picked":"SKIP","floor":3},{"not_picked":["CrushJoints","Consecrate"],"picked":"PathToVictory","floor":7},{"not_picked":["JustLucky","SashWhip"],"picked":"CrushJoints","floor":8},{"not_picked":["SignatureMove","Consecrate"],"picked":"Establishment","floor":13},{"not_picked":["Consecrate","Wireheading","FlyingSleeves"],"picked":"SKIP","floor":14},{"not_picked":["DeusExMachina","Scrawl"],"picked":"LessonLearned","floor":16},{"not_picked":["Wireheading","ReachHeaven"],"picked":"EmptyBody","floor":18},{"not_picked":["FearNoEvil","Adaptation"],"picked":"Evaluate","floor":21},{"not_picked":["EmptyMind","EmptyBody","Worship"],"picked":"SKIP","floor":24},{"not_picked":["WindmillStrike+1","FlyingSleeves+1","JustLucky+1"],"picked":"SKIP","floor":27},{"not_picked":["WaveOfTheHand","SignatureMove+1"],"picked":"Scrawl","floor":29}],"player_experience":966780,"relics_obtained":[{"floor":7,"key":"Orichalcum"},{"floor":9,"key":"Bag of Preparation"},{"floor":13,"key":"TeardropLocket"},{"floor":24,"key":"The Courier"},{"floor":26,"key":"Molten Egg 2"},{"floor":29,"key":"WingedGreaves"}],"event_choices":[{"damage_healed":0,"gold_gain":0,"player_choice":"Grow","damage_taken":0,"max_hp_gain":0,"max_hp_loss":0,"event_name":"Living Wall","floor":2,"gold_loss":0,"cards_upgraded":["Eruption"]},{"cards_removed":["Strike_P"],"damage_healed":0,"gold_gain":0,"player_choice":"Card Removal","damage_taken":0,"max_hp_gain":0,"max_hp_loss":0,"event_name":"The Cleric","floor":4,"gold_loss":75},{"cards_removed":["Defend_P"],"damage_healed":0,"gold_gain":0,"player_choice":"Offered Basic","damage_taken":0,"max_hp_gain":0,"max_hp_loss":0,"event_name":"Bonfire Elementals","floor":5,"gold_loss":0},{"cards_removed":["Strike_P"],"damage_healed":0,"gold_gain":0,"player_choice":"Card Removal","damage_taken":7,"max_hp_gain":0,"max_hp_loss":0,"event_name":"Golden Wing","floor":10,"gold_loss":0},{"damage_healed":0,"gold_gain":0,"player_choice":"Shed Blood","damage_taken":24,"max_hp_gain":5,"max_hp_loss":0,"event_name":"Forgotten Altar","floor":20,"gold_loss":0},{"damage_healed":0,"gold_gain":0,"player_choice":"Inject Mutagens","damage_taken":0,"relics_obtained":["MutagenicStrength"],"max_hp_gain":0,"max_hp_loss":0,"event_name":"Drug Dealer","floor":22,"gold_loss":0},{"damage_healed":0,"gold_gain":0,"player_choice":"Fought Bandits","damage_taken":0,"max_hp_gain":0,"max_hp_loss":0,"event_name":"Masked Bandits","floor":31,"gold_loss":0}],"is_beta":false,"boss_relics":[{"not_picked":["Coffee Dripper","Black Star"],"picked":"Astrolabe"}],"items_purged_floors":[19,28],"is_endless":false,"potions_floor_spawned":[7,8,18,24],"killed_by":"Masked Bandits","ascension_level":17}}