{"host":"c6uvvgqwlxq4k23y","time":1611946565,"event":{"mods":["Arknights The Spire","BaseMod","CapriCore","DeckTracker","Hermit","Minty Spire (QoL Compilation)","StSLib","SuperFastMode","The Cursed"],"gold_per_floor":[116,133,37,37,49,49,82,82,82,102,102,115,125,138,138,239,239,255,180,180,200,44,77,89,99,122,122,122,22,22,38,38,138,138,156,156,171,190,205,205,233,233,233,287,92,107,107,117,117,117],"floor_reached":51,"language":"KOR","playtime":1093,"items_purged":["ats:Strike C","ats:Strike V","ats:Strike G"],"score":726,"play_id":"97e842f3-9e54-464b-adc1-fd2da2775c63","local_time":"20210130035605","is_ascension_mode":false,"campfire_choices":[{"data":"ats:Demon Strength","floor":6.0,"key":"SMITH"},{"data":"ats:Armor Crushing Shot","floor":8.0,"key":"SMITH"},{"data":"ats:Emotion Absorption","floor":11.0,"key":"SMITH"},{"data":"ats:Literary Storm","floor":15.0,"key":"SMITH"},{"data":"ats:Assault Order","floor":27.0,"key":"SMITH"},{"floor":32.0,"key":"REST"},{"data":"ats:Neurotoxin","floor":40,"key":"SMITH"},{"data":"ats:Demon Strength","floor":42,"key":"SMITH"},{"data":"ats:Nebulous Foxfire","floor":49,"key":"SMITH"}],"circlet_count":0,"master_deck":["ats:Armor Crushing Shot+1","ats:Defend","ats:Defend","ats:Defend","ats:Defend","ats:Emotion Absorption+1","ats:Overload","ats:Explosion Area Strengthen","ats:Demon Strength+1","ats:Powerful Strike","ats:Flexible Camouflage","ats:Assault Order+1","ats:Demon Strength+1","ats:Absolute Focus","ats:Literary Storm+1","ats:Nebulous Foxfire+1","ats:Overload","ats:Neurotoxin+1","ats:Wolf Pack","ats:Poison Spread","ats:Hook Shot","ats:Overload","ats:Overload+1","ats:Nebulous Foxfire+1"],"relics":["ats:Sanity","NeowsBlessing","ats:Originium","Lizard Tail","Bottled Tornado","Sozu","ats:Ability Aura","Vajra","Enchiridion","SlaversCollar","Bag of Preparation","Mercury Hourglass","Thread and Needle"],"acts_visited":["Exordium","TheCity","TheBeyond"],"potions_floor_usage":[],"damage_taken":[{"damage":0.0,"enemies":"Cultist","floor":1.0,"turns":1.0},{"damage":0.0,"enemies":"Jaw Worm","floor":2.0,"turns":1.0},{"damage":0.0,"enemies":"2 Louse","floor":5.0,"turns":1.0},{"damage":25.0,"enemies":"3 Sentries","floor":7.0,"turns":4.0},{"damage":0.0,"enemies":"Large Slime","floor":10.0,"turns":3.0},{"damage":0.0,"enemies":"Exordium Wildlife","floor":12.0,"turns":2.0},{"damage":3.0,"enemies":"3 Louse","floor":13.0,"turns":2.0},{"damage":8.0,"enemies":"Blue Slaver","floor":14.0,"turns":3.0},{"damage":50.0,"enemies":"The Guardian","floor":16.0,"turns":9.0},{"damage":12.0,"enemies":"Shell Parasite","floor":18.0,"turns":4.0},{"damage":14.0,"enemies":"2 Thieves","floor":21.0,"turns":2.0},{"damage":37.0,"enemies":"Slavers","floor":23.0,"turns":4.0},{"damage":5.0,"enemies":"Centurion and Healer","floor":24.0,"turns":3.0},{"damage":0.0,"enemies":"Snake Plant","floor":25.0,"turns":2.0},{"damage":2.0,"enemies":"Snecko","floor":31.0,"turns":3.0},{"damage":34.0,"enemies":"Automaton","floor":33.0,"turns":5.0},{"damage":8,"enemies":"3 Shapes","floor":35,"turns":5},{"damage":16,"enemies":"Orb Walker","floor":37,"turns":3},{"damage":5,"enemies":"Transient","floor":38,"turns":5},{"damage":10,"enemies":"Jaw Worm Horde","floor":39,"turns":2},{"damage":9,"enemies":"Giant Head","floor":41,"turns":3},{"damage":4,"enemies":"2 Orb Walkers","floor":44,"turns":3},{"damage":7,"enemies":"Spire Growth","floor":46,"turns":3},{"damage":0,"enemies":"3 Darklings","floor":48,"turns":2},{"damage":46,"enemies":"Time Eater","floor":50,"turns":5}],"seed_played":"996392764116625678","potions_obtained":[{"floor":2.0,"key":"LiquidMemories"},{"floor":12.0,"key":"SneckoOil"},{"floor":13.0,"key":"BlessingOfTheForge"},{"floor":16.0,"key":"SpeedPotion"}],"is_trial":false,"path_per_floor":["M","M","$","$","M","R","E","R","T","M","R","M","M","M","R","B",null,"M","$","?","M","$","E","M","M","T","R","?","$","?","M","R","B",null,"M","?","M","M","M","R","E","R","T","?","$","M","$","M","R","B",null],"character_chosen":"DOCTOR_CLASS","items_purchased":["ats:Demon Strength","ats:Powerful Strike","ats:Ability Aura","ats:Overload"],"campfire_rested":1,"item_purchase_floors":[3,3,22,45],"current_hp_per_floor":[72,72,72,72,72,72,47,47,47,47,47,47,44,36,36,26,72,65,65,65,55,55,25,24,24,24,24,48,48,32,37,58,37,72,70,70,60,71,61,61,59,59,59,64,64,61,61,61,61,33],"gold":117,"neow_bonus":"THREE_ENEMY_KILL","is_daily":false,"chose_seed":false,"campfire_upgraded":8,"win_rate":0.0,"timestamp":1611946565,"path_taken":["M","?","?","$","M","R","E","R","T","M","R","M","M","M","R","BOSS","M","$","?","M","$","E","M","?","T","R","?","$","?","M","R","BOSS","M","?","M","M","M","R","E","R","T","?","$","M","$","M","R","BOSS"],"items_purchased_type":["Card","Card","Relic","Card"],"build_version":"2020-12-22","purchased_purges":3,"victory":true,"max_hp_per_floor":[72,72,72,72,72,72,72,72,72,72,72,72,72,72,72,72,72,72,72,72,72,72,72,72,72,72,72,72,72,72,72,72,72,72,72,72,72,72,72,72,72,72,72,72,72,72,72,72,72,72],"card_choices":[{"not_picked":["ats:Closed Bolt Burst Fire","ats:Blood Oath"],"picked":"ats:Overload","floor":1.0},{"not_picked":["ats:Shell Defense","ats:Guard Mode"],"picked":"ats:Explosion Area Strengthen","floor":2.0},{"not_picked":["ats:Very Hot Blade","ats:Blood Oath"],"picked":"ats:Flexible Camouflage","floor":5.0},{"not_picked":["ats:Closed Bolt Burst Fire","ats:Part Time Job","ats:True Silver Slash"],"picked":"SKIP","floor":7.0},{"not_picked":["ats:Spore Proliferation","ats:Assault Order","ats:Flame Of Heaven"],"picked":"SKIP","floor":10.0},{"not_picked":["ats:Spore Proliferation","ats:Flame Of Heaven"],"picked":"ats:Assault Order","floor":10.0},{"not_picked":["ats:Hammer On","ats:Flame Of Heaven"],"picked":"ats:Demon Strength","floor":12.0},{"not_picked":["ats:Support Order","ats:Absolute Focus","ats:Cat Scratch"],"picked":"SKIP","floor":13.0},{"not_picked":["ats:Support Order","ats:Cat Scratch"],"picked":"ats:Absolute Focus","floor":13.0},{"not_picked":["ats:Leaping Hammer","ats:Shell Defense"],"picked":"ats:Literary Storm","floor":14.0},{"not_picked":["ats:Durian","ats:Echo Reverb"],"picked":"ats:Nebulous Foxfire","floor":16.0},{"not_picked":["ats:Revitalization+1","ats:Hook Shot+1"],"picked":"ats:Overload","floor":18.0},{"not_picked":["ats:Soul Absorption+1","ats:Flexible Camouflage","ats:Assault Order"],"picked":"SKIP","floor":21.0},{"not_picked":["ats:Leaping Hammer","ats:Absolute Focus","ats:Consecutive Shot Auto"],"picked":"SKIP","floor":23.0},{"not_picked":["ats:Steam Pump+1","ats:Sashimi Platter","ats:Hammer On"],"picked":"SKIP","floor":24.0},{"not_picked":["ats:Powerful Strike","ats:Hammer On","ats:Sword Rain+1"],"picked":"SKIP","floor":25.0},{"not_picked":["ats:Revitalization+1","ats:Encircling Forest"],"picked":"ats:Neurotoxin","floor":31.0},{"not_picked":["ats:Durian","ats:Dogmatic Field"],"picked":"ats:Wolf Pack","floor":33.0},{"not_picked":["ats:Flexible Camouflage+1","ats:Ignite+1"],"picked":"ats:Poison Spread","floor":35},{"not_picked":["ats:Automatic Cover+1","ats:Hammer On+1","ats:Guard Mode"],"picked":"SKIP","floor":37},{"not_picked":["ats:Cat Scratch+1","ats:Guard Mode","ats:Consecutive Shot Auto+1"],"picked":"SKIP","floor":38},{"not_picked":["ats:Closed Bolt Burst Fire+1","ats:Guard Mode+1"],"picked":"ats:Hook Shot","floor":39},{"not_picked":["ats:Very Hot Blade","ats:Explosion Area Strengthen","ats:Burning Ground+1"],"picked":"SKIP","floor":41},{"not_picked":["ats:Apocalypse+1","ats:Flexible Camouflage"],"picked":"ats:Overload+1","floor":46},{"not_picked":["ats:Serious Mode","ats:Powerful Strike+1"],"picked":"ats:Nebulous Foxfire","floor":48}],"player_experience":340951,"relics_obtained":[{"floor":7.0,"key":"ats:Originium"},{"floor":7.0,"key":"Lizard Tail"},{"floor":9.0,"key":"Bottled Tornado"},{"floor":23.0,"key":"ats:Originium"},{"floor":23.0,"key":"Vajra"},{"floor":30.0,"key":"Enchiridion"},{"floor":41,"key":"ats:Originium"},{"floor":41,"key":"Bag of Preparation"},{"floor":43,"key":"Mercury Hourglass"},{"floor":44,"key":"Thread and Needle"}],"event_choices":[{"damage_healed":0.0,"max_hp_gain":0.0,"max_hp_loss":0.0,"gold_gain":0.0,"event_name":"Upgrade Shrine","player_choice":"Upgraded","floor":20.0,"gold_loss":0.0,"damage_taken":0.0,"cards_upgraded":["ats:Nebulous Foxfire"]},{"damage_healed":24.0,"max_hp_gain":0.0,"max_hp_loss":0.0,"gold_gain":0.0,"event_name":"The Library","player_choice":"Heal","floor":28.0,"gold_loss":0.0,"damage_taken":0.0},{"damage_healed":0.0,"max_hp_gain":0.0,"max_hp_loss":0.0,"gold_gain":0.0,"event_name":"Cursed Tome","player_choice":"Obtained Book","floor":30.0,"gold_loss":0.0,"damage_taken":16.0},{"cards_removed":["ats:Strike S"],"damage_healed":0,"gold_gain":0,"player_choice":"Removed Attack","damage_taken":0,"max_hp_gain":0,"max_hp_loss":0,"event_name":"Falling","floor":36,"gold_loss":0},{"damage_healed":0,"gold_gain":0,"player_choice":"Fight","damage_taken":0,"max_hp_gain":0,"max_hp_loss":0,"event_name":"Mysterious Sphere","floor":44,"gold_loss":0}],"is_beta":false,"boss_relics":[{"not_picked":["Tiny House","SacredBark"],"picked":"Sozu"},{"not_picked":["Runic Dome","Pandora\u0027s Box"],"picked":"SlaversCollar"}],"items_purged_floors":[19,29,45],"is_endless":false,"potions_floor_spawned":[2,12,13,16,21,25,35,39,41,44],"ascension_level":0}}