{"host":"nozk9xg7ssf2drdi","time":1611894040,"event":{"mods":["BaseMod","Colored Map","Minty Spire (QoL Compilation)","Relic Stats","Slay the Relics Exporter","StSLib","everything is the same but u backflip on backflip"],"gold_per_floor":[365,46,64,80,155,155,188,188,188,52,79,111,123,179,191,203,203],"floor_reached":16,"language":"ENG","playtime":2021,"items_purged":[],"score":436,"play_id":"6ac68ece-6fc6-4580-afd1-ffd35ce91b95","local_time":"20210128222040","is_ascension_mode":true,"campfire_choices":[{"data":"Infinite Blades","floor":6,"key":"SMITH"},{"floor":8,"key":"REST"},{"floor":15,"key":"REST"}],"circlet_count":0,"master_deck":["AscendersBane","Strike_G","Strike_G","Strike_G","Strike_G","Strike_G","Defend_G","Defend_G","Defend_G","Defend_G","Defend_G","Survivor","Neutralize","Dagger Spray","Panache","Infinite Blades+1","Calculated Gamble","Endless Agony","Cloak And Dagger","Wraith Form v2","Blade Dance","Footwork"],"relics":["Ring of the Snake","Letter Opener","Molten Egg 2","MealTicket","MawBank","Golden Idol","Darkstone Periapt"],"acts_visited":["Exordium"],"potions_floor_usage":[7,14],"damage_taken":[{"damage":0,"enemies":"Small Slimes","floor":1,"turns":4},{"damage":0,"enemies":"Cultist","floor":3,"turns":3},{"damage":12,"enemies":"Jaw Worm","floor":4,"turns":4},{"damage":15,"enemies":"Lagavulin","floor":7,"turns":7},{"damage":0,"enemies":"3 Sentries","floor":11,"turns":3},{"damage":1,"enemies":"Looter","floor":12,"turns":4},{"damage":20,"enemies":"Lagavulin","floor":14,"turns":6},{"damage":28,"enemies":"Slime Boss","floor":16,"turns":8}],"seed_played":"3939930267457314469","potions_obtained":[{"floor":4,"key":"SpeedPotion"},{"floor":12,"key":"AttackPotion"}],"is_trial":false,"path_per_floor":["M","$","M","M","?","R","E","R","T","?","E","M","?","E","R","B"],"character_chosen":"THE_SILENT","items_purchased":["Panache","Infinite Blades","Calculated Gamble"],"campfire_rested":2,"item_purchase_floors":[2,2,2],"current_hp_per_floor":[59,59,59,47,36,36,21,39,39,39,39,38,38,18,34,6,6],"gold":203,"neow_bonus":"TWO_FIFTY_GOLD","is_daily":false,"chose_seed":false,"campfire_upgraded":1,"win_rate":0.0,"timestamp":1611894040,"path_taken":["M","$","M","M","?","R","E","R","T","?","E","?","?","E","R","BOSS"],"items_purchased_type":["Card","Card","Card"],"build_version":"2020-12-22","purchased_purges":0,"victory":false,"max_hp_per_floor":[60,60,60,60,60,60,60,60,60,60,60,60,54,54,54,54,54],"relic_stats":{"Darkstone Periapt":0,"counters":[8,39],"Golden Idol":29,"MealTicket":0,"Letter Opener":[35],"MawBank":60,"obtain_stats":[{"Darkstone Periapt":14,"Golden Idol":13,"Molten Egg 2":9,"MealTicket":10,"Letter Opener":7,"MawBank":11,"Ring of the Snake":0},{"Darkstone Periapt":7,"Golden Idol":6,"Molten Egg 2":4,"MealTicket":4,"Letter Opener":4,"MawBank":5,"Ring of the Snake":0},{"Darkstone Periapt":31,"Golden Idol":25,"Molten Egg 2":18,"MealTicket":18,"Letter Opener":18,"MawBank":21,"Ring of the Snake":0}],"Ring of the Snake":[17]},"card_choices":[{"not_picked":["Blade Dance","Poisoned Stab"],"picked":"Dagger Spray","floor":1},{"not_picked":["Acrobatics","Dagger Throw"],"picked":"Endless Agony","floor":3},{"not_picked":["Flechettes","Heel Hook","Dagger Throw"],"picked":"SKIP","floor":4},{"not_picked":["Backflip","Blade Dance"],"picked":"Cloak And Dagger","floor":7},{"not_picked":["Dagger Spray+1","Slice+1"],"picked":"Wraith Form v2","floor":11},{"not_picked":["Dagger Throw+1","Deflect"],"picked":"Blade Dance","floor":12},{"not_picked":["Poisoned Stab+1","Choke+1"],"picked":"Footwork","floor":14}],"player_experience":6010562,"relics_obtained":[{"floor":7,"key":"Letter Opener"},{"floor":9,"key":"Molten Egg 2"},{"floor":11,"key":"MawBank"},{"floor":14,"key":"Darkstone Periapt"}],"event_choices":[{"damage_healed":0,"gold_gain":75,"player_choice":"Gather Gold","damage_taken":11,"max_hp_gain":0,"max_hp_loss":0,"event_name":"World of Goop","floor":5,"gold_loss":0},{"damage_healed":0,"gold_gain":0,"player_choice":"Paid Gold","damage_taken":0,"relics_obtained":["MealTicket"],"max_hp_gain":0,"max_hp_loss":0,"event_name":"WeMeetAgain","floor":10,"gold_loss":136},{"damage_healed":0,"gold_gain":0,"player_choice":"Lose Max HP","damage_taken":0,"relics_obtained":["Golden Idol"],"max_hp_gain":0,"max_hp_loss":6,"event_name":"Golden Idol","floor":13,"gold_loss":0}],"is_beta":false,"boss_relics":[],"items_purged_floors":[],"is_endless":false,"potions_floor_spawned":[4,12,16],"killed_by":"Slime Boss","ascension_level":20}}