{"host":"jqln3q8z91cyrmpl","time":1611930442,"event":{"mods":["AchievementEnabler","BaseMod","Colored Map","DeckTracker","Keyboard Shortcuts","Minty Spire (QoL Compilation)","SuperFastMode"],"gold_per_floor":[18,18,32,32,32,64,64,93,116,116,136,86,121,132,132,234,234,244,244,244,21,40,40,72,18,18,46,46,71,88,106,106,211,211,221,221,271,284,138,138,155,155,155],"floor_reached":42,"language":"KOR","playtime":1839,"items_purged":[],"score":686,"play_id":"12948219-5e33-4305-9d48-051bed1a9943","local_time":"20210129232722","is_ascension_mode":true,"campfire_choices":[{"data":"Chaos","floor":7.0,"key":"SMITH"},{"floor":10.0,"key":"REST"},{"data":"Loop","floor":15.0,"key":"SMITH"},{"data":"Capacitor","floor":23.0,"key":"SMITH"},{"floor":28.0,"key":"REST"},{"floor":32.0,"key":"REST"},{"floor":40,"key":"RECALL"}],"circlet_count":0,"master_deck":["Zap","Dualcast+1","Core Surge","Leap","Turbo","Chaos+1","Sweeping Beam","Glacier+1","Compile Driver","Ball Lightning","Loop+1","Electrodynamics","Skim+1","Capacitor+1","Cold Snap+1","Redo","Hologram","Loop+1","Blizzard","Coolheaded+1","Reboot","Coolheaded+1","Madness","Madness","Glacier+1","Chill+1","Self Repair+1"],"relics":["Cracked Core","Anchor","Ancient Tea Set","Dream Catcher","PreservedInsect","Empty Cage","War Paint","Lantern","Frozen Egg 2","Bottled Tornado","MealTicket","SlaversCollar","Mango","Runic Capacitor"],"acts_visited":["Exordium","TheCity","TheBeyond"],"potions_floor_usage":[38,42],"damage_taken":[{"damage":9.0,"enemies":"2 Louse","floor":1.0,"turns":2.0},{"damage":3.0,"enemies":"Small Slimes","floor":3.0,"turns":3.0},{"damage":24.0,"enemies":"3 Sentries","floor":6.0,"turns":8.0},{"damage":24.0,"enemies":"Lagavulin","floor":8.0,"turns":6.0},{"damage":0.0,"enemies":"Cultist","floor":11.0,"turns":3.0},{"damage":1.0,"enemies":"Gremlin Nob","floor":13.0,"turns":3.0},{"damage":0.0,"enemies":"Exordium Wildlife","floor":14.0,"turns":4.0},{"damage":6.0,"enemies":"The Guardian","floor":16.0,"turns":12.0},{"damage":0.0,"enemies":"Chosen","floor":18.0,"turns":4.0},{"damage":6.0,"enemies":"Spheric Guardian","floor":22.0,"turns":4.0},{"damage":2.0,"enemies":"Gremlin Leader","floor":24.0,"turns":7.0},{"damage":15.0,"enemies":"Book of Stabbing","floor":27.0,"turns":5.0},{"damage":33.0,"enemies":"Gremlin Leader","floor":29.0,"turns":5.0},{"damage":24.0,"enemies":"Shelled Parasite and Fungi","floor":30.0,"turns":5.0},{"damage":0.0,"enemies":"3 Cultists","floor":31.0,"turns":5.0},{"damage":24.0,"enemies":"Collector","floor":33.0,"turns":6.0},{"damage":8.0,"enemies":"3 Shapes","floor":35.0,"turns":3.0},{"damage":6.0,"enemies":"Mind Bloom Boss Battle","floor":37.0,"turns":9.0},{"damage":24,"enemies":"3 Darklings","floor":38,"turns":5},{"damage":35,"enemies":"Transient","floor":41,"turns":5},{"damage":20,"enemies":"Maw","floor":42,"turns":9}],"seed_played":"-1949073139265414046","potions_obtained":[{"floor":3.0,"key":"DuplicationPotion"},{"floor":6.0,"key":"FearPotion"},{"floor":13.0,"key":"Regen Potion"},{"floor":14.0,"key":"BlessingOfTheForge"},{"floor":16.0,"key":"Explosive Potion"},{"floor":18.0,"key":"EntropicBrew"},{"floor":27.0,"key":"Ancient Potion"},{"floor":37.0,"key":"Swift Potion"},{"floor":38,"key":"EssenceOfSteel"}],"is_trial":false,"path_per_floor":["M","?","M","?","?","E","R","E","T","R","M","?","E","M","R","B",null,"M","?","?","$","M","R","E","$","T","E","R","E","M","M","R","B",null,"M","?","?","M","$","R","M","M"],"character_chosen":"DEFECT","items_purchased":["Capacitor","War Paint","Redo","Runic Capacitor"],"campfire_rested":3,"item_purchase_floors":[21,21,25,39],"current_hp_per_floor":[59,59,56,61,61,37,37,13,13,37,37,37,36,36,36,45,71,71,71,71,71,65,65,63,63,63,48,72,39,15,15,39,15,64,56,46,54,30,45,45,10,0,0],"gold":155,"neow_bonus":"TRANSFORM_TWO_CARDS","is_daily":false,"chose_seed":false,"campfire_upgraded":3,"win_rate":0.0,"timestamp":1611930442,"path_taken":["M","?","M","?","?","E","R","E","T","R","M","?","E","M","R","BOSS","M","?","?","$","?","R","E","$","T","E","R","E","M","M","R","BOSS","M","?","?","M","?","R","M","M"],"items_purchased_type":["Card","Relic","Card","Relic"],"build_version":"2020-12-22","purchased_purges":0,"victory":false,"max_hp_per_floor":[75,75,75,80,80,80,80,80,80,80,80,80,80,80,80,80,80,80,80,80,80,80,80,80,80,80,80,80,80,80,80,80,80,80,80,80,94,94,94,94,94,94,94],"card_choices":[{"not_picked":["Steam","Static Discharge"],"picked":"Turbo","floor":1.0},{"not_picked":["Leap","Aggregate"],"picked":"Sweeping Beam","floor":3.0},{"not_picked":["Thunder Strike","Sweeping Beam"],"picked":"Glacier","floor":6.0},{"not_picked":["Sweeping Beam","Hyperbeam","Core Surge"],"picked":"SKIP","floor":8.0},{"not_picked":["Rebound","Steam"],"picked":"Compile Driver","floor":10.0},{"not_picked":["Cold Snap","Tempest"],"picked":"Ball Lightning","floor":11.0},{"not_picked":["Auto Shields","Hello World","Echo Form"],"picked":"SKIP","floor":13.0},{"not_picked":["Sweeping Beam","Redo"],"picked":"Loop","floor":14.0},{"not_picked":["Hyperbeam","Biased Cognition"],"picked":"Electrodynamics","floor":16.0},{"not_picked":["Conserve Battery","Go for the Eyes"],"picked":"Skim+1","floor":18.0},{"not_picked":["Aggregate+1","Stack+1","Hello World"],"picked":"SKIP","floor":22.0},{"not_picked":["Streamline+1","Conserve Battery"],"picked":"Cold Snap+1","floor":24.0},{"not_picked":["Steam","Leap"],"picked":"Hologram","floor":27.0},{"not_picked":["Fusion+1","Leap"],"picked":"Loop+1","floor":28.0},{"not_picked":["Beam Cell","Coolheaded"],"picked":"Blizzard","floor":29.0},{"not_picked":["Beam Cell","Stack","Leap+1"],"picked":"SKIP","floor":30.0},{"not_picked":["Thunder Strike","Chill"],"picked":"Coolheaded+1","floor":31.0},{"not_picked":["Multi-Cast","Electrodynamics+1"],"picked":"Reboot","floor":33.0},{"not_picked":["Loop+1","Static Discharge+1"],"picked":"Coolheaded+1","floor":35.0},{"not_picked":["Undo","BootSequence+1"],"picked":"Glacier+1","floor":37.0},{"not_picked":["Auto Shields","Fusion"],"picked":"Chill+1","floor":38},{"not_picked":["Cold Snap+1","Lockon"],"picked":"Self Repair+1","floor":41}],"player_experience":393856,"relics_obtained":[{"floor":6.0,"key":"Anchor"},{"floor":8.0,"key":"Ancient Tea Set"},{"floor":9.0,"key":"Dream Catcher"},{"floor":13.0,"key":"PreservedInsect"},{"floor":24.0,"key":"Lantern"},{"floor":26.0,"key":"Frozen Egg 2"},{"floor":27.0,"key":"Bottled Tornado"},{"floor":29.0,"key":"MealTicket"},{"floor":37.0,"key":"Mango"}],"event_choices":[{"damage_healed":0.0,"max_hp_gain":0.0,"max_hp_loss":0.0,"gold_gain":0.0,"cards_transformed":["Strike_B"],"event_name":"Living Wall","player_choice":"Change","floor":2.0,"gold_loss":0.0,"damage_taken":0.0,"cards_obtained":["Chaos"]},{"damage_healed":0.0,"max_hp_gain":5.0,"max_hp_loss":0.0,"gold_gain":0.0,"event_name":"Big Fish","player_choice":"Donut","floor":4.0,"gold_loss":0.0,"damage_taken":0.0},{"damage_healed":0.0,"max_hp_gain":0.0,"max_hp_loss":0.0,"gold_gain":0.0,"event_name":"Liars Game","player_choice":"Ignored","floor":5.0,"gold_loss":0.0,"damage_taken":0.0},{"cards_removed":["Strike_B"],"damage_healed":0.0,"max_hp_gain":0.0,"max_hp_loss":0.0,"gold_gain":0.0,"event_name":"The Cleric","player_choice":"Card Removal","floor":12.0,"gold_loss":50.0,"damage_taken":0.0},{"cards_removed":["Defend_B"],"damage_healed":0.0,"max_hp_gain":0.0,"max_hp_loss":0.0,"gold_gain":0.0,"event_name":"Back to Basics","player_choice":"Elegance","floor":19.0,"gold_loss":0.0,"damage_taken":0.0},{"cards_removed":["Defend_B"],"damage_healed":0.0,"max_hp_gain":0.0,"max_hp_loss":0.0,"gold_gain":0.0,"event_name":"Purifier","player_choice":"Purged","floor":20.0,"gold_loss":0.0,"damage_taken":0.0},{"damage_healed":0.0,"max_hp_gain":0.0,"max_hp_loss":0.0,"gold_gain":0.0,"event_name":"Winding Halls","player_choice":"Embrace Madness","floor":36.0,"gold_loss":0.0,"damage_taken":10.0,"cards_obtained":["Madness","Madness"]},{"damage_healed":0.0,"max_hp_gain":0.0,"max_hp_loss":0.0,"gold_gain":0.0,"event_name":"MindBloom","player_choice":"Fight","floor":37.0,"gold_loss":0.0,"damage_taken":0.0}],"is_beta":false,"boss_relics":[{"not_picked":["Philosopher\u0027s Stone","Sozu"],"picked":"Empty Cage"},{"not_picked":["Snecko Eye","Tiny House"],"picked":"SlaversCollar"}],"items_purged_floors":[],"is_endless":false,"potions_floor_spawned":[3,6,13,14,16,18,24,27,37,38],"killed_by":"Maw","ascension_level":8}}