{"host":"4rvakrj1idbgia3f","time":1611899799,"event":{"mods":["BaseMod","Colored Map","Colored Powertips","DeckTracker","Highlight Path","Minty Spire (QoL Compilation)","Random Character Button","StSLib"],"gold_per_floor":[111,125,105,120,75,75,117,117,141,161,189,189,216,254,254,254,254],"floor_reached":16,"language":"JPN","playtime":602,"items_purged":[],"score":228,"play_id":"43573c76-d6ee-4a3e-8fb7-6f306ac2b7d3","local_time":"20210129145639","is_ascension_mode":true,"campfire_choices":[{"data":"Dagger Spray","floor":6.0,"key":"SMITH"},{"data":"Distraction","floor":8,"key":"SMITH"},{"data":"Dagger Throw","floor":12,"key":"SMITH"},{"data":"Glass Knife","floor":15,"key":"SMITH"}],"circlet_count":0,"master_deck":["AscendersBane","Strike_G","Strike_G","Strike_G","Strike_G","Strike_G","Defend_G","Defend_G","Defend_G","Defend_G","Defend_G","Survivor","Neutralize+1","Dagger Throw","Distraction+1","Dagger Throw+1","Dagger Spray+1","Tactician","PiercingWail","Caltrops","Glass Knife+1"],"relics":["Ring of the Snake","CeramicFish","Regal Pillow","Juzu Bracelet"],"acts_visited":["Exordium"],"potions_floor_usage":[7,13,14,14],"damage_taken":[{"damage":1.0,"enemies":"2 Louse","floor":1.0,"turns":3.0},{"damage":0.0,"enemies":"Cultist","floor":2.0,"turns":4.0},{"damage":0.0,"enemies":"Small Slimes","floor":4.0,"turns":4.0},{"damage":29.0,"enemies":"Exordium Thugs","floor":5.0,"turns":5.0},{"damage":15,"enemies":"3 Sentries","floor":7,"turns":4},{"damage":4,"enemies":"2 Fungi Beasts","floor":10,"turns":3},{"damage":0,"enemies":"Exordium Wildlife","floor":11,"turns":2},{"damage":1,"enemies":"Lots of Slimes","floor":13,"turns":2},{"damage":6,"enemies":"Gremlin Nob","floor":14,"turns":3},{"damage":20,"enemies":"The Guardian","floor":16,"turns":8}],"seed_played":"-7729646804259884140","potions_obtained":[{"floor":2.0,"key":"Ancient Potion"},{"floor":3.0,"key":"Regen Potion"},{"floor":5.0,"key":"SteroidPotion"},{"floor":10,"key":"CunningPotion"},{"floor":13,"key":"AttackPotion"}],"is_trial":false,"path_per_floor":["M","M","?","M","M","R","E","R","T","M","M","R","M","E","R","B"],"character_chosen":"THE_SILENT","items_purchased":[],"campfire_rested":0,"item_purchase_floors":[],"current_hp_per_floor":[58,58,58,58,44,44,29,29,29,25,25,25,24,18,18,0,0],"gold":254,"neow_bonus":"UPGRADE_CARD","is_daily":false,"chose_seed":false,"campfire_upgraded":4,"win_rate":0.0,"timestamp":1611899799,"path_taken":["M","M","?","M","M","R","E","R","T","M","M","R","?","E","R","BOSS"],"items_purchased_type":[],"build_version":"2020-12-22","purchased_purges":0,"victory":false,"max_hp_per_floor":[66,66,66,66,66,66,66,66,66,66,66,66,66,66,66,66,66],"card_choices":[{"not_picked":["Prepared","Underhanded Strike"],"picked":"Dagger Throw","floor":1.0},{"not_picked":["Infinite Blades","Bane"],"picked":"Distraction","floor":2.0},{"not_picked":["Dodge and Roll","Masterful Stab"],"picked":"Dagger Throw","floor":4.0},{"not_picked":["Masterful Stab","Poisoned Stab"],"picked":"Dagger Spray","floor":5.0},{"not_picked":["Skewer","Prepared"],"picked":"Tactician","floor":7},{"not_picked":["Concentrate","Deflect","Sucker Punch"],"picked":"SKIP","floor":10},{"not_picked":["Outmaneuver","Infinite Blades"],"picked":"PiercingWail","floor":11},{"not_picked":["Setup","Poisoned Stab"],"picked":"Caltrops","floor":13},{"not_picked":["Prepared","Blade Dance"],"picked":"Glass Knife","floor":14}],"player_experience":2128881,"relics_obtained":[{"floor":7,"key":"CeramicFish"},{"floor":9,"key":"Regal Pillow"},{"floor":14,"key":"Juzu Bracelet"}],"event_choices":[{"damage_healed":0.0,"max_hp_gain":0.0,"max_hp_loss":0.0,"gold_gain":0.0,"event_name":"The Woman in Blue","player_choice":"Bought 1 Potion","floor":3.0,"gold_loss":0.0,"damage_taken":0.0}],"is_beta":false,"boss_relics":[],"items_purged_floors":[],"is_endless":false,"potions_floor_spawned":[2,5,10,11,13],"killed_by":"The Guardian","ascension_level":20}}