{"host":"d7fiu2yjkssjxoz6","time":1611885435,"event":{"mods":["AchievementEnabler","BaseMod","Duelist Mod","Minty Spire (QoL Compilation)","StSLib"],"gold_per_floor":[139,159,159,175,191,191,220,220,220,246,246,278,278,278,278,349,349,362,378,378,388,407,437,157,157,157,187,25,79,79,104,104,181,181,214,261,291,78,78,78],"floor_reached":39,"language":"ENG","playtime":1801,"items_purged":["theDuelist:GravekeeperCurse","theDuelist:SummoningCurse"],"score":963,"play_id":"eed54fbd-a5e1-4082-bfde-0f60f6212d86","local_time":"20210128175715","is_ascension_mode":true,"campfire_choices":[{"data":"theDuelist:Raigeki","floor":6.0,"key":"SMITH"},{"data":"theDuelist:MaskedDragon","floor":8.0,"key":"SMITH"},{"floor":11.0,"key":"RECALL"},{"data":"theDuelist:Carboneddon","floor":15.0,"key":"SMITH"},{"data":"Ghostly","floor":25.0,"key":"SMITH"},{"data":"Ghostly","floor":30.0,"key":"SMITH"},{"data":"Ghostly","floor":32.0,"key":"SMITH"}],"circlet_count":0,"master_deck":["AscendersBane","theDuelist:BabyDragon","theDuelist:BloodSparks","theDuelist:CastleWalls","theDuelist:CastleWalls","theDuelist:CaveDragon","theDuelist:CaveDragon","theDuelist:LesserDragon","theDuelist:LesserDragon","theDuelist:YamataDragon","theDuelist:ThunderDragon","theDuelist:Raigeki+1","theDuelist:MaskedDragon+1","theDuelist:Earthquake","theDuelist:Freezadon","theDuelist:PsiCurse","theDuelist:Carboneddon+1","theDuelist:GravityLash","theDuelist:MirageDragon","theDuelist:BlacklandFireDragon","Ghostly+1","Ghostly+1","Ghostly+1","theDuelist:SmashingGround","theDuelist:EvilMind","theDuelist:CyberTwinDragon","theDuelist:MythicWaterDragon","theDuelist:Vandalgyon","theDuelist:MadFlameKaiju+1","theDuelist:GravityLash","CurseOfTheBell","theDuelist:DragonZombie+1","theDuelist:DoomkaiserDragon","theDuelist:ArmedDragon3","theDuelist:CyberDragonSieger","theDuelist:StardustDragon"],"relics":["theDuelist:MillenniumPuzzle","theDuelist:CardPoolRelic","theDuelist:CardPoolBasicRelic","theDuelist:BoosterPackPoolRelic","theDuelist:CardPoolAddRelic","theDuelist:CardPoolMinusRelic","theDuelist:CardPoolSaveRelic","theDuelist:CardPoolOptionsRelic","theDuelist:MonsterEggRelic","PreservedInsect","Mummified Hand","Pen Nib","theDuelist:MillenniumPeriapt","Mark of Pain","Paper Frog","theDuelist:MonsterEggRelic","Oddly Smooth Stone","theDuelist:ZoneToken","Bag of Preparation","Calling Bell","Ancient Tea Set","theDuelist:KaibaToken","theDuelist:SummonAnchorRare"],"acts_visited":["Exordium","TheCity","TheBeyond"],"potions_floor_usage":[],"damage_taken":[{"damage":1.0,"enemies":"Jaw Worm","floor":1.0,"turns":2.0},{"damage":0.0,"enemies":"Small Slimes","floor":2.0,"turns":3.0},{"damage":0.0,"enemies":"2 Louse","floor":4.0,"turns":3.0},{"damage":0.0,"enemies":"Gremlin Gang","floor":5.0,"turns":3.0},{"damage":15.0,"enemies":"Lagavulin","floor":7.0,"turns":4.0},{"damage":0.0,"enemies":"Gremlin Nob","floor":10.0,"turns":2.0},{"damage":0.0,"enemies":"3 Sentries","floor":12.0,"turns":3.0},{"damage":12.0,"enemies":"The Guardian","floor":16.0,"turns":8.0},{"damage":22.0,"enemies":"2 Thieves","floor":18.0,"turns":2.0},{"damage":15.0,"enemies":"Shell Parasite","floor":19.0,"turns":2.0},{"damage":15.0,"enemies":"Shelled Parasite and Fungi","floor":21.0,"turns":3.0},{"damage":0.0,"enemies":"Cultist and Chosen","floor":22.0,"turns":5.0},{"damage":1.0,"enemies":"Book of Stabbing","floor":23.0,"turns":4.0},{"damage":1.0,"enemies":"theDuelist:KaibaA2","floor":27.0,"turns":2.0},{"damage":3.0,"enemies":"Slavers","floor":31.0,"turns":4.0},{"damage":2.0,"enemies":"Automaton","floor":33.0,"turns":6.0},{"damage":27.0,"enemies":"3 Shapes","floor":35.0,"turns":3.0},{"damage":0.0,"enemies":"3 Darklings","floor":36.0,"turns":2.0},{"damage":8.0,"enemies":"Transient","floor":37.0,"turns":6.0},{"damage":18,"enemies":"Sphere and 2 Shapes","floor":39,"turns":3}],"seed_played":"7202989033148549355","potions_obtained":[{"floor":7.0,"key":"theDuelist:IcePotion"},{"floor":10.0,"key":"theDuelist:BigTributeBottle"},{"floor":12.0,"key":"LiquidMemories"},{"floor":19.0,"key":"SteroidPotion"},{"floor":23.0,"key":"theDuelist:MillenniumElixir"},{"floor":37.0,"key":"SteroidPotion"}],"is_trial":false,"path_per_floor":["M","M","?","M","M","R","E","R","T","E","R","E","?","?","R","B",null,"M","M","?","M","M","E","?","R","T","E","$","T","R","E","R","B",null,"M","M","M","$","M"],"character_chosen":"THE_DUELIST","items_purchased":["theDuelist:Vandalgyon","theDuelist:CyberDragonSieger","theDuelist:StardustDragon"],"campfire_rested":0,"item_purchase_floors":[28,38,38],"current_hp_per_floor":[69,73,68,72,76,76,61,61,61,61,61,61,73,73,73,61,91,73,58,50,35,35,34,34,34,34,33,33,33,33,30,30,28,45,18,18,10,10,0,0],"gold":78,"neow_bonus":"TEN_PERCENT_HP_BONUS","is_daily":false,"chose_seed":false,"campfire_upgraded":6,"win_rate":0.0,"timestamp":1611885435,"path_taken":["M","M","?","M","M","R","E","R","T","E","R","E","?","?","R","BOSS","M","?","?","M","M","E","?","R","T","E","$","?","R","E","R","BOSS","M","M","M","$","M"],"items_purchased_type":["Card","Card","Card"],"build_version":"2020-12-22","purchased_purges":2,"victory":false,"max_hp_per_floor":[77,81,81,85,89,89,89,89,89,89,89,89,101,101,101,101,101,101,101,50,50,50,50,50,50,50,50,50,50,50,50,50,50,50,50,50,50,50,50,50],"card_choices":[{"not_picked":["theDuelist:Hinotama","theDuelist:GreenGraveOni","theDuelist:LabyrinthWall","theDuelist:ShardGreed","theDuelist:Jinzo"],"picked":"SKIP","floor":1.0},{"not_picked":["theDuelist:Babycerasaurus","theDuelist:AutorokketDragon","theDuelist:Berserking","theDuelist:FangCritias"],"picked":"theDuelist:ThunderDragon","floor":2.0},{"not_picked":["theDuelist:LightningDarts","theDuelist:ReinforcementsArmy","theDuelist:ObeliskTormentor","theDuelist:SlotMachine"],"picked":"theDuelist:Raigeki","floor":4.0},{"not_picked":["theDuelist:DarkHorus","theDuelist:LordD","theDuelist:CyberDragonNachster","theDuelist:AtomicScrapDragon"],"picked":"theDuelist:MaskedDragon","floor":5.0},{"not_picked":["theDuelist:BlackBrutdrago","theDuelist:DefenseZone","theDuelist:CyberValley","theDuelist:AncientPixieDragon"],"picked":"theDuelist:Earthquake","floor":7.0},{"not_picked":["theDuelist:GiantRex","theDuelist:DarkDriceratops","theDuelist:BlackStego","theDuelist:Beatraptor","theDuelist:Babycerasaurus"],"picked":"SKIP","floor":10.0},{"not_picked":["theDuelist:CyberValley","theDuelist:AncientPixieDragon","theDuelist:MadSwordBeast","theDuelist:BlueEyes"],"picked":"theDuelist:Freezadon","floor":12.0},{"not_picked":["theDuelist:VoidOgreDragon","theDuelist:SeismicShockwave","theDuelist:QueenDragunDjinn","theDuelist:Lancephorhynchus"],"picked":"theDuelist:GravityLash","floor":16.0},{"not_picked":["theDuelist:RedRisingDragon","theDuelist:AncientPixieDragon","theDuelist:MoltenDestruction","theDuelist:StarlightRoad"],"picked":"theDuelist:MirageDragon","floor":18.0},{"not_picked":["theDuelist:ArmedDragon5","theDuelist:BlizzardDragon"],"picked":"theDuelist:BlacklandFireDragon","floor":19.0},{"not_picked":["theDuelist:BattleguardKing+1","theDuelist:BigFire","theDuelist:Hinotama","theDuelist:LightningDarts"],"picked":"theDuelist:SmashingGround","floor":21.0},{"not_picked":["theDuelist:BlackTyranno","theDuelist:VeilDarkness","theDuelist:BlackVeloci","theDuelist:DarkHorus"],"picked":"theDuelist:EvilMind","floor":22.0},{"not_picked":["theDuelist:BarrelDragon","theDuelist:BlackBrachios","theDuelist:BlackPtera","theDuelist:TrihornedDragon"],"picked":"theDuelist:CyberTwinDragon","floor":23.0},{"not_picked":["theDuelist:Hydrogeddon","theDuelist:MadSwordBeast+1","theDuelist:ViceDragon","theDuelist:YamataDragon"],"picked":"theDuelist:MythicWaterDragon","floor":27.0},{"not_picked":["theDuelist:ExploderDragon","theDuelist:RedEyesZombie","theDuelist:Vandalgyon","theDuelist:WhiteHornDragon"],"picked":"theDuelist:MadFlameKaiju+1","floor":31.0},{"not_picked":["theDuelist:BSkullDragon","theDuelist:BusterBladerDDS","theDuelist:DefensiveTactics","theDuelist:VoidOgreDragon"],"picked":"theDuelist:GravityLash","floor":33.0},{"not_picked":["theDuelist:ViceDragon","theDuelist:CloudianGhost+1","theDuelist:TwinHeadedFire+1","theDuelist:ScrapIronScarecrow"],"picked":"theDuelist:DragonZombie+1","floor":35.0},{"not_picked":["theDuelist:FireDarts","theDuelist:TailSwipe"],"picked":"theDuelist:DoomkaiserDragon","floor":36.0},{"not_picked":["theDuelist:AncientDragon","theDuelist:ArmedDragon5","theDuelist:CyberEltanin","theDuelist:RedEyes+1"],"picked":"theDuelist:ArmedDragon3","floor":37.0}],"player_experience":334309,"relics_obtained":[{"floor":7.0,"key":"PreservedInsect"},{"floor":9.0,"key":"Mummified Hand"},{"floor":10.0,"key":"Pen Nib"},{"floor":12.0,"key":"theDuelist:MillenniumPeriapt"},{"floor":23.0,"key":"Paper Frog"},{"floor":27.0,"key":"Oddly Smooth Stone"},{"floor":29.0,"key":"theDuelist:ZoneToken"},{"floor":31.0,"key":"Bag of Preparation"},{"floor":34.0,"key":"Ancient Tea Set"},{"floor":34.0,"key":"theDuelist:KaibaToken"},{"floor":34.0,"key":"theDuelist:SummonAnchorRare"}],"event_choices":[{"damage_healed":0.0,"max_hp_gain":0.0,"max_hp_loss":0.0,"gold_gain":0.0,"event_name":"Scrap Ooze","player_choice":"Success","floor":3.0,"gold_loss":0.0,"damage_taken":5.0,"relics_obtained":["theDuelist:MonsterEggRelic"]},{"damage_healed":0.0,"max_hp_gain":0.0,"max_hp_loss":0.0,"gold_gain":0.0,"event_name":"Tomb of the Nameless","player_choice":"Break - +12 Max HP","duelist":true,"floor":13.0,"gold_loss":0.0,"damage_taken":0.0},{"damage_healed":0.0,"max_hp_gain":0.0,"max_hp_loss":0.0,"gold_gain":0.0,"cards_transformed":["theDuelist:Sparks"],"event_name":"Transmorgrifier","player_choice":"Transformed","floor":14.0,"gold_loss":0.0,"damage_taken":0.0,"cards_obtained":["theDuelist:Carboneddon"]},{"damage_healed":0.0,"max_hp_gain":0.0,"max_hp_loss":51.0,"gold_gain":0.0,"event_name":"Ghosts","player_choice":"Became a Ghost","floor":20.0,"gold_loss":0.0,"damage_taken":0.0,"cards_obtained":["Ghostly","Ghostly","Ghostly"]},{"damage_healed":0.0,"max_hp_gain":0.0,"max_hp_loss":0.0,"gold_gain":0.0,"event_name":"Relic Duplicator","player_choice":"Duplicated Relic - Egg Token","duelist":true,"floor":24.0,"gold_loss":0.0,"damage_taken":0.0}],"is_beta":false,"boss_relics":[{"not_picked":["SlaversCollar","Runic Cube"],"picked":"Mark of Pain"},{"not_picked":["Fusion Hammer","Runic Dome"],"picked":"Calling Bell"}],"items_purged_floors":[28,38],"is_endless":false,"potions_floor_spawned":[7,10,12,19,22,23,37],"killed_by":"Sphere and 2 Shapes","ascension_level":17}}