{"host":"uq7kwkliedruvd5s","time":1611893748,"event":{"mods":["BaseMod","Downfall","Duelist Mod","Minty Spire (QoL Compilation)","Quick Restart","Replay The Spire","Spicy Shops","StSLib","The Mystic"],"gold_per_floor":[117,135,152,209,209,237,237,253,301,316,326,278,294,87,87,191,191,201,201,300,300,312,341,341,353,353,379,395,395,11,66,66,66,66],"floor_reached":33,"language":"ENG","playtime":2339,"items_purged":[],"score":292,"play_id":"61bf0a49-5fc0-4505-9182-fe3735cac52e","local_time":"20210128231548","is_ascension_mode":false,"campfire_choices":[{"floor":7,"key":"REST"},{"floor":15,"key":"REST"},{"floor":24,"key":"REST"},{"floor":32,"key":"REST"}],"circlet_count":0,"master_deck":["Strike_B+1","Strike_B+1","Strike_B+1","Strike_B+1","Defend_B+1","Defend_B+1","Defend_B+1","Defend_B+1","Zap","Dualcast","Streamline+1","Leap","ReplaySort","Compile Driver","Steam","Ball Lightning","Redo","Rebound","Crystallizer","Cold Snap","Echo Form","Blizzard+1","Double Energy","Conserve Battery","Defragment","Redo","Doom and Gloom","Storm","Sweeping Beam","ReplayRNGCard"],"relics":["Cracked Core","NeowsBlessing","Matryoshka","Whetstone","Happy Flower","Pet Ghost","Black Star","Thread and Needle","ReplayFunnel","Juzu Bracelet","Red Mask","Bottled Lightning","Bag of Preparation","Potion Belt","Pear"],"acts_visited":["Exordium","TheCity"],"potions_floor_usage":[11,16,16,27,27,27],"damage_taken":[{"damage":0,"enemies":"2 Louse","floor":1,"turns":1},{"damage":0,"enemies":"Small Slimes","floor":2,"turns":1},{"damage":0,"enemies":"Jaw Worm","floor":3,"turns":1},{"damage":56,"enemies":"Gremlin Nob","floor":6,"turns":6},{"damage":7,"enemies":"Large Slime","floor":8,"turns":7},{"damage":9,"enemies":"Blue Slaver","floor":10,"turns":3},{"damage":10,"enemies":"Exordium Wildlife","floor":11,"turns":3},{"damage":15,"enemies":"Gremlin Gang","floor":13,"turns":5},{"damage":23,"enemies":"Hexaghost","floor":16,"turns":10},{"damage":10,"enemies":"Chosen","floor":18,"turns":5},{"damage":4,"enemies":"3 Byrds","floor":22,"turns":6},{"damage":15,"enemies":"theDuelist:KaibaA2","floor":23,"turns":5},{"damage":1,"enemies":"Shelled Parasite and Fungi","floor":25,"turns":9},{"damage":33,"enemies":"Masked Bandits","floor":27,"turns":7},{"damage":6,"enemies":"Cultist and Chosen","floor":28,"turns":8},{"damage":71,"enemies":"Collector","floor":33,"turns":6}],"seed_played":"-573452380956160194","potions_obtained":[{"floor":1,"key":"ColorlessPotion"},{"floor":2,"key":"Slimebound:ThreeZeroPotion"},{"floor":11,"key":"Fruit Juice"},{"floor":13,"key":"Weak Potion"},{"floor":18,"key":"BlessingOfTheForge"},{"floor":23,"key":"FocusPotion"},{"floor":28,"key":"Fire Potion"}],"is_trial":false,"path_per_floor":["M","M","M","?","?","E","R","M","T","M","M","?","M","$","R","B",null,"M","?","?","?","M","E","R","M","T","?","M","T","$","?","R","B"],"character_chosen":"DEFECT","items_purchased":["Crystallizer","Cold Snap","Pet Ghost","Bag of Preparation","Potion Belt","Storm"],"campfire_rested":4,"item_purchase_floors":[14,14,14,30,30,30],"current_hp_per_floor":[75,75,75,75,75,19,41,34,34,25,20,20,5,5,29,6,80,70,55,55,55,51,36,61,60,60,27,21,21,21,31,59,0,0],"gold":66,"neow_bonus":"THREE_ENEMY_KILL","is_daily":false,"chose_seed":false,"campfire_upgraded":0,"win_rate":0.0,"timestamp":1611893748,"path_taken":["M","M","M","?","?","E","R","M","T","M","M","?","?","$","R","BOSS","M","?","?","?","?","E","R","M","T","?","M","?","$","?","R","BOSS"],"items_purchased_type":["Card","Card","Relic","Relic","Relic","Card"],"build_version":"2020-12-22","purchased_purges":0,"victory":false,"max_hp_per_floor":[75,75,75,75,75,75,75,75,75,75,80,80,80,80,80,80,80,80,85,85,85,85,85,85,85,85,85,85,85,85,95,95,95,95],"card_choices":[{"not_picked":["Force Field","Conserve Battery"],"picked":"Streamline","floor":1},{"not_picked":["Panic Button","Gash"],"picked":"Leap","floor":2},{"not_picked":["Time Bomb","Coolheaded"],"picked":"ReplaySort","floor":3},{"not_picked":["Doom and Gloom","Reprogram"],"picked":"Compile Driver","floor":6},{"not_picked":["Beam Cell","Leap"],"picked":"Steam","floor":8},{"not_picked":["BasicCrystalCard","Turbo"],"picked":"Ball Lightning","floor":10},{"not_picked":["ReplayTheSpireMod:Reroute Power","Streamline"],"picked":"Redo","floor":11},{"not_picked":["ReplayTheSpireMod:GoodbyeWorld","Doom and Gloom"],"picked":"Rebound","floor":13},{"not_picked":["Mirror Shield","Electrodynamics"],"picked":"Echo Form","floor":16},{"not_picked":["Rebound","Glacier"],"picked":"Blizzard+1","floor":18},{"not_picked":["Barrage","ReplayTheSpireMod:Repulse"],"picked":"Double Energy","floor":22},{"not_picked":["Fusion","Barrage"],"picked":"Conserve Battery","floor":23},{"not_picked":["Doom and Gloom","Streamline"],"picked":"Defragment","floor":25},{"not_picked":["Tempest","Turbo"],"picked":"Redo","floor":27},{"not_picked":["ReplaySort","Beam Cell"],"picked":"Doom and Gloom","floor":28},{"not_picked":["Rebound","Heatsinks"],"picked":"Sweeping Beam","floor":31},{"not_picked":["Conserve Battery","Redo"],"picked":"ReplayRNGCard","floor":31}],"player_experience":62235,"relics_obtained":[{"floor":6,"key":"Matryoshka"},{"floor":9,"key":"Whetstone"},{"floor":9,"key":"Happy Flower"},{"floor":23,"key":"Thread and Needle"},{"floor":23,"key":"ReplayFunnel"},{"floor":26,"key":"Juzu Bracelet"},{"floor":27,"key":"Red Mask"},{"floor":29,"key":"Bottled Lightning"},{"floor":31,"key":"Pear"}],"event_choices":[{"damage_healed":0,"gold_gain":57,"player_choice":"Gained Gold","damage_taken":0,"max_hp_gain":0,"max_hp_loss":0,"event_name":"Golden Wing","floor":4,"gold_loss":0},{"damage_healed":0,"gold_gain":0,"player_choice":"Leave","damage_taken":0,"max_hp_gain":0,"max_hp_loss":0,"event_name":"The Cleric","floor":5,"gold_loss":0},{"damage_healed":0,"gold_gain":0,"player_choice":"Left Gold","damage_taken":0,"max_hp_gain":0,"max_hp_loss":0,"event_name":"World of Goop","floor":12,"gold_loss":48},{"damage_healed":0,"gold_gain":0,"player_choice":"Shed Blood","damage_taken":20,"max_hp_gain":5,"max_hp_loss":0,"event_name":"Forgotten Altar","floor":19,"gold_loss":0},{"damage_healed":0,"gold_gain":99,"player_choice":"Stole From Cult","damage_taken":0,"max_hp_gain":0,"max_hp_loss":0,"event_name":"Nest","floor":20,"gold_loss":0},{"damage_healed":0,"gold_gain":0,"player_choice":"Simplicity","damage_taken":0,"max_hp_gain":0,"max_hp_loss":0,"event_name":"Back to Basics","floor":21,"gold_loss":0,"cards_upgraded":["Strike_B","Strike_B","Strike_B","Defend_B","Defend_B","Defend_B","Defend_B"]},{"damage_healed":0,"gold_gain":0,"player_choice":"Fought Bandits","damage_taken":0,"max_hp_gain":0,"max_hp_loss":0,"event_name":"Masked Bandits","floor":27,"gold_loss":0}],"is_beta":false,"boss_relics":[{"not_picked":["Ring of Chaos","Runic Dome"],"picked":"Black Star"}],"items_purged_floors":[],"is_endless":false,"potions_floor_spawned":[1,2,11,13,18,23,28],"killed_by":"Collector","ascension_level":0}}