{"host":"3y2rtlgteqp2nuo3","time":1611929851,"event":{"mods":["2.2 Compatiblity","AchievementEnabler","BaseMod","Colored Map","DeckTracker","Highlight Path","Keyboard Shortcuts","Minty Spire (QoL Compilation)","Permanent Neow","Quick Restart","StSLib","SuperFastMode","everything is the same but u backflip on backflip"],"gold_per_floor":[118,129,129,144,158,12,41,57,57,57,91,91,91,123,123,226,226,246,246,246,246,226,226,251,87,87,107,120,219,219,219],"floor_reached":30,"language":"KOR","playtime":614,"items_purged":[],"score":389,"play_id":"8d04c93e-db5b-4224-a4dc-374a311a50af","local_time":"20210129231731","is_ascension_mode":true,"campfire_choices":[{"data":"Heavy Blade","floor":10.0,"key":"SMITH"},{"floor":13.0,"key":"REST"},{"data":"Bash","floor":15.0,"key":"SMITH"},{"data":"Limit Break","floor":23.0,"key":"SMITH"}],"circlet_count":0,"master_deck":["Bash+1","Spot Weakness","Clothesline","Wild Strike","Heavy Blade+1","Immolate","Inflame","Whirlwind","Limit Break+1","Pommel Strike","Rage","Exhume","Double Tap","Twin Strike","Carnage","Whirlwind","Shrug It Off","Second Wind","Armaments","Blood for Blood","Demon Form","True Grit+1"],"relics":["Burning Blood","Nunchaku","Mummified Hand","StrikeDummy","HornCleat","Pandora\u0027s Box","Bottled Flame","Shuriken"],"acts_visited":["Exordium","TheCity"],"potions_floor_usage":[30,30],"damage_taken":[{"damage":2.0,"enemies":"Jaw Worm","floor":1.0,"turns":3.0},{"damage":2.0,"enemies":"Cultist","floor":2.0,"turns":4.0},{"damage":11.0,"enemies":"Small Slimes","floor":4.0,"turns":3.0},{"damage":11.0,"enemies":"Looter","floor":5.0,"turns":4.0},{"damage":15.0,"enemies":"3 Sentries","floor":7.0,"turns":4.0},{"damage":20.0,"enemies":"Exordium Wildlife","floor":8.0,"turns":3.0},{"damage":17.0,"enemies":"Gremlin Nob","floor":11.0,"turns":4.0},{"damage":27.0,"enemies":"Lagavulin","floor":14.0,"turns":7.0},{"damage":23.0,"enemies":"Hexaghost","floor":16.0,"turns":9.0},{"damage":12.0,"enemies":"3 Byrds","floor":18.0,"turns":3.0},{"damage":16.0,"enemies":"2 Thieves","floor":22.0,"turns":4.0},{"damage":19.0,"enemies":"Book of Stabbing","floor":24.0,"turns":4.0},{"damage":1.0,"enemies":"3 Cultists","floor":27.0,"turns":3.0},{"damage":35,"enemies":"Shelled Parasite and Fungi","floor":28,"turns":4},{"damage":13,"enemies":"Slavers","floor":30,"turns":1}],"seed_played":"-7038726680020071876","potions_obtained":[{"floor":2.0,"key":"ColorlessPotion"},{"floor":5.0,"key":"EssenceOfSteel"},{"floor":11.0,"key":"HeartOfIron"},{"floor":18.0,"key":"Block Potion"},{"floor":24.0,"key":"Strength Potion"}],"is_trial":false,"path_per_floor":["M","M","?","M","M","$","E","M","T","R","E","?","R","E","R","B",null,"M","?","$","?","M","R","E","$","T","M","M","?","E"],"character_chosen":"IRONCLAD","items_purchased":["Immolate","Demon Form"],"campfire_rested":1,"item_purchase_floors":[6,25],"current_hp_per_floor":[76,80,80,75,70,70,61,47,47,47,36,29,53,32,32,15,64,58,58,58,58,48,48,35,35,35,40,11,11,0,0],"gold":219,"neow_bonus":"THREE_CARDS","is_daily":false,"chose_seed":false,"campfire_upgraded":3,"win_rate":0.0,"timestamp":1611929851,"path_taken":["M","M","?","?","M","$","E","M","T","R","E","?","R","E","R","BOSS","M","?","$","?","M","R","E","$","T","M","?","?","E"],"items_purchased_type":["Card","Card"],"build_version":"2020-12-22","purchased_purges":0,"victory":false,"max_hp_per_floor":[80,80,80,80,80,80,80,80,80,80,80,80,80,80,80,80,80,80,80,80,80,80,80,80,80,80,80,80,80,80,80],"card_choices":[{"not_picked":["Havoc","Reckless Charge"],"picked":"Spot Weakness","floor":0.0},{"not_picked":["Iron Wave","Body Slam"],"picked":"Clothesline","floor":1.0},{"not_picked":["Cleave","Warcry","Dual Wield"],"picked":"SKIP","floor":2.0},{"not_picked":["Combust","Sword Boomerang"],"picked":"Wild Strike","floor":4.0},{"not_picked":["Clash","Battle Trance"],"picked":"Heavy Blade","floor":5.0},{"not_picked":["Havoc","Immolate"],"picked":"Inflame","floor":7.0},{"not_picked":["Anger","Havoc","True Grit"],"picked":"SKIP","floor":8.0},{"not_picked":["Carnage","Wild Strike"],"picked":"Whirlwind","floor":11.0},{"not_picked":["Exhume","Clothesline","Barricade"],"picked":"SKIP","floor":14.0},{"not_picked":["Demon Form","Immolate"],"picked":"Limit Break","floor":16.0},{"not_picked":["Wild Strike","Blood for Blood"],"picked":"Shrug It Off","floor":18.0},{"not_picked":["Dark Embrace","Twin Strike"],"picked":"Armaments","floor":22.0},{"not_picked":["Anger","Blood for Blood","Warcry"],"picked":"SKIP","floor":24.0},{"not_picked":["Anger","Warcry"],"picked":"Blood for Blood","floor":24.0},{"not_picked":["Entrench","Thunderclap"],"picked":"True Grit+1","floor":27.0},{"not_picked":["Perfected Strike+1","Iron Wave","Carnage"],"picked":"SKIP","floor":28}],"player_experience":734208,"relics_obtained":[{"floor":7.0,"key":"Nunchaku"},{"floor":9.0,"key":"Mummified Hand"},{"floor":11.0,"key":"StrikeDummy"},{"floor":14.0,"key":"HornCleat"},{"floor":24.0,"key":"Bottled Flame"},{"floor":26.0,"key":"Shuriken"}],"event_choices":[{"cards_removed":["Strike_R"],"damage_healed":0.0,"max_hp_gain":0.0,"max_hp_loss":0.0,"gold_gain":0.0,"event_name":"Purifier","player_choice":"Purged","floor":3.0,"gold_loss":0.0,"damage_taken":0.0},{"cards_removed":["Strike_R"],"damage_healed":0.0,"max_hp_gain":0.0,"max_hp_loss":0.0,"gold_gain":0.0,"event_name":"Golden Wing","player_choice":"Card Removal","floor":12.0,"gold_loss":0.0,"damage_taken":7.0},{"damage_healed":0.0,"max_hp_gain":0.0,"max_hp_loss":0.0,"gold_gain":0.0,"event_name":"The Library","player_choice":"Read","floor":19.0,"gold_loss":0.0,"damage_taken":0.0,"cards_obtained":["Second Wind"]},{"damage_healed":0.0,"max_hp_gain":0.0,"max_hp_loss":0.0,"gold_gain":0.0,"event_name":"The Mausoleum","player_choice":"Ignored","floor":21.0,"gold_loss":0.0,"damage_taken":0.0},{"damage_healed":0,"gold_gain":99,"player_choice":"Stole From Cult","damage_taken":0,"max_hp_gain":0,"max_hp_loss":0,"event_name":"Nest","floor":29,"gold_loss":0}],"is_beta":false,"boss_relics":[{"not_picked":["Runic Dome","Mark of Pain"],"picked":"Pandora\u0027s Box"}],"items_purged_floors":[],"is_endless":false,"potions_floor_spawned":[2,5,11,14,18,24,27],"killed_by":"Slavers","ascension_level":9}}