{"host":"9t9d7hfl1boncmil","time":1611939761,"event":{"mods":["AchievementEnabler","BaseMod","Keyboard Shortcuts","Minty Spire (QoL Compilation)","SuperFastMode"],"gold_per_floor":[113,38,38,38,56,56,83,8,8,8,22,43,58,89,89,89,89],"floor_reached":16,"language":"KOR","playtime":286,"items_purged":["Defend_R"],"score":233,"play_id":"25754251-b69c-4d70-bcf4-b6e7872838a5","local_time":"20210130020241","is_ascension_mode":true,"campfire_choices":[{"data":"Bash","floor":6,"key":"SMITH"},{"data":"Dark Embrace","floor":10,"key":"SMITH"},{"data":"True Grit","floor":15,"key":"SMITH"}],"circlet_count":0,"master_deck":["AscendersBane","Strike_R","Strike_R","Strike_R","Strike_R","Defend_R+1","Defend_R","Defend_R+1","Bash+1","Cleave","Anger","Dark Embrace+1","Ghostly Armor","Dropkick","Bloodletting","True Grit+1"],"relics":["Burning Blood","NeowsBlessing","Mummified Hand","Odd Mushroom","Anchor"],"acts_visited":["Exordium"],"potions_floor_usage":[12,14],"damage_taken":[{"damage":0,"enemies":"Cultist","floor":1,"turns":1},{"damage":0,"enemies":"Small Slimes","floor":5,"turns":1},{"damage":0,"enemies":"Lagavulin","floor":7,"turns":1},{"damage":2,"enemies":"2 Louse","floor":11,"turns":2},{"damage":13,"enemies":"The Mushroom Lair","floor":12,"turns":3},{"damage":16,"enemies":"Lots of Slimes","floor":13,"turns":4},{"damage":20,"enemies":"Gremlin Nob","floor":14,"turns":4},{"damage":62,"enemies":"Slime Boss","floor":16,"turns":7}],"seed_played":"-8872259900280626572","potions_obtained":[{"floor":4,"key":"FairyPotion"},{"floor":4,"key":"SkillPotion"},{"floor":11,"key":"DistilledChaos"},{"floor":13,"key":"FearPotion"}],"is_trial":false,"path_per_floor":["M","?","?","?","M","R","E","$","T","R","M","?","M","E","R","B"],"character_chosen":"IRONCLAD","items_purchased":[],"campfire_rested":0,"item_purchase_floors":[],"current_hp_per_floor":[74,74,51,51,57,57,63,63,63,63,67,60,50,36,36,0,0],"gold":89,"neow_bonus":"THREE_ENEMY_KILL","is_daily":false,"chose_seed":false,"campfire_upgraded":3,"win_rate":0.0,"timestamp":1611939761,"path_taken":["M","?","?","?","?","R","E","?","T","R","M","?","M","E","R","BOSS"],"items_purchased_type":[],"build_version":"2020-12-22","purchased_purges":1,"victory":false,"max_hp_per_floor":[75,75,75,75,75,75,75,75,75,75,75,75,75,75,75,75,75],"card_choices":[{"not_picked":["Clash","Sever Soul"],"picked":"Cleave","floor":1},{"not_picked":["Dark Embrace","True Grit"],"picked":"Anger","floor":5},{"not_picked":["Clothesline","Infernal Blade"],"picked":"Dark Embrace","floor":7},{"not_picked":["Dark Embrace","Sever Soul"],"picked":"Ghostly Armor","floor":11},{"not_picked":["Pommel Strike","Warcry"],"picked":"Dropkick","floor":12},{"not_picked":["Pommel Strike","Warcry"],"picked":"Bloodletting","floor":13},{"not_picked":["Rampage","Dark Embrace"],"picked":"True Grit","floor":14}],"player_experience":646375,"relics_obtained":[{"floor":7,"key":"Mummified Hand"},{"floor":12,"key":"Odd Mushroom"},{"floor":14,"key":"Anchor"}],"event_choices":[{"cards_removed":["Strike_R"],"damage_healed":0,"gold_gain":0,"player_choice":"Card Removal","damage_taken":0,"max_hp_gain":0,"max_hp_loss":0,"event_name":"The Cleric","floor":2,"gold_loss":75},{"damage_healed":0,"gold_gain":0,"player_choice":"Entered Light","damage_taken":23,"max_hp_gain":0,"max_hp_loss":0,"event_name":"Shining Light","floor":3,"gold_loss":0,"cards_upgraded":["Defend_R","Defend_R"]},{"damage_healed":0,"gold_gain":0,"player_choice":"Got Potions","damage_taken":0,"max_hp_gain":0,"max_hp_loss":0,"event_name":"Lab","floor":4,"gold_loss":0},{"damage_healed":0,"gold_gain":0,"player_choice":"Fought Mushrooms","damage_taken":0,"max_hp_gain":0,"max_hp_loss":0,"event_name":"Mushrooms","floor":12,"gold_loss":0}],"is_beta":false,"boss_relics":[],"items_purged_floors":[8],"is_endless":false,"potions_floor_spawned":[11,13],"killed_by":"Slime Boss","ascension_level":15}}