{"host":"oehe2dxjvdgux73m","time":1611938275,"event":{"mods":["AchievementEnabler","BaseMod","Colored Map","Colored Powertips","DeckTracker","Keyboard Shortcuts","Minty Spire (QoL Compilation)","Permanent Neow","Quick Restart","StSLib","SuperFastMode"],"gold_per_floor":[216,17,28,28,51,51,70,81,107,107,119,130,37,71,71,71,71],"floor_reached":16,"language":"KOR","playtime":360,"items_purged":["Strike_R"],"score":184,"play_id":"07aa3096-8f08-499f-88a9-139c47989714","local_time":"20210130013755","is_ascension_mode":true,"campfire_choices":[{"data":"Armaments","floor":6.0,"key":"SMITH"},{"data":"Carnage","floor":10.0,"key":"SMITH"},{"data":"Pommel Strike","floor":15.0,"key":"SMITH"}],"circlet_count":0,"master_deck":["AscendersBane","Strike_R","Strike_R","Strike_R","Defend_R","Defend_R","Defend_R","Defend_R","Bash","Carnage+1","Armaments+1","Headbutt","Corruption","Second Wind+1","Warcry","Shrug It Off+1","Pommel Strike+1"],"relics":["Burning Blood","Membership Card","Ancient Tea Set","Omamori","Strange Spoon","War Paint"],"acts_visited":["Exordium"],"potions_floor_usage":[],"damage_taken":[{"damage":6.0,"enemies":"Small Slimes","floor":1.0,"turns":6.0},{"damage":7.0,"enemies":"Jaw Worm","floor":3.0,"turns":4.0},{"damage":0.0,"enemies":"2 Louse","floor":7.0,"turns":2.0},{"damage":25.0,"enemies":"Exordium Thugs","floor":8.0,"turns":6.0},{"damage":12.0,"enemies":"Red Slaver","floor":11.0,"turns":4.0},{"damage":6.0,"enemies":"Looter","floor":12.0,"turns":3.0},{"damage":12.0,"enemies":"Gremlin Nob","floor":14.0,"turns":3.0},{"damage":44,"enemies":"Hexaghost","floor":16,"turns":9}],"seed_played":"-2652328942288514286","potions_obtained":[{"floor":3.0,"key":"ElixirPotion"},{"floor":12.0,"key":"DuplicationPotion"}],"is_trial":false,"path_per_floor":["M","$","M","?","T","R","M","M","T","R","M","M","$","E","R","B"],"character_chosen":"IRONCLAD","items_purchased":["Membership Card","Shrug It Off","Strange Spoon"],"campfire_rested":0,"item_purchase_floors":[2,13,13],"current_hp_per_floor":[68,68,67,67,67,67,73,54,54,54,48,48,48,42,42,0,0],"gold":71,"neow_bonus":"HUNDRED_GOLD","is_daily":false,"chose_seed":false,"campfire_upgraded":3,"win_rate":0.0,"timestamp":1611938275,"path_taken":["M","$","M","?","?","R","M","M","T","R","M","M","$","E","R","BOSS"],"items_purchased_type":["Relic","Card","Relic"],"build_version":"2020-12-22","purchased_purges":1,"victory":false,"max_hp_per_floor":[75,75,75,75,75,75,75,75,75,75,75,75,75,75,75,75,75],"card_choices":[{"not_picked":["Sword Boomerang","Shockwave"],"picked":"Carnage","floor":1.0},{"not_picked":["Evolve","Iron Wave"],"picked":"Armaments","floor":3.0},{"not_picked":["Anger","Clash"],"picked":"Headbutt","floor":7.0},{"not_picked":["Cleave","Evolve"],"picked":"Corruption","floor":8.0},{"not_picked":["Rampage","Cleave"],"picked":"Second Wind","floor":11.0},{"not_picked":["Wild Strike","Twin Strike"],"picked":"Warcry","floor":12.0},{"not_picked":["Combust","Whirlwind"],"picked":"Pommel Strike","floor":14.0}],"player_experience":328969,"relics_obtained":[{"floor":5.0,"key":"Ancient Tea Set"},{"floor":9.0,"key":"Omamori"},{"floor":14.0,"key":"War Paint"}],"event_choices":[{"cards_removed":["Strike_R"],"damage_healed":0.0,"max_hp_gain":0.0,"max_hp_loss":0.0,"gold_gain":0.0,"event_name":"Living Wall","player_choice":"Forget","floor":4.0,"gold_loss":0.0,"damage_taken":0.0}],"is_beta":false,"boss_relics":[],"items_purged_floors":[2],"is_endless":false,"potions_floor_spawned":[3,12],"killed_by":"Hexaghost","ascension_level":16}}