{"host":"jbw470l122a0du6q","time":1611926148,"event":{"mods":["BaseMod","Better Altar","Better Match","Better Note","Better Sensory Stone","Better Skull","Better Third Choice","Dark Map","Downfall","Duelist Mod","GifTheSpireLib","Hermit","MarisaÅiñ∂âJÅ@ñÇóùçπÅj","Minty Spire (QoL Compilation)","StSLib","The Construct","The Cursed","The Disciple","The Marked","The Runesmith","The Servant 0.9.4"],"gold_per_floor":[144,34,34,34,48,48,76,95,121,121,133,151,179,193,193,292,292,309,133,146,159,176,176,208,208,208,224,224,224,224,244,244,342,342,354,403,254,254,99,116,116,135,135,185,185,185],"floor_reached":45,"language":"ENG","playtime":9928,"items_purged":[],"score":572,"play_id":"737a4603-c43f-4a6c-b3ed-f87453ac0611","local_time":"20210129081548","is_ascension_mode":true,"campfire_choices":[{"data":"theDuelist:IcyCrevasse","floor":6.0,"key":"SMITH"},{"data":"theDuelist:FutureFusion","floor":10.0,"key":"SMITH"},{"data":"theDuelist:Graverobber","floor":15.0,"key":"SMITH"},{"floor":23,"key":"REST"},{"floor":28,"key":"REST"},{"data":"theDuelist:PotGenerosity","floor":30,"key":"SMITH"},{"data":"theDuelist:JamBreeding","floor":32,"key":"SMITH"},{"data":"theDuelist:Polymerization","floor":41,"key":"SMITH"}],"circlet_count":0,"master_deck":["theDuelist:BlizzardWarrior","theDuelist:CastleWalls","theDuelist:CastleWalls","theDuelist:DarkMagician","theDuelist:MysticalElf","theDuelist:MysticalElf","theDuelist:NeoMagic+1","theDuelist:NeoMagic","theDuelist:Sparks","theDuelist:Sparks","theDuelist:ClearKuriboh","theDuelist:IcyCrevasse+1","theDuelist:BlizzardPrincess","theDuelist:CosmoBrain","theDuelist:FutureFusion+1","theDuelist:Graverobber+1","theDuelist:ApprenticeIllusionMagician","theDuelist:DarkMagician","theDuelist:Fissure","theDuelist:RainbowKuriboh","theDuelist:RainbowMagician","theDuelist:JamBreeding+1","theDuelist:PotGenerosity+1","theDuelist:FairyBox","theDuelist:MysticalElf","theDuelist:DarkPaladin+1","theDuelist:Polymerization+1","Master of Strategy","theDuelist:PsiCurse","theDuelist:RainbowKuriboh+1"],"relics":["theDuelist:MillenniumPuzzle","theDuelist:CardPoolRelic","theDuelist:CardPoolBasicRelic","theDuelist:BoosterPackPoolRelic","theDuelist:CardPoolAddRelic","theDuelist:CardPoolMinusRelic","theDuelist:CardPoolSaveRelic","theDuelist:CardPoolOptionsRelic","NeowsBlessing","Potion Belt","Oddly Smooth Stone","Eternal Feather","Juzu Bracelet","theDuelist:MillenniumPeriapt","White Beast Statue","Cursed Key","Tough Bandages","Whetstone","Lee\u0027s Waffle","Nunchaku","FossilizedHelix"],"acts_visited":["Exordium","TheCity","TheBeyond"],"potions_floor_usage":[36],"damage_taken":[{"damage":0.0,"enemies":"Small Slimes","floor":1.0,"turns":1.0},{"damage":0.0,"enemies":"Jaw Worm","floor":5.0,"turns":1.0},{"damage":0.0,"enemies":"3 Sentries","floor":7.0,"turns":2.0},{"damage":0.0,"enemies":"2 Louse","floor":8.0,"turns":2.0},{"damage":8.0,"enemies":"Large Slime","floor":11.0,"turns":6.0},{"damage":4.0,"enemies":"3 Louse","floor":12.0,"turns":4.0},{"damage":0.0,"enemies":"Lagavulin","floor":13.0,"turns":13.0},{"damage":6.0,"enemies":"Exordium Thugs","floor":14.0,"turns":4.0},{"damage":21,"enemies":"The Guardian","floor":16,"turns":15},{"damage":0,"enemies":"Shell Parasite","floor":18,"turns":10},{"damage":27,"enemies":"Chosen","floor":20,"turns":6},{"damage":26,"enemies":"Sentry and Sphere","floor":21,"turns":8},{"damage":8,"enemies":"Shelled Parasite and Fungi","floor":22,"turns":3},{"damage":49,"enemies":"Slavers","floor":24,"turns":9},{"damage":0,"enemies":"Centurion and Healer","floor":27,"turns":15},{"damage":9,"enemies":"Sentry and Sphere","floor":31,"turns":8},{"damage":24,"enemies":"Collector","floor":33,"turns":22},{"damage":0,"enemies":"Orb Walker","floor":35,"turns":4},{"damage":58,"enemies":"2 Orb Walkers","floor":36,"turns":8},{"damage":20,"enemies":"3 Shapes","floor":40,"turns":8},{"damage":27,"enemies":"Sphere and 2 Shapes","floor":42,"turns":9},{"damage":32,"enemies":"Mind Bloom Boss Battle","floor":44,"turns":7},{"damage":37,"enemies":"Transient","floor":45,"turns":5}],"seed_played":"3023426937372439637","potions_obtained":[{"floor":8.0,"key":"SteroidPotion"},{"floor":11.0,"key":"SteroidPotion"},{"floor":12.0,"key":"theDuelist:SummonFuryPotion"},{"floor":16,"key":"theDuelist:DebuffFuryPotion"},{"floor":20,"key":"theDuelist:SolderPotionB"},{"floor":22,"key":"theDuelist:SummonFuryPotion"},{"floor":31,"key":"Swift Potion"},{"floor":33,"key":"Strength Potion"},{"floor":36,"key":"theDuelist:CoolBottle"}],"is_trial":false,"path_per_floor":["M","$","?","$","M","R","E","M","T","R","M","M","E","M","R","B",null,"M","$","M","M","M","R","E","?","T","M","R","T","R","M","R","B",null,"M","?","$","?","$","M","R","M","T","?","M"],"character_chosen":"THE_DUELIST","items_purchased":["theDuelist:IcyCrevasse","theDuelist:BlizzardPrincess","theDuelist:PotGenerosity","Whetstone","Lee\u0027s Waffle"],"campfire_rested":2,"item_purchase_floors":[2,2,19,37,39],"current_hp_per_floor":[80,80,80,80,80,80,80,80,80,80,72,68,68,62,74,53,80,80,80,53,27,19,55,6,6,6,6,45,45,60,51,66,42,80,80,22,22,22,87,67,82,55,55,23,0,0],"gold":185,"neow_bonus":"THREE_ENEMY_KILL","is_daily":false,"chose_seed":false,"campfire_upgraded":6,"win_rate":0.0,"timestamp":1611926148,"path_taken":["M","$","?","$","M","R","E","M","T","R","M","M","E","M","R","BOSS","M","$","M","M","M","R","E","?","T","M","R","?","R","M","R","BOSS","M","?","$","?","?","M","R","M","T","?","M"],"items_purchased_type":["Card","Card","Card","Relic","Relic"],"build_version":"2020-12-22","purchased_purges":0,"victory":false,"max_hp_per_floor":[80,80,80,80,80,80,80,80,80,80,80,80,80,80,80,80,80,80,80,80,80,80,80,80,80,80,80,80,80,80,80,80,80,80,80,80,80,80,87,87,87,87,87,87,87,87],"card_choices":[{"not_picked":["theDuelist:AttackTheMoon","theDuelist:MillenniumGolem","theDuelist:MudragonSwamp","theDuelist:Blockman"],"picked":"theDuelist:ClearKuriboh","floor":1.0},{"not_picked":["theDuelist:LegendaryExodia","theDuelist:GuardianAngel","theDuelist:FlyingSaucer","theDuelist:DarkMagicianGirl"],"picked":"theDuelist:CosmoBrain","floor":5.0},{"not_picked":["theDuelist:WormKing","theDuelist:BlockGolem","theDuelist:BlackPendant","theDuelist:ElectromagneticShield"],"picked":"theDuelist:FutureFusion","floor":7.0},{"not_picked":["theDuelist:NeoMagic","theDuelist:GuardianAngel","theDuelist:WitchBlackRose","theDuelist:AltarTribute"],"picked":"theDuelist:Graverobber","floor":8.0},{"not_picked":["theDuelist:BlizzardWarrior","theDuelist:NeoMagic","theDuelist:SpiritHarp","theDuelist:DarkMagicianGirl"],"picked":"theDuelist:ApprenticeIllusionMagician","floor":11.0},{"not_picked":["theDuelist:BlizzardWarrior","theDuelist:Mudballman","theDuelist:AncientElf","theDuelist:ExodiaLA"],"picked":"theDuelist:DarkMagician","floor":12.0},{"not_picked":["theDuelist:DestroyerGolem","theDuelist:GilfordLegend","theDuelist:PowerGiant","theDuelist:MudragonSwamp"],"picked":"theDuelist:Fissure","floor":13.0},{"not_picked":["theDuelist:ClearKuriboh","theDuelist:BlizzardPrincess","theDuelist:CosmoBrain","theDuelist:ObeliskTormentor"],"picked":"theDuelist:RainbowKuriboh","floor":14.0},{"not_picked":["theDuelist:GateGuardian","theDuelist:ThousandEyesRestrict","theDuelist:Wildfire","theDuelist:ExodiaNecross"],"picked":"theDuelist:RainbowMagician","floor":16},{"not_picked":["theDuelist:DarklordSuperbia","theDuelist:FluteKuriboh","theDuelist:EarthGiant","theDuelist:AttackTheMoon+1"],"picked":"theDuelist:JamBreeding","floor":18},{"not_picked":["theDuelist:MysticalElf+1","theDuelist:CallAtlanteans+1","theDuelist:DiffusionWaveMotion","theDuelist:AlienTelepath"],"picked":"theDuelist:FairyBox","floor":20},{"not_picked":["theDuelist:SangaThunder","theDuelist:FlyingSaucer","theDuelist:LordD+1","theDuelist:Illusionist+1","theDuelist:MindAir+1"],"picked":"SKIP","floor":21},{"not_picked":["theDuelist:InjectionFairy","theDuelist:BlizzardWarrior","theDuelist:MysticalElf","theDuelist:ThousandEyesIdol","theDuelist:WitchBlackRose"],"picked":"SKIP","floor":22},{"not_picked":["theDuelist:SpellShatteringArrow","theDuelist:ExodiaRL","theDuelist:BlizzardWarrior","theDuelist:CallAtlanteans"],"picked":"theDuelist:MysticalElf","floor":24},{"not_picked":["theDuelist:InjectionFairy","theDuelist:Illusionist+1","theDuelist:DarkMagicianGirl","theDuelist:CallAtlanteans","theDuelist:OnslaughtFireKings"],"picked":"SKIP","floor":27},{"not_picked":["theDuelist:InfernoFireBlast","theDuelist:SilentDoom","theDuelist:GiantTrunade","theDuelist:CircleFireKings","theDuelist:GoblinSecret"],"picked":"SKIP","floor":31},{"not_picked":["theDuelist:MagicalBlast+1","theDuelist:DiffusionWaveMotion+1","theDuelist:GoblinSecret","theDuelist:VoidExpansion","theDuelist:PowerKaishin+1"],"picked":"SKIP","floor":35},{"not_picked":["theDuelist:GateGuardian","theDuelist:RainbowMagician","theDuelist:Wildfire","theDuelist:ExodiaHead+1"],"picked":"theDuelist:DarkPaladin+1","floor":36},{"not_picked":["theDuelist:GilfordLegend","theDuelist:LightningRodLord","theDuelist:WormBarses","theDuelist:ElectromagneticShield"],"picked":"theDuelist:Polymerization","floor":40},{"not_picked":["PanicButton+1","Trip","Violence"],"picked":"Master of Strategy","floor":42},{"not_picked":["theDuelist:RainbowMagician","theDuelist:IrisEarthMother+1","theDuelist:RainbowDarkDragon+1","theDuelist:RainbowOverdragon"],"picked":"theDuelist:RainbowKuriboh+1","floor":44}],"player_experience":64915,"relics_obtained":[{"floor":7.0,"key":"Potion Belt"},{"floor":9.0,"key":"Oddly Smooth Stone"},{"floor":13.0,"key":"Eternal Feather"},{"floor":24,"key":"Juzu Bracelet"},{"floor":26,"key":"theDuelist:MillenniumPeriapt"},{"floor":29,"key":"White Beast Statue"},{"floor":36,"key":"Tough Bandages"},{"floor":43,"key":"Nunchaku"},{"floor":44,"key":"FossilizedHelix"}],"event_choices":[{"damage_healed":0.0,"max_hp_gain":0.0,"max_hp_loss":0.0,"gold_gain":0.0,"event_name":"Tomb of the Nameless","player_choice":"Leave","duelist":true,"floor":3.0,"gold_loss":0.0,"damage_taken":0.0},{"damage_healed":0,"gold_gain":0,"player_choice":"Ignored","damage_taken":0,"max_hp_gain":0,"max_hp_loss":0,"event_name":"Ghosts","floor":25,"gold_loss":0},{"damage_healed":0,"gold_gain":0,"player_choice":"Fight","damage_taken":0,"max_hp_gain":0,"max_hp_loss":0,"event_name":"Mysterious Sphere","floor":36,"gold_loss":0},{"damage_healed":0,"gold_gain":0,"player_choice":"Traded Sparks+ for Blizzard Warrior","duelist":true,"damage_taken":0,"max_hp_gain":0,"max_hp_loss":0,"event_name":"Card Trader","floor":38,"gold_loss":0},{"damage_healed":0,"gold_gain":0,"player_choice":"Fight","damage_taken":0,"max_hp_gain":0,"max_hp_loss":0,"event_name":"MindBloom","floor":44,"gold_loss":0}],"is_beta":false,"boss_relics":[{"not_picked":["Empty Cage","Velvet Choker","theDuelist:ElectricKey"]},{"not_picked":["Black Star","HoveringKite"],"picked":"Cursed Key"}],"items_purged_floors":[],"is_endless":false,"potions_floor_spawned":[8,11,12,16,20,22,31,33,35,36,40,42,44],"killed_by":"Transient","ascension_level":1}}