{"host":"74uvi6kym3vf3uk6","time":1611919548,"event":{"mods":["AchievementEnabler","BaseMod","Better Altar","Better Match","Better Note","Better Sensory Stone","Better Skull","Better Third Choice","CatGirl Mod","Colored Map","Colored Powertips","Custom Start","Dark Map","Highlight Path","Minty Spire (QoL Compilation)","Permanent Neow","Rare Cards Sparkle","Shop Mod","StSLib","The Elementalist","The Exalted","The Runesmith","The Servant 0.9.4"],"gold_per_floor":[112,129,129,129,142,142,142,152,176,206,226,246,246,260,260,359,359,359,359,359,359,359,359,359,359,359,359,359,359,359,359],"floor_reached":30,"language":"ENG","playtime":2933,"items_purged":[],"score":300,"play_id":"f88573cc-e938-410e-931e-07467dc9a7b7","local_time":"20210129052548","is_ascension_mode":false,"campfire_choices":[{"floor":6,"key":"REST"},{"floor":15,"key":"REST"},{"data":"Bromod:FashionFrame","floor":23,"key":"SMITH"},{"floor":27,"key":"REST"}],"circlet_count":0,"master_deck":["elementalist:Water_Emblem","elementalist:Fire_Emblem","Bromod:Strike_Bro","Bromod:Strike_Bro","Bromod:Defend_Bro","Bromod:Defend_Bro","Bromod:Defend_Bro","Bromod:SlashDash","Bromod:SlashDash","Bromod:SlashDash","Bromod:SpeedTrigger","Bromod:BloodRush","Bromod:ArchwingLauncher","Bromod:Redirection","elementalist:Air_Emblem","Bromod:NorthWind","Bromod:SeismicWave","Bromod:SteelCharge","Bromod:Flow","Bromod:NoReturn","Bromod:SlashDash","Bromod:FashionFrame+1","Bromod:FinishingTouch","Runesmith:Permafrost+1","Bromod:Stormbringer","Bromod:EnergySiphon+1","Bromod:HeatedCharge","Ghostly","Ghostly","Ghostly","Ghostly","Ghostly","Bromod:KillingBlow"],"relics":["Bromod:Ordis","Bromod:AscarisDevice","PreservedInsect","Boot","Ectoplasm","Bromod:ExtinguishedDragonKey","Bromod:ArcaneAegis","Thread and Needle"],"acts_visited":["Exordium","TheCity"],"potions_floor_usage":[16,16,16,30,30],"damage_taken":[{"damage":11,"enemies":"Jaw Worm","floor":1,"turns":2},{"damage":5,"enemies":"Small Slimes","floor":2,"turns":2},{"damage":2,"enemies":"Cultist","floor":5,"turns":3},{"damage":0,"enemies":"Exordium Wildlife","floor":8,"turns":4},{"damage":13,"enemies":"Lagavulin","floor":10,"turns":8},{"damage":0,"enemies":"Large Slime","floor":11,"turns":3},{"damage":11,"enemies":"Exordium Thugs","floor":12,"turns":4},{"damage":5,"enemies":"Looter","floor":14,"turns":4},{"damage":2,"enemies":"The Guardian","floor":16,"turns":5},{"damage":2,"enemies":"Spheric Guardian","floor":18,"turns":4},{"damage":7,"enemies":"Shell Parasite","floor":22,"turns":4},{"damage":57,"enemies":"Gremlin Leader","floor":24,"turns":8},{"damage":13,"enemies":"Snake Plant","floor":28,"turns":7},{"damage":27,"enemies":"Chosen and Byrds","floor":30,"turns":6}],"seed_played":"4149949626767322352","potions_obtained":[{"floor":1,"key":"Dexterity Potion"},{"floor":2,"key":"Bromod:ShieldRestore"},{"floor":12,"key":"CultistPotion"},{"floor":16,"key":"Weak Potion"},{"floor":18,"key":"Regen Potion"}],"is_trial":false,"path_per_floor":["M","M","?","?","M","R","?","M","T","E","M","M","R","M","R","B",null,"M","?","?","?","M","R","E","?","T","R","M","?","M"],"character_chosen":"THE_EXALTED","items_purchased":[],"campfire_rested":3,"item_purchase_floors":[],"current_hp_per_floor":[64,59,59,64,62,80,80,80,80,67,67,56,56,51,75,73,80,78,78,78,78,71,71,14,14,14,26,13,13,0,0],"gold":359,"neow_bonus":"TRANSFORM_TWO_CARDS","is_daily":false,"chose_seed":false,"campfire_upgraded":1,"win_rate":0.0,"timestamp":1611919548,"path_taken":["M","M","?","?","M","R","?","M","T","E","M","?","R","M","R","BOSS","M","?","?","?","M","R","E","?","T","R","M","?","?"],"items_purchased_type":[],"build_version":"2020-12-22","purchased_purges":0,"victory":false,"max_hp_per_floor":[75,75,75,80,80,80,80,80,80,80,80,80,80,80,80,80,80,80,80,80,80,80,80,80,40,40,40,40,40,40,40],"card_choices":[{"not_picked":["Bromod:PressurePoint","Bromod:TacticalPump"],"picked":"Bromod:ArchwingLauncher","floor":1},{"not_picked":["Bromod:QuickDraw","Bromod:SlashDash"],"picked":"Bromod:Redirection","floor":2},{"not_picked":["Bromod:Vitality","Bromod:QuickDraw"],"picked":"Bromod:NorthWind","floor":5},{"not_picked":["Bromod:PointBlank","Bromod:Redirection","Bromod:PressurePoint"],"picked":"SKIP","floor":8},{"not_picked":["Bromod:Reflection","Bromod:Maglev"],"picked":"Bromod:SeismicWave","floor":10},{"not_picked":["Bromod:Stretch","Bromod:TacticalPump"],"picked":"Bromod:SteelCharge","floor":11},{"not_picked":["Bromod:KillingBlow","Bromod:SeismicWave"],"picked":"Bromod:Flow","floor":12},{"not_picked":["Bromod:PointBlank","Bromod:ArchwingLauncher"],"picked":"Bromod:SlashDash","floor":14},{"not_picked":["Bromod:VitalSense","Bromod:LifeStrike"],"picked":"Bromod:FashionFrame","floor":16},{"not_picked":["Bromod:Maglev","Bromod:Redirection"],"picked":"Bromod:FinishingTouch","floor":18},{"not_picked":["Bromod:SlipMagazine","Bromod:FastHands"],"picked":"Bromod:Stormbringer","floor":22},{"not_picked":["Bromod:Thunderbolt","Bromod:BulletJump+1"],"picked":"Bromod:HeatedCharge","floor":24},{"not_picked":["Bromod:Maglev+1","Bromod:SlashDash+1"],"picked":"Bromod:KillingBlow","floor":28}],"player_experience":190722,"relics_obtained":[{"floor":9,"key":"PreservedInsect"},{"floor":10,"key":"Boot"},{"floor":24,"key":"Bromod:ArcaneAegis"},{"floor":26,"key":"Thread and Needle"}],"event_choices":[{"damage_healed":0,"gold_gain":0,"player_choice":"Donut","damage_taken":0,"max_hp_gain":5,"max_hp_loss":0,"event_name":"Big Fish","floor":4,"gold_loss":0},{"cards_removed":["Regret"],"damage_healed":0,"gold_gain":0,"player_choice":"Purged","damage_taken":0,"max_hp_gain":0,"max_hp_loss":0,"event_name":"Purifier","floor":7,"gold_loss":0},{"cards_removed":["Bromod:Flow"],"damage_healed":0,"gold_gain":0,"player_choice":"Take \u0026 Give","damage_taken":0,"max_hp_gain":0,"max_hp_loss":0,"event_name":"betterNote:BetterNote","floor":20,"gold_loss":0,"cards_obtained":["Runesmith:Permafrost"]},{"damage_healed":0,"gold_gain":0,"player_choice":"Ignored","damage_taken":0,"max_hp_gain":0,"max_hp_loss":0,"event_name":"Cursed Tome","floor":21,"gold_loss":0},{"damage_healed":0,"gold_gain":0,"player_choice":"Became a Ghost","damage_taken":0,"max_hp_gain":0,"max_hp_loss":40,"event_name":"Ghosts","floor":25,"gold_loss":0,"cards_obtained":["Ghostly","Ghostly","Ghostly","Ghostly","Ghostly"]},{"damage_healed":0,"gold_gain":0,"player_choice":"Ignored","damage_taken":0,"max_hp_gain":0,"max_hp_loss":0,"event_name":"Golden Shrine","floor":29,"gold_loss":0}],"is_beta":false,"boss_relics":[{"not_picked":["Runic Dome","Snecko Eye"],"picked":"Ectoplasm"}],"items_purged_floors":[],"is_endless":false,"potions_floor_spawned":[1,2,12,14,16,18],"killed_by":"Chosen and Byrds","ascension_level":0}}