{"host":"igj4vwc42ivwqexo","time":1611944740,"event":{"mods":["BaseMod","Better Third Choice","Koishi","Marisa????????","Minty Spire (QoL Compilation)","Potionbrewer","Shop Mod","StS++","StSLib","The Disciple","The Hierophant","The Sage","The Servant 0.9.4"],"gold_per_floor":[113,125,144,144,219,219,245,245,245,261,261,261],"floor_reached":11,"language":"ENG","playtime":1139,"items_purged":[],"score":77,"play_id":"cf578bd7-f2be-49c3-b41a-db40a806e068","local_time":"20210129192540","is_ascension_mode":true,"campfire_choices":[{"data":"KidneyShot","floor":6,"key":"SMITH"},{"data":"GearUp","floor":8,"key":"SMITH"}],"circlet_count":0,"master_deck":["Strike_S","Strike_S","Strike_S","Strike_S","Defend_S","Defend_S","Defend_S","Defend_S","KidneyShot+1","Exchange","RealityMarble","Rewind","ShatteredReality","StSpp:TimeDodge","GearUp+1","Sabotage"],"relics":["Uniform","CaptainsWheel","StSpp:WoodenStick","potionbrewer:ToyAutogyro","Turnip"],"acts_visited":["Exordium"],"potions_floor_usage":[10,11],"damage_taken":[{"damage":0,"enemies":"Cultist","floor":1,"turns":4},{"damage":3,"enemies":"Jaw Worm","floor":2,"turns":5},{"damage":5,"enemies":"Small Slimes","floor":3,"turns":4},{"damage":13,"enemies":"Lagavulin","floor":7,"turns":9},{"damage":6,"enemies":"Blue Slaver","floor":10,"turns":4},{"damage":9,"enemies":"3 Sentries","floor":11,"turns":5}],"seed_played":"-1576427341113894336","potions_obtained":[{"floor":1,"key":"Weak Potion"},{"floor":7,"key":"Fruit Juice"}],"is_trial":false,"path_per_floor":["M","M","M","?","?","R","E","R","T","M","E"],"character_chosen":"THE_SERVANT","items_purchased":[],"campfire_rested":0,"item_purchase_floors":[],"current_hp_per_floor":[59,56,51,34,23,23,10,10,10,9,0,0],"gold":261,"neow_bonus":"ONE_RARE_RELIC","is_daily":false,"chose_seed":false,"campfire_upgraded":2,"win_rate":0.0,"timestamp":1611944740,"path_taken":["M","M","M","?","?","R","E","R","T","M","E"],"items_purchased_type":[],"build_version":"2020-12-22","purchased_purges":0,"victory":false,"max_hp_per_floor":[59,59,59,59,59,59,59,59,59,64,64,64],"card_choices":[{"not_picked":["MoonPhase","ShatteredReality"],"picked":"RealityMarble","floor":1},{"not_picked":["ShatteredReality","Alleviate"],"picked":"Rewind","floor":2},{"not_picked":["Potential","Ricochet"],"picked":"ShatteredReality","floor":3},{"not_picked":["Potential","Rearm"],"picked":"GearUp","floor":7},{"not_picked":["Foresight","Embodiment"],"picked":"Sabotage","floor":10}],"player_experience":417422,"relics_obtained":[{"floor":7,"key":"potionbrewer:ToyAutogyro"},{"floor":9,"key":"Turnip"}],"event_choices":[{"damage_healed":0,"gold_gain":75,"player_choice":"Gold","damage_taken":11,"max_hp_gain":0,"max_hp_loss":0,"event_name":"betterThird:BetterGoop","floor":5,"gold_loss":0}],"is_beta":false,"boss_relics":[],"items_purged_floors":[],"is_endless":false,"potions_floor_spawned":[1,7],"killed_by":"3 Sentries","ascension_level":1}}