{"host":"kzpuingyul43kz0j","time":1611923215,"event":{"mods":["2.2 Compatiblity","BaseMod","Bestiary","Better Skull","BetterRewards","Colored Map","Colored Powertips","Curses Come First","Displayed Cursed Tome","Downfall","Gold Saver","Highlight Path","Keyboard Shortcuts","Minty Spire (QoL Compilation)","Relic Stats","Remove Card Discount Mod","StSLib","Uncapped"],"gold_per_floor":[112,128,128,128,147,147,147],"floor_reached":6,"language":"ENG","playtime":394,"items_purged":["Regret","Strike_B","Defend_B"],"score":36,"play_id":"ee342bce-a236-4ede-9163-1e4d20d8e41f","local_time":"20210129132655","is_ascension_mode":false,"campfire_choices":[],"circlet_count":0,"master_deck":["Strike_B","Strike_B","Strike_B","Defend_B","Defend_B","Zap","Dualcast","Defragment","Blizzard","Darkness","Skim","Sweeping Beam","Conserve Battery"],"relics":["Cracked Core","Runic Capacitor","Oddly Smooth Stone","Golden Idol"],"acts_visited":["Exordium"],"potions_floor_usage":[5],"damage_taken":[{"damage":7,"enemies":"Small Slimes","floor":1,"turns":4},{"damage":13,"enemies":"Jaw Worm","floor":2,"turns":4},{"damage":6,"enemies":"2 Louse","floor":5,"turns":2},{"damage":41,"enemies":"Gremlin Nob","floor":6,"turns":4}],"seed_played":"8701774407001609497","potions_obtained":[{"floor":2,"key":"hexamod:SoulburnPotion"}],"is_trial":false,"path_per_floor":["M","M","?","?","M","E"],"character_chosen":"DEFECT","items_purchased":["Runic Capacitor","Oddly Smooth Stone","Defragment","Blizzard"],"campfire_rested":0,"item_purchase_floors":[0,0,0,0],"current_hp_per_floor":[52,39,39,39,33,0,0],"gold":147,"neow_bonus":"","is_daily":false,"chose_seed":false,"campfire_upgraded":0,"win_rate":0.0,"timestamp":1611923215,"path_taken":["M","M","?","?","M","E"],"items_purchased_type":["Relic","Relic","Card","Card"],"build_version":"2020-12-22","purchased_purges":3,"victory":false,"max_hp_per_floor":[75,75,69,69,69,69,69],"relic_stats":{"counters":[29,122],"Golden Idol":4,"obtain_stats":[{"Ice Cream":29,"downfall:RedIOUUpgrade":0,"Torii":10,"Golden Idol":3,"SacredBark":17,"Oddly Smooth Stone":10,"GremlinMask":4,"Mango":38,"PreservedInsect":30,"Runic Capacitor":0,"Whetstone":54,"PrismaticShard":30,"ClockworkSouvenir":46,"SlaversCollar":34,"DataDisk":0,"Anchor":26,"Ornamental Fan":0,"Gambling Chip":45,"Toolbox":0,"Red Mask":24,"Toxic Egg 2":41,"Cracked Core":0,"Symbiotic Virus":43,"TungstenRod":0},{"Ice Cream":14,"downfall:RedIOUUpgrade":0,"Torii":5,"Golden Idol":27,"SacredBark":8,"Oddly Smooth Stone":5,"GremlinMask":3,"Mango":19,"PreservedInsect":14,"Runic Capacitor":25,"Whetstone":24,"PrismaticShard":14,"ClockworkSouvenir":21,"SlaversCollar":16,"DataDisk":0,"Anchor":12,"Ornamental Fan":0,"Gambling Chip":21,"Toolbox":0,"Red Mask":12,"Toxic Egg 2":20,"Cracked Core":0,"Symbiotic Virus":20,"TungstenRod":0},{"Ice Cream":52,"downfall:RedIOUUpgrade":0,"Torii":16,"Golden Idol":116,"SacredBark":30,"Oddly Smooth Stone":16,"GremlinMask":9,"Mango":74,"PreservedInsect":52,"Runic Capacitor":108,"Whetstone":103,"PrismaticShard":52,"ClockworkSouvenir":79,"SlaversCollar":64,"DataDisk":0,"Anchor":41,"Ornamental Fan":0,"Gambling Chip":79,"Toolbox":0,"Red Mask":41,"Toxic Egg 2":76,"Cracked Core":0,"Symbiotic Virus":76,"TungstenRod":0}]},"card_choices":[{"not_picked":["Darkness","Hello World"],"picked":"Skim","floor":1},{"not_picked":["Sunder","Barrage"],"picked":"Sweeping Beam","floor":2},{"not_picked":["Cold Snap","Stack"],"picked":"Conserve Battery","floor":5}],"player_experience":89780,"relics_obtained":[],"event_choices":[{"damage_healed":0,"gold_gain":0,"player_choice":"Lose Max HP","damage_taken":0,"relics_obtained":["Golden Idol"],"max_hp_gain":0,"max_hp_loss":6,"event_name":"Golden Idol","floor":3,"gold_loss":0},{"damage_healed":0,"gold_gain":0,"player_choice":"Ignored","damage_taken":0,"max_hp_gain":0,"max_hp_loss":0,"event_name":"Golden Wing","floor":4,"gold_loss":0}],"is_beta":false,"boss_relics":[],"items_purged_floors":[0,0,0],"is_endless":false,"potions_floor_spawned":[2],"killed_by":"Gremlin Nob","ascension_level":0}}