{"host":"v3mpq6flurzldi5g","time":1611938091,"event":{"mods":["AchievementEnabler","BaseMod","Colored Powertips","Highlight Path","Minty Spire (QoL Compilation)","StSLib"],"gold_per_floor":[113,113,128,142,142,142,158,158,158,186,211,225,225,243,243,339,339,360,360,360,360],"floor_reached":20,"language":"ENG","playtime":2046,"items_purged":[],"score":274,"play_id":"6cee26d8-4eee-4fee-9b5b-8991f8da72c9","local_time":"20210129113451","is_ascension_mode":true,"campfire_choices":[{"floor":6,"key":"REST"},{"floor":8,"key":"REST"},{"floor":13,"key":"REST"},{"floor":15,"key":"REST"}],"circlet_count":0,"master_deck":["AscendersBane","Strike_G","Strike_G","Strike_G","Strike_G","Strike_G","Defend_G","Defend_G","Defend_G","Defend_G","Defend_G+1","Survivor","Neutralize+1","Accuracy","Terror","Backflip","PiercingWail","Leg Sweep","Prepared","Storm of Steel","CurseOfTheBell","Quick Slash+1"],"relics":["Ring of the Snake","Golden Idol","HornCleat","Bag of Preparation","Odd Mushroom","Calling Bell","Omamori","Molten Egg 2","Dead Branch"],"acts_visited":["Exordium","TheCity"],"potions_floor_usage":[10,10],"damage_taken":[{"damage":3.0,"enemies":"Small Slimes","floor":1.0,"turns":5.0},{"damage":0,"enemies":"2 Louse","floor":3,"turns":4},{"damage":0,"enemies":"Jaw Worm","floor":4,"turns":7},{"damage":4,"enemies":"Red Slaver","floor":7,"turns":3},{"damage":29,"enemies":"The Mushroom Lair","floor":10,"turns":6},{"damage":1,"enemies":"Blue Slaver","floor":11,"turns":4},{"damage":0,"enemies":"3 Louse","floor":12,"turns":4},{"damage":12,"enemies":"Large Slime","floor":14,"turns":15},{"damage":60,"enemies":"The Guardian","floor":16,"turns":32},{"damage":48,"enemies":"3 Byrds","floor":18,"turns":8},{"damage":6,"enemies":"Chosen","floor":20,"turns":6}],"seed_played":"-3941600179782902834","potions_obtained":[{"floor":1.0,"key":"Block Potion"},{"floor":3,"key":"SteroidPotion"},{"floor":18,"key":"SteroidPotion"}],"is_trial":false,"path_per_floor":["M","?","M","M","?","R","M","R","T","?","M","M","R","M","R","B",null,"M","?","M"],"character_chosen":"THE_SILENT","items_purchased":[],"campfire_rested":4,"item_purchase_floors":[],"current_hp_per_floor":[60,43,43,43,31,52,48,69,69,40,39,39,60,48,69,9,55,7,7,1,1],"gold":360,"neow_bonus":"UPGRADE_CARD","is_daily":false,"chose_seed":false,"campfire_upgraded":0,"win_rate":0.0,"timestamp":1611938091,"path_taken":["M","?","M","M","?","R","M","R","T","?","M","?","R","M","R","BOSS","M","?","M"],"items_purchased_type":[],"build_version":"2020-12-22","purchased_purges":0,"victory":false,"max_hp_per_floor":[70,70,70,70,70,70,70,70,70,70,70,70,70,70,70,70,70,70,70,70,70],"card_choices":[{"not_picked":["Escape Plan","Quick Slash"],"picked":"Accuracy","floor":1.0},{"not_picked":["Deflect","Predator","Outmaneuver"],"picked":"SKIP","floor":3},{"not_picked":["Dodge and Roll","Flechettes"],"picked":"Terror","floor":4},{"not_picked":["Flying Knee","Blur"],"picked":"Backflip","floor":7},{"not_picked":["Dagger Throw","Slice"],"picked":"PiercingWail","floor":11},{"not_picked":["Bouncing Flask","Dagger Throw"],"picked":"Leg Sweep","floor":12},{"not_picked":["Flechettes","Malaise"],"picked":"Prepared","floor":14},{"not_picked":["A Thousand Cuts","Night Terror"],"picked":"Storm of Steel","floor":16},{"not_picked":["PiercingWail","Tools of the Trade"],"picked":"Quick Slash+1","floor":18}],"player_experience":1093165,"relics_obtained":[{"floor":9,"key":"Bag of Preparation"},{"floor":10,"key":"Odd Mushroom"},{"floor":17,"key":"Omamori"},{"floor":17,"key":"Molten Egg 2"},{"floor":17,"key":"Dead Branch"}],"event_choices":[{"damage_healed":0.0,"max_hp_gain":0.0,"max_hp_loss":0.0,"gold_gain":0.0,"event_name":"Golden Idol","player_choice":"Take Damage","floor":2.0,"gold_loss":0.0,"damage_taken":17.0,"relics_obtained":["Golden Idol"]},{"damage_healed":0,"gold_gain":0,"player_choice":"Success","damage_taken":12,"relics_obtained":["HornCleat"],"max_hp_gain":0,"max_hp_loss":0,"event_name":"Scrap Ooze","floor":5,"gold_loss":0},{"damage_healed":0,"gold_gain":0,"player_choice":"Fought Mushrooms","damage_taken":0,"max_hp_gain":0,"max_hp_loss":0,"event_name":"Mushrooms","floor":10,"gold_loss":0},{"damage_healed":0,"gold_gain":0,"player_choice":"Upgraded","damage_taken":0,"max_hp_gain":0,"max_hp_loss":0,"event_name":"Upgrade Shrine","floor":19,"gold_loss":0,"cards_upgraded":["Defend_G"]}],"is_beta":false,"boss_relics":[{"not_picked":["Pandora\u0027s Box","Coffee Dripper"],"picked":"Calling Bell"}],"items_purged_floors":[],"is_endless":false,"potions_floor_spawned":[1,3,7,18],"killed_by":"Chosen","ascension_level":13}}