{"host":"mskf0tuxntnls329","time":1611878568,"event":{"mods":["BaseMod","Minty Spire (QoL Compilation)","Relic Stats","StSLib","SuperFastMode"],"gold_per_floor":[115,27,102,27,27,62,74,107,107,107,138,138,468,483,483,560,560,571,571,571,846,859,442,474,42,42,42,68,68,84,101,101,177,177,192,192,67,92,92,120,134,134,134,134,149,161,211,229,229,229,229,229,229,122,153,153,153],"floor_reached":56,"language":"ENG","playtime":2384,"items_purged":["Regret","Defend_R","Defend_R"],"score":2003,"play_id":"4bc404ff-57e2-4446-8f1c-a297f843596c","local_time":"20210128190248","is_ascension_mode":true,"campfire_choices":[{"data":"Uppercut","floor":10.0,"key":"SMITH"},{"floor":12.0,"key":"REST"},{"floor":15.0,"key":"REST"},{"data":"Ghostly","floor":27.0,"key":"SMITH"},{"data":"Ghostly","floor":29.0,"key":"SMITH"},{"data":"Ghostly","floor":32.0,"key":"SMITH"},{"floor":42.0,"key":"RECALL"},{"floor":44.0,"key":"REST"},{"floor":49.0,"key":"REST"},{"floor":53.0,"key":"REST"}],"circlet_count":0,"master_deck":["AscendersBane","Defend_R","Defend_R","Bash","Evolve","Inflame","Uppercut+1","Combust","Shockwave","Combust","Offering","Reaper+1","Bite","Bite+1","Bite","Bite","Bite","Ghostly+1","Ghostly+1","Ghostly+1","Double Tap","Armaments+1","True Grit+1","Power Through+1","Shrug It Off+1","Barricade","Battle Trance+1","Dark Shackles+1","Secret Technique+1","Purity+1","Second Wind+1","Pommel Strike+1","Heavy Blade","Fire Breathing","Heavy Blade+1","Feel No Pain","True Grit+1","Fiend Fire"],"relics":["Burning Blood","NeowsBlessing","White Beast Statue","Centennial Puzzle","Torii","Du-Vu Doll","Old Coin","Mark of Pain","Omamori","Brimstone","Akabeko","Toxic Egg 2","Pen Nib","Whetstone","Fusion Hammer","Charon\u0027s Ashes","Oddly Smooth Stone","Champion Belt","Ornamental Fan"],"acts_visited":["Exordium","TheCity","TheBeyond","TheEnding"],"potions_floor_usage":[56],"damage_taken":[{"damage":0.0,"enemies":"Small Slimes","floor":1.0,"turns":1.0},{"damage":0.0,"enemies":"3 Sentries","floor":6.0,"turns":2.0},{"damage":0.0,"enemies":"2 Louse","floor":7.0,"turns":1.0},{"damage":28.0,"enemies":"Gremlin Nob","floor":8.0,"turns":4.0},{"damage":18.0,"enemies":"3 Sentries","floor":11.0,"turns":6.0},{"damage":15.0,"enemies":"Lagavulin","floor":13.0,"turns":7.0},{"damage":1.0,"enemies":"Cultist","floor":14.0,"turns":3.0},{"damage":29.0,"enemies":"Slime Boss","floor":16.0,"turns":8.0},{"damage":34.0,"enemies":"Shell Parasite","floor":18.0,"turns":3.0},{"damage":30.0,"enemies":"3 Byrds","floor":22.0,"turns":4.0},{"damage":12.0,"enemies":"Gremlin Leader","floor":24.0,"turns":5.0},{"damage":12.0,"enemies":"Book of Stabbing","floor":28.0,"turns":5.0},{"damage":6.0,"enemies":"Cultist and Chosen","floor":30.0,"turns":2.0},{"damage":17.0,"enemies":"Chosen and Byrds","floor":31.0,"turns":3.0},{"damage":44.0,"enemies":"Automaton","floor":33.0,"turns":7.0},{"damage":43.0,"enemies":"3 Darklings","floor":35.0,"turns":5.0},{"damage":2.0,"enemies":"Mind Bloom Boss Battle","floor":38.0,"turns":6.0},{"damage":11.0,"enemies":"Reptomancer","floor":40.0,"turns":4.0},{"damage":6.0,"enemies":"3 Shapes","floor":41.0,"turns":4.0},{"damage":23.0,"enemies":"3 Darklings","floor":45.0,"turns":6.0},{"damage":15.0,"enemies":"Maw","floor":46.0,"turns":7.0},{"damage":23.0,"enemies":"2 Orb Walkers","floor":47.0,"turns":4.0},{"damage":19.0,"enemies":"Sphere and 2 Shapes","floor":48.0,"turns":3.0},{"damage":32.0,"enemies":"Time Eater","floor":50.0,"turns":7.0},{"damage":53.0,"enemies":"Awakened One","floor":51.0,"turns":12.0},{"damage":56.0,"enemies":"Shield and Spear","floor":55.0,"turns":8.0},{"damage":42,"enemies":"The Heart","floor":56,"turns":6}],"seed_played":"3420683963968567150","potions_obtained":[{"floor":1.0,"key":"Weak Potion"},{"floor":6.0,"key":"DuplicationPotion"},{"floor":7.0,"key":"SkillPotion"},{"floor":8.0,"key":"Fire Potion"},{"floor":11.0,"key":"Dexterity Potion"},{"floor":16.0,"key":"Fire Potion"},{"floor":18.0,"key":"Weak Potion"},{"floor":22.0,"key":"Explosive Potion"},{"floor":24.0,"key":"Explosive Potion"},{"floor":31.0,"key":"PowerPotion"},{"floor":33.0,"key":"Dexterity Potion"},{"floor":35.0,"key":"AttackPotion"},{"floor":38.0,"key":"SteroidPotion"},{"floor":40.0,"key":"FairyPotion"},{"floor":46.0,"key":"Fire Potion"},{"floor":47.0,"key":"CultistPotion"},{"floor":55.0,"key":"Swift Potion"}],"is_trial":false,"path_per_floor":["M","$","?","?","?","E","M","E","T","R","E","R","E","M","R","B",null,"M","?","?","?","M","$","E","$","T","R","E","R","M","M","R","B",null,"M","?","$","?","?","E","M","R","T","R","M","M","?","M","R","B","B",null,"R","$","E","B"],"character_chosen":"IRONCLAD","items_purchased":["Inflame","Omamori","Brimstone","Toxic Egg 2","Armaments+1","Feel No Pain","True Grit+1"],"campfire_rested":5,"item_purchase_floors":[2,23,23,25,25,54,54],"current_hp_per_floor":[74,74,63,63,52,58,64,42,42,42,32,54,47,54,75,52,69,50,50,37,37,24,24,37,37,37,37,37,37,37,32,32,20,33,37,27,27,37,37,37,37,37,37,37,37,37,37,37,37,37,37,37,37,37,32,0,0],"gold":153,"neow_bonus":"THREE_ENEMY_KILL","is_daily":false,"chose_seed":false,"campfire_upgraded":4,"win_rate":0.0,"timestamp":1611878568,"path_taken":["M","$","?","?","?","E","M","E","T","R","E","R","E","M","R","BOSS","M","?","?","?","M","$","E","$","T","R","E","R","?","M","R","BOSS","M","?","$","?","?","E","M","R","T","R","M","M","?","M","R","BOSS","BOSS","R","$","E","BOSS"],"items_purchased_type":["Card","Relic","Relic","Relic","Card","Card","Card"],"build_version":"2020-12-22","purchased_purges":3,"victory":false,"max_hp_per_floor":[75,75,75,75,75,75,75,75,75,75,75,75,75,75,75,75,75,75,75,37,37,37,37,37,37,37,37,37,37,37,37,37,37,37,37,37,37,37,37,37,37,37,37,37,37,37,37,37,37,37,37,37,37,37,37,37,37],"relic_stats":{"Centennial Puzzle":[72],"Torii":10,"counters":[27,133],"Ornamental Fan":[0],"Pen Nib":[13],"Charon\u0027s Ashes":[430],"Whetstone":["Reaper","Bite"],"Champion Belt":[14],"obtain_stats":[{"NeowsBlessing":0,"Torii":8,"Oddly Smooth Stone":40,"Pen Nib":26,"Charon\u0027s Ashes":38,"Omamori":23,"Whetstone":28,"Burning Blood":0,"White Beast Statue":5,"Akabeko":24,"Old Coin":13,"Blood Vial":9,"Du-Vu Doll":11,"Centennial Puzzle":6,"Brimstone":23,"Ornamental Fan":55,"Mark of Pain":17,"Fusion Hammer":34,"Champion Belt":47,"Toxic Egg 2":25},{"NeowsBlessing":0,"Torii":4,"Oddly Smooth Stone":18,"Pen Nib":11,"Charon\u0027s Ashes":17,"Omamori":10,"Whetstone":12,"Burning Blood":0,"White Beast Statue":1,"Akabeko":11,"Old Coin":6,"Blood Vial":4,"Du-Vu Doll":5,"Centennial Puzzle":2,"Brimstone":10,"Ornamental Fan":26,"Mark of Pain":8,"Fusion Hammer":15,"Champion Belt":22,"Toxic Egg 2":11},{"NeowsBlessing":0,"Torii":8,"Oddly Smooth Stone":76,"Pen Nib":44,"Charon\u0027s Ashes":72,"Omamori":39,"Whetstone":49,"Burning Blood":0,"White Beast Statue":1,"Akabeko":44,"Old Coin":21,"Blood Vial":8,"Du-Vu Doll":14,"Centennial Puzzle":3,"Brimstone":39,"Ornamental Fan":127,"Mark of Pain":32,"Fusion Hammer":61,"Champion Belt":97,"Toxic Egg 2":44}],"Burning Blood":92},"card_choices":[{"not_picked":["Burning Pact","Cleave"],"picked":"Evolve","floor":1.0},{"not_picked":["Warcry","Twin Strike"],"picked":"Uppercut","floor":6.0},{"not_picked":["Headbutt","Anger"],"picked":"Combust","floor":7.0},{"not_picked":["Evolve","Blood for Blood"],"picked":"Shockwave","floor":8.0},{"not_picked":["Flex","Clash","Iron Wave"],"picked":"SKIP","floor":11.0},{"not_picked":["Flex","Burning Pact"],"picked":"Combust","floor":13.0},{"not_picked":["Reckless Charge","Clothesline"],"picked":"Offering","floor":14.0},{"not_picked":["Double Tap","Impervious"],"picked":"Reaper","floor":16.0},{"not_picked":["Thunderclap","Intimidate","Perfected Strike"],"picked":"SKIP","floor":18.0},{"not_picked":["Sword Boomerang","Evolve","Bloodletting"],"picked":"SKIP","floor":22.0},{"not_picked":["Sword Boomerang","Entrench"],"picked":"Double Tap","floor":24.0},{"not_picked":["Reckless Charge","Twin Strike"],"picked":"True Grit+1","floor":28.0},{"not_picked":["Second Wind+1","Armaments+1"],"picked":"Power Through+1","floor":30.0},{"not_picked":["Flex+1","Body Slam"],"picked":"Shrug It Off+1","floor":31.0},{"not_picked":["Feed","Juggernaut"],"picked":"Barricade","floor":33.0},{"not_picked":["True Grit+1","Twin Strike"],"picked":"Battle Trance+1","floor":35.0},{"not_picked":["Dramatic Entrance","Flash of Steel"],"picked":"Dark Shackles+1","floor":36.0},{"not_picked":["Blind+1","Mayhem"],"picked":"Secret Technique+1","floor":36.0},{"not_picked":["Jack Of All Trades+1","Swift Strike"],"picked":"Purity+1","floor":36.0},{"not_picked":["Hemokinesis","Reckless Charge"],"picked":"Second Wind+1","floor":38.0},{"not_picked":["Wild Strike","Bloodletting+1"],"picked":"Pommel Strike+1","floor":40.0},{"not_picked":["Wild Strike","Iron Wave"],"picked":"Heavy Blade","floor":41.0},{"not_picked":["Anger","Cleave"],"picked":"Fire Breathing","floor":45.0},{"not_picked":["Reckless Charge","Iron Wave"],"picked":"Heavy Blade+1","floor":46.0},{"not_picked":["Thunderclap","Intimidate+1","Bloodletting+1"],"picked":"SKIP","floor":48.0},{"not_picked":["Iron Wave","Havoc+1"],"picked":"Fiend Fire","floor":55.0}],"player_experience":793488,"relics_obtained":[{"floor":6.0,"key":"Centennial Puzzle"},{"floor":8.0,"key":"Torii"},{"floor":9.0,"key":"Blood Vial"},{"floor":11.0,"key":"Du-Vu Doll"},{"floor":13.0,"key":"Old Coin"},{"floor":24.0,"key":"Akabeko"},{"floor":26.0,"key":"Pen Nib"},{"floor":28.0,"key":"Whetstone"},{"floor":38.0,"key":"Charon\u0027s Ashes"},{"floor":40.0,"key":"Oddly Smooth Stone"},{"floor":47.0,"key":"Champion Belt"},{"floor":55.0,"key":"Ornamental Fan"}],"event_choices":[{"damage_healed":0.0,"max_hp_gain":0.0,"max_hp_loss":0.0,"gold_gain":75.0,"event_name":"World of Goop","player_choice":"Gather Gold","floor":3.0,"gold_loss":0.0,"damage_taken":11.0},{"cards_removed":["Strike_R"],"damage_healed":0.0,"max_hp_gain":0.0,"max_hp_loss":0.0,"gold_gain":0.0,"event_name":"The Cleric","player_choice":"Card Removal","floor":4.0,"gold_loss":75.0,"damage_taken":0.0},{"damage_healed":0.0,"max_hp_gain":0.0,"max_hp_loss":0.0,"gold_gain":0.0,"event_name":"Scrap Ooze","player_choice":"Success","floor":5.0,"gold_loss":0.0,"damage_taken":11.0,"relics_obtained":["White Beast Statue"]},{"damage_healed":0.0,"max_hp_gain":0.0,"max_hp_loss":0.0,"gold_gain":0.0,"event_name":"Vampires","player_choice":"Became a vampire (Vial)","floor":19.0,"relics_lost":["Blood Vial"],"gold_loss":0.0,"damage_taken":0.0,"cards_obtained":["Bite","Bite","Bite","Bite","Bite"]},{"damage_healed":0.0,"max_hp_gain":0.0,"max_hp_loss":38.0,"gold_gain":0.0,"event_name":"Ghosts","player_choice":"Became a Ghost","floor":20.0,"gold_loss":0.0,"damage_taken":0.0,"cards_obtained":["Ghostly","Ghostly","Ghostly"]},{"damage_healed":0.0,"max_hp_gain":0.0,"max_hp_loss":0.0,"gold_gain":275.0,"event_name":"Golden Shrine","player_choice":"Desecrate","floor":21.0,"gold_loss":0.0,"damage_taken":0.0,"cards_obtained":["Regret"]},{"damage_healed":0.0,"max_hp_gain":0.0,"max_hp_loss":0.0,"gold_gain":0.0,"event_name":"SensoryStone","player_choice":"Memory 3","floor":36.0,"gold_loss":0.0,"damage_taken":10.0},{"damage_healed":0.0,"max_hp_gain":0.0,"max_hp_loss":0.0,"gold_gain":0.0,"event_name":"MindBloom","player_choice":"Fight","floor":38.0,"gold_loss":0.0,"damage_taken":0.0},{"damage_healed":0.0,"max_hp_gain":0.0,"max_hp_loss":0.0,"gold_gain":0.0,"event_name":"Tomb of Lord Red Mask","player_choice":"Ignored","floor":39.0,"gold_loss":0.0,"damage_taken":0.0},{"damage_healed":0.0,"max_hp_gain":0.0,"max_hp_loss":0.0,"gold_gain":0.0,"event_name":"Mysterious Sphere","player_choice":"Fight","floor":47.0,"gold_loss":0.0,"damage_taken":0.0}],"is_beta":false,"boss_relics":[{"not_picked":["Runic Pyramid","Ectoplasm"],"picked":"Mark of Pain"},{"not_picked":["Pandora\u0027s Box","Astrolabe"],"picked":"Fusion Hammer"}],"items_purged_floors":[23,25,37],"is_endless":false,"potions_floor_spawned":[1,6,7,8,11,13,14,16,18,22,24,28,30,31,33,35,38,40,41,45,46,47,48,55],"killed_by":"The Heart","ascension_level":20}}