{"host":"6r3ioyv75hs1gp74","time":1611884312,"event":{"mods":["AchievementEnabler","Act Like it!","BaseMod","Better Sensory Stone","Better Third Choice","Block Reminder","Colored Map","Colored Powertips","Curses Come First","Minty Spire (QoL Compilation)","StSLib"],"gold_per_floor":[112,132,150,3,18,18,33,43,121,152,152,152,163,188,188,286,286,301,301,1,13,28,62,62,96,96,96,24,42,42,55,55,154,154,172,172,222,1,13,13,13,13,37,55,55,65,65,117,117,117],"floor_reached":51,"language":"ENG","playtime":2389,"items_purged":["Strike_B","Strike_B"],"score":851,"play_id":"94b8ec80-bfe1-4ea4-bafb-c9ca67336c94","local_time":"20210129013832","is_ascension_mode":true,"campfire_choices":[{"data":"Storm","floor":6,"key":"SMITH"},{"floor":12,"key":"REST"},{"data":"Machine Learning","floor":15,"key":"SMITH"},{"floor":24,"key":"REST"},{"data":"Apotheosis","floor":27,"key":"SMITH"},{"data":"Doom and Gloom","floor":30,"key":"SMITH"},{"floor":32,"key":"REST"},{"data":"1","floor":40,"key":"LIFT"},{"data":"2","floor":47,"key":"LIFT"},{"data":"3","floor":49,"key":"LIFT"}],"circlet_count":0,"master_deck":["Strike_B","Defend_B","Defend_B","Defend_B","Defend_B","Zap","Dualcast","Doom and Gloom+1","Cold Snap","Self Repair","Storm+1","Leap","Static Discharge","Electrodynamics","Static Discharge","Conserve Battery","Hologram","Coolheaded","Machine Learning+1","Coolheaded","Melter","Thunder Strike","CurseOfTheBell","Sunder+1","Apotheosis+1","Static Discharge","Defragment+1","BootSequence","Reinforced Body+1","Ball Lightning+1","Machine Learning","Double Energy","Discovery","Finesse","Redo+1","Storm+1","Chill+1","Blind","Conserve Battery+1"],"relics":["Nuclear Battery","Orrery","Gremlin Horn","Bottled Flame","Calipers","Calling Bell","Anchor","Question Card","Nloth\u0027s Gift","Membership Card","Tiny Chest","Nunchaku","Chemical X","Philosopher\u0027s Stone","Girya","OrangePellets","Juzu Bracelet","Sundial","Regal Pillow","Prayer Wheel"],"acts_visited":["Exordium","TheCity","TheBeyond"],"potions_floor_usage":[10,10,14,21,23,25,35,44,48,50],"damage_taken":[{"damage":6,"enemies":"Cultist","floor":1,"turns":4},{"damage":9,"enemies":"Jaw Worm","floor":2,"turns":3},{"damage":7,"enemies":"2 Louse","floor":3,"turns":2},{"damage":6,"enemies":"Exordium Thugs","floor":5,"turns":4},{"damage":0,"enemies":"3 Louse","floor":7,"turns":1},{"damage":0,"enemies":"Large Slime","floor":8,"turns":3},{"damage":26,"enemies":"Gremlin Nob","floor":10,"turns":3},{"damage":22,"enemies":"Gremlin Gang","floor":13,"turns":2},{"damage":1,"enemies":"Lagavulin","floor":14,"turns":5},{"damage":23,"enemies":"Hexaghost","floor":16,"turns":8},{"damage":2,"enemies":"Chosen","floor":18,"turns":3},{"damage":12,"enemies":"Shell Parasite","floor":21,"turns":3},{"damage":22,"enemies":"Shelled Parasite and Fungi","floor":22,"turns":3},{"damage":28,"enemies":"Book of Stabbing","floor":23,"turns":4},{"damage":5,"enemies":"Gremlin Leader","floor":25,"turns":4},{"damage":12,"enemies":"3 Cultists","floor":29,"turns":4},{"damage":0,"enemies":"Sentry and Sphere","floor":31,"turns":2},{"damage":29,"enemies":"Collector","floor":33,"turns":7},{"damage":5,"enemies":"3 Darklings","floor":35,"turns":2},{"damage":1,"enemies":"Mind Bloom Boss Battle","floor":37,"turns":6},{"damage":15,"enemies":"3 Shapes","floor":39,"turns":2},{"damage":0,"enemies":"Jaw Worm Horde","floor":44,"turns":2},{"damage":0,"enemies":"Maw","floor":46,"turns":5},{"damage":0,"enemies":"2 Orb Walkers","floor":48,"turns":4},{"damage":53,"enemies":"Time Eater","floor":50,"turns":6}],"seed_played":"2643257472259476663","potions_obtained":[{"floor":3,"key":"FocusPotion"},{"floor":7,"key":"Strength Potion"},{"floor":8,"key":"PowerPotion"},{"floor":13,"key":"FocusPotion"},{"floor":18,"key":"DistilledChaos"},{"floor":23,"key":"SkillPotion"},{"floor":25,"key":"Fire Potion"},{"floor":33,"key":"PowerPotion"},{"floor":39,"key":"EssenceOfSteel"},{"floor":44,"key":"Explosive Potion"}],"is_trial":false,"path_per_floor":["M","M","M","$","M","R","M","M","T","E","?","R","M","E","R","B",null,"M","?","$","M","M","E","R","E","T","R","$","M","R","M","R","B",null,"M","?","?","$","M","R","?","T","T","M","?","M","R","?","R","B",null],"character_chosen":"DEFECT","items_purchased":["Orrery","Membership Card","Apotheosis","Static Discharge","Chemical X","OrangePellets","Juzu Bracelet","SpeedPotion"],"campfire_rested":3,"item_purchase_floors":[4,20,20,20,28,38,38,38],"current_hp_per_floor":[69,60,53,53,54,54,61,68,68,42,42,64,49,55,55,39,75,75,75,75,70,48,20,42,37,37,37,37,32,32,32,54,25,75,70,70,75,75,60,60,60,60,60,67,67,74,74,74,74,21],"gold":117,"neow_bonus":"BOSS_RELIC","is_daily":false,"chose_seed":false,"campfire_upgraded":4,"win_rate":0.0,"timestamp":1611884312,"path_taken":["M","M","M","$","M","R","M","M","T","E","?","R","M","E","R","BOSS","M","?","?","?","M","E","R","E","T","R","$","M","R","M","R","BOSS","M","?","?","$","M","R","?","?","T","M","?","M","R","?","R","BOSS"],"items_purchased_type":["Relic","Relic","Card","Card","Relic","Relic","Relic","Potion"],"build_version":"2020-12-22","purchased_purges":2,"victory":true,"max_hp_per_floor":[75,75,75,75,75,75,75,75,75,75,75,75,75,75,75,75,75,75,75,75,75,75,75,75,75,75,75,75,75,75,75,75,75,75,75,75,75,75,75,75,75,75,75,75,75,75,75,75,75,75],"card_choices":[{"not_picked":["Hologram","Redo"],"picked":"Doom and Gloom","floor":1},{"not_picked":["Coolheaded","Conserve Battery"],"picked":"Cold Snap","floor":2},{"not_picked":["Compile Driver","Gash"],"picked":"Self Repair","floor":3},{"not_picked":["Sunder","Lockon"],"picked":"Storm","floor":4},{"not_picked":["Redo","Barrage"],"picked":"Leap","floor":4},{"not_picked":["Cold Snap","Gash"],"picked":"Static Discharge","floor":4},{"not_picked":["Coolheaded","Ball Lightning"],"picked":"Electrodynamics","floor":4},{"not_picked":["Heatsinks","Streamline"],"picked":"Static Discharge","floor":4},{"not_picked":["Leap","Sweeping Beam"],"picked":"Conserve Battery","floor":5},{"not_picked":["Compile Driver","Cold Snap"],"picked":"Hologram","floor":7},{"not_picked":["Conserve Battery","Darkness"],"picked":"Coolheaded","floor":8},{"not_picked":["Stack","Electrodynamics"],"picked":"Machine Learning","floor":10},{"not_picked":["Reinforced Body","Aggregate"],"picked":"Compile Driver","floor":13},{"not_picked":["Leap","Hologram"],"picked":"Melter","floor":14},{"not_picked":["Rainbow","Core Surge"],"picked":"Thunder Strike","floor":16},{"not_picked":["Stack","Hello World","Glacier"],"picked":"Sunder+1","floor":18},{"not_picked":["Chill","Hologram","Conserve Battery"],"picked":"Defragment+1","floor":21},{"not_picked":["Streamline","Redo","Cold Snap"],"picked":"BootSequence","floor":22},{"not_picked":["Go for the Eyes+1","Redo+1","Hello World+1","Doom and Gloom"],"picked":"SKIP","floor":23},{"not_picked":["Hyperbeam","Coolheaded+1","FTL"],"picked":"Reinforced Body+1","floor":25},{"not_picked":["Thunder Strike","Lockon","Sunder"],"picked":"Ball Lightning+1","floor":29},{"not_picked":["Heatsinks","Steam","Rebound+1","Chaos"],"picked":"SKIP","floor":31},{"not_picked":["Meteor Strike","Core Surge","Thunder Strike"],"picked":"Machine Learning","floor":33},{"not_picked":["Go for the Eyes+1","Streamline","Leap"],"picked":"Double Energy","floor":35},{"not_picked":["Bandage Up","Forethought","Panacea"],"picked":"Discovery","floor":36},{"not_picked":["PanicButton","Impatience","Swift Strike"],"picked":"Finesse","floor":36},{"not_picked":["Streamline+1","Turbo+1","Scrape"],"picked":"Redo+1","floor":37},{"not_picked":["Auto Shields+1","Gash","Hyperbeam"],"picked":"Storm+1","floor":39},{"not_picked":["Scrape","Glacier+1","Sweeping Beam"],"picked":"Chill+1","floor":44},{"not_picked":["Self Repair","Leap","FTL"],"picked":"Conserve Battery+1","floor":46}],"player_experience":119657,"relics_obtained":[{"floor":9,"key":"Gremlin Horn"},{"floor":10,"key":"Bottled Flame"},{"floor":14,"key":"Calipers"},{"floor":17,"key":"Anchor"},{"floor":17,"key":"Question Card"},{"floor":17,"key":"Peace Pipe"},{"floor":23,"key":"Tiny Chest"},{"floor":25,"key":"Nunchaku"},{"floor":37,"key":"Girya"},{"floor":42,"key":"Sundial"},{"floor":43,"key":"Regal Pillow"},{"floor":48,"key":"Prayer Wheel"}],"event_choices":[{"damage_healed":0,"gold_gain":0,"cards_transformed":["Strike_B"],"player_choice":"Transformed","damage_taken":0,"max_hp_gain":0,"max_hp_loss":0,"event_name":"Transmorgrifier","floor":11,"gold_loss":0,"cards_obtained":["Coolheaded"]},{"damage_healed":0,"gold_gain":0,"player_choice":"Traded Relic","damage_taken":0,"relics_obtained":["Nloth\u0027s Gift"],"max_hp_gain":0,"max_hp_loss":0,"event_name":"N\u0027loth","floor":19,"relics_lost":["Peace Pipe"],"gold_loss":0},{"damage_healed":0,"gold_gain":3,"player_choice":"1","damage_taken":0,"max_hp_gain":0,"max_hp_loss":0,"event_name":"betterStone:BetterStone","floor":36,"gold_loss":0},{"damage_healed":0,"gold_gain":0,"player_choice":"Fight","damage_taken":0,"max_hp_gain":0,"max_hp_loss":0,"event_name":"MindBloom","floor":37,"gold_loss":0},{"cards_removed":["Compile Driver"],"damage_healed":0,"gold_gain":0,"player_choice":"Removed Attack","damage_taken":0,"max_hp_gain":0,"max_hp_loss":0,"event_name":"Falling","floor":41,"gold_loss":0},{"damage_healed":0,"gold_gain":0,"player_choice":"1 cards matched","damage_taken":0,"max_hp_gain":0,"max_hp_loss":0,"event_name":"Match and Keep!","floor":45,"gold_loss":0,"cards_obtained":["Blind"]},{"damage_healed":0,"gold_gain":0,"player_choice":"Fight","damage_taken":0,"max_hp_gain":0,"max_hp_loss":0,"event_name":"Mysterious Sphere","floor":48,"gold_loss":0}],"is_beta":false,"boss_relics":[{"not_picked":["Tiny House","Pandora\u0027s Box"],"picked":"Calling Bell"},{"not_picked":["SlaversCollar","Velvet Choker"],"picked":"Philosopher\u0027s Stone"}],"items_purged_floors":[20,38],"is_endless":false,"potions_floor_spawned":[3,7,8,13,18,23,25,33,39,44],"ascension_level":4}}