{"host":"3qkmyeoym75lj4wn","time":1611947125,"event":{"mods":["2.2 Compatiblity","BaseMod","Block Reminder","Colored Powertips","Highlight Path","Minty Spire (QoL Compilation)","Permanent Neow","Potion Indicator Mod","Rare Cards Sparkle","Relic Stats","StSLib","Unceasing Turn Reminder"],"gold_per_floor":[117,192,192,208,227,227,260,260,283,283,45,63,23,57,57,132,132,152,162,162,178,194,194,194],"floor_reached":23,"language":"ENG","playtime":993,"items_purged":[],"score":402,"play_id":"c4a9edd3-b84b-43c6-b6e2-0326d49c394c","local_time":"20210129190525","is_ascension_mode":true,"campfire_choices":[{"floor":6,"key":"REST"},{"data":"Neutralize","floor":8,"key":"SMITH"},{"data":"Noxious Fumes","floor":15,"key":"SMITH"}],"circlet_count":0,"master_deck":["AscendersBane","Strike_G","Strike_G","Strike_G","Strike_G","Strike_G","Defend_G+1","Defend_G","Defend_G","Defend_G+1","Defend_G","Survivor","Neutralize+1","Backflip","Dash","Cloak And Dagger","Endless Agony","Caltrops+1","Caltrops","Noxious Fumes+1","PiercingWail","Adrenaline","Masterful Stab"],"relics":["Ring of the Snake","Bird Faced Urn","WarpedTongs","Art of War","MealTicket","OrangePellets","War Paint","Black Star"],"acts_visited":["Exordium","TheCity"],"potions_floor_usage":[7,18,18,23],"damage_taken":[{"damage":1,"enemies":"2 Louse","floor":1,"turns":4},{"damage":7,"enemies":"Small Slimes","floor":4,"turns":4},{"damage":2,"enemies":"Cultist","floor":5,"turns":3},{"damage":15,"enemies":"3 Sentries","floor":7,"turns":10},{"damage":1,"enemies":"Large Slime","floor":12,"turns":8},{"damage":7,"enemies":"Lagavulin","floor":14,"turns":8},{"damage":33,"enemies":"Hexaghost","floor":16,"turns":10},{"damage":0,"enemies":"3 Byrds","floor":18,"turns":3},{"damage":26,"enemies":"Chosen","floor":19,"turns":6},{"damage":16,"enemies":"Shelled Parasite and Fungi","floor":21,"turns":6},{"damage":26,"enemies":"Snecko","floor":22,"turns":6},{"damage":10,"enemies":"Slavers","floor":23,"turns":2}],"seed_played":"-4386028895913853199","potions_obtained":[{"floor":5,"key":"AttackPotion"},{"floor":7,"key":"Explosive Potion"},{"floor":16,"key":"SteroidPotion"},{"floor":18,"key":"BlessingOfTheForge"}],"is_trial":false,"path_per_floor":["M","?","?","M","M","R","E","R","T","?","$","M","$","E","R","B",null,"M","M","?","M","M","E"],"character_chosen":"THE_SILENT","items_purchased":["OrangePellets","Caltrops","Noxious Fumes"],"campfire_rested":1,"item_purchase_floors":[11,11,13],"current_hp_per_floor":[43,32,32,25,23,42,27,27,27,27,42,43,58,57,57,30,57,61,40,40,30,8,0,0],"gold":194,"neow_bonus":"ONE_RARE_RELIC","is_daily":false,"chose_seed":false,"campfire_upgraded":2,"win_rate":0.0,"timestamp":1611947125,"path_taken":["M","?","?","M","?","R","E","R","T","?","?","M","$","E","R","BOSS","M","M","?","M","M","E"],"items_purchased_type":["Relic","Card","Card"],"build_version":"2020-12-22","purchased_purges":0,"victory":false,"max_hp_per_floor":[66,66,66,66,66,66,66,66,66,66,66,66,66,66,66,66,66,66,66,66,66,66,66,66],"relic_stats":{"OrangePellets":[1],"counters":[12,70],"Bird Faced Urn":[33],"MealTicket":30,"Art of War":[3],"Black Star":0,"War Paint":["Defend_G","Defend_G"],"obtain_stats":[{"OrangePellets":11,"Bird Faced Urn":0,"MealTicket":9,"Art of War":7,"Black Star":17,"War Paint":14,"Ring of the Snake":0,"WarpedTongs":3},{"OrangePellets":4,"Bird Faced Urn":0,"MealTicket":4,"Art of War":4,"Black Star":7,"War Paint":6,"Ring of the Snake":0,"WarpedTongs":1},{"OrangePellets":21,"Bird Faced Urn":0,"MealTicket":21,"Art of War":21,"Black Star":47,"War Paint":37,"Ring of the Snake":0,"WarpedTongs":4}],"Ring of the Snake":[25],"WarpedTongs":[65]},"card_choices":[{"not_picked":["PiercingWail","Bane"],"picked":"Backflip","floor":1},{"not_picked":["Cloak And Dagger","Backflip"],"picked":"Dash","floor":4},{"not_picked":["Flying Knee","Sucker Punch"],"picked":"Cloak And Dagger","floor":5},{"not_picked":["Acrobatics","Eviscerate"],"picked":"Endless Agony","floor":7},{"not_picked":["Sucker Punch","Outmaneuver"],"picked":"Caltrops","floor":12},{"not_picked":["Backflip","Underhanded Strike"],"picked":"PiercingWail","floor":14},{"not_picked":["Doppelganger","Malaise"],"picked":"Adrenaline","floor":16},{"not_picked":["Eviscerate","Heel Hook","Quick Slash"],"picked":"SKIP","floor":18},{"not_picked":["Acrobatics+1","Bouncing Flask","Backflip"],"picked":"SKIP","floor":19},{"not_picked":["Acrobatics","Concentrate"],"picked":"Masterful Stab","floor":21},{"not_picked":["Quick Slash","Underhanded Strike","Outmaneuver"],"picked":"SKIP","floor":22}],"player_experience":1712797,"relics_obtained":[{"floor":7,"key":"Art of War"},{"floor":9,"key":"MealTicket"},{"floor":14,"key":"War Paint"}],"event_choices":[{"damage_healed":0,"gold_gain":75,"player_choice":"Gather Gold","damage_taken":11,"max_hp_gain":0,"max_hp_loss":0,"event_name":"World of Goop","floor":2,"gold_loss":0},{"damage_healed":0,"gold_gain":0,"player_choice":"Rummage","damage_taken":0,"relics_obtained":["WarpedTongs"],"max_hp_gain":0,"max_hp_loss":0,"event_name":"Accursed Blacksmith","floor":3,"gold_loss":0,"cards_obtained":["Pain"]},{"cards_removed":["Pain"],"damage_healed":0,"gold_gain":0,"player_choice":"Purged","damage_taken":0,"max_hp_gain":0,"max_hp_loss":0,"event_name":"Purifier","floor":10,"gold_loss":0},{"damage_healed":0,"gold_gain":0,"player_choice":"Upgraded","damage_taken":0,"max_hp_gain":0,"max_hp_loss":0,"event_name":"Upgrade Shrine","floor":20,"gold_loss":0,"cards_upgraded":["Caltrops"]}],"is_beta":false,"boss_relics":[{"not_picked":["HoveringKite","Busted Crown"],"picked":"Black Star"}],"items_purged_floors":[],"is_endless":false,"potions_floor_spawned":[5,7,16,18],"killed_by":"Slavers","ascension_level":20}}