{"host":"3tyeyqdkopu0dn2g","time":1611905876,"event":{"mods":["AchievementEnabler","BaseMod","BetterRewards","Minty Spire (QoL Compilation)","Quick Restart","Slay-I"],"gold_per_floor":[119,119,132,152,4,39,39,39,117,117,130,149,149,174,174,273,273,284,301,311,328,339,339,254,254,254,6,33,47,47,78,78,178,178,193,193,68,68,83,83,94,108,108,127,127,138,157,172,172,172,172],"floor_reached":50,"language":"ZHS","playtime":2979,"items_purged":["Strike_G","Strike_G","Strike_G"],"score":468,"play_id":"38446786-249e-417d-aa97-7bbd74476df1","local_time":"20210129153756","is_ascension_mode":false,"campfire_choices":[{"data":"Cloak And Dagger","floor":8.0,"key":"SMITH"},{"data":"Neutralize","floor":10.0,"key":"SMITH"},{"data":"Infinite Blades","floor":13.0,"key":"SMITH"},{"data":"Blade Dance","floor":15.0,"key":"SMITH"},{"data":"Finisher","floor":23.0,"key":"SMITH"},{"data":"After Image","floor":25.0,"key":"SMITH"},{"floor":30.0,"key":"REST"},{"floor":32.0,"key":"REST"},{"data":"Terror","floor":40.0,"key":"SMITH"},{"data":"Dark Shackles","floor":45.0,"key":"SMITH"},{"floor":49.0,"key":"REST"}],"circlet_count":0,"master_deck":["Strike_G","Defend_G+1","Defend_G","Defend_G","Defend_G","Defend_G","Survivor+1","Neutralize+1","Cloak And Dagger+1","Infinite Blades+1","Blade Dance+1","After Image+1","Finisher+1","Acrobatics+1","Dark Shackles+1","Terror+1","Parasite"],"relics":["Ring of the Snake","NeowsBlessing","Orichalcum","Darkstone Periapt","Odd Mushroom","WristBlade","Question Card","War Paint","PreservedInsect","Red Mask","Bag of Marbles","Philosopher\u0027s Stone","Tough Bandages"],"acts_visited":["Exordium","TheCity","TheBeyond"],"potions_floor_usage":[50,50],"damage_taken":[{"damage":0.0,"enemies":"Cultist","floor":1.0,"turns":1.0},{"damage":0.0,"enemies":"2 Louse","floor":3.0,"turns":1.0},{"damage":0.0,"enemies":"Small Slimes","floor":4.0,"turns":1.0},{"damage":22.0,"enemies":"3 Sentries","floor":6.0,"turns":15.0},{"damage":6.0,"enemies":"Blue Slaver","floor":11.0,"turns":4.0},{"damage":2.0,"enemies":"Exordium Thugs","floor":12.0,"turns":7.0},{"damage":13.0,"enemies":"The Mushroom Lair","floor":14.0,"turns":6.0},{"damage":10.0,"enemies":"The Guardian","floor":16.0,"turns":17.0},{"damage":4.0,"enemies":"Chosen","floor":18.0,"turns":4.0},{"damage":4.0,"enemies":"2 Thieves","floor":19.0,"turns":3.0},{"damage":9.0,"enemies":"Shelled Parasite and Fungi","floor":20.0,"turns":5.0},{"damage":7.0,"enemies":"Sentry and Sphere","floor":21.0,"turns":4.0},{"damage":4.0,"enemies":"Centurion and Healer","floor":22.0,"turns":7.0},{"damage":4.0,"enemies":"Masked Bandits","floor":28.0,"turns":5.0},{"damage":0.0,"enemies":"Shelled Parasite and Fungi","floor":29.0,"turns":2.0},{"damage":7.0,"enemies":"Slavers","floor":31.0,"turns":5.0},{"damage":5.0,"enemies":"Champ","floor":33.0,"turns":11.0},{"damage":5.0,"enemies":"3 Shapes","floor":35.0,"turns":4.0},{"damage":5.0,"enemies":"3 Darklings","floor":39.0,"turns":4.0},{"damage":0.0,"enemies":"Maw","floor":41.0,"turns":5.0},{"damage":0.0,"enemies":"Spire Growth","floor":42.0,"turns":3.0},{"damage":12.0,"enemies":"Sphere and 2 Shapes","floor":44.0,"turns":5.0},{"damage":0.0,"enemies":"Writhing Mass","floor":46.0,"turns":3.0},{"damage":0.0,"enemies":"Spire Growth","floor":47.0,"turns":3.0},{"damage":24.0,"enemies":"4 Shapes","floor":48.0,"turns":6.0},{"damage":93,"enemies":"Time Eater","floor":50,"turns":13}],"seed_played":"-5766820139053675782","potions_obtained":[{"floor":1.0,"key":"Weak Potion"},{"floor":6.0,"key":"EssenceOfSteel"},{"floor":16.0,"key":"SmokeBomb"},{"floor":19.0,"key":"Regen Potion"},{"floor":20.0,"key":"FairyPotion"},{"floor":21.0,"key":"PowerPotion"},{"floor":31.0,"key":"SteroidPotion"},{"floor":46.0,"key":"DuplicationPotion"},{"floor":48.0,"key":"AttackPotion"}],"is_trial":false,"path_per_floor":["M","?","M","M","$","E","$","R","T","R","M","M","R","?","R","B",null,"M","M","M","M","M","R","?","R","T","$","?","M","R","E","R","B",null,"M","?","$","?","M","R","M","M","T","M","R","M","M","M","R","B"],"character_chosen":"THE_SILENT","items_purchased":["Infinite Blades","PreservedInsect"],"campfire_rested":3,"item_purchase_floors":[5,27],"current_hp_per_floor":[70,70,70,70,70,48,48,48,48,48,42,40,40,27,27,17,70,66,62,53,46,42,42,42,42,42,42,38,38,59,52,70,65,70,65,55,55,55,50,50,50,50,50,38,38,44,44,29,51,0,0],"gold":172,"neow_bonus":"THREE_ENEMY_KILL","is_daily":false,"chose_seed":false,"campfire_upgraded":8,"win_rate":0.0,"timestamp":1611905876,"path_taken":["M","?","M","M","$","E","?","R","T","R","M","M","R","?","R","BOSS","M","M","M","M","M","R","?","R","T","$","?","M","R","E","R","BOSS","M","?","$","?","M","R","M","M","T","M","R","M","?","M","R","BOSS"],"items_purchased_type":["Card","Relic"],"build_version":"2020-12-22","purchased_purges":3,"victory":false,"max_hp_per_floor":[70,70,70,70,70,70,70,70,70,70,70,70,70,70,70,70,70,70,70,70,70,70,70,70,70,70,70,70,70,70,70,70,70,70,70,70,70,70,70,70,70,70,70,70,70,76,76,76,76,76,76],"card_choices":[{"not_picked":["Concentrate","Deflect","Poisoned Stab"],"picked":"SKIP","floor":1.0},{"not_picked":["Blade Dance","Footwork"],"picked":"Cloak And Dagger","floor":3.0},{"not_picked":["Deflect","Dagger Throw","Poisoned Stab"],"picked":"SKIP","floor":4.0},{"not_picked":["Eviscerate","Doppelganger","Prepared"],"picked":"SKIP","floor":6.0},{"not_picked":["Setup","Poisoned Stab","Outmaneuver"],"picked":"SKIP","floor":11.0},{"not_picked":["Flying Knee","Dagger Spray","Bane"],"picked":"SKIP","floor":12.0},{"not_picked":["Dagger Throw","Prepared"],"picked":"Blade Dance","floor":14.0},{"not_picked":["Grand Finale","Malaise"],"picked":"After Image","floor":16.0},{"not_picked":["PiercingWail","Acrobatics","Backflip"],"picked":"SKIP","floor":18.0},{"not_picked":["Deflect","Prepared","Poisoned Stab"],"picked":"SKIP","floor":19.0},{"not_picked":["Underhanded Strike","PiercingWail","Dodge and Roll"],"picked":"SKIP","floor":20.0},{"not_picked":["Dodge and Roll","Bane","Dagger Throw+1"],"picked":"SKIP","floor":21.0},{"not_picked":["Choke","Bane"],"picked":"Finisher","floor":22.0},{"not_picked":["Leg Sweep","Burst","Concentrate"],"picked":"Acrobatics+1","floor":29.0},{"not_picked":["Dodge and Roll+1","Tools of the Trade","Outmaneuver","Heel Hook"],"picked":"SKIP","floor":31.0},{"not_picked":["Bane","Backflip","Dagger Spray+1","Outmaneuver"],"picked":"SKIP","floor":35.0},{"not_picked":["Sadistic Nature","Swift Strike","Good Instincts"],"picked":"Dark Shackles","floor":36.0},{"not_picked":["Riddle With Holes+1","Noxious Fumes+1","Backflip"],"picked":"Terror","floor":39.0},{"not_picked":["Flechettes+1","Infinite Blades","Caltrops+1","Calculated Gamble"],"picked":"SKIP","floor":41.0},{"not_picked":["Outmaneuver+1","Dodge and Roll","Backstab+1","Slice+1"],"picked":"SKIP","floor":42.0},{"not_picked":["Finisher","Acrobatics+1","Dodge and Roll","Tactician+1"],"picked":"SKIP","floor":44.0},{"not_picked":["Flying Knee","Venomology","Backflip+1","Cloak And Dagger+1"],"picked":"SKIP","floor":46.0},{"not_picked":["PiercingWail+1","Setup+1","Slice+1","Escape Plan"],"picked":"SKIP","floor":47.0},{"not_picked":["Terror","Malaise","Dagger Throw","Choke"],"picked":"SKIP","floor":48.0}],"player_experience":92734,"relics_obtained":[{"floor":6.0,"key":"Orichalcum"},{"floor":9.0,"key":"Darkstone Periapt"},{"floor":14.0,"key":"Odd Mushroom"},{"floor":26.0,"key":"War Paint"},{"floor":28.0,"key":"Red Mask"},{"floor":31.0,"key":"Bag of Marbles"},{"floor":43.0,"key":"Tough Bandages"}],"event_choices":[{"cards_removed":["Strike_G"],"damage_healed":0.0,"max_hp_gain":0.0,"max_hp_loss":0.0,"gold_gain":0.0,"event_name":"Purifier","player_choice":"Purged","floor":2.0,"gold_loss":0.0,"damage_taken":0.0},{"damage_healed":0.0,"max_hp_gain":0.0,"max_hp_loss":0.0,"gold_gain":0.0,"event_name":"Mushrooms","player_choice":"Fought Mushrooms","floor":14.0,"gold_loss":0.0,"damage_taken":0.0},{"damage_healed":0.0,"max_hp_gain":0.0,"max_hp_loss":0.0,"gold_gain":0.0,"event_name":"Addict","player_choice":"Obtained Relic","floor":24.0,"gold_loss":85.0,"damage_taken":0.0,"relics_obtained":["Question Card"]},{"damage_healed":0.0,"max_hp_gain":0.0,"max_hp_loss":0.0,"gold_gain":0.0,"event_name":"Masked Bandits","player_choice":"Fought Bandits","floor":28.0,"gold_loss":0.0,"damage_taken":0.0},{"damage_healed":0.0,"max_hp_gain":0.0,"max_hp_loss":0.0,"gold_gain":0.0,"event_name":"SensoryStone","player_choice":"Memory 3","floor":36.0,"gold_loss":0.0,"damage_taken":10.0},{"damage_healed":0.0,"max_hp_gain":0.0,"max_hp_loss":0.0,"gold_gain":0.0,"event_name":"SecretPortal","player_choice":"Ignored","floor":38.0,"gold_loss":0.0,"damage_taken":0.0}],"is_beta":false,"boss_relics":[{"not_picked":["Snecko Eye","Runic Pyramid"],"picked":"WristBlade"},{"not_picked":["Tiny House","Velvet Choker"],"picked":"Philosopher\u0027s Stone"}],"items_purged_floors":[5,27,37],"is_endless":false,"potions_floor_spawned":[1,6,16,19,20,21,22,31,41,44,46,48],"killed_by":"Time Eater","ascension_level":0}}