{"host":"z2o61o1qvcmvhuul","time":1611883419,"event":{"mods":["BaseMod","Minty Spire (QoL Compilation)","Quick Restart","StSLib","SuperFastMode"],"gold_per_floor":[119,44,44,61,61,61,92,103,103,103,3,21,39,67,67,67,67],"floor_reached":16,"language":"ZHS","playtime":329,"items_purged":["Strike_P","Strike_P"],"score":270,"play_id":"98d8cc16-8316-4577-acfe-8633d3e6a9fc","local_time":"20210129092339","is_ascension_mode":true,"campfire_choices":[{"data":"Scrawl","floor":6,"key":"SMITH"},{"data":"WindmillStrike","floor":10,"key":"SMITH"},{"data":"Brilliance","floor":15,"key":"SMITH"}],"circlet_count":0,"master_deck":["AscendersBane","Strike_P","Strike_P","Defend_P","Defend_P","Eruption+1","Vigilance","EmptyMind","Scrawl+1","WindmillStrike+1","SignatureMove","Brilliance+1","BowlingBash","WheelKick","EmptyMind","LikeWater"],"relics":["PureWater","Yang","Bag of Preparation","Regal Pillow"],"acts_visited":["Exordium"],"potions_floor_usage":[14,16],"damage_taken":[{"damage":10,"enemies":"Small Slimes","floor":1,"turns":4},{"damage":0,"enemies":"Cultist","floor":4,"turns":3},{"damage":0,"enemies":"Gremlin Nob","floor":7,"turns":2},{"damage":0,"enemies":"2 Louse","floor":8,"turns":2},{"damage":3,"enemies":"Looter","floor":12,"turns":2},{"damage":0,"enemies":"3 Louse","floor":13,"turns":2},{"damage":1,"enemies":"3 Sentries","floor":14,"turns":4},{"damage":37,"enemies":"Hexaghost","floor":16,"turns":7}],"seed_played":"2253433832541970951","potions_obtained":[{"floor":4,"key":"PowerPotion"},{"floor":7,"key":"Dexterity Potion"},{"floor":14,"key":"SteroidPotion"}],"is_trial":false,"path_per_floor":["M","$","?","M","$","R","E","M","T","R","$","M","M","E","R","B"],"character_chosen":"WATCHER","items_purchased":[],"campfire_rested":0,"item_purchase_floors":[],"current_hp_per_floor":[51,51,51,51,51,51,51,51,51,51,51,48,48,47,47,10,10],"gold":67,"neow_bonus":"TRANSFORM_TWO_CARDS","is_daily":false,"chose_seed":false,"campfire_upgraded":3,"win_rate":0.0,"timestamp":1611883419,"path_taken":["M","$","?","?","?","R","E","M","T","R","$","M","?","E","R","BOSS"],"items_purchased_type":[],"build_version":"2020-12-22","purchased_purges":2,"victory":false,"max_hp_per_floor":[62,62,62,62,62,62,62,62,62,62,62,62,62,62,62,62,62],"card_choices":[{"not_picked":["EmptyFist","CrushJoints"],"picked":"WindmillStrike","floor":1},{"not_picked":["Nirvana","BattleHymn"],"picked":"SignatureMove","floor":4},{"not_picked":["CutThroughFate","JustLucky"],"picked":"Brilliance","floor":7},{"not_picked":["CutThroughFate","Collect"],"picked":"BowlingBash","floor":8},{"not_picked":["SignatureMove","Perseverance"],"picked":"WheelKick","floor":12},{"not_picked":["EmptyBody","ClearTheMind"],"picked":"EmptyMind","floor":13},{"not_picked":["ConjureBlade","EmptyFist"],"picked":"LikeWater","floor":14}],"player_experience":315475,"relics_obtained":[{"floor":7,"key":"Yang"},{"floor":9,"key":"Bag of Preparation"},{"floor":14,"key":"Regal Pillow"}],"event_choices":[{"damage_healed":0,"gold_gain":0,"player_choice":"Forge","damage_taken":0,"max_hp_gain":0,"max_hp_loss":0,"event_name":"Accursed Blacksmith","floor":3,"gold_loss":0,"cards_upgraded":["Eruption"]}],"is_beta":false,"boss_relics":[],"items_purged_floors":[2,11],"is_endless":false,"potions_floor_spawned":[4,7,14],"killed_by":"Hexaghost","ascension_level":20}}