{"host":"gpkbl0cayp7vm3va","time":1611895620,"event":{"mods":["100% Spire Juice","BaseMod","Bestiary","Colored Map","Curses Come First","Highlight Path","Hubris","Infinite Spire","Marisa????????","Minty Spire (QoL Compilation)","Remilia??????","Replay The Spire","Robot Space Explorer","StSLib","The Cursed","The Jungle","The Marked","The Necromancer","The Servant 0.9.4"],"gold_per_floor":[111,32,123,143,143,173,173,190,245,275,275,275,275,286,286,387,387,407,407,407,177,193,219,235,246,596,596,596],"floor_reached":27,"language":"ENG","playtime":2787,"items_purged":["Delirium","Pain"],"score":266,"play_id":"62ddfcf3-da10-4e5a-a5ff-edead20f081e","local_time":"20210128214700","is_ascension_mode":false,"campfire_choices":[{"data":"theMarked:ParalyzingBlade","floor":7.0,"key":"SMITH"},{"data":"theMarked:EmpowerWeapon","floor":12.0,"key":"SMITH"},{"data":"theMarked:EmpowerWeapon","floor":15.0,"key":"SMITH"}],"circlet_count":0,"master_deck":["theMarked:Strike","theMarked:Strike","theMarked:Strike","theMarked:Strike","theMarked:Strike","theMarked:Defend","theMarked:Defend","theMarked:Defend","theMarked:SoldierOfQuellstein+1","theMarked:Generate","theMarked:UnarmedFury","theMarked:EternalStudent","theMarked:RepellingDischarge","theMarked:ElectricStrings","theMarked:ParalyzingBlade+1","theMarked:EmpowerWeapon+1","theMarked:EmpowerWeapon+1","theMarked:WastefulAttack+1","theMarked:Toughness","theMarked:ResourceFulStrike+1","infinitespire:UltimateForm","hubris:Wrath","theMarked:SoldierOfQuellstein","theMarked:TurnInvisible","Replay:BasicMightCard","infinitespire:TheBestDefense","theMarked:MagusForm","theMarked:Opportunist+1","theMarked:Improvise+1","theMarked:OneWithTheBlade","hubris:Sloth","Parasite"],"relics":["theMarked:ArtifactOfAir","NeowsBlessing","Lantern","Molten Egg 2","theMarked:DemonDagger","Replay:Wax Seal","ReplayTheSpireMod:Ring of Collecting","Replay:Bronze Core","infinitespire:Golems Mask","ReplayTheSpireMod:SealedPack","WarpedTongs","Shovel","Ring of Greed","Replay:Mystery Machine","Tiny Chest","Old Coin"],"acts_visited":["Exordium","theJungle:Jungle"],"potions_floor_usage":[23,25],"damage_taken":[{"damage":0.0,"enemies":"Small Slimes","floor":1.0,"turns":1.0},{"damage":0.0,"enemies":"2 Louse","floor":4.0,"turns":1.0},{"damage":0.0,"enemies":"3 Sentries","floor":6.0,"turns":2.0},{"damage":0.0,"enemies":"Cultist","floor":8.0,"turns":2.0},{"damage":10.0,"enemies":"Lagavulin","floor":10.0,"turns":7.0},{"damage":0.0,"enemies":"Exordium Wildlife","floor":14.0,"turns":4.0},{"damage":44.0,"enemies":"Fading Forest","floor":16.0,"turns":11.0},{"damage":8.0,"enemies":"theJungle:Flameango_and_Byrd","floor":18.0,"turns":5.0},{"damage":10,"enemies":"theJungle:MUSHROOMGANG","floor":22,"turns":4},{"damage":6,"enemies":"theJungle:Cassacara","floor":23,"turns":5},{"damage":39,"enemies":"theJungle:2_Snecko_Cultists","floor":24,"turns":4},{"damage":5,"enemies":"theJungle:JungleHuntersEncounter","floor":25,"turns":4},{"damage":8,"enemies":"Snake Plant","floor":27,"turns":2}],"seed_played":"-2766270897330312971","potions_obtained":[{"floor":6.0,"key":"Block Potion"},{"floor":22,"key":"Weak Potion"},{"floor":24,"key":"ColorlessPotion"}],"is_trial":false,"path_per_floor":["M","$","?","M","?","E","R","M","T","E","?","R","?","M","R","B",null,"M","AVR","?","$","M","E","M","M","T","M"],"character_chosen":"THE_DEFAULT","items_purchased":["theMarked:UnarmedFury","theMarked:MagusForm"],"campfire_rested":0,"item_purchase_floors":[2,21],"current_hp_per_floor":[70,70,53,53,53,53,53,53,53,43,43,43,43,43,43,21,70,62,62,62,62,52,46,7,2,2,0,0],"gold":596,"neow_bonus":"THREE_ENEMY_KILL","is_daily":false,"chose_seed":false,"campfire_upgraded":3,"win_rate":0.0,"timestamp":1611895620,"path_taken":["M","$","?","M","?","E","R","?","T","E","?","R","?","M","R","BOSS","M","AVR","?","?","M","E","M","?","T","M"],"items_purchased_type":["Card","Card"],"build_version":"2020-12-22","purchased_purges":2,"victory":false,"max_hp_per_floor":[70,70,70,70,70,70,70,70,70,70,70,70,70,70,70,70,70,70,70,70,70,70,70,70,70,70,70,70],"card_choices":[{"not_picked":["theMarked:RepellingDischarge","theMarked:WardOff"],"picked":"theMarked:Generate","floor":1.0},{"not_picked":["theMarked:ResourceFulStrike","theMarked:MuscleMemory"],"picked":"theMarked:EternalStudent","floor":3.0},{"not_picked":["theMarked:BanishingStrike","theMarked:WardOff"],"picked":"theMarked:RepellingDischarge","floor":3.0},{"not_picked":["theMarked:WastefulAttack","theMarked:TwofoldDefense"],"picked":"theMarked:ElectricStrings","floor":4.0},{"not_picked":["theMarked:ElectricStrings+1","theMarked:Panic"],"picked":"theMarked:ParalyzingBlade","floor":6.0},{"not_picked":["theMarked:TwofoldDefense","theMarked:Parkour+1"],"picked":"theMarked:EmpowerWeapon","floor":8.0},{"not_picked":["theMarked:Opportunist","theMarked:Frustration+1"],"picked":"theMarked:EmpowerWeapon","floor":10.0},{"not_picked":["theMarked:Memento","theMarked:UnarmedFury+1"],"picked":"theMarked:WastefulAttack+1","floor":14.0},{"not_picked":["theMarked:Defy+1","theMarked:Challenge"],"picked":"theMarked:Toughness","floor":16.0},{"not_picked":["theMarked:ParalyzingBlade","theMarked:RepellingDischarge"],"picked":"theMarked:ResourceFulStrike+1","floor":18.0},{"not_picked":["Eruption","RobotSpaceExplorer:Scan"],"picked":"theMarked:SoldierOfQuellstein","floor":19.0},{"not_picked":["theMarked:UnarmedFury","theMarked:FavorableWinds"],"picked":"theMarked:TurnInvisible","floor":19.0},{"not_picked":["Replay:Parry","Discovery"],"picked":"Replay:BasicMightCard","floor":19.0},{"not_picked":["infinitespire:SealOfDarkness+","infinitespire:Oblivion"],"picked":"infinitespire:TheBestDefense","floor":19.0},{"not_picked":["theMarked:ResourceFulStrike+1","theMarked:Seal"],"picked":"theMarked:Opportunist+1","floor":22},{"not_picked":["theMarked:Standoff","theMarked:Indomitable","theMarked:WardOff"],"picked":"SKIP","floor":23},{"not_picked":["theMarked:CreepingChasm","theMarked:TakeCover"],"picked":"theMarked:Improvise+1","floor":24},{"not_picked":["theMarked:Memento","theMarked:StartUp+1"],"picked":"theMarked:OneWithTheBlade","floor":25}],"player_experience":748802,"relics_obtained":[{"floor":3.0,"key":"Lantern"},{"floor":6.0,"key":"Molten Egg 2"},{"floor":9.0,"key":"theMarked:DemonDagger"},{"floor":10.0,"key":"Replay:Wax Seal"},{"floor":11.0,"key":"ReplayTheSpireMod:Ring of Collecting"},{"floor":23,"key":"Shovel"},{"floor":26,"key":"Ring of Greed"},{"floor":26,"key":"Replay:Mystery Machine"},{"floor":26,"key":"Tiny Chest"},{"floor":26,"key":"Old Coin"}],"event_choices":[{"damage_healed":0.0,"max_hp_gain":0.0,"max_hp_loss":0.0,"gold_gain":0.0,"event_name":"Upgrade Shrine","player_choice":"Upgraded","floor":5.0,"gold_loss":0.0,"damage_taken":0.0,"cards_upgraded":["theMarked:SoldierOfQuellstein"]},{"damage_healed":0.0,"max_hp_gain":0.0,"max_hp_loss":0.0,"gold_gain":0.0,"event_name":"Accursed Blacksmith","player_choice":"Rummage","floor":20.0,"gold_loss":0.0,"damage_taken":0.0,"relics_obtained":["WarpedTongs"],"cards_obtained":["Pain"]}],"is_beta":false,"boss_relics":[{"not_picked":["Coffee Dripper","theMarked:Eyepatch"],"picked":"Replay:Bronze Core"}],"items_purged_floors":[19,21],"is_endless":false,"potions_floor_spawned":[6,22,24],"killed_by":"Snake Plant","ascension_level":0}}