{"host":"nwd160me4iqdtr8u","time":1611900002,"event":{"mods":["AchievementEnabler","Act Like it!","BaseMod","Colored Map","DeckTracker","Minty Spire (QoL Compilation)","Quick Restart","Rare Cards Sparkle","StSLib","SuperFastMode","everything is the same but u backflip on backflip"],"gold_per_floor":[111,386,162,172,191,191,221,221,274,99,99,99,114,134,134,230,230,249,272,14,33,33,33,33,33,33,47,65,92,108,108,108,209,209,223,233,233,253,59,59,89,89,89,89,106,106,106,106,106,106,106,106,1,28,28],"floor_reached":56,"language":"KOR","playtime":3241,"items_purged":["Regret","Strike_R","Strike_R"],"score":1273,"play_id":"f9676de7-1083-416e-bd50-5900eab4da16","local_time":"20210129150002","is_ascension_mode":false,"campfire_choices":[{"data":"Body Slam","floor":6.0,"key":"SMITH"},{"data":"Second Wind","floor":8.0,"key":"SMITH"},{"data":"Flame Barrier","floor":11.0,"key":"SMITH"},{"floor":15.0,"key":"REST"},{"data":"Brutality","floor":23.0,"key":"SMITH"},{"data":"Ghostly","floor":25.0,"key":"SMITH"},{"data":"Ghostly","floor":32.0,"key":"SMITH"},{"data":"Apotheosis","floor":40.0,"key":"SMITH"},{"data":"Dual Wield","floor":42.0,"key":"SMITH"},{"floor":44.0,"key":"RECALL"},{"floor":47.0,"key":"REST"},{"floor":49.0,"key":"REST"},{"floor":52,"key":"REST"}],"circlet_count":0,"master_deck":["Strike_R","Defend_R","Defend_R","Bash","Second Wind+1","Cleave","Body Slam+1","Burning Pact","Flame Barrier+1","Shrug It Off","Brutality+1","Feed","Barricade+1","Sentinel+1","Uppercut+1","Ghostly+1","Ghostly","Ghostly","Ghostly","Ghostly+1","Exhume","Impervious","Flame Barrier+1","Apotheosis+1","Violence","Power Through+1","Dual Wield+1","Impervious","Headbutt+1","True Grit+1","Metallicize+1","Disarm","Evolve","Impervious"],"relics":["Burning Blood","Happy Flower","Tiny Chest","Akabeko","Toy Ornithopter","Astrolabe","Bronze Scales","Question Card","Unceasing Top","Bag of Preparation","Mark of Pain","Dream Catcher","Anchor","Mummified Hand","InkBottle"],"acts_visited":["Exordium","TheCity","TheBeyond","TheEnding"],"potions_floor_usage":[55,55,55,55,55],"damage_taken":[{"damage":13.0,"enemies":"2 Louse","floor":1.0,"turns":3.0},{"damage":1.0,"enemies":"Cultist","floor":4.0,"turns":4.0},{"damage":2.0,"enemies":"Small Slimes","floor":5.0,"turns":3.0},{"damage":48.0,"enemies":"Gremlin Nob","floor":7.0,"turns":5.0},{"damage":4.0,"enemies":"Exordium Wildlife","floor":13.0,"turns":5.0},{"damage":14.0,"enemies":"Exordium Thugs","floor":14.0,"turns":4.0},{"damage":28.0,"enemies":"The Guardian","floor":16.0,"turns":12.0},{"damage":11.0,"enemies":"Chosen","floor":18.0,"turns":7.0},{"damage":9.0,"enemies":"Shell Parasite","floor":21.0,"turns":5.0},{"damage":13.0,"enemies":"Cultist and Chosen","floor":27.0,"turns":9.0},{"damage":5.0,"enemies":"3 Cultists","floor":28.0,"turns":6.0},{"damage":8.0,"enemies":"Centurion and Healer","floor":30.0,"turns":9.0},{"damage":17.0,"enemies":"Champ","floor":33.0,"turns":17.0},{"damage":6.0,"enemies":"3 Shapes","floor":35.0,"turns":6.0},{"damage":7.0,"enemies":"3 Darklings","floor":36.0,"turns":8.0},{"damage":6.0,"enemies":"Maw","floor":38.0,"turns":7.0},{"damage":5.0,"enemies":"Reptomancer","floor":41.0,"turns":6.0},{"damage":8.0,"enemies":"Sphere and 2 Shapes","floor":45.0,"turns":7.0},{"damage":8,"enemies":"Donu and Deca","floor":50,"turns":9},{"damage":5,"enemies":"Shield and Spear","floor":54,"turns":6},{"damage":7,"enemies":"The Heart","floor":55,"turns":7}],"seed_played":"1629349435977339070","potions_obtained":[{"floor":1.0,"key":"Energy Potion"},{"floor":5.0,"key":"DuplicationPotion"},{"floor":13.0,"key":"SneckoOil"},{"floor":14.0,"key":"GamblersBrew"},{"floor":21.0,"key":"SkillPotion"},{"floor":30.0,"key":"EntropicBrew"},{"floor":45.0,"key":"AttackPotion"},{"floor":54,"key":"SkillPotion"}],"is_trial":false,"path_per_floor":["M","?","$","M","M","R","E","R","T","$","R","?","M","M","R","B",null,"M","T","$","M","?","R","?","R","T","M","M","T","M","?","R","B",null,"M","M","?","M","$","R","E","R","T","R","M","?","R","T","R","B",null,"R","$","E","B",null],"character_chosen":"IRONCLAD","items_purchased":["Tiny Chest","Flame Barrier","Question Card","Dual Wield","Disarm","Evolve"],"campfire_rested":4,"item_purchase_floors":[3,10,20,39,53,53],"current_hp_per_floor":[73,73,73,78,80,80,38,38,38,38,38,31,33,25,49,27,80,78,78,78,75,75,75,41,41,41,39,40,40,39,39,39,33,41,44,43,38,38,38,38,39,39,39,39,45,45,52,52,52,54,56,56,56,56,56],"gold":28,"neow_bonus":"RANDOM_COMMON_RELIC","is_daily":false,"chose_seed":false,"campfire_upgraded":8,"win_rate":0.0,"timestamp":1611900002,"path_taken":["M","?","$","M","?","R","E","R","T","?","R","?","M","M","R","BOSS","M","?","?","M","?","R","?","R","T","M","M","?","M","?","R","BOSS","M","M","?","M","$","R","E","R","T","R","M","?","R","?","R","BOSS","R","$","E","BOSS"],"items_purchased_type":["Relic","Card","Relic","Card","Card","Card"],"build_version":"2020-12-22","purchased_purges":3,"victory":true,"max_hp_per_floor":[80,80,80,80,80,80,80,80,80,80,80,80,80,80,80,80,80,83,83,83,83,83,83,41,41,41,41,41,41,41,41,41,41,41,44,44,44,44,44,44,44,44,44,44,52,52,52,52,52,56,56,56,56,56,56],"card_choices":[{"not_picked":["True Grit","Clash"],"picked":"Second Wind","floor":1.0},{"not_picked":["Blood for Blood","Metallicize"],"picked":"Cleave","floor":4.0},{"not_picked":["Sword Boomerang","Heavy Blade"],"picked":"Body Slam","floor":5.0},{"not_picked":["True Grit","Armaments"],"picked":"Burning Pact","floor":7.0},{"not_picked":["Blood for Blood","Twin Strike"],"picked":"Shrug It Off","floor":13.0},{"not_picked":["Twin Strike","Warcry"],"picked":"Brutality","floor":14.0},{"not_picked":["Reaper","Immolate"],"picked":"Feed","floor":16.0},{"not_picked":["Clothesline","Uppercut","Rupture"],"picked":"SKIP","floor":18.0},{"not_picked":["Armaments","Wild Strike","Clothesline+1"],"picked":"Uppercut+1","floor":21.0},{"not_picked":["Clash","Perfected Strike","Body Slam"],"picked":"Exhume","floor":27.0},{"not_picked":["Reckless Charge+1","Headbutt","Anger"],"picked":"Seeing Red","floor":28.0},{"not_picked":["Shockwave","Sever Soul","Heavy Blade","Clothesline+1"],"picked":"SKIP","floor":30.0},{"not_picked":["Brutality","Offering","Limit Break"],"picked":"Impervious","floor":33.0},{"not_picked":["Havoc","Second Wind+1","Shockwave"],"picked":"Flame Barrier+1","floor":35.0},{"not_picked":["Armaments","Havoc","Sever Soul+1","Heavy Blade+1"],"picked":"SKIP","floor":36.0},{"not_picked":["Discovery","Deep Breath","Finesse"],"picked":"Apotheosis","floor":37.0},{"not_picked":["Forethought","Enlightenment","Mind Blast"],"picked":"Violence","floor":37.0},{"not_picked":["Armaments+1","Thunderclap","Cleave+1"],"picked":"Power Through+1","floor":38.0},{"not_picked":["Flex+1","True Grit","Havoc+1"],"picked":"Impervious","floor":41.0},{"not_picked":["Anger","Rage","Second Wind"],"picked":"Headbutt+1","floor":45.0},{"not_picked":["Thunderclap+1","Barricade","Heavy Blade"],"picked":"True Grit+1","floor":49.0},{"not_picked":["Anger+1","Flex+1","Bloodletting"],"picked":"Metallicize+1","floor":52},{"not_picked":["Rage+1","Flame Barrier+1","Pommel Strike"],"picked":"Impervious","floor":54}],"player_experience":295404,"relics_obtained":[{"floor":7.0,"key":"Akabeko"},{"floor":9.0,"key":"Toy Ornithopter"},{"floor":19.0,"key":"Bronze Scales"},{"floor":26.0,"key":"Unceasing Top"},{"floor":29.0,"key":"Bag of Preparation"},{"floor":41.0,"key":"Dream Catcher"},{"floor":48.0,"key":"Mummified Hand"},{"floor":54,"key":"InkBottle"}],"event_choices":[{"damage_healed":0.0,"max_hp_gain":0.0,"max_hp_loss":0.0,"gold_gain":275.0,"event_name":"Golden Shrine","player_choice":"Desecrate","floor":2.0,"gold_loss":0.0,"damage_taken":0.0,"cards_obtained":["Regret"]},{"cards_removed":["Defend_R"],"damage_healed":0.0,"max_hp_gain":0.0,"max_hp_loss":0.0,"gold_gain":0.0,"event_name":"Golden Wing","player_choice":"Card Removal","floor":12.0,"gold_loss":0.0,"damage_taken":7.0},{"damage_healed":0.0,"max_hp_gain":0.0,"max_hp_loss":0.0,"gold_gain":0.0,"event_name":"Vampires","player_choice":"Ignored","floor":22.0,"gold_loss":0.0,"damage_taken":0.0},{"damage_healed":0.0,"max_hp_gain":0.0,"max_hp_loss":42.0,"gold_gain":0.0,"event_name":"Ghosts","player_choice":"Became a Ghost","floor":24.0,"gold_loss":0.0,"damage_taken":0.0,"cards_obtained":["Ghostly","Ghostly","Ghostly","Ghostly","Ghostly"]},{"cards_removed":["Limit Break"],"damage_healed":0.0,"max_hp_gain":0.0,"max_hp_loss":0.0,"gold_gain":0.0,"event_name":"Back to Basics","player_choice":"Elegance","floor":31.0,"gold_loss":0.0,"damage_taken":0.0},{"damage_healed":0.0,"max_hp_gain":0.0,"max_hp_loss":0.0,"gold_gain":0.0,"event_name":"SensoryStone","player_choice":"Memory 2","floor":37.0,"gold_loss":0.0,"damage_taken":5.0},{"cards_removed":["Seeing Red"],"damage_healed":0.0,"max_hp_gain":0.0,"max_hp_loss":0.0,"gold_gain":0.0,"event_name":"WeMeetAgain","player_choice":"Gave Card","floor":46.0,"gold_loss":0.0,"damage_taken":0.0,"relics_obtained":["Anchor"]}],"is_beta":false,"boss_relics":[{"not_picked":["Runic Dome","Snecko Eye"],"picked":"Astrolabe"},{"not_picked":["SlaversCollar","Velvet Choker"],"picked":"Mark of Pain"}],"items_purged_floors":[3,10,39],"is_endless":false,"potions_floor_spawned":[1,5,13,14,18,21,30,45,54],"ascension_level":0}}