{"host":"9j472d1lqxyi8fmj","time":1611940841,"event":{"mods":["AchievementEnabler","Aspiration","BaseMod","Better Note","BetterRewards","Block Reminder","Colored Powertips","Downfall","Hermit","Hubris","Infinite Spire","Minty Spire (QoL Compilation)","Potion Indicator Mod","Rare Cards Sparkle","Relic Filter","Reliquary","Spicy Shops","StSLib","The Runesmith","Virulent Crown"],"gold_per_floor":[16,27,27,46,63,63,112,124,124,141,151,180,192,204,216,228,228,228],"floor_reached":16,"language":"ENG","playtime":614,"items_purged":[],"score":129,"play_id":"98be8c8a-90b2-480c-87e0-47a3856bf518","local_time":"20210129122041","is_ascension_mode":false,"campfire_choices":[{"data":"champ:Taunt","floor":6,"key":"SMITH"},{"floor":13,"key":"REST"},{"data":"champ:HoldFirm","floor":15,"key":"SMITH"}],"circlet_count":0,"master_deck":["champ:Strike","champ:Strike","champ:Strike","champ:Strike","champ:Defend","champ:Defend","champ:Defend","champ:Defend","champ:Execute","champ:Taunt+1","champ:IronFortress","champ:GutPunch","champ:HoldFirm+1","champ:Duel","champ:PreciseThrust","champ:TripleStrike","champ:SwordSigil+1","champ:RapidStrikes"],"relics":["champ:ChampionCrown","Juzu Bracelet","MawBank"],"acts_visited":["Exordium"],"potions_floor_usage":[16],"damage_taken":[{"damage":10,"enemies":"Small Slimes","floor":1,"turns":3},{"damage":10,"enemies":"Cultist","floor":2,"turns":4},{"damage":10,"enemies":"2 Louse","floor":4,"turns":3},{"damage":11,"enemies":"2 Fungi Beasts","floor":5,"turns":4},{"damage":24,"enemies":"Exordium Thugs","floor":8,"turns":7},{"damage":10,"enemies":"Blue Slaver","floor":10,"turns":3},{"damage":41,"enemies":"Lots of Slimes","floor":11,"turns":4},{"damage":62,"enemies":"Lagavulin","floor":12,"turns":8},{"damage":87,"enemies":"IC_STATUS_ARCHETYPE","floor":16,"turns":8}],"seed_played":"8707039718600196001","potions_obtained":[{"floor":1,"key":"sneckomod:MuddlingPotion"},{"floor":3,"key":"champ:TechniquePotion"},{"floor":3,"key":"LiquidMemories"}],"is_trial":false,"path_per_floor":["M","M","?","M","M","R","T","M","?","M","M","E","R","?","R","B"],"character_chosen":"THE_CHAMP","items_purchased":[],"campfire_rested":1,"item_purchase_floors":[],"current_hp_per_floor":[108,108,108,108,107,107,107,98,86,86,65,48,80,80,80,0,0,0],"gold":228,"neow_bonus":"TWENTY_PERCENT_HP_BONUS","is_daily":false,"chose_seed":false,"campfire_upgraded":2,"win_rate":0.0,"timestamp":1611940841,"path_taken":["M","M","?","M","?","R","T","M","?","M","M","E","R","?","R","BOSS"],"items_purchased_type":[],"build_version":"2020-12-22","purchased_purges":0,"victory":false,"max_hp_per_floor":[108,108,108,108,108,108,108,108,108,108,108,108,108,108,108,108,108,108],"card_choices":[{"not_picked":["champ:Circumvent","champ:BerserkersShout"],"picked":"champ:IronFortress","floor":1},{"not_picked":["champ:FalseCounter","champ:CrownThrow"],"picked":"champ:GutPunch","floor":2},{"not_picked":["champ:PerfectedStrike","champ:FlashCut"],"picked":"champ:HoldFirm","floor":4},{"not_picked":["champ:ShieldSigil","champ:EnGarde"],"picked":"champ:Duel","floor":5},{"not_picked":["champ:EnGarde","champ:ShieldSigil"],"picked":"champ:PreciseThrust","floor":8},{"not_picked":["champ:ShieldSigil","champ:Endure"],"picked":"champ:TripleStrike","floor":10},{"not_picked":["champ:ShieldSigil","champ:FanOfKnives"],"picked":"champ:SwordSigil","floor":11},{"not_picked":["champ:Lariat","champ:EndlessRage"],"picked":"champ:RapidStrikes","floor":12}],"player_experience":367670,"relics_obtained":[{"floor":7,"key":"Juzu Bracelet"},{"floor":12,"key":"MawBank"}],"event_choices":[{"damage_healed":0,"gold_gain":0,"player_choice":"Got Potions","damage_taken":0,"max_hp_gain":0,"max_hp_loss":0,"event_name":"Lab","floor":3,"gold_loss":0},{"damage_healed":0,"gold_gain":0,"player_choice":"Fled","damage_taken":12,"max_hp_gain":0,"max_hp_loss":0,"event_name":"Scrap Ooze","floor":9,"gold_loss":0},{"damage_healed":0,"gold_gain":0,"player_choice":"Forge","damage_taken":0,"max_hp_gain":0,"max_hp_loss":0,"event_name":"Accursed Blacksmith","floor":14,"gold_loss":0,"cards_upgraded":["champ:SwordSigil"]}],"is_beta":false,"boss_relics":[],"items_purged_floors":[],"is_endless":false,"potions_floor_spawned":[1,5,8],"killed_by":"IC_STATUS_ARCHETYPE","ascension_level":0}}