{"host":"qfskrnw3pl1q86j0","time":1611913726,"event":{"mods":["BaseMod","Block Reminder","Hermit","Marisa????????","Minty Spire (QoL Compilation)","Quick Restart","Random Character Button","Relic Stats","StSLib","The Poker Player","slay the spire mod where everything is the same but ironclad has a cowboy hat"],"gold_per_floor":[109,121,133,153,18,18,18,18,18,18,37,62,62,74,74,173,223,239,239,258,274,292,321,321,321,374,389,401,401,401,415,415,515,515,535,547,167,177,193,193,193,193,263,263,277,20,70,85,85,85],"floor_reached":51,"language":"ENG","playtime":1964,"items_purged":["Strike_MRS","Strike_MRS"],"score":773,"play_id":"8fa81d5e-be82-4873-ba5a-9afd77b7c4b7","local_time":"20210129104846","is_ascension_mode":false,"campfire_choices":[{"data":"MasterSpark","floor":6.0,"key":"SMITH"},{"data":"UpSweep","floor":10.0,"key":"SMITH"},{"data":"SprinkleStarSeal","floor":13.0,"key":"SMITH"},{"data":"MillisecondPulsars","floor":15.0,"key":"SMITH"},{"data":"MilkyWay","floor":24.0,"key":"SMITH"},{"data":"EnergyFlow","floor":29.0,"key":"SMITH"},{"data":"OrrerysSun","floor":32.0,"key":"SMITH"},{"data":"FairyDestructionRay","floor":40,"key":"SMITH"},{"data":"SporeBomb","floor":42,"key":"SMITH"},{"data":"AsteroidBelt","floor":44,"key":"SMITH"},{"data":"NonDirectionalLaser","floor":49,"key":"SMITH"}],"circlet_count":0,"master_deck":["Defend_MRS","Defend_MRS","Defend_MRS+1","Defend_MRS","MasterSpark+1","UpSweep+1","SprinkleStarSeal+1","NonDirectionalLaser+1","OrrerysSun+1","MillisecondPulsars+1","AlicesGift+1","FairyDestructionRay+1","AsteroidBelt+1","GrandCross+1","SporeBomb+1","MagicAbsorber+1","MilkyWay+1","DeepEcoloBomb+1","EnergyFlow+1","AsteroidBelt+1","Singularity+1"],"relics":["MiniHakkero","Potion Belt","Mercury Hourglass","Tiny House","Incense Burner","CultistMask","Tiny Chest","Busted Crown","Whetstone","Anchor","Pantograph","Bag of Preparation","SproutingBranch"],"acts_visited":["Exordium","TheCity","TheBeyond"],"potions_floor_usage":[50],"damage_taken":[{"damage":0.0,"enemies":"Cultist","floor":1.0,"turns":4.0},{"damage":3.0,"enemies":"Jaw Worm","floor":2.0,"turns":3.0},{"damage":0.0,"enemies":"Small Slimes","floor":3.0,"turns":3.0},{"damage":6.0,"enemies":"Gremlin Gang","floor":4.0,"turns":3.0},{"damage":5.0,"enemies":"Blue Slaver","floor":11.0,"turns":3.0},{"damage":3.0,"enemies":"Lagavulin","floor":12.0,"turns":6.0},{"damage":8.0,"enemies":"Exordium Thugs","floor":14.0,"turns":3.0},{"damage":0.0,"enemies":"The Guardian","floor":16.0,"turns":8.0},{"damage":4.0,"enemies":"Shell Parasite","floor":18.0,"turns":5.0},{"damage":5.0,"enemies":"3 Byrds","floor":20.0,"turns":3.0},{"damage":4.0,"enemies":"Centurion and Healer","floor":21.0,"turns":4.0},{"damage":8.0,"enemies":"Snake Plant","floor":22.0,"turns":4.0},{"damage":0.0,"enemies":"Gremlin Leader","floor":23.0,"turns":4.0},{"damage":2.0,"enemies":"Snecko","floor":27.0,"turns":4.0},{"damage":2.0,"enemies":"Shelled Parasite and Fungi","floor":28.0,"turns":3.0},{"damage":0.0,"enemies":"Centurion and Healer","floor":31.0,"turns":5.0},{"damage":12.0,"enemies":"Automaton","floor":33.0,"turns":8.0},{"damage":8.0,"enemies":"3 Shapes","floor":35.0,"turns":6.0},{"damage":26.0,"enemies":"3 Darklings","floor":36.0,"turns":4.0},{"damage":0,"enemies":"Maw","floor":38,"turns":6},{"damage":2,"enemies":"4 Shapes","floor":39,"turns":5},{"damage":0,"enemies":"Sphere and 2 Shapes","floor":45,"turns":3},{"damage":0,"enemies":"Mind Bloom Boss Battle","floor":47,"turns":3},{"damage":0,"enemies":"Jaw Worm Horde","floor":48,"turns":2},{"damage":4,"enemies":"Time Eater","floor":50,"turns":9}],"seed_played":"-7611770326737436958","potions_obtained":[{"floor":2.0,"key":"Fire Potion"},{"floor":12.0,"key":"Dexterity Potion"},{"floor":14.0,"key":"EntropicBrew"},{"floor":20.0,"key":"LiquidMemories"},{"floor":27.0,"key":"Energy Potion"},{"floor":36.0,"key":"Block Potion"},{"floor":47,"key":"Dexterity Potion"}],"is_trial":false,"path_per_floor":["M","M","M","M","$","R","$","?","T","R","M","E","R","M","R","B",null,"M","?","M","M","M","E","R","?","T","M","M","R","?","M","R","B",null,"M","M","$","M","M","R","$","R","T","R","M","$","?","M","R","B",null],"character_chosen":"MARISA","items_purchased":["MillisecondPulsars","Whetstone","Anchor","Bag of Preparation"],"campfire_rested":0,"item_purchase_floors":[5,37,37,46],"current_hp_per_floor":[75,72,72,66,66,66,66,66,66,66,61,58,58,50,50,50,80,76,76,71,67,59,59,59,59,59,57,55,55,40,40,40,43,85,77,51,51,51,49,49,49,49,49,49,49,49,74,79,79,85],"gold":85,"neow_bonus":"REMOVE_CARD","is_daily":false,"chose_seed":false,"campfire_upgraded":11,"win_rate":0.0,"timestamp":1611913726,"path_taken":["M","M","M","M","?","R","$","?","T","R","M","E","R","M","R","BOSS","M","?","M","M","M","E","R","?","T","?","M","R","?","M","R","BOSS","M","M","$","M","M","R","$","R","T","R","M","$","?","M","R","BOSS"],"items_purchased_type":["Card","Relic","Relic","Relic"],"build_version":"2020-12-22","purchased_purges":2,"victory":true,"max_hp_per_floor":[75,75,75,75,75,75,75,75,75,75,75,75,75,75,75,75,80,80,80,80,80,80,80,80,80,80,80,80,80,85,85,85,85,85,85,85,85,85,85,85,85,85,85,85,85,85,85,85,85,85],"relic_stats":{"Busted Crown":14,"counters":[25,110],"Pantograph":31,"Tiny Chest":0,"Bag of Preparation":[6],"Whetstone":["GrandCross","AlicesGift"],"obtain_stats":[{"Potion Belt":9,"Tiny House":17,"Incense Burner":23,"Bag of Preparation":46,"Whetstone":37,"SproutingBranch":47,"Mercury Hourglass":12,"Anchor":37,"Busted Crown":34,"Pantograph":43,"Tiny Chest":26,"CultistMask":25,"MiniHakkero":0},{"Potion Belt":4,"Tiny House":8,"Incense Burner":13,"Bag of Preparation":22,"Whetstone":19,"SproutingBranch":23,"Mercury Hourglass":6,"Anchor":19,"Busted Crown":17,"Pantograph":21,"Tiny Chest":13,"CultistMask":13,"MiniHakkero":0},{"Potion Belt":13,"Tiny House":33,"Incense Burner":53,"Bag of Preparation":96,"Whetstone":82,"SproutingBranch":99,"Mercury Hourglass":22,"Anchor":82,"Busted Crown":73,"Pantograph":93,"Tiny Chest":53,"CultistMask":53,"MiniHakkero":0}],"Mercury Hourglass":[349]},"card_choices":[{"not_picked":["MysteriousBeam","GravityBeat","GasGiant"],"picked":"SKIP","floor":1.0},{"not_picked":["ChargeUpSpray","ShootingEcho"],"picked":"SprinkleStarSeal","floor":2.0},{"not_picked":["SporeBomb","AsteroidBelt"],"picked":"NonDirectionalLaser","floor":3.0},{"not_picked":["WitchOfGreed","MysteriousBeam"],"picked":"OrrerysSun","floor":4.0},{"not_picked":["PulseMagic","MeteoricShower","DoubleSpark"],"picked":"SKIP","floor":11.0},{"not_picked":["GasGiant","CollectingQuirk","DragonMeteor"],"picked":"SKIP","floor":12.0},{"not_picked":["WitchOfGreed","IllusionStar"],"picked":"FairyDestructionRay","floor":14.0},{"not_picked":["OpenUniverse","6A"],"picked":"AsteroidBelt","floor":17.0},{"not_picked":["UnstableBomb","PropBag"],"picked":"GrandCross","floor":18.0},{"not_picked":["GravityBeat","UnstableBomb+1"],"picked":"MagicAbsorber+1","floor":20.0},{"not_picked":["BinaryStars","RefractionSpark+1"],"picked":"MilkyWay","floor":21.0},{"not_picked":["ShootingEcho+1","GasGiant+1","GrandCross"],"picked":"SKIP","floor":22.0},{"not_picked":["BlazeAway","FairyDestructionRay","SprinkleStarSeal"],"picked":"SKIP","floor":23.0},{"not_picked":["SporeBomb","RefractionSpark"],"picked":"DeepEcoloBomb+1","floor":27.0},{"not_picked":["LuminesStrike","StarBarrage+1"],"picked":"EnergyFlow","floor":28.0},{"not_picked":["WitchLeyline+1","StarBarrage","MysteriousBeam+1"],"picked":"SKIP","floor":31.0},{"not_picked":[],"picked":"AsteroidBelt+1","floor":35.0},{"not_picked":["DarkMatter+1"],"picked":"SKIP","floor":36.0},{"not_picked":["Singularity+1"],"picked":"SKIP","floor":38},{"not_picked":["Singularity+1"],"picked":"SKIP","floor":38},{"not_picked":[],"picked":"Singularity+1","floor":38},{"not_picked":["GravityBeat+1"],"picked":"SKIP","floor":39},{"not_picked":["IllusionStar+1"],"picked":"SKIP","floor":45},{"not_picked":["DC+1"],"picked":"SKIP","floor":48}],"player_experience":1014418,"relics_obtained":[{"floor":9.0,"key":"Potion Belt"},{"floor":12.0,"key":"Mercury Hourglass"},{"floor":23.0,"key":"Incense Burner"},{"floor":26.0,"key":"Tiny Chest"},{"floor":43,"key":"Pantograph"},{"floor":47,"key":"SproutingBranch"}],"event_choices":[{"damage_healed":0.0,"max_hp_gain":0.0,"max_hp_loss":0.0,"gold_gain":0.0,"cards_transformed":["Strike_MRS"],"event_name":"Transmorgrifier","player_choice":"Transformed","floor":8.0,"gold_loss":0.0,"damage_taken":0.0,"cards_obtained":["AlicesGift"]},{"damage_healed":0.0,"max_hp_gain":0.0,"max_hp_loss":0.0,"gold_gain":0.0,"event_name":"The Library","player_choice":"Read","floor":19.0,"gold_loss":0.0,"damage_taken":0.0,"cards_obtained":["SporeBomb"]},{"damage_healed":0.0,"max_hp_gain":0.0,"max_hp_loss":0.0,"gold_gain":0.0,"event_name":"FaceTrader","player_choice":"Trade","floor":25.0,"gold_loss":0.0,"damage_taken":0.0,"relics_obtained":["CultistMask"]},{"damage_healed":0.0,"max_hp_gain":5.0,"max_hp_loss":0.0,"gold_gain":0.0,"event_name":"Forgotten Altar","player_choice":"Shed Blood","floor":30.0,"gold_loss":0.0,"damage_taken":20.0},{"damage_healed":0,"gold_gain":0,"player_choice":"Fight","damage_taken":0,"max_hp_gain":0,"max_hp_loss":0,"event_name":"MindBloom","floor":47,"gold_loss":0}],"is_beta":false,"boss_relics":[{"not_picked":["Pandora\u0027s Box","Astrolabe"],"picked":"Tiny House"},{"not_picked":["Calling Bell","ExperimentalFamiliar"],"picked":"Busted Crown"}],"items_purged_floors":[37,46],"is_endless":false,"potions_floor_spawned":[2,12,14,18,20,21,27,36,47,48],"ascension_level":0}}