{"host":"rlwsj8oje50c4na7","time":1611933462,"event":{"mods":["2.2 Compatiblity","Act Like it!","Arknights The Spire","Aspiration","BaseMod","Beaked The Cultist","Bestiary","Better Altar","Better Skull","Better Third Choice","BetterRewards","Colored Map","Colored Powertips","Conspire","Defuse TimeMaze Blight","Energized Spire","Friendly Minions","Gensokyo","GifTheSpireLib","GungeonMod","Halation","Hallownest","Hermit","Highlight Path","Hubris","Infinite Spire","Jedi Mod","JesterMod","Jorbs\u0027s Wanderer Trilogy","Mad Scientist","Minty Spire (QoL Compilation)","Quick Restart","Random Character Button","Relic Stats","Reliquary","Reorder Act Four","Replay The Spire","Shade Mod","Shop Mod","Spicy Shops","StSLib","Stuff the Spire","The Administrix","The Blackbeard","The Bladedancer","The Blue Laboratory","The Bug Knight","The Clintock","The Construct","The Cursed","The Disciple","The Exalted","The Forsaken","The Hierophant","The IronCluck","The Judge","The Kombatant","The Marked","The Mystic","The Necromancer","The Runesmith","The Servant 0.9.4","TheSwordswoman","Waifu the Spire","everything is the same but u backflip on backflip","slay the spire mod where everything is the same but ironclad has a cowboy hat"],"gold_per_floor":[116,130,140,140,59,86,111,146,146,148,168,168,119,73,73,162,162,189,129,136,136,170,170,204,257,284,308,308,308,360,391,391,490,490,409,409,409,416,449,449,465,494,547,559,559,626,665,725,725,604,604,447,447,483,338],"floor_reached":56,"language":"ENG","playtime":20411,"items_purged":["hierophant:Defend_Hierophant"],"score":1543,"play_id":"f400ab9b-f969-4319-b652-abbed7c5bebe","local_time":"20210129171742","is_ascension_mode":true,"campfire_choices":[{"floor":12.0,"key":"REST"},{"data":"hierophant:Glossolalia","floor":15.0,"key":"SMITH"},{"floor":23.0,"key":"RECALL"},{"data":"hierophant:ArchangelShield","floor":28.0,"key":"SMITH"},{"floor":40.0,"key":"REST"},{"data":"hierophant:ChurchCoffers","floor":40.0,"key":"SMITH"},{"floor":45.0,"key":"REST"},{"data":"hierophant:DisplayOfPower","floor":45.0,"key":"SMITH"},{"floor":49.0,"key":"REST"},{"data":"hierophant:AuricForm","floor":49.0,"key":"SMITH"},{"data":"hierophant:Alms","floor":53,"key":"SMITH"}],"circlet_count":0,"master_deck":["hierophant:Strike_Hierophant","hierophant:Strike_Hierophant","hierophant:Strike_Hierophant","hierophant:Punish","hierophant:Defend_Hierophant","hierophant:Defend_Hierophant","hierophant:ChurchCoffers+1","hierophant:Glossolalia+1","hierophant:ArchangelShield+1","hierophant:SolarFlare","hierophant:Doubloon","hierophant:HammerAndAnvil+1","hierophant:Doubloon","hierophant:Remorse","hierophant:Alms+1","hierophant:DisplayOfPower+1","hierophant:Kindle","hierophant:OrnateBuckler","hierophant:Chorus+1","hierophant:Doubloon","hierophant:Remorse+1","hierophant:AuricForm+1","hierophant:BulkyChest"],"relics":["hierophant:PropheticMaskRelic","Replay:Accelerometer","Mercury Hourglass","infinitespire:Broken Mirror","Akabeko","infinitespire:Lucky Rock","beaked:MawFillet","infinitespire:Magic Flask","Art of War","Blood Vial","reliquary:Knoch","SlaversCollar","halation:AfternoonTea","jedi:shrinkray","reliquary:JackalopeAntler","reliquary:TatteredRug","DemoMod:Bottle","Potion Belt","infinitespire:Satchel","hubris:Metronome"],"acts_visited":["Exordium","TheCity","TheBeyond","TheEnding"],"potions_floor_usage":[54,54,55],"damage_taken":[{"damage":5.0,"enemies":"Jaw Worm","floor":1.0,"turns":5.0},{"damage":1.0,"enemies":"2 Louse","floor":2.0,"turns":2.0},{"damage":3.0,"enemies":"Small Slimes","floor":3.0,"turns":3.0},{"damage":0.0,"enemies":"Replay:BlueRogue","floor":6.0,"turns":11.0},{"damage":24.0,"enemies":"Exordium Wildlife","floor":7.0,"turns":5.0},{"damage":7.0,"enemies":"HollowMod:MossKnight","floor":8.0,"turns":8.0},{"damage":1.0,"enemies":"Lagavulin","floor":10.0,"turns":5.0},{"damage":0.0,"enemies":"Looter","floor":11.0,"turns":2.0},{"damage":12.0,"enemies":"3 Sentries","floor":13.0,"turns":4.0},{"damage":0.0,"enemies":"2 Fungi Beasts","floor":14.0,"turns":3.0},{"damage":7.0,"enemies":"Fading Forest","floor":16.0,"turns":11.0},{"damage":10.0,"enemies":"Shell Parasite","floor":18.0,"turns":5.0},{"damage":21.0,"enemies":"Centurion and Healer","floor":20.0,"turns":5.0},{"damage":0.0,"enemies":"Cultist and Chosen","floor":22.0,"turns":5.0},{"damage":1.0,"enemies":"conspire:HollyBat","floor":24.0,"turns":6.0},{"damage":0.0,"enemies":"HollowMod:Nosk","floor":25.0,"turns":2.0},{"damage":0.0,"enemies":"Replay:Snechameleon","floor":27.0,"turns":3.0},{"damage":0.0,"enemies":"Gremlin Leader","floor":30.0,"turns":4.0},{"damage":11.0,"enemies":"Centurion and Healer","floor":31.0,"turns":4.0},{"damage":29.0,"enemies":"conspire:MysteriousRune","floor":33.0,"turns":7.0},{"damage":29.0,"enemies":"3 Darklings","floor":35.0,"turns":5.0},{"damage":0.0,"enemies":"3 Darklings","floor":38.0,"turns":2.0},{"damage":11.0,"enemies":"Giant Head","floor":39.0,"turns":8.0},{"damage":8.0,"enemies":"Reptomancer","floor":41.0,"turns":2.0},{"damage":3.0,"enemies":"Nemesis","floor":42.0,"turns":3.0},{"damage":20.0,"enemies":"Reptomancer","floor":44.0,"turns":4.0},{"damage":11.0,"enemies":"3 Shapes","floor":46.0,"turns":4.0},{"damage":1.0,"enemies":"Jaw Worm Horde","floor":47.0,"turns":3.0},{"damage":24.0,"enemies":"Nemesis","floor":48.0,"turns":3.0},{"damage":32,"enemies":"infinitespire:MassOfShapes","floor":50,"turns":4},{"damage":0,"enemies":"Shield and Spear","floor":54,"turns":3},{"damage":72,"enemies":"The Heart","floor":55,"turns":6}],"seed_played":"9077354485578399327","potions_obtained":[{"floor":2.0,"key":"Cursed Concoction"},{"floor":3.0,"key":"blueLaboratory:CorrosionFlask"},{"floor":6.0,"key":"ColorlessPotion"},{"floor":8.0,"key":"FearPotion"},{"floor":13.0,"key":"ColorlessPotion"},{"floor":14.0,"key":"AttackPotion"},{"floor":18.0,"key":"Elixir"},{"floor":22.0,"key":"DemoMod:LeadSkinPotion"},{"floor":24.0,"key":"jedi:wingpotion"},{"floor":27.0,"key":"blueLaboratory:BubblePotion"},{"floor":31.0,"key":"Dexterity Potion"},{"floor":33.0,"key":"jedi:wingpotion"},{"floor":35.0,"key":"blueLaboratory:BottledHope"},{"floor":41.0,"key":"construct:ShiftPotion"},{"floor":47.0,"key":"blueLaboratory:FruitPunch"},{"floor":48.0,"key":"Fire Potion"},{"floor":54,"key":"LiquidMemories"}],"is_trial":false,"path_per_floor":["M","M","M","?","$","E","M","E","T","E","M","R","E","M","R","B",null,"M","?","M","?","M","R","M","E","T","E","R","?","E","M","R_BF","B",null,"M","AVR","?","?","E","R","E","E","T","E","R","M","M","E","R","B",null,"$","R","E","B",null],"character_chosen":"HIEROPHANT","items_purchased":["hierophant:SolarFlare","infinitespire:Satchel"],"campfire_rested":4,"item_purchase_floors":[5,52],"current_hp_per_floor":[70,69,66,66,66,66,42,35,35,34,34,56,44,44,44,61,75,65,65,44,69,69,69,68,68,68,68,68,48,50,41,63,36,75,46,46,46,48,39,61,64,63,63,45,67,72,73,51,73,53,75,75,75,77,5],"gold":338,"neow_bonus":"REMOVE_CARD","is_daily":false,"chose_seed":false,"campfire_upgraded":6,"win_rate":0.0,"timestamp":1611933462,"path_taken":["M","M","M","?","$","E","M","E","T","E","M","R","E","M","R","BOSS","M","?","M","?","M","R","M","E","T","E","R","?","E","?","R_BF","BOSS","M","AVR","?","?","E","R","E","E","T","E","R","M","M","E","R","BOSS","$","R","E","BOSS"],"items_purchased_type":["Card","Relic"],"build_version":"2020-12-22","purchased_purges":1,"victory":true,"max_hp_per_floor":[75,75,75,75,75,75,75,75,75,75,75,75,75,75,75,75,75,75,75,75,75,75,75,75,75,75,75,75,75,75,75,75,75,75,75,75,75,75,75,75,75,75,75,75,75,75,75,75,75,75,75,75,75,77,77],"relic_stats":{"Blood Vial":24,"counters":[32,147],"Art of War":[3],"obtain_stats":[{"Potion Belt":48,"Replay:Accelerometer":6,"hubris:Metronome":54,"hierophant:PropheticMaskRelic":0,"DemoMod:GlassGuonStoneRelic":7,"reliquary:TatteredRug":43,"infinitespire:Lucky Rock":13,"infinitespire:Magic Flask":25,"Akabeko":10,"Mercury Hourglass":8,"jedi:shrinkray":41,"Blood Vial":29,"reliquary:JackalopeAntler":42,"SlaversCollar":34,"infinitespire:Broken Mirror":9,"infinitespire:Satchel":52,"beaked:MawFillet":17,"Art of War":27,"reliquary:Knoch":30,"halation:AfternoonTea":39,"DemoMod:Bottle":44},{"Potion Belt":29,"Replay:Accelerometer":4,"hubris:Metronome":31,"hierophant:PropheticMaskRelic":0,"DemoMod:GlassGuonStoneRelic":5,"reliquary:TatteredRug":25,"infinitespire:Lucky Rock":9,"infinitespire:Magic Flask":16,"Akabeko":7,"Mercury Hourglass":6,"jedi:shrinkray":24,"Blood Vial":17,"reliquary:JackalopeAntler":25,"SlaversCollar":20,"infinitespire:Broken Mirror":6,"infinitespire:Satchel":30,"beaked:MawFillet":11,"Art of War":17,"reliquary:Knoch":18,"halation:AfternoonTea":23,"DemoMod:Bottle":26},{"Potion Belt":134,"Replay:Accelerometer":21,"hubris:Metronome":141,"hierophant:PropheticMaskRelic":0,"DemoMod:GlassGuonStoneRelic":26,"reliquary:TatteredRug":120,"infinitespire:Lucky Rock":45,"infinitespire:Magic Flask":82,"Akabeko":39,"Mercury Hourglass":34,"jedi:shrinkray":117,"Blood Vial":85,"reliquary:JackalopeAntler":120,"SlaversCollar":100,"infinitespire:Broken Mirror":34,"infinitespire:Satchel":138,"beaked:MawFillet":59,"Art of War":85,"reliquary:Knoch":89,"halation:AfternoonTea":115,"DemoMod:Bottle":124}],"Mercury Hourglass":[438]},"card_choices":[{"not_picked":["hierophant:Empathy","hierophant:CursedGold"],"picked":"hierophant:Glossolalia","floor":1.0},{"not_picked":["hierophant:Exaltation","hierophant:AuricBeam"],"picked":"hierophant:ArchangelShield","floor":2.0},{"not_picked":["hierophant:CursedGold","hierophant:Shelter","hierophant:Doubloon"],"picked":"SKIP","floor":3.0},{"not_picked":["hierophant:SolarFlare","hierophant:Flagellation"],"picked":"hierophant:Doubloon","floor":6.0},{"not_picked":["hierophant:Repentance","hierophant:Glossolalia"],"picked":"hierophant:HammerAndAnvil","floor":7.0},{"not_picked":["hierophant:FaithHealing","hierophant:RustyCrate"],"picked":"hierophant:Remorse","floor":8.0},{"not_picked":["hierophant:SealAway","hierophant:Remorse"],"picked":"hierophant:Alms","floor":10.0},{"not_picked":["hierophant:Smite","hierophant:Racketeering","hierophant:LocustPlague"],"picked":"SKIP","floor":11.0},{"not_picked":["hierophant:HolyVerse","hierophant:RustyCrate"],"picked":"hierophant:DisplayOfPower","floor":13.0},{"not_picked":["hierophant:Sermon","hierophant:Zeal","hierophant:CoinFling"],"picked":"SKIP","floor":14.0},{"not_picked":["hierophant:Invocation","hierophant:Anathema"],"picked":"hierophant:Kindle","floor":16.0},{"not_picked":["hierophant:Sermon","hierophant:RepressedViolence"],"picked":"hierophant:OrnateBuckler","floor":18.0},{"not_picked":["hierophant:MirrorShield","hierophant:Zeal","hierophant:Blessing"],"picked":"SKIP","floor":20.0},{"not_picked":["hierophant:Encroach","hierophant:Shelter"],"picked":"hierophant:Chorus+1","floor":22.0},{"not_picked":["hierophant:RepressedViolence","hierophant:Blessing","hierophant:Batter"],"picked":"SKIP","floor":24.0},{"not_picked":["hierophant:PassingBell","hierophant:FlamingChariot+1","hierophant:Encroach"],"picked":"SKIP","floor":25.0},{"not_picked":["hierophant:Shelter","hierophant:SealAway"],"picked":"hierophant:Remorse+1","floor":27.0},{"not_picked":["hierophant:CursedGold+1","hierophant:MintersHammer","hierophant:Exaltation+1"],"picked":"SKIP","floor":30.0},{"not_picked":["hierophant:DisplayOfPower","hierophant:Smite","hierophant:Zeal"],"picked":"SKIP","floor":31.0},{"not_picked":["hierophant:Generosity","hierophant:DeathKnell"],"picked":"hierophant:AuricForm","floor":33.0},{"not_picked":["hierophant:CoinFling","hierophant:Encroach","hierophant:HolyVerse+1"],"picked":"SKIP","floor":35.0},{"not_picked":["hierophant:CursedGold+1","hierophant:Flagellation","hierophant:Repentance"],"picked":"SKIP","floor":39.0},{"not_picked":["hierophant:AuricForm","hierophant:FlamingChariot+1","hierophant:RepressedViolence"],"picked":"SKIP","floor":41.0},{"not_picked":["hierophant:DisplayOfPower","hierophant:Endure","hierophant:MirrorShield"],"picked":"SKIP","floor":42.0},{"not_picked":["hierophant:RepressedViolence+1","hierophant:Zeal"],"picked":"hierophant:BulkyChest","floor":44.0},{"not_picked":["hierophant:Exaltation+1","hierophant:ArchangelShield+1","hierophant:TollTheBells"],"picked":"SKIP","floor":46.0},{"not_picked":["hierophant:Smite+1","hierophant:TollTheBells","hierophant:Sermon"],"picked":"SKIP","floor":47.0},{"not_picked":["hierophant:Shelter","hierophant:Kindle","hierophant:Sermon"],"picked":"SKIP","floor":48.0},{"not_picked":["hierophant:Remorse+1","hierophant:AuricBeam","hierophant:Endure"],"picked":"SKIP","floor":54}],"player_experience":883782,"relics_obtained":[{"floor":6.0,"key":"Replay:Accelerometer"},{"floor":8.0,"key":"Mercury Hourglass"},{"floor":9.0,"key":"infinitespire:Broken Mirror"},{"floor":10.0,"key":"Akabeko"},{"floor":13.0,"key":"infinitespire:Lucky Rock"},{"floor":25.0,"key":"infinitespire:Magic Flask"},{"floor":27.0,"key":"Art of War"},{"floor":30.0,"key":"reliquary:Knoch"},{"floor":39.0,"key":"halation:AfternoonTea"},{"floor":41.0,"key":"jedi:shrinkray"},{"floor":42.0,"key":"reliquary:JackalopeAntler"},{"floor":43.0,"key":"reliquary:TatteredRug"},{"floor":44.0,"key":"DemoMod:Bottle"},{"floor":48.0,"key":"Potion Belt"},{"floor":54,"key":"hubris:Metronome"}],"event_choices":[{"damage_healed":0.0,"max_hp_gain":0.0,"max_hp_loss":0.0,"gold_gain":0.0,"event_name":"conspire:LoneGhost","player_choice":"Disagree","floor":4.0,"gold_loss":0.0,"damage_taken":0.0},{"damage_healed":25.0,"max_hp_gain":0.0,"max_hp_loss":0.0,"gold_gain":0.0,"event_name":"The Library","player_choice":"Heal","floor":21.0,"gold_loss":0.0,"damage_taken":0.0},{"damage_healed":0.0,"max_hp_gain":68.0,"max_hp_loss":48.0,"gold_gain":0.0,"event_name":"betterAltar:BetterAltar","player_choice":" Vial ","floor":29.0,"potions_obtained":[],"relics_lost":[],"gold_loss":0.0,"damage_taken":20.0,"relics_obtained":["Blood Vial"]}],"is_beta":false,"boss_relics":[{"not_picked":["Calling Bell","halation:LoveArrow"],"picked":"beaked:MawFillet"},{"not_picked":["hubris:GrandSneckoEye","hubris:CrackedHourglass"],"picked":"SlaversCollar"}],"items_purged_floors":[36],"is_endless":false,"potions_floor_spawned":[2,3,6,8,13,14,18,22,24,27,31,33,35,41,47,48,54],"ascension_level":1}}