{"host":"pszcj3piwl6eu8b1","time":1611951861,"event":{"mods":["2.2 Compatiblity","Act Like it!","Aspiration","BaseMod","Better Altar","Better Match","Better Note","Better Sensory Stone","Better Skull","Better Third Choice","Better Vampires","CCEM2","Downfall","Elementarium","Energized Spire","Gensokyo","GifTheSpireLib","Hallownest","Hubris","Marisa????????","Menagerie","Minty Spire (QoL Compilation)","Permanent Neow","Quarter Circle Forward PUNCH!","Quick Restart","Replay The Spire","Shop Mod","StSLib","Stuff the Spire","The Animator","The Blue Laboratory"],"gold_per_floor":[0,17,34,34,65,65,92,122,22,39,53,53,73,73,73],"floor_reached":14,"language":"ENG","playtime":826,"items_purged":[],"score":168,"play_id":"6c44a96f-c02a-43f6-9e59-f8e465986845","local_time":"20210129122421","is_ascension_mode":true,"campfire_choices":[{"data":"animator:LuciaKonohana","floor":9.0,"key":"SMITH"}],"circlet_count":0,"master_deck":["AscendersBane","animator:Strike_Rewrite","animator:Defend_Rewrite","animator:Strike","animator:Strike","animator:Defend","animator:YoshinoHaruhiko","animator:ShizuruNakatsu","animator:YoshinoHaruhiko","animator:Fredrika","animator:ZankiKiguchi","animator:MisaKurobane","animator:Mitsurugi","animator:LuciaKonohana+1"],"relics":["animator:LivingPicture","animator:TheMissingPiece","animator:PurgingStone","downfall:HeartBlessingBlue","Hallownest:DreamNailRelic"],"acts_visited":["Hallownest:Greenpath"],"potions_floor_usage":[],"damage_taken":[{"damage":6.0,"enemies":"Hallownest:2_MossCreeps","floor":2.0,"turns":4.0},{"damage":5.0,"enemies":"Hallownest:2_Baldur","floor":3.0,"turns":3.0},{"damage":14.0,"enemies":"Hallownest:Wandering_and_Horned","floor":5.0,"turns":3.0},{"damage":8.0,"enemies":"Hallownest:monsterFoolEater","floor":8.0,"turns":3.0},{"damage":7,"enemies":"Hallownest:2_Tiktiks_1_Baldur_1_Crawlid","floor":10,"turns":2},{"damage":14,"enemies":"Hallownest:Guard_and_Warrior","floor":11,"turns":3},{"damage":8,"enemies":"Hallownest:1_Baldur_1_Crawlid_1_Warrior","floor":13,"turns":4},{"damage":10,"enemies":"Hallownest:eliteVengeflyKing","floor":14,"turns":1}],"seed_played":"-5857647294332598617","potions_obtained":[{"floor":2.0,"key":"blueLaboratory:BottleOfVodka"},{"floor":3.0,"key":"GamblersBrew"},{"floor":11,"key":"blueLaboratory:CorrosionFlask"},{"floor":13,"key":"blueLaboratory:PhilterOfMotion"}],"is_trial":false,"path_per_floor":["R","M","?","?","M","?","T","M","R","M","M","?","M","E"],"character_chosen":"THE_ANIMATOR","items_purchased":[],"campfire_rested":0,"item_purchase_floors":[],"current_hp_per_floor":[54,48,43,43,29,29,29,21,31,24,10,10,2,0,0],"gold":73,"neow_bonus":"REMOVE_TWO","is_daily":false,"chose_seed":true,"campfire_upgraded":1,"win_rate":0.0,"timestamp":1611951861,"path_taken":["R","M","?","?","M","?","T","?","R","M","M","?","M","E"],"items_purchased_type":[],"build_version":"2020-12-22","purchased_purges":0,"victory":false,"max_hp_per_floor":[60,60,60,60,60,60,60,60,70,70,70,70,70,70,70],"card_choices":[{"not_picked":["animator:Sebas","animator:Guy"],"picked":"animator:Fredrika","floor":2.0},{"not_picked":["animator:TukaLunaMarceau","animator:Hakurou"],"picked":"animator:ZankiKiguchi","floor":3.0},{"not_picked":["animator:Kuroyukihime","animator:NaoTomori"],"picked":"animator:MisaKurobane","floor":4.0},{"not_picked":["animator:Shuna","animator:Shinoa"],"picked":"animator:Mitsurugi","floor":5.0},{"not_picked":["animator:YoshinoHaruhiko","animator:ChihayaOhtori"],"picked":"animator:LuciaKonohana","floor":8.0},{"not_picked":["animator:Entoma","animator:NarberalGamma","animator:Verdia"],"picked":"SKIP","floor":10},{"not_picked":["animator:TsurugaMeisai","animator:MamiTomoe","animator:PandorasActor"],"picked":"SKIP","floor":11},{"not_picked":["animator:Mitsuba","animator:Kuribayashi","animator:Shuna"],"picked":"SKIP","floor":13}],"player_experience":1402668,"relics_obtained":[],"event_choices":[],"is_beta":false,"boss_relics":[],"items_purged_floors":[],"is_endless":false,"potions_floor_spawned":[2,3,11,13],"killed_by":"Hallownest:eliteVengeflyKing","ascension_level":20}}