{"host":"lktusdb9orijgc6z","time":1611930891,"event":{"mods":["BaseMod","Bestiary","Colored Map","Colored Powertips","Minty Spire (QoL Compilation)","Permanent Neow","Quick Restart","Relic Stats","StSLib","everything is the same but u backflip on backflip","slay the spire mod where everything is the same but ironclad has a cowboy hat"],"gold_per_floor":[115,115,131,96,112,139,151,176,252,252,252],"floor_reached":10,"language":"ENG","playtime":369,"items_purged":[],"score":156,"play_id":"a3364ba1-eab6-4623-aad5-c68b89526116","local_time":"20210129153451","is_ascension_mode":true,"campfire_choices":[],"circlet_count":0,"master_deck":["AscendersBane","Strike_B","Strike_B","Strike_B","Strike_B","Defend_B","Defend_B","Defend_B","Defend_B","Zap","Dualcast","Chill","Tempest","Reinforced Body","Rebound","Hello World","Capacitor"],"relics":["Velvet Choker","InkBottle","Calipers","Regal Pillow","Eternal Feather"],"acts_visited":["Exordium"],"potions_floor_usage":[6,6,10],"damage_taken":[{"damage":5,"enemies":"Small Slimes","floor":1,"turns":3},{"damage":2,"enemies":"Jaw Worm","floor":3,"turns":4},{"damage":1,"enemies":"Cultist","floor":5,"turns":3},{"damage":15,"enemies":"3 Sentries","floor":6,"turns":6},{"damage":6,"enemies":"Looter","floor":7,"turns":3},{"damage":13,"enemies":"Lagavulin","floor":8,"turns":6},{"damage":41,"enemies":"Gremlin Nob","floor":10,"turns":3}],"seed_played":"-7667657608293044630","potions_obtained":[{"floor":1,"key":"FocusPotion"},{"floor":5,"key":"Regen Potion"},{"floor":8,"key":"Swift Potion"}],"is_trial":false,"path_per_floor":["M","?","M","?","M","E","M","E","T","E"],"character_chosen":"DEFECT","items_purchased":[],"campfire_rested":0,"item_purchase_floors":[],"current_hp_per_floor":[59,33,31,48,47,47,41,28,28,0,0],"gold":252,"neow_bonus":"BOSS_RELIC","is_daily":false,"chose_seed":false,"campfire_upgraded":0,"win_rate":0.0,"timestamp":1611930891,"path_taken":["M","?","M","?","M","E","M","E","T","E"],"items_purchased_type":[],"build_version":"2020-12-22","purchased_purges":0,"victory":false,"max_hp_per_floor":[71,71,71,71,71,71,71,71,71,71,71],"relic_stats":{"Regal Pillow":0,"counters":[7,28],"Eternal Feather":0,"obtain_stats":[{"Regal Pillow":8,"Calipers":6,"Velvet Choker":0,"Eternal Feather":9,"Cracked Core":0,"InkBottle":2},{"Regal Pillow":6,"Calipers":4,"Velvet Choker":0,"Eternal Feather":6,"Cracked Core":0,"InkBottle":1},{"Regal Pillow":25,"Calipers":16,"Velvet Choker":0,"Eternal Feather":25,"Cracked Core":0,"InkBottle":3}],"InkBottle":[6]},"card_choices":[{"not_picked":["Leap","BootSequence"],"picked":"Chill","floor":1},{"not_picked":["Turbo","Rebound"],"picked":"Tempest","floor":3},{"not_picked":["Redo","Steam"],"picked":"Reinforced Body","floor":5},{"not_picked":["Leap","White Noise"],"picked":"Rebound","floor":6},{"not_picked":["Beam Cell","Steam"],"picked":"Hello World","floor":7},{"not_picked":["Blizzard","Leap"],"picked":"Capacitor","floor":8}],"player_experience":714967,"relics_obtained":[{"floor":6,"key":"Calipers"},{"floor":8,"key":"Regal Pillow"},{"floor":9,"key":"Eternal Feather"}],"event_choices":[{"damage_healed":0,"gold_gain":0,"player_choice":"Success","damage_taken":26,"relics_obtained":["InkBottle"],"max_hp_gain":0,"max_hp_loss":0,"event_name":"Scrap Ooze","floor":2,"gold_loss":0},{"damage_healed":17,"gold_gain":0,"player_choice":"Healed","damage_taken":0,"max_hp_gain":0,"max_hp_loss":0,"event_name":"The Cleric","floor":4,"gold_loss":35}],"is_beta":false,"boss_relics":[],"items_purged_floors":[],"is_endless":false,"potions_floor_spawned":[1,5,8],"killed_by":"Gremlin Nob","ascension_level":20}}