{"host":"dhlnk6yox2l1s6up","time":1611936015,"event":{"mods":["BaseMod","Bestiary","Colored Map","Highlight Path","Minty Spire (QoL Compilation)","Relic Stats","StSLib"],"gold_per_floor":[111,127,77,97,97,138,138,176,176,221,243,243,243,270,270,398,398,422,455,473,501,34,82,105,130,162,162,162,162,175,215,215,355,382,411,783,783,783,812,860,860,860,860,860,890,932,966,988,988,988,988,988,123,159,159],"floor_reached":56,"language":"ENG","playtime":4927,"items_purged":["Strike_P","Writhe"],"score":1875,"play_id":"76116e8d-c84f-406b-8bd5-87f13d21b3cc","local_time":"20210129100015","is_ascension_mode":true,"campfire_choices":[{"data":"WheelKick","floor":7.0,"key":"SMITH"},{"data":"Ragnarok","floor":12.0,"key":"SMITH"},{"data":"MentalFortress","floor":15.0,"key":"SMITH"},{"floor":27.0,"key":"RECALL"},{"floor":32.0,"key":"REST"},{"data":"SashWhip","floor":42.0,"key":"SMITH"},{"floor":49.0,"key":"REST"},{"data":"SpiritShield","floor":52.0,"key":"SMITH"}],"circlet_count":0,"master_deck":["Eruption","Vigilance","ThirdEye","Swivel","WheelKick+1","Alpha","MentalFortress+1","Ragnarok+1","EmptyFist","MentalFortress","SpiritShield+1","ClearTheMind","Collect","TalkToTheHand+1","Crescendo","WheelKick+1","TalkToTheHand+1","TalkToTheHand","InnerPeace","SashWhip+1","Wallop+1","Scrawl","LikeWater+1","Prostrate+1","Swivel+1","EmptyFist+1","MentalFortress+1","ClearTheMind","WheelKick+1","Parasite","Tantrum","CrushJoints+1","ThirdEye+1","Wireheading","Dark Shackles"],"relics":["Snecko Eye","Golden Idol","Tiny Chest","Pear","CeramicFish","Cursed Key","DollysMirror","Bronze Scales","PreservedInsect","Whetstone","Bag of Marbles","Ancient Tea Set","Astrolabe","Old Coin","Ornamental Fan","Bottled Lightning","ClockworkSouvenir","Vajra","Lantern","Mango"],"acts_visited":["Exordium","TheCity","TheBeyond","TheEnding"],"potions_floor_usage":[55,55,55],"damage_taken":[{"damage":0.0,"enemies":"Jaw Worm","floor":1.0,"turns":2.0},{"damage":0.0,"enemies":"2 Louse","floor":2.0,"turns":2.0},{"damage":7.0,"enemies":"Small Slimes","floor":4.0,"turns":4.0},{"damage":19.0,"enemies":"3 Sentries","floor":6.0,"turns":7.0},{"damage":8.0,"enemies":"Lagavulin","floor":8.0,"turns":4.0},{"damage":15.0,"enemies":"Gremlin Nob","floor":10.0,"turns":4.0},{"damage":0.0,"enemies":"Exordium Wildlife","floor":11.0,"turns":2.0},{"damage":0.0,"enemies":"Red Slaver","floor":14.0,"turns":1.0},{"damage":0.0,"enemies":"Hexaghost","floor":16.0,"turns":5.0},{"damage":0.0,"enemies":"Chosen","floor":18.0,"turns":5.0},{"damage":0.0,"enemies":"3 Byrds","floor":19.0,"turns":5.0},{"damage":2.0,"enemies":"Cultist and Chosen","floor":21.0,"turns":5.0},{"damage":9.0,"enemies":"Gremlin Leader","floor":23.0,"turns":6.0},{"damage":1.0,"enemies":"Chosen and Byrds","floor":24.0,"turns":3.0},{"damage":0.0,"enemies":"Snake Plant","floor":25.0,"turns":2.0},{"damage":0.0,"enemies":"Centurion and Healer","floor":30.0,"turns":4.0},{"damage":4.0,"enemies":"Slavers","floor":31.0,"turns":4.0},{"damage":48.0,"enemies":"Collector","floor":33.0,"turns":9.0},{"damage":0.0,"enemies":"3 Shapes","floor":35.0,"turns":5.0},{"damage":0.0,"enemies":"Mind Bloom Boss Battle","floor":36.0,"turns":6.0},{"damage":2.0,"enemies":"3 Darklings","floor":39.0,"turns":5.0},{"damage":0.0,"enemies":"Nemesis","floor":40.0,"turns":7.0},{"damage":0.0,"enemies":"4 Shapes","floor":41.0,"turns":1.0},{"damage":0.0,"enemies":"Writhing Mass","floor":45.0,"turns":6.0},{"damage":29.0,"enemies":"Reptomancer","floor":46.0,"turns":7.0},{"damage":2.0,"enemies":"3 Darklings","floor":47.0,"turns":4.0},{"damage":22.0,"enemies":"4 Shapes","floor":48.0,"turns":4.0},{"damage":0.0,"enemies":"Awakened One","floor":50.0,"turns":11.0},{"damage":10.0,"enemies":"Shield and Spear","floor":54.0,"turns":3.0},{"damage":19,"enemies":"The Heart","floor":55,"turns":7}],"seed_played":"-6550083986053495333","potions_obtained":[{"floor":4.0,"key":"Energy Potion"},{"floor":6.0,"key":"Ancient Potion"},{"floor":11.0,"key":"Energy Potion"},{"floor":18.0,"key":"ColorlessPotion"},{"floor":19.0,"key":"Explosive Potion"},{"floor":30.0,"key":"BottledMiracle"},{"floor":33.0,"key":"SmokeBomb"},{"floor":40.0,"key":"StancePotion"},{"floor":47.0,"key":"Swift Potion"}],"is_trial":false,"path_per_floor":["M","M","?","M","?","E","R","E","T","E","M","R","?","M","R","B",null,"M","M","?","M","$","E","M","M","T","R","?","T","M","E","R","B",null,"M","?","?","T","M","E","M","R","T","?","M","E","M","M","R","B",null,"R","$","E","B",null],"character_chosen":"WATCHER","items_purchased":["TalkToTheHand","DollysMirror","InnerPeace","Bronze Scales","ClockworkSouvenir","Vajra","Lantern","Fruit Juice","Dexterity Potion","SteroidPotion","Wireheading","Dark Shackles"],"campfire_rested":2,"item_purchase_floors":[22,22,22,22,53,53,53,53,53,53,53,53],"current_hp_per_floor":[65,65,65,58,58,39,39,41,41,26,26,26,19,19,19,19,63,63,63,63,61,61,52,51,51,51,51,51,51,51,47,70,22,63,63,63,63,63,61,61,61,61,61,61,61,32,30,8,29,29,62,62,67,71,52],"gold":159,"neow_bonus":"BOSS_RELIC","is_daily":false,"chose_seed":false,"campfire_upgraded":5,"win_rate":0.0,"timestamp":1611936015,"path_taken":["M","M","?","M","?","E","R","E","T","E","M","R","?","M","R","BOSS","M","M","?","M","$","E","M","M","T","R","?","?","?","E","R","BOSS","M","?","?","?","M","E","?","R","T","?","M","E","M","M","R","BOSS","R","$","E","BOSS"],"items_purchased_type":["Card","Relic","Card","Relic","Relic","Relic","Relic","Potion","Potion","Potion","Card","Card"],"build_version":"2020-12-22","purchased_purges":2,"victory":true,"max_hp_per_floor":[72,72,72,72,67,67,67,77,77,77,77,77,77,77,77,77,77,77,77,77,77,77,77,77,77,77,77,77,77,77,77,77,77,77,77,77,77,77,77,77,77,77,77,73,73,73,73,73,73,73,73,73,78,92,92],"relic_stats":{"counters":[30,140],"Golden Idol":227,"Ornamental Fan":[72],"CeramicFish":261,"Bronze Scales":[368],"Astrolabe":["LikeWater","Prostrate","Swivel"],"Snecko Eye":[246,255,279,279],"Tiny Chest":2,"PreservedInsect":230,"Whetstone":["TalkToTheHand","TalkToTheHand"],"Cursed Key":1,"obtain_stats":[{"Lantern":53,"Pear":8,"Golden Idol":5,"CeramicFish":10,"Astrolabe":34,"Vajra":53,"Mango":54,"PreservedInsect":23,"Whetstone":26,"Cursed Key":17,"Ancient Tea Set":31,"Old Coin":36,"ClockworkSouvenir":53,"DollysMirror":22,"Ornamental Fan":40,"Bronze Scales":22,"Snecko Eye":0,"Tiny Chest":6,"Bag of Marbles":28,"Bottled Lightning":46,"PureWater":0},{"Lantern":28,"Pear":5,"Golden Idol":3,"CeramicFish":6,"Astrolabe":18,"Vajra":28,"Mango":29,"PreservedInsect":13,"Whetstone":15,"Cursed Key":9,"Ancient Tea Set":17,"Old Coin":20,"ClockworkSouvenir":28,"DollysMirror":12,"Ornamental Fan":22,"Bronze Scales":12,"Snecko Eye":0,"Tiny Chest":4,"Bag of Marbles":15,"Bottled Lightning":25,"PureWater":0},{"Lantern":130,"Pear":19,"Golden Idol":8,"CeramicFish":23,"Astrolabe":74,"Vajra":130,"Mango":133,"PreservedInsect":52,"Whetstone":57,"Cursed Key":31,"Ancient Tea Set":65,"Old Coin":85,"ClockworkSouvenir":130,"DollysMirror":46,"Ornamental Fan":97,"Bronze Scales":46,"Snecko Eye":0,"Tiny Chest":15,"Bag of Marbles":57,"Bottled Lightning":111,"PureWater":0}]},"card_choices":[{"not_picked":["FlyingSleeves","EmptyBody"],"picked":"ThirdEye","floor":1.0},{"not_picked":["PathToVictory","BowlingBash"],"picked":"Swivel","floor":2.0},{"not_picked":["EmptyFist","Tantrum"],"picked":"WheelKick","floor":4.0},{"not_picked":["Vengeance","Pray"],"picked":"Alpha","floor":6.0},{"not_picked":["WreathOfFlame","FlurryOfBlows"],"picked":"MentalFortress","floor":8.0},{"not_picked":["FollowUp","Collect"],"picked":"Ragnarok","floor":10.0},{"not_picked":["FlyingSleeves","Protect"],"picked":"EmptyFist","floor":11.0},{"not_picked":["PathToVictory","CutThroughFate"],"picked":"MentalFortress","floor":14.0},{"not_picked":["Scrawl","Judgement"],"picked":"SpiritShield","floor":16.0},{"not_picked":["SandsOfTime+1","FlurryOfBlows+1"],"picked":"ClearTheMind","floor":18.0},{"not_picked":["Consecrate","ThirdEye"],"picked":"Collect","floor":19.0},{"not_picked":["Consecrate","Protect"],"picked":"WheelKick+1","floor":21.0},{"not_picked":["WindmillStrike+1","BattleHymn"],"picked":"SashWhip","floor":23.0},{"not_picked":["Crescendo","ClearTheMind","ConjureBlade"],"picked":"SKIP","floor":24.0},{"not_picked":["Pray","CrushJoints"],"picked":"Wallop+1","floor":25.0},{"not_picked":["Evaluate","CutThroughFate","BowlingBash"],"picked":"SKIP","floor":30.0},{"not_picked":["CutThroughFate","ClearTheMind","Evaluate"],"picked":"SKIP","floor":31.0},{"not_picked":["SpiritShield","MasterReality"],"picked":"Scrawl","floor":33.0},{"not_picked":["Nirvana+1","Prostrate+1"],"picked":"EmptyFist+1","floor":35.0},{"not_picked":["ThirdEye+1","Study+1"],"picked":"MentalFortress+1","floor":36.0},{"not_picked":["FollowUp","Vengeance"],"picked":"ClearTheMind","floor":39.0},{"not_picked":["MentalFortress","Protect+1"],"picked":"WheelKick+1","floor":40.0},{"not_picked":["EmptyBody+1","CrushJoints","Prostrate"],"picked":"SKIP","floor":45.0},{"not_picked":["FollowUp+1","Evaluate"],"picked":"Tantrum","floor":46.0},{"not_picked":["Prostrate+1","Judgement"],"picked":"CrushJoints+1","floor":47.0},{"not_picked":["JustLucky","LikeWater+1"],"picked":"ThirdEye+1","floor":48.0},{"not_picked":["PathToVictory+1","CrushJoints","Perseverance+1"],"picked":"SKIP","floor":54.0}],"player_experience":6019534,"relics_obtained":[{"floor":6.0,"key":"Tiny Chest"},{"floor":8.0,"key":"Pear"},{"floor":10.0,"key":"CeramicFish"},{"floor":23.0,"key":"PreservedInsect"},{"floor":26.0,"key":"Whetstone"},{"floor":31.0,"key":"Ancient Tea Set"},{"floor":36.0,"key":"Old Coin"},{"floor":40.0,"key":"Ornamental Fan"},{"floor":46.0,"key":"Bottled Lightning"},{"floor":54.0,"key":"Mango"}],"event_choices":[{"cards_removed":["Defend_P"],"damage_healed":0.0,"max_hp_gain":0.0,"max_hp_loss":0.0,"gold_gain":0.0,"event_name":"The Cleric","player_choice":"Card Removal","floor":3.0,"gold_loss":50.0,"damage_taken":0.0},{"damage_healed":0.0,"max_hp_gain":0.0,"max_hp_loss":5.0,"gold_gain":0.0,"event_name":"Golden Idol","player_choice":"Lose Max HP","floor":5.0,"gold_loss":0.0,"damage_taken":0.0,"relics_obtained":["Golden Idol"]},{"cards_removed":["Strike_P"],"damage_healed":0.0,"max_hp_gain":0.0,"max_hp_loss":0.0,"gold_gain":0.0,"event_name":"Golden Wing","player_choice":"Card Removal","floor":13.0,"gold_loss":0.0,"damage_taken":7.0},{"damage_healed":0.0,"max_hp_gain":0.0,"max_hp_loss":0.0,"gold_gain":0.0,"cards_transformed":["Strike_P","Strike_P"],"event_name":"Drug Dealer","player_choice":"Became Test Subject","floor":20.0,"gold_loss":0.0,"damage_taken":0.0,"cards_obtained":["TalkToTheHand","Crescendo"]},{"damage_healed":0.0,"max_hp_gain":0.0,"max_hp_loss":0.0,"gold_gain":0.0,"event_name":"WeMeetAgain","player_choice":"Gave Potion","floor":28.0,"gold_loss":0.0,"damage_taken":0.0,"relics_obtained":["Bag of Marbles"]},{"damage_healed":0.0,"max_hp_gain":0.0,"max_hp_loss":0.0,"gold_gain":0.0,"event_name":"MindBloom","player_choice":"Fight","floor":36.0,"gold_loss":0.0,"damage_taken":0.0},{"damage_healed":0.0,"max_hp_gain":0.0,"max_hp_loss":0.0,"gold_gain":0.0,"event_name":"Tomb of Lord Red Mask","player_choice":"Ignored","floor":37.0,"gold_loss":0.0,"damage_taken":0.0},{"damage_healed":0.0,"max_hp_gain":0.0,"max_hp_loss":4.0,"gold_gain":0.0,"event_name":"Winding Halls","player_choice":"Max HP","floor":44.0,"gold_loss":0.0,"damage_taken":0.0}],"is_beta":false,"boss_relics":[{"not_picked":["Tiny House","SacredBark"],"picked":"Cursed Key"},{"not_picked":["Sozu","Coffee Dripper"],"picked":"Astrolabe"}],"items_purged_floors":[22,53],"is_endless":false,"potions_floor_spawned":[4,6,11,18,19,30,33,40,41,47],"ascension_level":9}}