{"host":"65o06cdlhqyi1y6a","time":1611919686,"event":{"mods":["AchievementEnabler","BaseMod","Minty Spire (QoL Compilation)"],"gold_per_floor":[114,124,124,143,154,154,167,167,167,167,198,198,198,213,213,337,337,350,373,373,386,59,59,90,103,103,124,124,124,157,157,157,255,255,265,284,332,332,332],"floor_reached":38,"language":"ENG","playtime":4183,"items_purged":[],"score":446,"play_id":"3679bde7-a3a3-473e-ad0d-dfcd0eb4a508","local_time":"20210129222806","is_ascension_mode":false,"campfire_choices":[{"data":"Hello World","floor":6,"key":"SMITH"},{"data":"Storm","floor":8,"key":"SMITH"},{"data":"Rainbow","floor":12,"key":"SMITH"},{"data":"Dualcast","floor":15,"key":"SMITH"},{"data":"Multi-Cast","floor":23,"key":"SMITH"},{"floor":28,"key":"REST"},{"floor":32,"key":"REST"}],"circlet_count":0,"master_deck":["Defend_B","Defend_B","Defend_B","Defend_B","Zap","Dualcast+1","Ball Lightning","Self Repair","Storm+1","Hello World+1","Fusion","Injury","Rainbow+1","Barrage","Amplify","Consume+1","Multi-Cast+1","Storm+1","Beam Cell+1","Capacitor+1","Hello World+1","Reinforced Body","Bite","Bite","Bite","Bite","Bite","Buffer+1","CurseOfTheBell","Hologram+1","Force Field+1","Force Field"],"relics":["Cracked Core","HornCleat","Bloody Idol","Frozen Egg 2","Letter Opener","Velvet Choker","Chemical X","Bottled Flame","Pantograph","Red Mask","Calling Bell","Incense Burner","Eternal Feather","Toy Ornithopter","Gambling Chip"],"acts_visited":["Exordium","TheCity","TheBeyond"],"potions_floor_usage":[21,33,33,33],"damage_taken":[{"damage":7,"enemies":"2 Louse","floor":1,"turns":4},{"damage":1,"enemies":"Cultist","floor":2,"turns":3},{"damage":6,"enemies":"Jaw Worm","floor":4,"turns":3},{"damage":18,"enemies":"3 Louse","floor":5,"turns":4},{"damage":5,"enemies":"Looter","floor":7,"turns":4},{"damage":0,"enemies":"Gremlin Nob","floor":11,"turns":3},{"damage":2,"enemies":"Blue Slaver","floor":14,"turns":3},{"damage":27,"enemies":"The Guardian","floor":16,"turns":11},{"damage":0,"enemies":"Spheric Guardian","floor":18,"turns":3},{"damage":10,"enemies":"Shell Parasite","floor":19,"turns":5},{"damage":16,"enemies":"Snake Plant","floor":21,"turns":4},{"damage":53,"enemies":"Book of Stabbing","floor":24,"turns":5},{"damage":12,"enemies":"Centurion and Healer","floor":25,"turns":4},{"damage":16,"enemies":"Shelled Parasite and Fungi","floor":27,"turns":3},{"damage":21,"enemies":"Masked Bandits","floor":30,"turns":3},{"damage":51,"enemies":"Automaton","floor":33,"turns":7},{"damage":21,"enemies":"3 Shapes","floor":35,"turns":3},{"damage":5,"enemies":"3 Darklings","floor":36,"turns":5},{"damage":50,"enemies":"2 Orb Walkers","floor":37,"turns":5},{"damage":15,"enemies":"Writhing Mass","floor":38,"turns":1}],"seed_played":"6834645351671805580","potions_obtained":[{"floor":4,"key":"Block Potion"},{"floor":11,"key":"FocusPotion"},{"floor":14,"key":"Ancient Potion"},{"floor":24,"key":"DistilledChaos"},{"floor":36,"key":"SteroidPotion"}],"is_trial":false,"path_per_floor":["M","M","?","M","M","R","M","R","T","?","E","R","T","M","R","B",null,"M","M","?","M","$","R","E","M","T","M","R","?","?","?","R","B",null,"M","M","?","M"],"character_chosen":"DEFECT","items_purchased":["Chemical X","Multi-Cast","Storm+1"],"campfire_rested":2,"item_purchase_floors":[22,22,22],"current_hp_per_floor":[75,74,74,75,64,64,66,66,66,66,73,73,73,71,71,51,82,82,79,79,70,70,70,24,19,19,3,27,27,18,18,35,22,57,41,54,11,0,0],"gold":332,"neow_bonus":"TEN_PERCENT_HP_BONUS","is_daily":false,"chose_seed":false,"campfire_upgraded":5,"win_rate":0.0,"timestamp":1611919686,"path_taken":["M","M","?","M","?","R","M","R","T","?","E","R","?","M","R","BOSS","M","M","?","M","$","R","E","M","T","M","R","?","?","?","R","BOSS","M","M","?","M"],"items_purchased_type":["Relic","Card","Card"],"build_version":"2020-12-22","purchased_purges":0,"victory":false,"max_hp_per_floor":[82,82,82,82,82,82,82,82,82,82,82,82,82,82,82,82,82,82,82,82,82,82,82,82,82,82,82,82,82,82,57,57,57,57,57,57,57,57,57],"card_choices":[{"not_picked":["Beam Cell","Sweeping Beam"],"picked":"Ball Lightning","floor":1},{"not_picked":["Streamline","Go for the Eyes"],"picked":"Self Repair","floor":2},{"not_picked":["Cold Snap","White Noise"],"picked":"Storm","floor":4},{"not_picked":["Conserve Battery","Gash"],"picked":"Hello World","floor":5},{"not_picked":["Coolheaded","Leap"],"picked":"Fusion","floor":7},{"not_picked":["Go for the Eyes","Compile Driver"],"picked":"Rainbow","floor":11},{"not_picked":["Reprogram","Redo"],"picked":"Barrage","floor":14},{"not_picked":["Reboot","All For One"],"picked":"Amplify","floor":16},{"not_picked":["Leap","Tempest","Aggregate"],"picked":"SKIP","floor":18},{"not_picked":["Aggregate","Stack+1"],"picked":"Consume+1","floor":19},{"not_picked":["Compile Driver","Scrape","Fission"],"picked":"SKIP","floor":21},{"not_picked":["Conserve Battery","Blizzard"],"picked":"Beam Cell+1","floor":24},{"not_picked":["Hologram","Steam Power"],"picked":"Capacitor+1","floor":25},{"not_picked":["Skim","Hologram"],"picked":"Hello World+1","floor":27},{"not_picked":["Leap","Ball Lightning"],"picked":"Reinforced Body","floor":30},{"not_picked":["Reboot","Biased Cognition+1"],"picked":"Buffer+1","floor":33},{"not_picked":["Coolheaded","Ball Lightning"],"picked":"Hologram+1","floor":35},{"not_picked":["Go for the Eyes+1","Ball Lightning"],"picked":"Force Field+1","floor":36},{"not_picked":["Compile Driver","Barrage+1"],"picked":"Force Field","floor":37}],"player_experience":9362,"relics_obtained":[{"floor":9,"key":"HornCleat"},{"floor":11,"key":"Frozen Egg 2"},{"floor":13,"key":"Letter Opener"},{"floor":24,"key":"Bottled Flame"},{"floor":26,"key":"Pantograph"},{"floor":30,"key":"Red Mask"},{"floor":34,"key":"Incense Burner"},{"floor":34,"key":"Eternal Feather"},{"floor":34,"key":"Toy Ornithopter"},{"floor":37,"key":"Gambling Chip"}],"event_choices":[{"damage_healed":0,"gold_gain":0,"player_choice":"Ignored","damage_taken":0,"max_hp_gain":0,"max_hp_loss":0,"event_name":"Purifier","floor":3,"gold_loss":0},{"damage_healed":0,"gold_gain":0,"player_choice":"Take Wound","damage_taken":0,"relics_obtained":["Golden Idol"],"max_hp_gain":0,"max_hp_loss":0,"event_name":"Golden Idol","floor":10,"gold_loss":0,"cards_obtained":["Injury"]},{"damage_healed":0,"gold_gain":0,"player_choice":"Ignored","damage_taken":0,"max_hp_gain":0,"max_hp_loss":0,"event_name":"Beggar","floor":20,"gold_loss":0},{"damage_healed":0,"gold_gain":0,"player_choice":"Gave Idol","damage_taken":0,"relics_obtained":["Bloody Idol"],"max_hp_gain":0,"max_hp_loss":0,"event_name":"Forgotten Altar","floor":29,"relics_lost":["Golden Idol"],"gold_loss":0},{"damage_healed":0,"gold_gain":0,"player_choice":"Fought Bandits","damage_taken":0,"max_hp_gain":0,"max_hp_loss":0,"event_name":"Masked Bandits","floor":30,"gold_loss":0},{"damage_healed":0,"gold_gain":0,"player_choice":"Became a vampire","damage_taken":0,"max_hp_gain":0,"max_hp_loss":25,"event_name":"Vampires","floor":31,"gold_loss":0,"cards_obtained":["Bite","Bite","Bite","Bite","Bite"]},{"damage_healed":0,"gold_gain":0,"player_choice":"Fight","damage_taken":0,"max_hp_gain":0,"max_hp_loss":0,"event_name":"Mysterious Sphere","floor":37,"gold_loss":0}],"is_beta":false,"boss_relics":[{"not_picked":["SacredBark","Astrolabe"],"picked":"Velvet Choker"},{"not_picked":["SlaversCollar","Cursed Key"],"picked":"Calling Bell"}],"items_purged_floors":[],"is_endless":false,"potions_floor_spawned":[4,11,14,18,24,25,36],"killed_by":"Writhing Mass","ascension_level":0}}