{"host":"7jl4uf745pjtflnx","time":1611909946,"event":{"mods":["BaseMod","BetterRewards","Hubris","Minty Spire (QoL Compilation)","Replay The Spire","StSLib","SuperFastMode","The Construct"],"gold_per_floor":[110,125,125,137,148,179,179,193,220,234,253,284,294,344,344,417,417,437,32,82,96,96,96,123,123,123,42,62,62,96,110,110,185,185,198,213,213,227,0,0,29,29,54,88,88,101,101,112,112,112,112,112,24,52,52],"floor_reached":56,"language":"ENG","playtime":1901,"items_purged":["Strike_B","Strike_B","Strike_B","Strike_B","ReplayTheSpireMod:Doomed"],"score":2725,"play_id":"ac6c7856-d5dd-454b-96c5-7466fd6db896","local_time":"20210129034546","is_ascension_mode":true,"campfire_choices":[{"data":"Defragment","floor":7,"key":"SMITH"},{"floor":15,"key":"REST"},{"data":"ReplayTheSpireMod:Calculation Training","floor":23,"key":"SMITH"},{"data":"Amplify","floor":25,"key":"SMITH"},{"floor":29,"key":"REST"},{"floor":32,"key":"RECALL"},{"data":"Echo Form","floor":40,"key":"SMITH"},{"data":"Buffer","floor":47,"key":"SMITH"},{"data":"Shame","floor":49,"key":"PURGE"},{"data":"White Noise","floor":52,"key":"SMITH"}],"circlet_count":0,"master_deck":["AscendersBane","Defend_B","Defend_B","Defend_B","Defend_B","Dualcast","Tempest+1","Loop+1","Flash of Steel","Coolheaded","Cold Snap","Self Repair","Barrage","Defragment+1","White Noise+1","Ball Lightning","ReplayTheSpireMod:Calculation Training+1","Buffer+1","Sickly","Crystallizer+1","Amplify+1","Capacitor","Heatsinks+1","Heatsinks","Cold Snap","Coolheaded","Echo Form+1","Barrage+1","Turbo","Double Energy","Pot Of Greed","Pot Of Greed","Pot Of Greed","Skim","hubris:PowerSurge"],"relics":["Cracked Core","Runic Capacitor","Calipers","Guide Book","Strawberry","Singing Bowl","hubris:CuriousFeather","ReplayFunnel","hubris:TenFootPole","Replay:Ancient Bell","Replay:Wax Seal","Mummified Hand","Bird Faced Urn","hubris:BallOfYels","hubris:CrystalStatue","hubris:DeckOfHolding","hubris:CrackedHourglass","hubris:Towel","Red Mask","Art of War","Grinning Jar","Mirror","ReplayTheSpireMod:Lightbulb"],"acts_visited":["Exordium","TheCity","TheBeyond","TheEnding"],"potions_floor_usage":[5,8,8,12,30,48,55],"damage_taken":[{"damage":1,"enemies":"Cultist","floor":1,"turns":3},{"damage":2,"enemies":"2 Louse","floor":2,"turns":4},{"damage":0,"enemies":"Jaw Worm","floor":4,"turns":4},{"damage":21,"enemies":"Exordium Wildlife","floor":5,"turns":3},{"damage":5,"enemies":"Replay:BlueRogue","floor":6,"turns":7},{"damage":3,"enemies":"3 Louse","floor":8,"turns":3},{"damage":5,"enemies":"Large Slime","floor":10,"turns":4},{"damage":10,"enemies":"Gremlin Gang","floor":11,"turns":4},{"damage":9,"enemies":"Lagavulin","floor":12,"turns":4},{"damage":13,"enemies":"Lots of Slimes","floor":13,"turns":4},{"damage":21,"enemies":"Hexaghost","floor":16,"turns":6},{"damage":0,"enemies":"Chosen","floor":18,"turns":3},{"damage":28,"enemies":"3 Byrds","floor":21,"turns":4},{"damage":34,"enemies":"Book of Stabbing","floor":24,"turns":5},{"damage":12,"enemies":"Snecko","floor":28,"turns":3},{"damage":32,"enemies":"Slavers","floor":30,"turns":4},{"damage":20,"enemies":"Snake Plant","floor":31,"turns":3},{"damage":0,"enemies":"Champ","floor":33,"turns":5},{"damage":15,"enemies":"3 Shapes","floor":35,"turns":4},{"damage":10,"enemies":"Orb Walker","floor":36,"turns":4},{"damage":23,"enemies":"Jaw Worm Horde","floor":38,"turns":4},{"damage":51,"enemies":"Reptomancer","floor":41,"turns":4},{"damage":0,"enemies":"R_Hoarder","floor":44,"turns":6},{"damage":12,"enemies":"4 Shapes","floor":46,"turns":3},{"damage":0,"enemies":"Spire Growth","floor":48,"turns":3},{"damage":6,"enemies":"Time Eater","floor":50,"turns":6},{"damage":0,"enemies":"Shield and Spear","floor":54,"turns":3},{"damage":118,"enemies":"The Heart","floor":55,"turns":7}],"seed_played":"1676399154374452446","potions_obtained":[{"floor":5,"key":"EssenceOfSteel"},{"floor":11,"key":"Strength Potion"},{"floor":21,"key":"AttackPotion"},{"floor":28,"key":"ColorlessPotion"},{"floor":33,"key":"SpeedPotion"},{"floor":36,"key":"Fire Potion"},{"floor":46,"key":"Adrenaline Potion"}],"is_trial":false,"path_per_floor":["M","M","$","M","M","E","R","M","T","M","M","E","M","?","R","B",null,"M","$","?","M","T","R","E","R","T","$","M","R","E","M","R","B",null,"M","M","?","M","?","R","E","?","T","E","?","M","R","M","R","B",null,"R","$","E","B",null],"character_chosen":"DEFECT","items_purchased":["Runic Capacitor","Calipers","Tempest","PowerPotion","Loop","Guide Book","Strawberry","Flash of Steel","Coolheaded","Singing Bowl","Cold Snap","Self Repair","Dexterity Potion","Amplify","Capacitor","Heatsinks","hubris:PowerSurge"],"campfire_rested":2,"item_purchase_floors":[0,0,0,0,0,0,0,0,0,0,0,0,0,19,19,27,53],"current_hp_per_floor":[35,40,40,49,37,41,41,45,45,47,46,39,33,33,59,45,79,90,90,90,70,70,70,55,55,55,55,55,82,84,94,94,94,94,96,96,96,79,79,79,51,51,51,86,86,100,100,102,102,102,102,102,102,104,17],"gold":52,"neow_bonus":"","is_daily":false,"chose_seed":false,"campfire_upgraded":6,"win_rate":0.0,"timestamp":1611909946,"path_taken":["M","M","$","?","M","E","R","M","T","M","M","E","M","?","R","BOSS","M","$","?","M","?","R","E","R","T","?","M","R","E","M","R","BOSS","M","M","?","M","?","R","E","?","T","E","?","M","R","?","R","BOSS","R","$","E","BOSS"],"items_purchased_type":["Relic","Relic","Card","Potion","Card","Relic","Relic","Card","Card","Relic","Card","Card","Potion","Card","Card","Card","Card"],"build_version":"2020-12-22","purchased_purges":5,"victory":true,"max_hp_per_floor":[78,78,78,80,82,84,84,84,84,84,86,88,88,88,88,88,90,90,90,90,92,92,92,92,92,92,92,92,92,92,94,94,94,94,96,96,96,96,96,96,96,96,96,98,98,100,100,102,102,102,102,102,102,104,104],"card_choices":[{"not_picked":["Streamline","Beam Cell"],"picked":"Barrage","floor":1},{"not_picked":["Coolheaded","Doom and Gloom"],"picked":"Defragment","floor":2},{"not_picked":["Force Field","Rebound","Leap"],"picked":"Singing Bowl","floor":4},{"not_picked":["Stack","Gash","ReplayTheSpireMod:Reroute Power"],"picked":"Singing Bowl","floor":5},{"not_picked":["hubris:Prefetch","BasicCrystalCard","Steam Power"],"picked":"Singing Bowl","floor":6},{"not_picked":["Panic Button","hubris:Ukulele"],"picked":"White Noise","floor":8},{"not_picked":["Force Field","FIFO Queue"],"picked":"Ball Lightning","floor":10},{"not_picked":["Redo","ReplayTheSpireMod:Repulse","Gash"],"picked":"Singing Bowl","floor":11},{"not_picked":["Conserve Battery","Panic Button","Time Bomb"],"picked":"Singing Bowl","floor":12},{"not_picked":["Rebound","Beam Cell"],"picked":"ReplayTheSpireMod:Calculation Training","floor":13},{"not_picked":["Mirror Shield","Reboot"],"picked":"Buffer","floor":16},{"not_picked":["hubris:Disease","ReplayTheSpireMod:Doomed","Writhe"],"picked":"Singing Bowl","floor":17},{"not_picked":["hubris:Disease","hubris:Despair"],"picked":"Shame","floor":17},{"not_picked":["Shame","Parasite"],"picked":"Sickly","floor":17},{"not_picked":["Gash","Redo"],"picked":"Crystallizer+1","floor":18},{"not_picked":["Time Bomb+1","Redo","Stack"],"picked":"Singing Bowl","floor":21},{"not_picked":["Compile Driver","White Noise"],"picked":"Heatsinks+1","floor":24},{"not_picked":["Leap","Redo"],"picked":"Cold Snap","floor":28},{"not_picked":["Turbo","BasicCrystalCard"],"picked":"Coolheaded","floor":30},{"not_picked":["Capacitor","Tempest","Doom and Gloom"],"picked":"Singing Bowl","floor":31},{"not_picked":["Reboot","Meteor Strike"],"picked":"Echo Form","floor":33},{"not_picked":["Hologram+1","Force Field","Gash+1"],"picked":"Singing Bowl","floor":35},{"not_picked":["Rebound","ReplayTheSpireMod:Repulse"],"picked":"Barrage+1","floor":36},{"not_picked":["Gash+1","Heatsinks+1"],"picked":"Turbo","floor":38},{"not_picked":["Sweeping Beam","Coolheaded+1"],"picked":"Double Energy","floor":41},{"not_picked":["Undo+1","Rebound","Reprogram"],"picked":"Singing Bowl","floor":44},{"not_picked":["Beam Cell","Self Repair","Rebound"],"picked":"Singing Bowl","floor":46},{"not_picked":["Genetic Algorithm+1","Panic Button","Gash"],"picked":"Singing Bowl","floor":48},{"not_picked":["Compile Driver","Chaos+1","Leap"],"picked":"Singing Bowl","floor":54}],"player_experience":731801,"relics_obtained":[{"floor":6,"key":"hubris:CuriousFeather"},{"floor":9,"key":"ReplayFunnel"},{"floor":12,"key":"hubris:TenFootPole"},{"floor":24,"key":"hubris:BallOfYels"},{"floor":26,"key":"hubris:CrystalStatue"},{"floor":30,"key":"hubris:DeckOfHolding"},{"floor":41,"key":"Art of War"},{"floor":43,"key":"Grinning Jar"},{"floor":44,"key":"Mirror"},{"floor":54,"key":"ReplayTheSpireMod:Lightbulb"}],"event_choices":[{"damage_healed":0,"gold_gain":50,"player_choice":"Pray","damage_taken":0,"max_hp_gain":0,"max_hp_loss":0,"event_name":"Golden Shrine","floor":14,"gold_loss":0},{"damage_healed":0,"gold_gain":50,"player_choice":"Stole From Cult","damage_taken":0,"max_hp_gain":0,"max_hp_loss":0,"event_name":"Nest","floor":20,"gold_loss":0},{"damage_healed":0,"gold_gain":0,"player_choice":"Paid","damage_taken":0,"relics_obtained":["Red Mask"],"max_hp_gain":0,"max_hp_loss":0,"event_name":"Tomb of Lord Red Mask","floor":39,"gold_loss":227},{"damage_healed":0,"gold_gain":0,"cards_transformed":["Zap"],"player_choice":"Transformed","damage_taken":0,"max_hp_gain":0,"max_hp_loss":0,"event_name":"Transmorgrifier","floor":45,"gold_loss":0,"cards_obtained":["Skim"]}],"is_beta":false,"boss_relics":[{"not_picked":["SacredBark","Honey Jar"],"picked":"Replay:Ancient Bell"},{"not_picked":["Tiny Chest","MawBank"],"picked":"Replay:Wax Seal"},{"not_picked":["hubris:RGBLights","Replay:Bottled Eggs"],"picked":"Mummified Hand"},{"not_picked":["Replay:PocketPolymizer","Lizard Tail"],"picked":"Bird Faced Urn"},{"not_picked":["Nuclear Battery","Astrolabe"],"picked":"hubris:CrackedHourglass"}],"items_purged_floors":[0,0,0,0,19],"is_endless":false,"potions_floor_spawned":[1,4,5,6,11,21,28,33,36,46],"ascension_level":17}}