{"host":"2eswhqk6sgfpt1j1","time":1611887526,"event":{"mods":["Act Like it!","BaseMod","Colored Powertips","Hallownest","Lobotomy","Minty Spire (QoL Compilation)","Replay The Spire","StSLib","The Bug Knight","The Cursed","The Hierophant","The Servant 0.9.4"],"gold_per_floor":[118,79,79,98,98,98,125,125,177,177,193,210,62,62,62,62,136,240,240,258,270,270,195,110,135,135,135,135,135,135,145,156,156,156,260,260,272,285,285,72,89,89,109,109,109,109,109,128,128,147,147,147],"floor_reached":53,"language":"ZHS","playtime":3731,"items_purged":[],"score":523,"play_id":"021c944b-c426-4d6a-b2bb-329980e78748","local_time":"20210129103206","is_ascension_mode":false,"campfire_choices":[{"data":"TheCursedMod:HellfireBreathing","floor":6,"key":"SMITH"},{"floor":27,"key":"REST"},{"floor":29,"key":"REST"},{"data":"TheCursedMod:CollectTribute","floor":34,"key":"SMITH"},{"floor":42,"key":"REST"},{"data":"TheCursedMod:NeowsMight","floor":49,"key":"SMITH"},{"data":"TheCursedMod:HellfireBreathing","floor":51,"key":"SMITH"}],"circlet_count":0,"master_deck":["TheCursedMod:Strike_TheCursed+1","TheCursedMod:Strike_TheCursed+1","TheCursedMod:Defend_TheCursed+1","TheCursedMod:Defend_TheCursed+1","TheCursedMod:Defend_TheCursed+1","TheCursedMod:Defend_TheCursed+1","TheCursedMod:CursedWand","TheCursedMod:CleanUpWorkshop+1","TheCursedMod:LuckyCharm+1","TheCursedMod:CursedBoomerang+1","TheCursedMod:HellfireBreathing+1","TheCursedMod:CursedArmor","TheCursedMod:CollectTribute+1","TheCursedMod:HellfireBreathing+1","TheCursedMod:ReleasedKnowledge","TheCursedMod:ReleasedStrength+1","TheCursedMod:NeowsMight+1","TheCursedMod:CircleOfBlood+1","TheCursedMod:TroublousMinions+1","TheCursedMod:SpitefulPray+1"],"relics":["TheCursedMod:BlackMagic101","Matryoshka","Kunai","Juzu Bracelet","Guide Book","Replay:Bottled Eggs","Replay:Ancient Bell","Bag of Preparation","ReplayTheSpireMod:Ninjato","TheCursedMod:SoulVessel","Art of War","Orichalcum","Dream Catcher","Vajra","PreservedInsect","ClockworkSouvenir","HollowMod:LifeEnderRelic"],"acts_visited":["Exordium","TheCity","TheBeyond"],"potions_floor_usage":[18,18,35,41,43,52],"damage_taken":[{"damage":0,"enemies":"2 Louse","floor":1,"turns":4},{"damage":1,"enemies":"Jaw Worm","floor":4,"turns":4},{"damage":20,"enemies":"3 Sentries","floor":7,"turns":7},{"damage":1,"enemies":"Cultist","floor":11,"turns":4},{"damage":0,"enemies":"Large Slime","floor":12,"turns":4},{"damage":16,"enemies":"Fading Forest","floor":18,"turns":11},{"damage":10,"enemies":"Spheric Guardian","floor":20,"turns":4},{"damage":1,"enemies":"Chosen","floor":21,"turns":5},{"damage":43,"enemies":"Gremlin Leader","floor":25,"turns":6},{"damage":6,"enemies":"Centurion and Healer","floor":31,"turns":6},{"damage":15,"enemies":"Shelled Parasite and Fungi","floor":32,"turns":5},{"damage":29,"enemies":"Champ","floor":35,"turns":11},{"damage":3,"enemies":"Orb Walker","floor":37,"turns":4},{"damage":35,"enemies":"3 Shapes","floor":38,"turns":4},{"damage":12,"enemies":"3 Darklings","floor":41,"turns":6},{"damage":13,"enemies":"Spire Growth","floor":43,"turns":6},{"damage":10,"enemies":"Jaw Worm Horde","floor":48,"turns":6},{"damage":28,"enemies":"Transient","floor":50,"turns":5},{"damage":15,"enemies":"Replay:Hell Engine","floor":52,"turns":11}],"seed_played":"7852839126879434147","potions_obtained":[{"floor":1,"key":"GamblersBrew"},{"floor":11,"key":"Swift Potion"},{"floor":12,"key":"Swift Potion"},{"floor":20,"key":"Doom Potion"},{"floor":35,"key":"SneckoOil"},{"floor":38,"key":"LiquidBronze"},{"floor":41,"key":"BlessingOfTheForge"}],"is_trial":false,"path_per_floor":["M","$","?","M","?","R","E","$","T","?","M","M","$","?","PTL","PTL","R","B",null,"M","M","?","?","?","E","$","R","T","R","?","M","M","?","R","B",null,"M","M","?","$","M","R","M","?","T","?","?","M","R","M","R","B",null],"character_chosen":"THE_CURSED","items_purchased":["TheCursedMod:CursedBoomerang","Guide Book","TheCursedMod:SpitefulPray+1","ClockworkSouvenir"],"campfire_rested":3,"item_purchase_floors":[2,13,40,40],"current_hp_per_floor":[75,75,60,59,59,59,39,39,39,57,56,56,56,49,49,49,49,43,75,67,70,70,70,70,28,28,49,49,70,70,67,55,55,55,35,72,72,39,39,39,35,56,58,58,58,58,72,71,71,60,60,72],"gold":147,"neow_bonus":"REMOVE_CARD","is_daily":false,"chose_seed":false,"campfire_upgraded":4,"win_rate":0.0,"timestamp":1611887526,"path_taken":["M","$","?","M","?","R","E","?","T","?","M","M","$","?","PTL","PTL","R","BOSS","M","M","?","?","?","E","?","R","T","R","?","M","M","?","R","BOSS","M","M","?","$","M","R","M","?","T","?","?","M","R","M","R","BOSS"],"items_purchased_type":["Card","Relic","Card","Relic"],"build_version":"2020-12-22","purchased_purges":0,"victory":true,"max_hp_per_floor":[75,75,75,75,75,75,75,75,75,75,75,75,75,75,75,75,75,75,75,75,75,72,72,72,72,72,72,72,72,72,72,72,72,72,72,72,72,72,72,72,72,72,72,72,72,72,72,72,72,72,72,72],"card_choices":[{"not_picked":["TheCursedMod:RavingStaff","TheCursedMod:Grudge"],"picked":"TheCursedMod:LuckyCharm","floor":1},{"not_picked":["TheCursedMod:TacticalStrike","TheCursedMod:CursedStaff"],"picked":"TheCursedMod:HellfireBreathing","floor":4},{"not_picked":["TheCursedMod:PrepareRite","TheCursedMod:RavingStaff","TheCursedMod:Mangle"],"picked":"SKIP","floor":7},{"not_picked":["TheCursedMod:RavingStaff","TheCursedMod:SpreadPlague","TheCursedMod:CursedBoomerang"],"picked":"SKIP","floor":11},{"not_picked":["TheCursedMod:CursedShiv","TheCursedMod:CursedSpellbook"],"picked":"TheCursedMod:CursedArmor","floor":12},{"not_picked":["TheCursedMod:ManaCirculation","TheCursedMod:DarkBarrier"],"picked":"TheCursedMod:CollectTribute","floor":18},{"not_picked":["Parasite","Amnesia"],"picked":"Pain","floor":19},{"not_picked":["Writhe","Voices"],"picked":"CommonCold","floor":19},{"not_picked":["Shame","ReplayTheSpireMod:Faulty Equipment"],"picked":"TheCursedMod:Dregs","floor":19},{"not_picked":["TheCursedMod:RapidMovement","TheCursedMod:CursedArmor"],"picked":"TheCursedMod:HellfireBreathing","floor":20},{"not_picked":["TheCursedMod:Torture","TheCursedMod:Stretching","TheCursedMod:CursedMace+1"],"picked":"SKIP","floor":21},{"not_picked":["TheCursedMod:Wield","TheCursedMod:HellsGateOpen","TheCursedMod:SpitefulPray"],"picked":"SKIP","floor":25},{"not_picked":["TheCursedMod:Evocation+1","TheCursedMod:CollectTribute"],"picked":"TheCursedMod:ReleasedStrength+1","floor":31},{"not_picked":["TheCursedMod:CursedShiv","TheCursedMod:SpreadPlague","TheCursedMod:WearCloak+1"],"picked":"SKIP","floor":32},{"not_picked":["TheCursedMod:AntiAging","TheCursedMod:UltimatePain"],"picked":"TheCursedMod:NeowsMight","floor":35},{"not_picked":["TheCursedMod:Wield","TheCursedMod:CursedMace+1"],"picked":"TheCursedMod:CircleOfBlood+1","floor":37},{"not_picked":["TheCursedMod:StingEye","TheCursedMod:CursedStaff+1"],"picked":"TheCursedMod:TroublousMinions+1","floor":38},{"not_picked":["TheCursedMod:StingEye+1","TheCursedMod:Stretching+1","TheCursedMod:SmokeScreen"],"picked":"SKIP","floor":41},{"not_picked":["TheCursedMod:CursedMace","TheCursedMod:Obscuration","TheCursedMod:Stretching"],"picked":"SKIP","floor":43},{"not_picked":["TheCursedMod:CursedAmulet+1","TheCursedMod:Wield+1","TheCursedMod:CollectTribute"],"picked":"SKIP","floor":48},{"not_picked":["TheCursedMod:CircleOfFlame+1","TheCursedMod:ReleasedKnowledge+1","TheCursedMod:Obscuration+1"],"picked":"SKIP","floor":50}],"player_experience":426176,"relics_obtained":[{"floor":7,"key":"Matryoshka"},{"floor":9,"key":"Kunai"},{"floor":9,"key":"Juzu Bracelet"},{"floor":25,"key":"Orichalcum"},{"floor":28,"key":"Dream Catcher"},{"floor":28,"key":"Vajra"},{"floor":45,"key":"HollowMod:LifeEnderRelic"}],"event_choices":[{"damage_healed":0,"gold_gain":0,"player_choice":"Entered Light","damage_taken":15,"max_hp_gain":0,"max_hp_loss":0,"event_name":"Shining Light","floor":3,"gold_loss":0,"cards_upgraded":["TheCursedMod:Strike_TheCursed","TheCursedMod:Strike_TheCursed"]},{"damage_healed":18,"gold_gain":0,"player_choice":"Healed and dodged fight","damage_taken":0,"max_hp_gain":0,"max_hp_loss":0,"event_name":"Mushrooms","floor":10,"gold_loss":0,"cards_obtained":["Parasite"]},{"damage_healed":0,"gold_gain":0,"player_choice":"Success","damage_taken":7,"relics_obtained":["Replay:Bottled Eggs"],"max_hp_gain":0,"max_hp_loss":0,"event_name":"Scrap Ooze","floor":14,"gold_loss":0},{"cards_removed":["Parasite"],"damage_healed":0,"gold_gain":0,"player_choice":"Elegance","damage_taken":0,"max_hp_gain":0,"max_hp_loss":0,"event_name":"Back to Basics","floor":22,"gold_loss":0},{"cards_removed":["Pain"],"damage_healed":0,"gold_gain":0,"player_choice":"Gave Gold","damage_taken":0,"max_hp_gain":0,"max_hp_loss":0,"event_name":"Beggar","floor":23,"gold_loss":75},{"damage_healed":0,"gold_gain":0,"player_choice":"Obtained Relic","damage_taken":0,"relics_obtained":["Art of War"],"max_hp_gain":0,"max_hp_loss":0,"event_name":"Addict","floor":24,"gold_loss":85},{"damage_healed":0,"gold_gain":0,"cards_transformed":["TheCursedMod:Strike_TheCursed"],"player_choice":"Transformed","damage_taken":0,"max_hp_gain":0,"max_hp_loss":0,"event_name":"Transmorgrifier","floor":30,"gold_loss":0,"cards_obtained":["TheCursedMod:ReleasedKnowledge"]},{"damage_healed":0,"gold_gain":0,"player_choice":"Opened","damage_taken":0,"relics_obtained":["PreservedInsect"],"max_hp_gain":0,"max_hp_loss":0,"event_name":"The Mausoleum","floor":33,"gold_loss":0},{"damage_healed":0,"gold_gain":0,"player_choice":"Memory 1","damage_taken":0,"max_hp_gain":0,"max_hp_loss":0,"event_name":"SensoryStone","floor":39,"gold_loss":0},{"damage_healed":0,"gold_gain":0,"player_choice":"Ignored","damage_taken":0,"max_hp_gain":0,"max_hp_loss":0,"event_name":"Mysterious Sphere","floor":44,"gold_loss":0},{"cards_removed":["TheCursedMod:Dregs","CommonCold","TheCursedMod:Dregs"],"damage_healed":0,"gold_gain":0,"player_choice":"Removed Curses","damage_taken":0,"max_hp_gain":0,"max_hp_loss":0,"event_name":"Fountain of Cleansing","floor":46,"gold_loss":0},{"damage_healed":14,"gold_gain":0,"player_choice":"Full Heal","damage_taken":0,"max_hp_gain":0,"max_hp_loss":0,"event_name":"Wheel of Change","floor":47,"gold_loss":0}],"is_beta":false,"boss_relics":[{"not_picked":["TheCursedMod:BlackMagicAdvanced","Snecko Eye"],"picked":"Replay:Ancient Bell"},{"not_picked":["ReplayTheSpireMod:Lightbulb","Blue Doll"],"picked":"Bag of Preparation"},{"not_picked":["Replay:Bottled Flurry","Chameleon Ring"],"picked":"ReplayTheSpireMod:Ninjato"},{"not_picked":["Dead Branch","Ginger"],"picked":"TheCursedMod:SoulVessel"},{"not_picked":["Ring of Chaos","Honey Jar","Velvet Choker"]}],"items_purged_floors":[],"is_endless":false,"potions_floor_spawned":[1,11,12,20,35,38,41],"ascension_level":0}}