{"host":"ty2cix8xj6r3ad26","time":1611954613,"event":{"mods":["AchievementEnabler","BaseMod","BetterRewards","Infinite Spire","Minty Spire (QoL Compilation)","Quick Restart","StSLib","SuperFastMode"],"gold_per_floor":[110,124,124,124,137,171,171,171,171,171,189,154,166,41,41,136,136,154,166,81,96,96,127,127,162,214,228,78,78,78,0,0,97,97,116,126,126,0,322,352,352,177,201,201,201,230,230,242,242,242],"floor_reached":51,"language":"ENG","playtime":3994,"items_purged":["Strike_R","Defend_R","Strike_R","Defend_R","Strike_R","Strike_R+1"],"score":1270,"play_id":"1b3bd1c4-2a76-4a51-b5b9-ed0d45e9569f","local_time":"20210129231013","is_ascension_mode":true,"campfire_choices":[{"data":"Whirlwind","floor":7.0,"key":"SMITH"},{"data":"Clothesline","floor":15.0,"key":"SMITH"},{"data":"Feed","floor":29.0,"key":"SMITH"},{"data":"Bash","floor":32.0,"key":"SMITH"},{"data":"Body Slam","floor":41,"key":"SMITH"},{"data":"Barricade","floor":44,"key":"SMITH"},{"data":"Double Tap","floor":47,"key":"SMITH"},{"floor":49,"key":"REST"},{"floor":49,"key":"RECALL"}],"circlet_count":0,"master_deck":["AscendersBane","Bash+1","Shrug It Off+1","Clothesline+1","Whirlwind+1","Burning Pact","Brutality","Feed+1","infinitespire:Fortify+1","Barricade+1","Body Slam+1","Double Tap+1","True Grit+1","Seeing Red"],"relics":["Burning Blood","infinitespire:Lychee Nut","Oddly Smooth Stone","Juzu Bracelet","Mercury Hourglass","White Beast Statue","Self Forming Clay","Runic Pyramid","Nunchaku","Ginger","infinitespire:Lucky Rock","Dream Catcher","War Paint","SacredBark","Red Mask","infinitespire:Magic Flask","Vajra","Happy Flower","Akabeko"],"acts_visited":["Exordium","TheCity","TheBeyond"],"potions_floor_usage":[40,46,50,50],"damage_taken":[{"damage":1.0,"enemies":"Cultist","floor":1.0,"turns":4.0},{"damage":3.0,"enemies":"Jaw Worm","floor":2.0,"turns":2.0},{"damage":0.0,"enemies":"Small Slimes","floor":5.0,"turns":3.0},{"damage":50.0,"enemies":"3 Sentries","floor":6.0,"turns":11.0},{"damage":0.0,"enemies":"2 Fungi Beasts","floor":11.0,"turns":1.0},{"damage":0.0,"enemies":"Large Slime","floor":13.0,"turns":4.0},{"damage":42.0,"enemies":"Hexaghost","floor":16.0,"turns":13.0},{"damage":2.0,"enemies":"3 Byrds","floor":18.0,"turns":3.0},{"damage":14.0,"enemies":"Chosen","floor":19.0,"turns":5.0},{"damage":24.0,"enemies":"Centurion and Healer","floor":21.0,"turns":10.0},{"damage":37.0,"enemies":"Book of Stabbing","floor":23.0,"turns":9.0},{"damage":35.0,"enemies":"Slavers","floor":25.0,"turns":6.0},{"damage":0.0,"enemies":"Snecko","floor":27.0,"turns":5.0},{"damage":32.0,"enemies":"Collector","floor":33.0,"turns":16.0},{"damage":3.0,"enemies":"Orb Walker","floor":35.0,"turns":4.0},{"damage":2.0,"enemies":"3 Shapes","floor":36.0,"turns":3.0},{"damage":11.0,"enemies":"infinitespire:Three Voidlings","floor":39.0,"turns":4.0},{"damage":40.0,"enemies":"Nightmare_Alpha","floor":39.0,"turns":11.0},{"damage":0,"enemies":"Giant Head","floor":40,"turns":2},{"damage":7,"enemies":"Reptomancer","floor":46,"turns":5},{"damage":15,"enemies":"Writhing Mass","floor":48,"turns":4},{"damage":9,"enemies":"Time Eater","floor":50,"turns":7}],"seed_played":"-4630843119132435200","potions_obtained":[{"floor":1.0,"key":"AttackPotion"},{"floor":6.0,"key":"Regen Potion"},{"floor":11.0,"key":"AttackPotion"},{"floor":16.0,"key":"Explosive Potion"},{"floor":18.0,"key":"FairyPotion"},{"floor":19.0,"key":"EssenceOfSteel"},{"floor":21.0,"key":"DistilledChaos"},{"floor":23.0,"key":"ColorlessPotion"},{"floor":25.0,"key":"Strength Potion"},{"floor":27.0,"key":"Weak Potion"},{"floor":33.0,"key":"Energy Potion"},{"floor":35.0,"key":"SkillPotion"},{"floor":36.0,"key":"DuplicationPotion"},{"floor":39,"key":"BlessingOfTheForge"},{"floor":40,"key":"SkillPotion"},{"floor":46,"key":"Strength Potion"},{"floor":48,"key":"Energy Potion"}],"is_trial":false,"path_per_floor":["M","M","?","?","M","E","R","?","T","?","M","?","M","$","R","B",null,"M","M","?","M","?","E","AVR","E","T","M","$","R","?","?","R","B",null,"M","M","?","?","?","E","R","$","T","R","AVR","E","R","M","R","B",null],"character_chosen":"IRONCLAD","items_purchased":["Oddly Smooth Stone","Shrug It Off","Juzu Bracelet","Energy Potion"],"campfire_rested":1,"item_purchase_floors":[0,0,0,0],"current_hp_per_floor":[47,53,41,41,52,14,14,14,14,2,8,23,35,35,35,20,50,62,61,61,52,40,18,18,24,24,39,39,39,39,39,39,19,67,80,91,91,91,63,72,72,72,72,72,72,81,81,78,99,96],"gold":242,"neow_bonus":"","is_daily":false,"chose_seed":false,"campfire_upgraded":7,"win_rate":0.0,"timestamp":1611954613,"path_taken":["M","M","?","?","M","E","R","?","T","?","M","?","M","$","R","BOSS","M","M","?","M","?","E","AVR","E","T","M","$","R","?","?","R","BOSS","M","M","?","?","?","E","R","?","T","R","AVR","E","R","M","R","BOSS"],"items_purchased_type":["Relic","Card","Relic","Potion"],"build_version":"2020-12-22","purchased_purges":6,"victory":true,"max_hp_per_floor":[60,60,60,60,60,60,60,60,60,60,60,60,60,60,60,60,60,63,66,66,69,74,77,77,80,80,83,83,83,83,83,83,83,83,87,91,91,91,95,95,95,95,95,95,95,99,99,99,99,99],"card_choices":[{"not_picked":["Heavy Blade","Seeing Red"],"picked":"Clothesline","floor":1.0},{"not_picked":["Sever Soul","Thunderclap"],"picked":"Whirlwind","floor":2.0},{"not_picked":["Second Wind","Hemokinesis","Pommel Strike"],"picked":"SKIP","floor":5.0},{"not_picked":["Wild Strike","Flex","Power Through"],"picked":"SKIP","floor":6.0},{"not_picked":["Wild Strike","Clash"],"picked":"Burning Pact","floor":11.0},{"not_picked":["Anger","Heavy Blade"],"picked":"Brutality","floor":13.0},{"not_picked":["Reaper","Impervious"],"picked":"Feed","floor":16.0},{"not_picked":["Blood for Blood","Entrench","Headbutt"],"picked":"SKIP","floor":18.0},{"not_picked":["Perfected Strike+1","Intimidate+1","Sever Soul"],"picked":"SKIP","floor":19.0},{"not_picked":["Thunderclap","Perfected Strike","Flex"],"picked":"SKIP","floor":21.0},{"not_picked":["Warcry","Thunderclap","Infernal Blade"],"picked":"SKIP","floor":23.0},{"not_picked":["Shockwave","Headbutt","Bloodletting"],"picked":"SKIP","floor":25.0},{"not_picked":["Reaper","True Grit","Battle Trance"],"picked":"SKIP","floor":27.0},{"not_picked":["Bludgeon","Fiend Fire"],"picked":"Barricade","floor":33.0},{"not_picked":["Perfected Strike","Combust+1","Hemokinesis"],"picked":"SKIP","floor":35.0},{"not_picked":["Flex","Havoc"],"picked":"Body Slam","floor":36.0},{"not_picked":["infinitespire:SevenWalls","infinitespire:Punishment"],"picked":"infinitespire:SealOfDarkness+","floor":39},{"not_picked":["Wild Strike+1","Havoc","Twin Strike"],"picked":"SKIP","floor":40},{"not_picked":["Inflame+1","Anger"],"picked":"Double Tap","floor":46},{"not_picked":["Thunderclap+1","Heavy Blade+1"],"picked":"True Grit+1","floor":48},{"not_picked":["infinitespire:OneForAll+1","Clothesline"],"picked":"Seeing Red","floor":49}],"player_experience":514109,"relics_obtained":[{"floor":6.0,"key":"Mercury Hourglass"},{"floor":9.0,"key":"White Beast Statue"},{"floor":23.0,"key":"Ginger"},{"floor":25.0,"key":"Dream Catcher"},{"floor":26.0,"key":"War Paint"},{"floor":39,"key":"infinitespire:Magic Flask"},{"floor":40,"key":"Vajra"},{"floor":43,"key":"Happy Flower"},{"floor":46,"key":"Akabeko"}],"event_choices":[{"damage_healed":0.0,"max_hp_gain":0.0,"max_hp_loss":0.0,"gold_gain":0.0,"event_name":"Shining Light","player_choice":"Entered Light","floor":3.0,"gold_loss":0.0,"damage_taken":12.0,"cards_upgraded":["Shrug It Off","Strike_R"]},{"cards_removed":["Strike_R"],"damage_healed":0.0,"max_hp_gain":0.0,"max_hp_loss":0.0,"gold_gain":0.0,"event_name":"Living Wall","player_choice":"Forget","floor":8.0,"gold_loss":0.0,"damage_taken":0.0},{"damage_healed":0.0,"max_hp_gain":0.0,"max_hp_loss":0.0,"gold_gain":0.0,"event_name":"Scrap Ooze","player_choice":"Success","floor":10.0,"gold_loss":0.0,"damage_taken":12.0,"relics_obtained":["Self Forming Clay"]},{"damage_healed":15.0,"max_hp_gain":0.0,"max_hp_loss":0.0,"gold_gain":0.0,"event_name":"The Cleric","player_choice":"Healed","floor":12.0,"gold_loss":35.0,"damage_taken":0.0},{"damage_healed":0.0,"max_hp_gain":0.0,"max_hp_loss":0.0,"gold_gain":0.0,"event_name":"Addict","player_choice":"Obtained Relic","floor":20.0,"gold_loss":85.0,"damage_taken":0.0,"relics_obtained":["Nunchaku"]},{"damage_healed":0.0,"max_hp_gain":5.0,"max_hp_loss":0.0,"gold_gain":0.0,"event_name":"Forgotten Altar","player_choice":"Shed Blood","floor":22.0,"gold_loss":0.0,"damage_taken":17.0},{"cards_removed":["Defend_R"],"damage_healed":0.0,"max_hp_gain":0.0,"max_hp_loss":0.0,"gold_gain":0.0,"event_name":"Back to Basics","player_choice":"Elegance","floor":30.0,"gold_loss":0.0,"damage_taken":0.0},{"damage_healed":0.0,"max_hp_gain":0.0,"max_hp_loss":0.0,"gold_gain":0.0,"event_name":"Masked Bandits","player_choice":"Paid Fearfully","floor":31.0,"gold_loss":78.0,"damage_taken":0.0},{"cards_removed":["Defend_R"],"damage_healed":0.0,"max_hp_gain":0.0,"max_hp_loss":0.0,"gold_gain":0.0,"event_name":"Falling","player_choice":"Removed Skill","floor":37.0,"gold_loss":0.0,"damage_taken":0.0},{"damage_healed":0.0,"max_hp_gain":0.0,"max_hp_loss":0.0,"gold_gain":0.0,"event_name":"Tomb of Lord Red Mask","player_choice":"Paid","floor":38.0,"gold_loss":126.0,"damage_taken":0.0,"relics_obtained":["Red Mask"]},{"damage_healed":0,"gold_gain":222,"player_choice":"Wore Mask","damage_taken":0,"max_hp_gain":0,"max_hp_loss":0,"event_name":"Tomb of Lord Red Mask","floor":39,"gold_loss":0}],"is_beta":false,"boss_relics":[{"not_picked":["Astrolabe","Philosopher\u0027s Stone"],"picked":"Runic Pyramid"},{"not_picked":["Snecko Eye","Pandora\u0027s Box"],"picked":"SacredBark"}],"items_purged_floors":[0,0,14,24,28,42],"is_endless":false,"potions_floor_spawned":[1,6,11,13,16,18,19,21,23,25,27,33,35,36,39,39,40,46,48],"ascension_level":11}}