{"host":"AZZAM","time":1611881713,"event":{"mods":["BaseMod","Colored Map","Highlight Path","Minty Spire (QoL Compilation)","Relic Stats","Unceasing Turn Reminder"],"gold_per_floor":[109,109,128,88,106,106,139,139,139,19,55,73,73,73,73,194,194,207,222,222,240,14,58,58,89,89,19,19,54,54,69,69,198,198,217,217,232,76,76,109,109,130,211,211,544,595,595,595,595,595,595,595,259,287,287],"floor_reached":56,"language":"ENG","playtime":2262,"items_purged":["Defend_R","Strike_R","Strike_R"],"score":1449,"play_id":"8c3faf6a-f5fd-42be-8833-083a7cdd382e","local_time":"20210129035513","is_ascension_mode":true,"campfire_choices":[{"data":"Armaments","floor":6,"key":"SMITH"},{"data":"Bash","floor":8,"key":"SMITH"},{"data":"Fire Breathing","floor":13,"key":"SMITH"},{"floor":15,"key":"REST"},{"data":"Corruption","floor":24,"key":"SMITH"},{"floor":28,"key":"REST"},{"data":"Barricade","floor":30,"key":"SMITH"},{"data":"Feel No Pain","floor":32,"key":"SMITH"},{"data":"Disarm","floor":41,"key":"SMITH"},{"floor":44,"key":"RECALL"},{"floor":47,"key":"REST"},{"data":"Inflame","floor":49,"key":"SMITH"},{"data":"Impervious","floor":52,"key":"SMITH"}],"circlet_count":0,"master_deck":["Defend_R","Defend_R","Bash+1","Seeing Red","Wild Strike","Spot Weakness","Armaments+1","Anger","Twin Strike","Shrug It Off","Corruption+1","Fire Breathing+1","Offering","Feel No Pain+1","Headbutt+1","Reckless Charge","Feed","Shockwave","Dark Embrace+1","True Grit","Impervious+1","Disarm+1","Doubt","Inflame+1","Barricade+1","Evolve+1","Feed","Feel No Pain+1","Madness","Madness","True Grit+1","Seeing Red","Armaments+1","Headbutt+1","Injury","Iron Wave+1","Sentinel","Flame Barrier+1","Clothesline+1","Power Through","Burning Pact+1","Dark Embrace","Heavy Blade+1"],"relics":["Burning Blood","Pantograph","Strawberry","Matryoshka","Ancient Tea Set","Cursed Key","Mummified Hand","Happy Flower","Meat on the Bone","Gremlin Horn","Self Forming Clay","Sozu","OrangePellets","Shuriken","InkBottle","Champion Belt","Orrery","Akabeko"],"acts_visited":["Exordium","TheCity","TheBeyond","TheEnding"],"potions_floor_usage":[11,12,18,23,25,55,55,55],"damage_taken":[{"damage":6,"enemies":"Cultist","floor":1,"turns":3},{"damage":13,"enemies":"Small Slimes","floor":3,"turns":3},{"damage":9,"enemies":"Jaw Worm","floor":5,"turns":3},{"damage":20,"enemies":"Lagavulin","floor":7,"turns":6},{"damage":17,"enemies":"3 Sentries","floor":11,"turns":7},{"damage":7,"enemies":"2 Fungi Beasts","floor":12,"turns":3},{"damage":22,"enemies":"Slime Boss","floor":16,"turns":6},{"damage":23,"enemies":"Shell Parasite","floor":18,"turns":3},{"damage":15,"enemies":"2 Thieves","floor":19,"turns":3},{"damage":13,"enemies":"Cultist and Chosen","floor":21,"turns":5},{"damage":23,"enemies":"Slavers","floor":23,"turns":3},{"damage":24,"enemies":"Gremlin Leader","floor":25,"turns":4},{"damage":15,"enemies":"Book of Stabbing","floor":29,"turns":4},{"damage":14,"enemies":"Centurion and Healer","floor":31,"turns":6},{"damage":12,"enemies":"Automaton","floor":33,"turns":7},{"damage":14,"enemies":"3 Darklings","floor":35,"turns":5},{"damage":6,"enemies":"Orb Walker","floor":37,"turns":4},{"damage":46,"enemies":"Reptomancer","floor":40,"turns":5},{"damage":13,"enemies":"4 Shapes","floor":42,"turns":4},{"damage":38,"enemies":"2 Orb Walkers","floor":46,"turns":5},{"damage":81,"enemies":"Awakened One","floor":50,"turns":9},{"damage":32,"enemies":"Shield and Spear","floor":54,"turns":7},{"damage":10,"enemies":"The Heart","floor":55,"turns":8}],"seed_played":"-4794531061697530131","potions_obtained":[{"floor":3,"key":"PowerPotion"},{"floor":4,"key":"BlessingOfTheForge"},{"floor":4,"key":"ColorlessPotion"},{"floor":7,"key":"Strength Potion"},{"floor":11,"key":"DuplicationPotion"},{"floor":12,"key":"Strength Potion"},{"floor":21,"key":"SpeedPotion"},{"floor":23,"key":"SteroidPotion"},{"floor":25,"key":"DuplicationPotion"}],"is_trial":false,"path_per_floor":["M","?","M","?","M","R","E","R","T","$","E","M","R","?","R","B",null,"M","M","?","M","$","E","R","E","T","$","R","E","R","M","R","B",null,"M","?","M","$","?","E","R","M","T","R","?","?","R","?","R","B",null,"R","$","E","B",null],"character_chosen":"IRONCLAD","items_purchased":["Shrug It Off","Dark Embrace","True Grit","Inflame","OrangePellets","Sentinel","Orrery"],"campfire_rested":3,"item_purchase_floors":[10,22,22,27,38,53,53],"current_hp_per_floor":[72,54,47,47,44,44,30,30,37,37,26,25,25,25,48,57,79,62,53,53,49,49,36,36,18,18,18,43,49,49,56,56,78,95,87,75,78,78,78,50,50,59,59,59,59,42,73,73,73,38,108,108,108,90,111],"gold":287,"neow_bonus":"TRANSFORM_TWO_CARDS","is_daily":false,"chose_seed":false,"campfire_upgraded":9,"win_rate":0.0,"timestamp":1611881713,"path_taken":["M","?","M","?","?","R","E","R","T","$","E","M","R","?","R","BOSS","M","M","?","M","$","E","R","E","T","$","R","E","R","M","R","BOSS","M","?","M","$","?","E","R","?","T","R","?","?","R","?","R","BOSS","R","$","E","BOSS"],"items_purchased_type":["Card","Card","Card","Card","Relic","Card","Relic"],"build_version":"2020-12-18","purchased_purges":3,"victory":true,"max_hp_per_floor":[72,72,72,72,72,72,72,72,79,79,79,79,79,79,79,79,79,79,79,79,82,82,86,86,86,86,86,86,89,89,92,92,95,95,95,95,98,98,98,98,98,102,102,102,102,105,105,105,105,108,108,108,108,116,116],"relic_stats":{"Happy Flower":[21],"Gremlin Horn":[15,19],"counters":[23,113],"Self Forming Clay":[114],"Cursed Key":2,"Burning Blood":138,"Sozu":2,"OrangePellets":[6],"Mummified Hand":[85],"Shuriken":[19],"Pantograph":100,"Champion Belt":[7],"obtain_stats":[{"Happy Flower":25,"Gremlin Horn":26,"Golden Idol":2,"Self Forming Clay":29,"Ancient Tea Set":14,"Cursed Key":17,"Burning Blood":0,"Akabeko":54,"Sozu":34,"OrangePellets":38,"Matryoshka":11,"Mummified Hand":23,"Shuriken":40,"Pantograph":7,"Strawberry":9,"Orrery":53,"Champion Belt":46,"InkBottle":43,"Meat on the Bone":26},{"Happy Flower":12,"Gremlin Horn":12,"Golden Idol":1,"Self Forming Clay":13,"Ancient Tea Set":6,"Cursed Key":7,"Burning Blood":0,"Akabeko":22,"Sozu":15,"OrangePellets":17,"Matryoshka":5,"Mummified Hand":11,"Shuriken":18,"Pantograph":4,"Strawberry":4,"Orrery":21,"Champion Belt":20,"InkBottle":19,"Meat on the Bone":12},{"Happy Flower":49,"Gremlin Horn":49,"Golden Idol":3,"Self Forming Clay":53,"Ancient Tea Set":25,"Cursed Key":31,"Burning Blood":0,"Akabeko":105,"Sozu":66,"OrangePellets":75,"Matryoshka":22,"Mummified Hand":45,"Shuriken":80,"Pantograph":15,"Strawberry":15,"Orrery":98,"Champion Belt":89,"InkBottle":84,"Meat on the Bone":49}],"InkBottle":[18],"Meat on the Bone":72},"card_choices":[{"not_picked":["Pommel Strike","Twin Strike"],"picked":"Spot Weakness","floor":1},{"not_picked":["Rampage","Iron Wave"],"picked":"Armaments","floor":3},{"not_picked":["Headbutt","Hemokinesis"],"picked":"Anger","floor":5},{"not_picked":["Combust","Iron Wave"],"picked":"Twin Strike","floor":7},{"not_picked":["Power Through","Rage"],"picked":"Corruption","floor":11},{"not_picked":["Rupture","Shrug It Off"],"picked":"Fire Breathing","floor":12},{"not_picked":["Reaper","Double Tap"],"picked":"Offering","floor":16},{"not_picked":["Pommel Strike","Clothesline+1"],"picked":"Feel No Pain","floor":18},{"not_picked":["Perfected Strike","Clothesline"],"picked":"Headbutt+1","floor":19},{"not_picked":["Heavy Blade","Sword Boomerang"],"picked":"Shockwave","floor":21},{"not_picked":["Ghostly Armor","Exhume"],"picked":"Impervious","floor":23},{"not_picked":["Shockwave+1","Rupture"],"picked":"Disarm","floor":25},{"not_picked":["Sword Boomerang+1","Anger"],"picked":"Barricade","floor":29},{"not_picked":["Havoc","Iron Wave"],"picked":"Evolve+1","floor":31},{"not_picked":["Immolate","Brutality"],"picked":"Feed","floor":33},{"not_picked":["Intimidate","Sword Boomerang"],"picked":"Feel No Pain+1","floor":35},{"not_picked":["Armaments","Headbutt+1"],"picked":"True Grit+1","floor":37},{"not_picked":["Dual Wield","Thunderclap"],"picked":"Armaments+1","floor":40},{"not_picked":["Dual Wield","Armaments"],"picked":"Headbutt+1","floor":42},{"not_picked":["Twin Strike","Hemokinesis+1"],"picked":"Iron Wave+1","floor":46},{"not_picked":["Cleave+1","Clothesline"],"picked":"Flame Barrier+1","floor":53},{"not_picked":["Pommel Strike+1","Clash"],"picked":"Clothesline+1","floor":53},{"not_picked":["Armaments","Headbutt"],"picked":"Power Through","floor":53},{"not_picked":["Twin Strike+1","Cleave+1"],"picked":"Burning Pact+1","floor":53},{"not_picked":["Uppercut+1","Berserk"],"picked":"Dark Embrace","floor":53},{"not_picked":["Reckless Charge","Brutality"],"picked":"Heavy Blade+1","floor":54}],"player_experience":61362,"relics_obtained":[{"floor":7,"key":"Pantograph"},{"floor":9,"key":"Strawberry"},{"floor":11,"key":"Matryoshka"},{"floor":23,"key":"Mummified Hand"},{"floor":25,"key":"Happy Flower"},{"floor":26,"key":"Meat on the Bone"},{"floor":26,"key":"Gremlin Horn"},{"floor":29,"key":"Self Forming Clay"},{"floor":40,"key":"Shuriken"},{"floor":43,"key":"InkBottle"},{"floor":46,"key":"Champion Belt"},{"floor":54,"key":"Akabeko"}],"event_choices":[{"damage_healed":0,"gold_gain":0,"player_choice":"Take Damage","damage_taken":18,"relics_obtained":["Golden Idol"],"max_hp_gain":0,"max_hp_loss":0,"event_name":"Golden Idol","floor":2,"gold_loss":0},{"damage_healed":0,"gold_gain":0,"player_choice":"Bought 3 Potions","damage_taken":0,"max_hp_gain":0,"max_hp_loss":0,"event_name":"The Woman in Blue","floor":4,"gold_loss":0},{"damage_healed":0,"gold_gain":0,"player_choice":"Searched \u00271\u0027 times","damage_taken":0,"relics_obtained":["Ancient Tea Set"],"max_hp_gain":0,"max_hp_loss":0,"event_name":"Dead Adventurer","floor":14,"gold_loss":0},{"damage_healed":0,"gold_gain":0,"cards_transformed":["Strike_R","Strike_R"],"player_choice":"Became Test Subject","damage_taken":0,"max_hp_gain":0,"max_hp_loss":0,"event_name":"Drug Dealer","floor":20,"gold_loss":0,"cards_obtained":["Reckless Charge","Feed"]},{"damage_healed":0,"gold_gain":0,"player_choice":"Embrace Madness","damage_taken":12,"max_hp_gain":0,"max_hp_loss":0,"event_name":"Winding Halls","floor":36,"gold_loss":0,"cards_obtained":["Madness","Madness"]},{"damage_healed":0,"gold_gain":0,"player_choice":"Copied","damage_taken":0,"max_hp_gain":0,"max_hp_loss":0,"event_name":"Duplicator","floor":39,"gold_loss":0,"cards_obtained":["Seeing Red"]},{"damage_healed":0,"gold_gain":333,"player_choice":"Gave Idol","damage_taken":0,"max_hp_gain":0,"max_hp_loss":0,"event_name":"The Moai Head","floor":45,"relics_lost":["Golden Idol"],"gold_loss":0},{"damage_healed":0,"gold_gain":0,"player_choice":"Fight","damage_taken":0,"max_hp_gain":0,"max_hp_loss":0,"event_name":"Mysterious Sphere","floor":46,"gold_loss":0},{"damage_healed":0,"gold_gain":0,"player_choice":"Upgraded","damage_taken":0,"max_hp_gain":0,"max_hp_loss":0,"event_name":"Upgrade Shrine","floor":48,"gold_loss":0,"cards_upgraded":["Dark Embrace"]}],"is_beta":true,"boss_relics":[{"not_picked":["Runic Dome","Black Blood"],"picked":"Cursed Key"},{"not_picked":["Runic Pyramid","Busted Crown"],"picked":"Sozu"}],"items_purged_floors":[10,22,53],"is_endless":false,"potions_floor_spawned":[3,7,11,12,21,23,25,31,35,42],"ascension_level":3}}