{"host":"3tyeyqdkopu0dn2g","time":1611902441,"event":{"mods":["AchievementEnabler","BaseMod","BetterRewards","Minty Spire (QoL Compilation)","Quick Restart","Slay-I"],"gold_per_floor":[112,124,140,160,85,85,111,111,160,160,177,177,196,214,214,214,214],"floor_reached":16,"language":"ZHS","playtime":589,"items_purged":["Strike_G"],"score":154,"play_id":"50d52388-17be-4e25-b46d-1ea7320d8fbb","local_time":"20210129144041","is_ascension_mode":false,"campfire_choices":[{"data":"Noxious Fumes","floor":6.0,"key":"SMITH"},{"data":"Crippling Poison","floor":8.0,"key":"SMITH"},{"data":"Neutralize","floor":15.0,"key":"SMITH"}],"circlet_count":0,"master_deck":["Strike_G","Strike_G","Strike_G","Strike_G","Defend_G","Defend_G","Defend_G","Defend_G","Defend_G","Survivor","Neutralize+1","Noxious Fumes+1","Crippling Poison+1"],"relics":["Ring of the Snake","Snake Skull","Darkstone Periapt","Boot","Golden Idol"],"acts_visited":["Exordium"],"potions_floor_usage":[16,16,16],"damage_taken":[{"damage":6.0,"enemies":"2 Louse","floor":1.0,"turns":4.0},{"damage":0.0,"enemies":"Small Slimes","floor":2.0,"turns":4.0},{"damage":3.0,"enemies":"Jaw Worm","floor":3.0,"turns":3.0},{"damage":10.0,"enemies":"Looter","floor":4.0,"turns":3.0},{"damage":8.0,"enemies":"3 Sentries","floor":7.0,"turns":5.0},{"damage":0.0,"enemies":"Large Slime","floor":11.0,"turns":5.0},{"damage":3.0,"enemies":"3 Louse","floor":13.0,"turns":2.0},{"damage":4.0,"enemies":"Blue Slaver","floor":14.0,"turns":3.0},{"damage":30,"enemies":"Slime Boss","floor":16,"turns":5}],"seed_played":"-5402604363534089148","potions_obtained":[{"floor":2.0,"key":"Dexterity Potion"},{"floor":3.0,"key":"Weak Potion"},{"floor":7.0,"key":"AttackPotion"},{"floor":14.0,"key":"BlessingOfTheForge"}],"is_trial":false,"path_per_floor":["M","M","M","M","$","R","E","R","T","?","M","?","M","M","R","B"],"character_chosen":"THE_SILENT","items_purchased":["Snake Skull","Noxious Fumes"],"campfire_rested":0,"item_purchase_floors":[0,0],"current_hp_per_floor":[57,57,54,44,44,44,36,36,36,36,36,36,33,29,29,0,0],"gold":214,"neow_bonus":"","is_daily":false,"chose_seed":false,"campfire_upgraded":3,"win_rate":0.0,"timestamp":1611902441,"path_taken":["M","M","M","M","$","R","E","R","T","?","M","?","M","M","R","BOSS"],"items_purchased_type":["Relic","Card"],"build_version":"2020-12-22","purchased_purges":1,"victory":false,"max_hp_per_floor":[70,70,70,70,70,70,70,70,70,70,70,65,65,65,65,65,65],"card_choices":[{"not_picked":["Blade Dance","Expertise"],"picked":"Crippling Poison","floor":1.0},{"not_picked":["Noxious Fumes","Riddle With Holes","Reflex"],"picked":"SKIP","floor":2.0},{"not_picked":["Distraction","Eviscerate","Cloak And Dagger"],"picked":"SKIP","floor":3.0},{"not_picked":["Quick Slash","Flying Knee","Backflip"],"picked":"SKIP","floor":4.0},{"not_picked":["Deflect","Cloak And Dagger","Terror"],"picked":"SKIP","floor":7.0},{"not_picked":["All Out Attack","Prepared","Quick Slash"],"picked":"SKIP","floor":11.0},{"not_picked":["Calculated Gamble","Flechettes","Deadly Poison"],"picked":"SKIP","floor":13.0},{"not_picked":["Sucker Punch","Flechettes","Doppelganger"],"picked":"SKIP","floor":14.0}],"player_experience":89763,"relics_obtained":[{"floor":7.0,"key":"Darkstone Periapt"},{"floor":9.0,"key":"Boot"}],"event_choices":[{"damage_healed":0.0,"max_hp_gain":0.0,"max_hp_loss":0.0,"gold_gain":0.0,"event_name":"Liars Game","player_choice":"Ignored","floor":10.0,"gold_loss":0.0,"damage_taken":0.0},{"damage_healed":0.0,"max_hp_gain":0.0,"max_hp_loss":5.0,"gold_gain":0.0,"event_name":"Golden Idol","player_choice":"Lose Max HP","floor":12.0,"gold_loss":0.0,"damage_taken":0.0,"relics_obtained":["Golden Idol"]}],"is_beta":false,"boss_relics":[],"items_purged_floors":[5],"is_endless":false,"potions_floor_spawned":[2,3,7,14],"killed_by":"Slime Boss","ascension_level":0}}