{"host":"fj83j80ll6g2pudi","time":1611884874,"event":{"mods":["Bartender","BaseMod","Colored Map","Colored Powertips","DeckTracker","Downfall","Minty Spire (QoL Compilation)","Quick Restart","Somnambulant","StSLib","The Cursed"],"gold_per_floor":[99,111,125,137,137,137,162,178,209,222,232,232,47,122,134,230,230,230,248,248,248,248,248,248,48,68,87,101,101,101,101,101],"floor_reached":30,"language":"ENG","playtime":2409,"items_purged":[],"score":257,"play_id":"fb34d86b-47bb-4cb2-b3b2-a2cac0c7b071","local_time":"20210128204754","is_ascension_mode":false,"campfire_choices":[{"data":"Slimebound:Split","floor":1,"key":"SMITH"},{"floor":12,"key":"REST"},{"floor":18,"key":"RECALL"},{"data":"expansioncontent:StudyTheSpire","floor":25,"key":"SMITH"}],"circlet_count":0,"master_deck":["Slimebound:Tackle","Slimebound:Defend_Slimebound","Slimebound:Defend_Slimebound","Slimebound:Defend_Slimebound","Slimebound:Defend_Slimebound","Slimebound:Split+1","Slimebound:CorrosiveSpit+1","Slimebound:SplitMire","Slimebound:Schlurp","Slimebound:Prepare","Slimebound:HauntingLick","Slimebound:SplitAcid","Slimebound:SlimeBarrage","Slimebound:RollThrough","Slimebound:Repurpose","expansioncontent:StudyTheSpire+1","Slimebound:LeechingTouch","Slimebound:RallyTheTroops","Slimebound:ItLooksTasty+1","Pride","Bite","Bite","Bite","Bite","Bite","CurseOfTheBell","CurseOfTheBell","Clumsy","Slimebound:DouseInSlime","Slimebound:SpikyOuterGoop+1","Slimebound:LivingWall+1"],"relics":["Slimebound:AbsorbEndCombat","Centennial Puzzle","Pen Nib","Art of War","Runic Dome","Slimebound:MaxSlimesRelic","downfall:ExtraCursedBell","Letter Opener","Thread and Needle","Kunai","downfall:HeartBlessingBlue","downfall:HeartBlessingRed","downfall:RedIOU"],"acts_visited":["Exordium","TheCity"],"potions_floor_usage":[],"damage_taken":[{"damage":13,"enemies":"Small Slimes","floor":2,"turns":3},{"damage":11,"enemies":"Jaw Worm","floor":3,"turns":2},{"damage":0,"enemies":"2 Louse","floor":4,"turns":3},{"damage":7,"enemies":"Exordium Wildlife","floor":8,"turns":3},{"damage":12,"enemies":"Gremlin Nob","floor":9,"turns":3},{"damage":7,"enemies":"Blue Slaver","floor":10,"turns":2},{"damage":3,"enemies":"2 Fungi Beasts","floor":11,"turns":2},{"damage":0,"enemies":"downfall:FleeingMerchant","floor":13,"turns":4},{"damage":18,"enemies":"Exordium Wildlife","floor":15,"turns":3},{"damage":29,"enemies":"DF_ARCHETYPE_STREAMLINE","floor":16,"turns":8},{"damage":19,"enemies":"Shell Parasite","floor":19,"turns":4},{"damage":27,"enemies":"Centurion and Healer","floor":26,"turns":6},{"damage":19,"enemies":"3 Cultists","floor":27,"turns":5},{"damage":37,"enemies":"Shelled Parasite and Fungi","floor":28,"turns":6},{"damage":14,"enemies":"Snake Plant","floor":30,"turns":1}],"seed_played":"-3982795699709071222","potions_obtained":[{"floor":2,"key":"SpeedPotion"},{"floor":4,"key":"Strength Potion"},{"floor":9,"key":"EssenceOfSteel"},{"floor":16,"key":"FearPotion"},{"floor":27,"key":"sneckomod:MuddlingPotion"}],"is_trial":false,"path_per_floor":["R","M","M","M","?","?","T","M","E","M","M","R","$","?","M","B",null,"R","M","?","?","?","T","T","R","M","M","M","?","M"],"character_chosen":"SLIMEBOUND","items_purchased":["expansioncontent:StudyTheSpire"],"campfire_rested":1,"item_purchase_floors":[13],"current_hp_per_floor":[71,60,53,57,45,45,45,42,36,31,30,51,55,55,39,18,71,71,58,58,49,49,49,49,59,42,33,10,10,0,0,0],"gold":101,"neow_bonus":"TEN_PERCENT_HP_BONUS","is_daily":false,"chose_seed":false,"campfire_upgraded":2,"win_rate":0.0,"timestamp":1611884874,"path_taken":["R","M","M","M","?","?","T","M","E","M","?","R","$","?","M","BOSS","R","M","?","?","?","?","T","R","M","?","M","?","M"],"items_purchased_type":["Card"],"build_version":"2020-12-22","purchased_purges":0,"victory":false,"max_hp_per_floor":[71,71,71,71,71,71,71,71,71,71,71,71,71,71,71,71,71,71,71,71,49,49,49,49,59,59,59,59,59,59,59,59],"card_choices":[{"not_picked":["Slimebound:GoopTackle","Slimebound:Gluttony"],"picked":"Slimebound:SplitMire","floor":2},{"not_picked":["Slimebound:SpikyOuterGoop","Slimebound:GoopTackle"],"picked":"Slimebound:Schlurp","floor":3},{"not_picked":["Slimebound:Chomp","Slimebound:SlimeBrawl"],"picked":"Slimebound:Prepare","floor":4},{"not_picked":["Slimebound:SlimeSpikes","Slimebound:Schlurp"],"picked":"Slimebound:HauntingLick","floor":8},{"not_picked":["Slimebound:Replication","Slimebound:HauntingLick"],"picked":"Slimebound:SplitAcid","floor":9},{"not_picked":["Slimebound:Replication","Slimebound:Prepare"],"picked":"Slimebound:SlimeBarrage","floor":10},{"not_picked":["Slimebound:Nibble","Slimebound:FinishingTackle"],"picked":"Slimebound:RollThrough","floor":11},{"not_picked":["Slimebound:SlimeBarrage","Slimebound:FirmFortitude"],"picked":"Slimebound:Repurpose","floor":13},{"not_picked":["Slimebound:SpikyOuterGoop","Slimebound:SplitLeeching"],"picked":"Slimebound:LeechingTouch","floor":15},{"not_picked":["Slimebound:SelfFormingGoo","Slimebound:WasteNot"],"picked":"Slimebound:RallyTheTroops","floor":16},{"not_picked":["Slimebound:Grow","Slimebound:GoopSpray"],"picked":"Slimebound:ItLooksTasty+1","floor":19},{"not_picked":["Slimebound:HauntingLick","Slimebound:RollThrough"],"picked":"Slimebound:SpikyOuterGoop+1","floor":26},{"not_picked":["Slimebound:SplitLeeching+1","Slimebound:GoopSpray"],"picked":"Slimebound:LivingWall+1","floor":27},{"not_picked":["Slimebound:ComboTackle","Slimebound:SamplingLick+1","Slimebound:Gluttony"],"picked":"SKIP","floor":28}],"player_experience":777635,"relics_obtained":[{"floor":7,"key":"Pen Nib"},{"floor":9,"key":"Art of War"},{"floor":22,"key":"Tiny Chest"},{"floor":22,"key":"Letter Opener"},{"floor":22,"key":"Thread and Needle"},{"floor":24,"key":"Kunai"}],"event_choices":[{"damage_healed":0,"gold_gain":0,"player_choice":"Success","damage_taken":12,"relics_obtained":["Centennial Puzzle"],"max_hp_gain":0,"max_hp_loss":0,"event_name":"Scrap Ooze","floor":5,"gold_loss":0},{"damage_healed":0,"gold_gain":0,"player_choice":"Grow","damage_taken":0,"max_hp_gain":0,"max_hp_loss":0,"event_name":"Living Wall","floor":6,"gold_loss":0,"cards_upgraded":["Slimebound:CorrosiveSpit"]},{"damage_healed":0,"gold_gain":0,"player_choice":"Stole Relic","damage_taken":0,"relics_obtained":["Slimebound:MaxSlimesRelic"],"max_hp_gain":0,"max_hp_loss":0,"event_name":"Addict","floor":20,"gold_loss":0,"cards_obtained":["Pride"]},{"damage_healed":0,"gold_gain":0,"player_choice":"Became a vampire","damage_taken":0,"max_hp_gain":0,"max_hp_loss":22,"event_name":"Vampires","floor":21,"gold_loss":0,"cards_obtained":["Bite","Bite","Bite","Bite","Bite"]}],"is_beta":false,"boss_relics":[{"not_picked":["Tiny House","Empty Cage"],"picked":"Runic Dome"}],"items_purged_floors":[],"is_endless":false,"potions_floor_spawned":[2,4,9,16,27,28],"killed_by":"Snake Plant","ascension_level":0}}