{"host":"f9ntswufr8mq3t4y","time":1611955968,"event":{"mods":["AchievementEnabler","BaseMod","Best Route Mod","Block Reminder","Colored Map","Colored Powertips","Curses Come First","DeckTracker","Displayed Cursed Tome","Highlight Path","Minty Spire (QoL Compilation)","Permanent Neow","Quick Restart","Slay-I","StSLib"],"gold_per_floor":[109,120,120,70,32,68,88,88,113,113,129,153,153,153,153,281,281,294,269,269,282,282,282,282],"floor_reached":23,"language":"ENG","playtime":1005,"items_purged":[],"score":264,"play_id":"d86dca15-cd7f-46f7-8d9c-f3c5728541eb","local_time":"20210130003248","is_ascension_mode":true,"campfire_choices":[{"data":"True Grit","floor":8,"key":"SMITH"},{"data":"Armaments","floor":10,"key":"SMITH"},{"data":"Bash","floor":13,"key":"SMITH"},{"data":"Whirlwind","floor":15,"key":"SMITH"}],"circlet_count":0,"master_deck":["Strike_R","Strike_R","Strike_R","Strike_R","Strike_R","Defend_R","Defend_R","Defend_R","Defend_R","Bash+1","Anger","True Grit+1","Metallicize","Armaments+1","Whirlwind+1","Fiend Fire","Headbutt+1","Clash"],"relics":["Burning Blood","Golden Idol","Strawberry","MealTicket","Toy Ornithopter","Black Star","Enchiridion"],"acts_visited":["Exordium","TheCity"],"potions_floor_usage":[19,21,21,23],"damage_taken":[{"damage":21.0,"enemies":"Small Slimes","floor":1.0,"turns":6.0},{"damage":2.0,"enemies":"Jaw Worm","floor":2.0,"turns":4.0},{"damage":25,"enemies":"Gremlin Nob","floor":6,"turns":5},{"damage":3,"enemies":"2 Louse","floor":7,"turns":4},{"damage":1,"enemies":"Looter","floor":11,"turns":5},{"damage":4,"enemies":"2 Fungi Beasts","floor":12,"turns":4},{"damage":37,"enemies":"The Guardian","floor":16,"turns":14},{"damage":25,"enemies":"Chosen","floor":18,"turns":5},{"damage":28,"enemies":"2 Thieves","floor":19,"turns":5},{"damage":31,"enemies":"Shelled Parasite and Fungi","floor":21,"turns":7},{"damage":54,"enemies":"Gremlin Leader","floor":23,"turns":7}],"seed_played":"7771109940766225459","potions_obtained":[{"floor":6,"key":"DuplicationPotion"},{"floor":11,"key":"Swift Potion"},{"floor":12,"key":"Dexterity Potion"},{"floor":21,"key":"BloodPotion"}],"is_trial":false,"path_per_floor":["M","M","?","?","$","E","M","R","T","R","M","M","R","T","R","B",null,"M","M","?","M","?","E"],"character_chosen":"IRONCLAD","items_purchased":["Metallicize"],"campfire_rested":0,"item_purchase_floors":[5],"current_hp_per_floor":[81,85,61,61,61,49,52,52,52,52,57,59,59,59,59,28,82,63,46,46,31,15,0,0],"gold":282,"neow_bonus":"TWENTY_PERCENT_HP_BONUS","is_daily":false,"chose_seed":false,"campfire_upgraded":4,"win_rate":0.0,"timestamp":1611955968,"path_taken":["M","M","?","?","$","E","M","R","T","R","M","M","R","?","R","BOSS","M","M","?","M","?","E"],"items_purchased_type":["Card"],"build_version":"2020-12-22","purchased_purges":0,"victory":false,"max_hp_per_floor":[96,96,96,93,93,100,100,100,100,100,100,100,100,100,100,100,100,100,100,100,100,100,100,100],"card_choices":[{"not_picked":["Havoc","True Grit"],"picked":"Anger","floor":1.0},{"not_picked":["Headbutt","Heavy Blade"],"picked":"True Grit","floor":2.0},{"not_picked":["Warcry","Juggernaut"],"picked":"Armaments","floor":6},{"not_picked":["Armaments","Perfected Strike","Twin Strike"],"picked":"SKIP","floor":7},{"not_picked":["Armaments","Perfected Strike","Twin Strike"],"picked":"SKIP","floor":7},{"not_picked":["True Grit","Armaments","Perfected Strike"],"picked":"SKIP","floor":11},{"not_picked":["True Grit","Cleave"],"picked":"Whirlwind","floor":12},{"not_picked":["Immolate","Bludgeon"],"picked":"Fiend Fire","floor":16},{"not_picked":["Sever Soul","Warcry","Perfected Strike"],"picked":"SKIP","floor":18},{"not_picked":["Body Slam+1","Cleave"],"picked":"Headbutt+1","floor":19},{"not_picked":["Body Slam","Havoc"],"picked":"Clash","floor":21}],"player_experience":369335,"relics_obtained":[{"floor":6,"key":"Strawberry"},{"floor":9,"key":"MealTicket"},{"floor":14,"key":"Toy Ornithopter"}],"event_choices":[{"damage_healed":0.0,"max_hp_gain":0.0,"max_hp_loss":0.0,"gold_gain":0.0,"event_name":"Golden Idol","player_choice":"Take Damage","floor":3.0,"gold_loss":0.0,"damage_taken":24.0,"relics_obtained":["Golden Idol"]},{"cards_removed":["Parasite"],"damage_healed":0.0,"max_hp_gain":0.0,"max_hp_loss":0.0,"gold_gain":0.0,"event_name":"The Cleric","player_choice":"Card Removal","floor":4.0,"gold_loss":50.0,"damage_taken":0.0},{"damage_healed":0,"gold_gain":0,"player_choice":"Ignored","damage_taken":0,"max_hp_gain":0,"max_hp_loss":0,"event_name":"Vampires","floor":20,"gold_loss":0},{"damage_healed":0,"gold_gain":0,"player_choice":"Obtained Book","damage_taken":16,"max_hp_gain":0,"max_hp_loss":0,"event_name":"Cursed Tome","floor":22,"gold_loss":0}],"is_beta":false,"boss_relics":[{"not_picked":["Busted Crown","Calling Bell"],"picked":"Black Star"}],"items_purged_floors":[],"is_endless":false,"potions_floor_spawned":[6,11,12,21],"killed_by":"Gremlin Leader","ascension_level":5}}