{"host":"b7j598ve05halrwk","time":1611929542,"event":{"mods":["2.2 Compatiblity","BaseMod","Block Reminder","DeckTracker","Minty Spire (QoL Compilation)","Relic Stats","Slay the Relics Exporter","StSLib","ojb\u0027s Better Paths Mod","ojb\u0027s Info Mod"],"gold_per_floor":[112,127,77,40,55,83,97,111,111,130,157,157,188,203,203,302,302,315,315,315,327,327,327,46,63,63,76,105,123,123,157,157,257,257,271,285,301,63,75,103,135,163,163,211,211,245,256,273,273,273,273,273,3,37,37],"floor_reached":56,"language":"ENG","playtime":5328,"items_purged":["Strike_R","Strike_R","Strike_R"],"score":2022,"play_id":"ca45aa97-e3b5-4e29-82e8-e263976b1ae1","local_time":"20210129091222","is_ascension_mode":true,"campfire_choices":[{"data":"Offering","floor":12.0,"key":"SMITH"},{"data":"Armaments","floor":15.0,"key":"SMITH"},{"data":"Rupture","floor":23.0,"key":"SMITH"},{"data":"Inflame","floor":32.0,"key":"SMITH"},{"floor":49,"key":"RECALL"},{"floor":52,"key":"REST"}],"circlet_count":0,"master_deck":["AscendersBane","Strike_R","Defend_R","Defend_R","Defend_R","Defend_R","Bash","Carnage","Armaments+1","Sever Soul","Inflame+1","Headbutt","Cleave","Pummel","Whirlwind+1","Offering+1","Anger+1","Rupture+1","Feed+1","Bloodletting+1","Necronomicurse","Shrug It Off+1","Armaments+1","Warcry+1","Shrug It Off+1","Battle Trance+1","Feel No Pain+1","Demon Form","Ghostly Armor+1","Dark Embrace+1","Bloodletting+1","Fire Breathing","Seeing Red+1","Shrug It Off+1","Offering+1","Pummel+1","Power Through+1","Madness+1","Madness+1","Intimidate+1","True Grit+1","Disarm+1","Headbutt+1","Offering+1","Heavy Blade+1","Flame Barrier+1"],"relics":["Burning Blood","Potion Belt","Tiny Chest","Molten Egg 2","Toy Ornithopter","Toxic Egg 2","Runic Cube","Necronomicon","WingedGreaves","Toolbox","White Beast Statue","InkBottle","Oddly Smooth Stone","Matryoshka","SacredBark","Membership Card","Gremlin Horn","Pantograph","Dream Catcher","Sundial","Thread and Needle","Champion Belt","Gambling Chip","Bottled Lightning"],"acts_visited":["Exordium","TheCity","TheBeyond","TheEnding"],"potions_floor_usage":[36,37,39,40,41,42,44,46,47,48,54,55,55],"damage_taken":[{"damage":5.0,"enemies":"2 Louse","floor":1.0,"turns":4.0},{"damage":6.0,"enemies":"Jaw Worm","floor":2.0,"turns":4.0},{"damage":1.0,"enemies":"Small Slimes","floor":5.0,"turns":4.0},{"damage":46.0,"enemies":"Lagavulin","floor":6.0,"turns":8.0},{"damage":3.0,"enemies":"Blue Slaver","floor":7.0,"turns":3.0},{"damage":2.0,"enemies":"Exordium Wildlife","floor":8.0,"turns":3.0},{"damage":7.0,"enemies":"Large Slime","floor":10.0,"turns":5.0},{"damage":16.0,"enemies":"Gremlin Nob","floor":11.0,"turns":3.0},{"damage":12.0,"enemies":"3 Sentries","floor":13.0,"turns":3.0},{"damage":6.0,"enemies":"Blue Slaver","floor":14.0,"turns":2.0},{"damage":14.0,"enemies":"Slime Boss","floor":16.0,"turns":8.0},{"damage":20.0,"enemies":"Spheric Guardian","floor":18.0,"turns":4.0},{"damage":6.0,"enemies":"Shell Parasite","floor":21.0,"turns":1.0},{"damage":7.0,"enemies":"Snecko","floor":25.0,"turns":3.0},{"damage":6.0,"enemies":"Snake Plant","floor":27.0,"turns":4.0},{"damage":6.0,"enemies":"Gremlin Leader","floor":28.0,"turns":3.0},{"damage":9.0,"enemies":"Centurion and Healer","floor":29.0,"turns":4.0},{"damage":24.0,"enemies":"Book of Stabbing","floor":31.0,"turns":4.0},{"damage":32.0,"enemies":"Collector","floor":33.0,"turns":5.0},{"damage":28.0,"enemies":"3 Shapes","floor":35.0,"turns":3.0},{"damage":28,"enemies":"3 Darklings","floor":36,"turns":3},{"damage":7,"enemies":"Sphere and 2 Shapes","floor":37,"turns":4},{"damage":6,"enemies":"4 Shapes","floor":39,"turns":6},{"damage":26,"enemies":"Reptomancer","floor":40,"turns":5},{"damage":54,"enemies":"Giant Head","floor":41,"turns":7},{"damage":28,"enemies":"Nemesis","floor":42,"turns":7},{"damage":12,"enemies":"2 Orb Walkers","floor":44,"turns":2},{"damage":15,"enemies":"Giant Head","floor":46,"turns":5},{"damage":15,"enemies":"Writhing Mass","floor":47,"turns":4},{"damage":3,"enemies":"Jaw Worm Horde","floor":48,"turns":7},{"damage":41,"enemies":"Donu and Deca","floor":50,"turns":7},{"damage":24,"enemies":"Shield and Spear","floor":54,"turns":3},{"damage":65,"enemies":"The Heart","floor":55,"turns":6}],"seed_played":"-7487799804900918518","potions_obtained":[{"floor":2.0,"key":"Block Potion"},{"floor":6.0,"key":"EntropicBrew"},{"floor":13.0,"key":"Energy Potion"},{"floor":14.0,"key":"LiquidMemories"},{"floor":16.0,"key":"Explosive Potion"},{"floor":25.0,"key":"FairyPotion"},{"floor":27.0,"key":"FearPotion"},{"floor":28.0,"key":"Block Potion"},{"floor":29.0,"key":"Weak Potion"},{"floor":31.0,"key":"AttackPotion"},{"floor":33.0,"key":"FearPotion"},{"floor":35.0,"key":"Fruit Juice"},{"floor":36,"key":"PowerPotion"},{"floor":37,"key":"DuplicationPotion"},{"floor":39,"key":"Explosive Potion"},{"floor":40,"key":"BloodPotion"},{"floor":41,"key":"ElixirPotion"},{"floor":42,"key":"GamblersBrew"},{"floor":44,"key":"Strength Potion"},{"floor":46,"key":"Energy Potion"},{"floor":47,"key":"Ancient Potion"},{"floor":48,"key":"Swift Potion"},{"floor":54,"key":"SmokeBomb"}],"is_trial":false,"path_per_floor":["M","M","?","$","M","E","M","M","T","M","E","R","E","M","R","B",null,"M","?","?","M","T","R","$","M","T","M","E","M","T","E","R","B",null,"M","M","M","$","M","E","E","E","T","?","?","E","M","M","R","B",null,"R","$","E","B",null],"character_chosen":"IRONCLAD","items_purchased":["Sever Soul","Toolbox","Armaments+1","Membership Card","Fire Breathing","Offering+1","Gambling Chip","Heavy Blade+1"],"campfire_rested":1,"item_purchase_floors":[4,24,24,38,38,53,53,53],"current_hp_per_floor":[73,73,73,73,78,38,41,45,45,44,34,34,33,33,33,25,66,56,40,24,29,29,29,29,33,33,33,43,44,44,30,30,13,79,62,59,67,67,76,65,76,59,59,62,45,45,41,49,49,43,118,143,143,130,94],"gold":37,"neow_bonus":"RANDOM_COMMON_RELIC","is_daily":false,"chose_seed":false,"campfire_upgraded":4,"win_rate":0.0,"timestamp":1611929542,"path_taken":["M","M","?","$","M","E","M","M","T","M","E","R","E","M","R","BOSS","M","?","?","M","?","R","$","M","T","M","E","M","?","E","R","BOSS","M","M","M","$","M","E","E","E","T","?","?","E","M","M","R","BOSS","R","$","E","BOSS"],"items_purchased_type":["Card","Relic","Card","Relic","Card","Card","Relic","Card"],"build_version":"2020-12-22","purchased_purges":3,"victory":true,"max_hp_per_floor":[80,80,80,80,80,80,80,80,80,80,80,80,80,80,80,80,80,84,84,89,89,89,89,89,89,89,89,89,93,93,97,97,101,101,101,115,119,119,123,127,131,131,131,135,135,139,139,139,139,143,143,143,143,143,143],"relic_stats":{"Gremlin Horn":[4,5],"counters":[33,144],"Burning Blood":198,"Dream Catcher":1,"Sundial":[4],"Pantograph":38,"Gambling Chip":[1],"Tiny Chest":1,"Necronomicon":[40],"Champion Belt":[6],"obtain_stats":[{"Potion Belt":0,"Gremlin Horn":40,"SacredBark":34,"Oddly Smooth Stone":30,"Thread and Needle":44,"Burning Blood":0,"White Beast Statue":26,"Dream Catcher":42,"Matryoshka":31,"Sundial":43,"Pantograph":41,"Gambling Chip":53,"Toolbox":24,"Tiny Chest":6,"Molten Egg 2":9,"WingedGreaves":22,"Necronomicon":19,"Membership Card":38,"Champion Belt":46,"Bottled Lightning":54,"Toxic Egg 2":13,"Toy Ornithopter":11,"InkBottle":28,"Runic Cube":17},{"Potion Belt":0,"Gremlin Horn":24,"SacredBark":19,"Oddly Smooth Stone":17,"Thread and Needle":27,"Burning Blood":0,"White Beast Statue":14,"Dream Catcher":26,"Matryoshka":18,"Sundial":26,"Pantograph":25,"Gambling Chip":31,"Toolbox":13,"Tiny Chest":4,"Molten Egg 2":6,"WingedGreaves":13,"Necronomicon":12,"Membership Card":22,"Champion Belt":28,"Bottled Lightning":32,"Toxic Egg 2":9,"Toy Ornithopter":8,"InkBottle":16,"Runic Cube":11},{"Potion Belt":0,"Gremlin Horn":96,"SacredBark":75,"Oddly Smooth Stone":66,"Thread and Needle":112,"Burning Blood":0,"White Beast Statue":55,"Dream Catcher":110,"Matryoshka":70,"Sundial":110,"Pantograph":103,"Gambling Chip":135,"Toolbox":52,"Tiny Chest":20,"Molten Egg 2":26,"WingedGreaves":52,"Necronomicon":51,"Membership Card":85,"Champion Belt":117,"Bottled Lightning":138,"Toxic Egg 2":37,"Toy Ornithopter":34,"InkBottle":62,"Runic Cube":47}],"Toy Ornithopter":100,"InkBottle":[43],"Runic Cube":[87]},"card_choices":[{"not_picked":["Heavy Blade","Pummel"],"picked":"Carnage","floor":1.0},{"not_picked":["Flex","Warcry"],"picked":"Armaments","floor":2.0},{"not_picked":["Cleave","Carnage"],"picked":"Inflame","floor":5.0},{"not_picked":["Anger","Armaments"],"picked":"Headbutt","floor":6.0},{"not_picked":["Searing Blow","Armaments"],"picked":"Cleave","floor":7.0},{"not_picked":["Seeing Red","Sword Boomerang"],"picked":"Pummel","floor":8.0},{"not_picked":["Dual Wield","Clothesline+1"],"picked":"Whirlwind+1","floor":10.0},{"not_picked":["Sever Soul+1","Shrug It Off"],"picked":"Offering","floor":11.0},{"not_picked":["Twin Strike+1","Bludgeon+1"],"picked":"Anger+1","floor":13.0},{"not_picked":["Flex+1","Dropkick+1"],"picked":"Rupture","floor":14.0},{"not_picked":["Bludgeon+1","Brutality"],"picked":"Feed+1","floor":16.0},{"not_picked":["Infernal Blade+1","Body Slam+1"],"picked":"Bloodletting+1","floor":18.0},{"not_picked":["Flex+1","Burning Pact+1"],"picked":"Shrug It Off+1","floor":21.0},{"not_picked":["Clothesline+1","Infernal Blade+1"],"picked":"Warcry+1","floor":25.0},{"not_picked":["Metallicize","Blood for Blood+1"],"picked":"Shrug It Off+1","floor":27.0},{"not_picked":["Rampage+1","Clash+1","Twin Strike+1"],"picked":"SKIP","floor":28.0},{"not_picked":["Cleave+1","True Grit+1"],"picked":"Battle Trance+1","floor":29.0},{"not_picked":["Perfected Strike+1","Reckless Charge+1"],"picked":"Feel No Pain+1","floor":31.0},{"not_picked":["Berserk","Fiend Fire+1"],"picked":"Demon Form","floor":33.0},{"not_picked":["Intimidate+1","Anger+1"],"picked":"Ghostly Armor+1","floor":35.0},{"not_picked":["Iron Wave+1","Anger+1"],"picked":"Dark Embrace+1","floor":36},{"not_picked":["Pommel Strike+1","Rage+1"],"picked":"Bloodletting+1","floor":37},{"not_picked":["Heavy Blade+1","Metallicize"],"picked":"Seeing Red+1","floor":39},{"not_picked":["Metallicize+1","Thunderclap+1"],"picked":"Shrug It Off+1","floor":40},{"not_picked":["Searing Blow+1","Clothesline+1"],"picked":"Offering+1","floor":41},{"not_picked":["Anger+1","Heavy Blade+1"],"picked":"Pummel+1","floor":42},{"not_picked":["Rampage+1","Twin Strike+1"],"picked":"Power Through+1","floor":44},{"not_picked":["Twin Strike+1","Heavy Blade+1"],"picked":"Intimidate+1","floor":46},{"not_picked":["Uppercut+1","Pummel+1"],"picked":"True Grit+1","floor":47},{"not_picked":["Warcry+1","Cleave+1"],"picked":"Disarm+1","floor":48},{"not_picked":["Dropkick+1","Anger+1"],"picked":"Headbutt+1","floor":52},{"not_picked":["Offering+1","Clash+1"],"picked":"Flame Barrier+1","floor":54}],"player_experience":1062684,"relics_obtained":[{"floor":6.0,"key":"Tiny Chest"},{"floor":9.0,"key":"Molten Egg 2"},{"floor":11.0,"key":"Toy Ornithopter"},{"floor":13.0,"key":"Toxic Egg 2"},{"floor":19.0,"key":"Necronomicon"},{"floor":22.0,"key":"WingedGreaves"},{"floor":26.0,"key":"White Beast Statue"},{"floor":28.0,"key":"InkBottle"},{"floor":30.0,"key":"Oddly Smooth Stone"},{"floor":31.0,"key":"Matryoshka"},{"floor":40,"key":"Gremlin Horn"},{"floor":41,"key":"Pantograph"},{"floor":42,"key":"Dream Catcher"},{"floor":43,"key":"Sundial"},{"floor":44,"key":"Thread and Needle"},{"floor":46,"key":"Champion Belt"},{"floor":54,"key":"Bottled Lightning"}],"event_choices":[{"cards_removed":["Strike_R"],"damage_healed":0.0,"max_hp_gain":0.0,"max_hp_loss":0.0,"gold_gain":0.0,"event_name":"The Cleric","player_choice":"Card Removal","floor":3.0,"gold_loss":50.0,"damage_taken":0.0},{"damage_healed":0.0,"max_hp_gain":0.0,"max_hp_loss":0.0,"gold_gain":0.0,"event_name":"Cursed Tome","player_choice":"Obtained Book","floor":19.0,"gold_loss":0.0,"damage_taken":16.0},{"damage_healed":0.0,"max_hp_gain":5.0,"max_hp_loss":0.0,"gold_gain":0.0,"event_name":"Forgotten Altar","player_choice":"Shed Blood","floor":20.0,"gold_loss":0.0,"damage_taken":21.0},{"damage_healed":0,"gold_gain":0,"player_choice":"Fight","damage_taken":0,"max_hp_gain":0,"max_hp_loss":0,"event_name":"Mysterious Sphere","floor":44,"gold_loss":0},{"damage_healed":0,"gold_gain":0,"player_choice":"Embrace Madness","damage_taken":17,"max_hp_gain":0,"max_hp_loss":0,"event_name":"Winding Halls","floor":45,"gold_loss":0,"cards_obtained":["Madness","Madness"]}],"is_beta":false,"boss_relics":[{"not_picked":["Calling Bell","Velvet Choker"],"picked":"Runic Cube"},{"not_picked":["Busted Crown","Astrolabe"],"picked":"SacredBark"}],"items_purged_floors":[24,38,53],"is_endless":false,"potions_floor_spawned":[2,6,13,14,16,18,25,27,28,29,31,33,35,36,37,39,40,41,42,44,46,47,48,54],"ascension_level":10}}