{"host":"ig3ferjl2vi2q99g","time":1611960342,"event":{"mods":["AchievementEnabler","BaseMod","Colored Map","Colored Powertips","Hermit","Minty Spire (QoL Compilation)","Permanent Neow","Quick Restart","SacredBarkPlus","StSLib"],"gold_per_floor":[113,124,124,142,158,193,193,221,221],"floor_reached":8,"language":"ENG","playtime":398,"items_purged":[],"score":71,"play_id":"9e4913f6-4a50-4c8a-8379-3e671046a613","local_time":"20210129234542","is_ascension_mode":true,"campfire_choices":[{"data":"Endless Agony","floor":7,"key":"SMITH"}],"circlet_count":0,"master_deck":["Strike_G","Strike_G","Strike_G","Strike_G","Strike_G","Defend_G","Defend_G","Defend_G","Defend_G","Defend_G","Survivor","Neutralize+1","Deadly Poison","Quick Slash","Poisoned Stab","Choke","Endless Agony+1","Poisoned Stab"],"relics":["WristBlade","Pear","CaptainsWheel"],"acts_visited":["Exordium"],"potions_floor_usage":[],"damage_taken":[{"damage":2,"enemies":"Cultist","floor":1,"turns":5},{"damage":0,"enemies":"2 Louse","floor":2,"turns":3},{"damage":5,"enemies":"Small Slimes","floor":4,"turns":3},{"damage":1,"enemies":"2 Fungi Beasts","floor":5,"turns":4},{"damage":10,"enemies":"Gremlin Nob","floor":6,"turns":4},{"damage":14,"enemies":"3 Sentries","floor":8,"turns":8}],"seed_played":"-6842798156004657582","potions_obtained":[{"floor":1,"key":"LiquidBronze"},{"floor":5,"key":"Fruit Juice"},{"floor":8,"key":"CunningPotion"}],"is_trial":false,"path_per_floor":["M","M","?","M","M","E","R","E"],"character_chosen":"THE_SILENT","items_purchased":[],"campfire_rested":0,"item_purchase_floors":[],"current_hp_per_floor":[68,68,68,63,62,62,62,48,48],"gold":221,"neow_bonus":"BOSS_RELIC","is_daily":false,"chose_seed":false,"campfire_upgraded":1,"win_rate":0.0,"timestamp":1611960342,"path_taken":["M","?","?","?","M","E","R","E"],"items_purchased_type":[],"build_version":"2020-12-22","purchased_purges":0,"victory":false,"max_hp_per_floor":[70,70,70,70,70,80,80,80,80],"card_choices":[{"not_picked":["Escape Plan","Acrobatics"],"picked":"Deadly Poison","floor":1},{"not_picked":["Bane","Sucker Punch"],"picked":"Quick Slash","floor":2},{"not_picked":["Bouncing Flask","Expertise"],"picked":"Poisoned Stab","floor":4},{"not_picked":["Terror","Dagger Throw"],"picked":"Choke","floor":5},{"not_picked":["Bullet Time","Acrobatics"],"picked":"Endless Agony","floor":6},{"not_picked":["Grand Finale","Heel Hook"],"picked":"Poisoned Stab","floor":8}],"player_experience":294929,"relics_obtained":[{"floor":6,"key":"Pear"},{"floor":8,"key":"CaptainsWheel"}],"event_choices":[{"damage_healed":0,"gold_gain":0,"player_choice":"Upgraded","damage_taken":0,"max_hp_gain":0,"max_hp_loss":0,"event_name":"Upgrade Shrine","floor":3,"gold_loss":0,"cards_upgraded":["Neutralize"]}],"is_beta":false,"boss_relics":[],"items_purged_floors":[],"is_endless":false,"potions_floor_spawned":[1,5,8],"killed_by":"3 Sentries","ascension_level":1}}