{"host":"iyj530209nkhhjuz","time":1611938082,"event":{"mods":["AchievementEnabler","BaseMod","Better Match","Better Note","Better Third Choice","BetterRewards","Colored Map","Colored Powertips","Dark Map","Fox Events","Highlight Path","Minty Spire (QoL Compilation)","Permanent Neow","Random Character Button","Rare Cards Sparkle","Relic Stats","StSLib","Waifu the Spire"],"gold_per_floor":[118,131,144,23,23,23,36,36,90,90,134,152,152,196,196,324,324,343,97,97,97,117,150,150,185,185,185,199,74,114,78,78,197,197,222,222,237,87,106,146,146,187,187,187,187,187,77,118,118,118,118,118,41,81,81,81],"floor_reached":55,"language":"ENG","playtime":4927,"items_purged":["Defend_G","Strike_G","Defend_G","Strike_G"],"score":1130,"play_id":"e2cce856-8f6f-449a-b3ad-b0c72b4a6e69","local_time":"20210129173442","is_ascension_mode":true,"campfire_choices":[{"data":"Malaise","floor":6.0,"key":"SMITH"},{"data":"Poisoned Stab","floor":8.0,"key":"SMITH"},{"data":"Blade Dance","floor":15.0,"key":"SMITH"},{"data":"RitualDagger","floor":32.0,"key":"SMITH"},{"floor":44.0,"key":"REST"},{"data":"Calculated Gamble","floor":46.0,"key":"SMITH"},{"floor":49.0,"key":"RECALL"},{"data":"Catalyst","floor":52,"key":"SMITH"}],"circlet_count":0,"master_deck":["Strike_G+1","Strike_G+1","Defend_G","Defend_G","Survivor","Neutralize","Malaise+1","Die Die Die","Poisoned Stab","Cloak And Dagger","Cloak And Dagger","Poisoned Stab+1","Backstab","Calculated Gamble+1","Blade Dance+1","Corpse Explosion","Terror","Burst","RitualDagger+1","Catalyst+1","PiercingWail","Poisoned Stab+1","Concentrate","Footwork","Wraith Form v2","Dagger Throw","Madness","Madness","Accuracy","Outmaneuver","Noxious Fumes"],"relics":["Ring of the Snake","Golden Idol","PreservedInsect","Bronze Scales","Mercury Hourglass","Runic Pyramid","Bag of Preparation","MutagenicStrength","Pocketwatch","Whetstone","Busted Crown","Happy Flower","Bottled Tornado","Lantern","Incense Burner","Meat on the Bone","Toy Ornithopter"],"acts_visited":["Exordium","TheCity","TheBeyond","TheEnding"],"potions_floor_usage":[50,50,50,50,50,50],"damage_taken":[{"damage":2.0,"enemies":"Jaw Worm","floor":1.0,"turns":5.0},{"damage":0.0,"enemies":"2 Louse","floor":2.0,"turns":1.0},{"damage":0.0,"enemies":"Cultist","floor":3.0,"turns":3.0},{"damage":1.0,"enemies":"Exordium Wildlife","floor":7.0,"turns":3.0},{"damage":3.0,"enemies":"Gremlin Nob","floor":11.0,"turns":4.0},{"damage":1.0,"enemies":"Looter","floor":12.0,"turns":3.0},{"damage":0.0,"enemies":"3 Sentries","floor":14.0,"turns":4.0},{"damage":0.0,"enemies":"Hexaghost","floor":16.0,"turns":9.0},{"damage":0.0,"enemies":"Chosen","floor":18.0,"turns":4.0},{"damage":12.0,"enemies":"Spheric Guardian","floor":22.0,"turns":4.0},{"damage":0.0,"enemies":"Slavers","floor":23.0,"turns":1.0},{"damage":0.0,"enemies":"Gremlin Leader","floor":25.0,"turns":4.0},{"damage":0.0,"enemies":"3 Cultists","floor":28.0,"turns":3.0},{"damage":0.0,"enemies":"Slavers","floor":30.0,"turns":1.0},{"damage":42.0,"enemies":"Automaton","floor":33.0,"turns":10.0},{"damage":0.0,"enemies":"3 Shapes","floor":35.0,"turns":2.0},{"damage":8.0,"enemies":"3 Darklings","floor":37.0,"turns":4.0},{"damage":5.0,"enemies":"Transient","floor":39.0,"turns":5.0},{"damage":1.0,"enemies":"Nemesis","floor":40.0,"turns":5.0},{"damage":24.0,"enemies":"Reptomancer","floor":42.0,"turns":6.0},{"damage":6.0,"enemies":"Giant Head","floor":48.0,"turns":5.0},{"damage":28,"enemies":"Awakened One","floor":50,"turns":11},{"damage":32,"enemies":"Shield and Spear","floor":54,"turns":4},{"damage":42,"enemies":"The Heart","floor":55,"turns":5}],"seed_played":"6549152343537687432","potions_obtained":[{"floor":1.0,"key":"DistilledChaos"},{"floor":11.0,"key":"AttackPotion"},{"floor":13.0,"key":"EntropicBrew"},{"floor":13.0,"key":"GhostInAJar"},{"floor":18.0,"key":"FearPotion"},{"floor":33.0,"key":"Poison Potion"},{"floor":37.0,"key":"DistilledChaos"},{"floor":40.0,"key":"Block Potion"},{"floor":42.0,"key":"SkillPotion"}],"is_trial":false,"path_per_floor":["M","M","M","$","?","R","M","R","T","?","E","M","?","E","R","B",null,"M","$","?","?","M","E","?","E","T","?","M","$","E","$","R","B",null,"M","?","M","$","M","E","?","E","T","R","T","R","$","E","R","B",null,"R","$","E","B"],"character_chosen":"THE_SILENT","items_purchased":["Cloak And Dagger","Burst","Footwork","Accuracy","DistilledChaos","Noxious Fumes"],"campfire_rested":1,"item_purchase_floors":[4,19,31,47,47,53],"current_hp_per_floor":[61,61,61,61,46,46,45,45,45,50,47,46,46,46,46,46,68,68,68,68,62,50,50,50,50,50,50,50,50,50,50,50,8,68,68,68,60,60,55,54,45,21,21,41,41,41,41,35,35,19,68,68,68,36,0,0],"gold":81,"neow_bonus":"TRANSFORM_TWO_CARDS","is_daily":false,"chose_seed":false,"campfire_upgraded":6,"win_rate":0.0,"timestamp":1611938082,"path_taken":["M","M","M","$","?","R","M","R","T","?","E","M","?","E","R","BOSS","M","$","?","?","M","E","?","E","T","?","M","$","E","$","R","BOSS","M","?","?","$","M","E","?","E","T","R","?","R","?","E","R","BOSS","R","$","E","BOSS"],"items_purchased_type":["Card","Card","Card","Card","Potion","Card"],"build_version":"2020-12-22","purchased_purges":4,"victory":false,"max_hp_per_floor":[63,63,63,63,63,63,63,63,63,68,68,68,68,68,68,68,68,68,68,68,68,68,68,68,68,68,68,68,68,68,68,68,68,68,68,68,68,68,68,68,68,68,68,68,68,68,68,68,68,68,68,68,68,68,68,68],"relic_stats":{"Happy Flower":[10],"counters":[24,104],"Golden Idol":180,"PreservedInsect":478,"Bag of Preparation":[26],"Whetstone":["Strike_G","Strike_G"],"Mercury Hourglass":[305],"Busted Crown":14,"Bronze Scales":[287],"obtain_stats":[{"Lantern":43,"Happy Flower":40,"Golden Idol":5,"PreservedInsect":9,"Bag of Preparation":23,"Incense Burner":45,"Whetstone":30,"Bottled Tornado":42,"Mercury Hourglass":14,"Busted Crown":34,"Bronze Scales":11,"MutagenicStrength":24,"Toy Ornithopter":54,"Ring of the Snake":0,"Runic Pyramid":17,"Pocketwatch":25,"Meat on the Bone":48},{"Lantern":20,"Happy Flower":19,"Golden Idol":3,"PreservedInsect":4,"Bag of Preparation":11,"Incense Burner":20,"Whetstone":14,"Bottled Tornado":20,"Mercury Hourglass":7,"Busted Crown":15,"Bronze Scales":5,"MutagenicStrength":11,"Toy Ornithopter":23,"Ring of the Snake":0,"Runic Pyramid":8,"Pocketwatch":12,"Meat on the Bone":21},{"Lantern":79,"Happy Flower":73,"Golden Idol":9,"PreservedInsect":12,"Bag of Preparation":39,"Incense Burner":79,"Whetstone":47,"Bottled Tornado":79,"Mercury Hourglass":23,"Busted Crown":57,"Bronze Scales":16,"MutagenicStrength":39,"Toy Ornithopter":99,"Ring of the Snake":0,"Runic Pyramid":31,"Pocketwatch":43,"Meat on the Bone":84}],"Toy Ornithopter":0,"Ring of the Snake":[48],"Pocketwatch":[4],"Meat on the Bone":12},"card_choices":[{"not_picked":["Concentrate","Quick Slash"],"picked":"Poisoned Stab","floor":1.0},{"not_picked":["Masterful Stab","Prepared"],"picked":"Cloak And Dagger","floor":2.0},{"not_picked":["Sucker Punch","Flying Knee"],"picked":"Backflip","floor":3.0},{"not_picked":["Cloak And Dagger","Die Die Die"],"picked":"Poisoned Stab","floor":7.0},{"not_picked":["Deflect","Dagger Spray"],"picked":"Backstab","floor":11.0},{"not_picked":["Well Laid Plans","Distraction"],"picked":"Calculated Gamble","floor":12.0},{"not_picked":["Bane","Backflip"],"picked":"Blade Dance","floor":14.0},{"not_picked":["Unload","Glass Knife"],"picked":"Corpse Explosion","floor":16.0},{"not_picked":["Dash","Acrobatics"],"picked":"Terror","floor":18.0},{"not_picked":["Bane","PiercingWail"],"picked":"Catalyst","floor":22.0},{"not_picked":["Setup","Tools of the Trade"],"picked":"PiercingWail","floor":23.0},{"not_picked":["Quick Slash","Cloak And Dagger"],"picked":"Poisoned Stab+1","floor":25.0},{"not_picked":["Dodge and Roll","Backflip","Expertise"],"picked":"SKIP","floor":28.0},{"not_picked":["Adrenaline","Footwork"],"picked":"Concentrate","floor":30.0},{"not_picked":["Burst","Unload"],"picked":"Wraith Form v2","floor":33.0},{"not_picked":["Deflect"],"picked":"SKIP","floor":35.0},{"not_picked":["Poisoned Stab"],"picked":"SKIP","floor":37.0},{"not_picked":["Slice+1"],"picked":"SKIP","floor":39.0},{"not_picked":["Deflect+1"],"picked":"SKIP","floor":40.0},{"not_picked":["Riddle With Holes"],"picked":"SKIP","floor":42.0},{"not_picked":[],"picked":"Outmaneuver","floor":48.0},{"not_picked":["Prepared"],"picked":"SKIP","floor":54}],"player_experience":455599,"relics_obtained":[{"floor":9.0,"key":"PreservedInsect"},{"floor":11.0,"key":"Bronze Scales"},{"floor":14.0,"key":"Mercury Hourglass"},{"floor":23.0,"key":"Bag of Preparation"},{"floor":25.0,"key":"Pocketwatch"},{"floor":30.0,"key":"Whetstone"},{"floor":40.0,"key":"Happy Flower"},{"floor":42.0,"key":"Bottled Tornado"},{"floor":43.0,"key":"Lantern"},{"floor":45.0,"key":"Incense Burner"},{"floor":48.0,"key":"Meat on the Bone"},{"floor":54,"key":"Toy Ornithopter"}],"event_choices":[{"damage_healed":0.0,"max_hp_gain":0.0,"max_hp_loss":0.0,"gold_gain":0.0,"event_name":"Golden Idol","player_choice":"Take Damage","floor":5.0,"gold_loss":0.0,"damage_taken":15.0,"relics_obtained":["Golden Idol"]},{"damage_healed":0.0,"max_hp_gain":5.0,"max_hp_loss":0.0,"gold_gain":0.0,"event_name":"Big Fish","player_choice":"Donut","floor":10.0,"gold_loss":0.0,"damage_taken":0.0},{"damage_healed":0.0,"max_hp_gain":0.0,"max_hp_loss":0.0,"gold_gain":0.0,"event_name":"Lab","player_choice":"Got Potions","floor":13.0,"gold_loss":0.0,"damage_taken":0.0},{"cards_removed":["Malaise"],"damage_healed":0.0,"max_hp_gain":0.0,"max_hp_loss":0.0,"gold_gain":0.0,"event_name":"betterNote:BetterNote","player_choice":"Give","floor":20.0,"gold_loss":0.0,"damage_taken":0.0,"cards_obtained":["Buffer"]},{"damage_healed":0.0,"max_hp_gain":0.0,"max_hp_loss":0.0,"gold_gain":0.0,"event_name":"betterThird:BetterNest","player_choice":"Dagger","floor":21.0,"gold_loss":0.0,"damage_taken":6.0,"cards_obtained":["RitualDagger"]},{"damage_healed":0.0,"max_hp_gain":0.0,"max_hp_loss":0.0,"gold_gain":0.0,"event_name":"Drug Dealer","player_choice":"Inject Mutagens","floor":24.0,"gold_loss":0.0,"damage_taken":0.0,"relics_obtained":["MutagenicStrength"]},{"damage_healed":0.0,"max_hp_gain":0.0,"max_hp_loss":0.0,"gold_gain":0.0,"cards_transformed":["Backflip"],"event_name":"Transmorgrifier","player_choice":"Transformed","floor":36.0,"gold_loss":0.0,"damage_taken":0.0,"cards_obtained":["Dagger Throw"]},{"damage_healed":0.0,"max_hp_gain":0.0,"max_hp_loss":0.0,"gold_gain":0.0,"event_name":"Winding Halls","player_choice":"Embrace Madness","floor":41.0,"gold_loss":0.0,"damage_taken":9.0,"cards_obtained":["Madness","Madness"]}],"is_beta":false,"boss_relics":[{"not_picked":["Fusion Hammer","SacredBark"],"picked":"Runic Pyramid"},{"not_picked":["Velvet Choker","Coffee Dripper"],"picked":"Busted Crown"}],"items_purged_floors":[4,19,29,38],"is_endless":false,"potions_floor_spawned":[1,11,18,22,30,33,37,39,40,42],"killed_by":"The Heart","ascension_level":4}}