{"host":"dvpvhz1t6etneyb3","time":1611878427,"event":{"mods":["AchievementEnabler","BaseMod","Colored Map","Highlight Path","Minty Spire (QoL Compilation)","Permanent Neow","Quick Restart"],"gold_per_floor":[114,189,16,26,42,77,77,77,102,132,157,170,201,220,220,292,292,302,302,31,51,51,51,67,67,67,97,18,29,29,42,42,119,119,132,132,132,82,99,99,115,141,141,28,28,63,82,94,94,94,94,94,94,3,33,33],"floor_reached":57,"language":"ENG","playtime":3854,"items_purged":["Strike_G"],"score":2675,"play_id":"bf65145f-4f08-498a-b84c-d654faf0e429","local_time":"20210128190027","is_ascension_mode":true,"campfire_choices":[{"data":"Deadly Poison","floor":7.0,"key":"SMITH"},{"data":"Footwork","floor":15.0,"key":"SMITH"},{"data":"Footwork","floor":23.0,"key":"SMITH"},{"data":"Corpse Explosion","floor":25.0,"key":"SMITH"},{"data":"Catalyst","floor":30.0,"key":"SMITH"},{"data":"Well Laid Plans","floor":32.0,"key":"SMITH"},{"data":"Wraith Form v2","floor":40.0,"key":"SMITH"},{"floor":45.0,"key":"RECALL"},{"data":"Noxious Fumes","floor":49.0,"key":"SMITH"},{"data":"Leg Sweep","floor":53,"key":"SMITH"}],"circlet_count":0,"master_deck":["AscendersBane","Defend_G+1","Defend_G","Defend_G","Defend_G","Defend_G+1","Survivor","Neutralize","CurseOfTheBell","Deadly Poison+1","All Out Attack","Dagger Spray","Quick Slash","Footwork+1","Noxious Fumes+1","Corpse Explosion+1","Leg Sweep+1","Footwork+1","Bite+1","Bite","Bite","Bite","Bite","Catalyst+1","Well Laid Plans+1","PiercingWail+1","Adrenaline","Wraith Form v2+1","Backflip+1","Leg Sweep+1","Deadly Poison+1","Crippling Poison"],"relics":["Calling Bell","Pen Nib","Meat on the Bone","Torii","Regal Pillow","Ancient Tea Set","Odd Mushroom","Happy Flower","Tiny Chest","Velvet Choker","Singing Bowl","Matryoshka","War Paint","Snecko Eye","Akabeko","Pantograph","Pear","Art of War","Lizard Tail","Unceasing Top"],"acts_visited":["Exordium","TheCity","TheBeyond","TheEnding"],"potions_floor_usage":[51,56,56],"damage_taken":[{"damage":8.0,"enemies":"Small Slimes","floor":1.0,"turns":6.0},{"damage":0.0,"enemies":"2 Louse","floor":4.0,"turns":1.0},{"damage":1.0,"enemies":"Jaw Worm","floor":5.0,"turns":4.0},{"damage":9.0,"enemies":"3 Sentries","floor":6.0,"turns":7.0},{"damage":1.0,"enemies":"The Mushroom Lair","floor":10.0,"turns":3.0},{"damage":14.0,"enemies":"Gremlin Nob","floor":11.0,"turns":4.0},{"damage":0.0,"enemies":"Blue Slaver","floor":12.0,"turns":5.0},{"damage":20.0,"enemies":"3 Sentries","floor":13.0,"turns":6.0},{"damage":1.0,"enemies":"2 Fungi Beasts","floor":14.0,"turns":3.0},{"damage":10.0,"enemies":"The Guardian","floor":16.0,"turns":11.0},{"damage":13.0,"enemies":"2 Thieves","floor":18.0,"turns":3.0},{"damage":15.0,"enemies":"Spheric Guardian","floor":21.0,"turns":7.0},{"damage":16.0,"enemies":"Snake Plant","floor":24.0,"turns":5.0},{"damage":22.0,"enemies":"Slavers","floor":27.0,"turns":2.0},{"damage":1.0,"enemies":"Snecko","floor":29.0,"turns":4.0},{"damage":0.0,"enemies":"Centurion and Healer","floor":31.0,"turns":3.0},{"damage":38.0,"enemies":"Champ","floor":33.0,"turns":9.0},{"damage":6.0,"enemies":"3 Shapes","floor":35.0,"turns":4.0},{"damage":0.0,"enemies":"3 Darklings","floor":39.0,"turns":4.0},{"damage":1.0,"enemies":"4 Shapes","floor":41.0,"turns":5.0},{"damage":37.0,"enemies":"Giant Head","floor":42.0,"turns":10.0},{"damage":13.0,"enemies":"Nemesis","floor":46.0,"turns":9.0},{"damage":7.0,"enemies":"Sphere and 2 Shapes","floor":47.0,"turns":5.0},{"damage":1.0,"enemies":"Transient","floor":48.0,"turns":6.0},{"damage":56.0,"enemies":"Time Eater","floor":50.0,"turns":10.0},{"damage":146,"enemies":"Awakened One","floor":51,"turns":24},{"damage":34,"enemies":"Shield and Spear","floor":55,"turns":6},{"damage":83,"enemies":"The Heart","floor":56,"turns":11}],"seed_played":"-7074043677541634938","potions_obtained":[{"floor":1.0,"key":"PowerPotion"},{"floor":6.0,"key":"SteroidPotion"},{"floor":14.0,"key":"Fire Potion"},{"floor":27.0,"key":"Energy Potion"},{"floor":29.0,"key":"Strength Potion"},{"floor":33.0,"key":"Fruit Juice"},{"floor":39.0,"key":"AttackPotion"},{"floor":47.0,"key":"BlessingOfTheForge"}],"is_trial":false,"path_per_floor":["M","?","$","M","M","E","R","?","T","?","E","M","E","M","R","B",null,"M","?","$","M","?","R","M","R","T","E","$","M","R","M","R","B",null,"M","T","?","?","M","R","M","E","T","$","R","E","M","M","R","B","B",null,"R","$","E","B",null],"character_chosen":"THE_SILENT","items_purchased":["All Out Attack","Block Potion","Singing Bowl","Well Laid Plans","GhostInAJar","Crippling Poison","Block Potion"],"campfire_rested":0,"item_purchase_floors":[3,3,20,28,44,54,54],"current_hp_per_floor":[51,40,40,40,39,42,42,42,42,41,39,39,31,42,42,44,61,48,48,48,45,45,45,36,36,36,32,32,39,39,43,43,27,43,45,45,41,41,54,54,62,51,51,51,51,57,63,77,77,46,50,70,70,70,48,26],"gold":33,"neow_bonus":"BOSS_RELIC","is_daily":false,"chose_seed":false,"campfire_upgraded":9,"win_rate":0.0,"timestamp":1611878427,"path_taken":["M","?","$","M","M","E","R","?","T","?","E","M","E","M","R","BOSS","M","?","$","M","?","R","M","R","T","E","?","M","R","M","R","BOSS","M","?","?","?","M","R","M","E","T","$","R","E","M","?","R","BOSS","BOSS","R","$","E","BOSS"],"items_purchased_type":["Card","Potion","Relic","Card","Potion","Card","Potion"],"build_version":"2020-12-22","purchased_purges":1,"victory":true,"max_hp_per_floor":[66,66,66,66,66,66,66,66,66,66,66,66,66,66,66,66,66,66,66,66,66,46,46,48,48,48,48,48,48,48,48,48,48,48,50,50,56,56,61,61,63,75,75,75,75,75,75,77,77,77,77,77,77,77,79,79],"card_choices":[{"not_picked":["Backflip","Sucker Punch"],"picked":"Deadly Poison","floor":1.0},{"not_picked":["Acrobatics","Dodge and Roll"],"picked":"Dagger Spray","floor":4.0},{"not_picked":["Bane","Eviscerate"],"picked":"Quick Slash","floor":5.0},{"not_picked":["Quick Slash","PiercingWail","Blade Dance"],"picked":"SKIP","floor":6.0},{"not_picked":["Dagger Spray","Deflect"],"picked":"Footwork","floor":11.0},{"not_picked":["Backstab","Slice","Accuracy"],"picked":"SKIP","floor":12.0},{"not_picked":["Deadly Poison","Accuracy"],"picked":"Noxious Fumes","floor":13.0},{"not_picked":["Backstab","Dagger Throw","Deadly Poison"],"picked":"SKIP","floor":14.0},{"not_picked":["Bullet Time","Die Die Die"],"picked":"Corpse Explosion","floor":16.0},{"not_picked":["Dagger Throw","Sucker Punch"],"picked":"Leg Sweep","floor":18.0},{"not_picked":["PiercingWail","Blade Dance+1"],"picked":"Footwork","floor":21.0},{"not_picked":["Flying Knee","Cloak And Dagger","Acrobatics"],"picked":"Singing Bowl","floor":24.0},{"not_picked":["Flechettes","Bane"],"picked":"Catalyst","floor":27.0},{"not_picked":["Endless Agony","Flechettes"],"picked":"PiercingWail+1","floor":29.0},{"not_picked":["Acrobatics","Predator"],"picked":"Adrenaline","floor":31.0},{"not_picked":["Tools of the Trade","Adrenaline"],"picked":"Wraith Form v2","floor":33.0},{"not_picked":["Flying Knee","PiercingWail","Outmaneuver+1"],"picked":"Singing Bowl","floor":35.0},{"not_picked":["Deep Breath","Trip","Forethought"],"picked":"Singing Bowl","floor":37.0},{"not_picked":["Finesse","Mayhem","Chrysalis"],"picked":"Singing Bowl","floor":37.0},{"not_picked":["Swift Strike","Forethought","Mind Blast"],"picked":"Singing Bowl","floor":37.0},{"not_picked":["Cloak And Dagger","Bane"],"picked":"Backflip+1","floor":39.0},{"not_picked":["Dash","Well Laid Plans","Bane"],"picked":"Singing Bowl","floor":41.0},{"not_picked":["Blade Dance","PiercingWail","Tools of the Trade"],"picked":"Singing Bowl","floor":42.0},{"not_picked":["Quick Slash","Dodge and Roll"],"picked":"Leg Sweep","floor":46.0},{"not_picked":["Deflect+1","Bane"],"picked":"Deadly Poison+1","floor":47.0},{"not_picked":["Prepared","Deadly Poison","Predator"],"picked":"Singing Bowl","floor":48.0},{"not_picked":["Masterful Stab","Choke","Tools of the Trade"],"picked":"Singing Bowl","floor":55}],"player_experience":2095373,"relics_obtained":[{"floor":0.0,"key":"Pen Nib"},{"floor":0.0,"key":"Meat on the Bone"},{"floor":0.0,"key":"Torii"},{"floor":6.0,"key":"Regal Pillow"},{"floor":9.0,"key":"Ancient Tea Set"},{"floor":10.0,"key":"Odd Mushroom"},{"floor":11.0,"key":"Happy Flower"},{"floor":13.0,"key":"Tiny Chest"},{"floor":26.0,"key":"Matryoshka"},{"floor":27.0,"key":"War Paint"},{"floor":36.0,"key":"Akabeko"},{"floor":36.0,"key":"Pantograph"},{"floor":42.0,"key":"Pear"},{"floor":43.0,"key":"Art of War"},{"floor":46.0,"key":"Lizard Tail"},{"floor":55,"key":"Unceasing Top"}],"event_choices":[{"damage_healed":0.0,"max_hp_gain":0.0,"max_hp_loss":0.0,"gold_gain":75.0,"event_name":"World of Goop","player_choice":"Gather Gold","floor":2.0,"gold_loss":0.0,"damage_taken":11.0},{"damage_healed":0.0,"max_hp_gain":0.0,"max_hp_loss":0.0,"gold_gain":0.0,"event_name":"Liars Game","player_choice":"Ignored","floor":8.0,"gold_loss":0.0,"damage_taken":0.0},{"damage_healed":0.0,"max_hp_gain":0.0,"max_hp_loss":0.0,"gold_gain":0.0,"event_name":"Mushrooms","player_choice":"Fought Mushrooms","floor":10.0,"gold_loss":0.0,"damage_taken":0.0},{"damage_healed":0.0,"max_hp_gain":0.0,"max_hp_loss":0.0,"gold_gain":0.0,"event_name":"Beggar","player_choice":"Ignored","floor":19.0,"gold_loss":0.0,"damage_taken":0.0},{"damage_healed":0.0,"max_hp_gain":0.0,"max_hp_loss":20.0,"gold_gain":0.0,"event_name":"Vampires","player_choice":"Became a vampire","floor":22.0,"gold_loss":0.0,"damage_taken":0.0,"cards_obtained":["Bite","Bite","Bite","Bite","Bite"]},{"damage_healed":0.0,"max_hp_gain":0.0,"max_hp_loss":0.0,"gold_gain":0.0,"event_name":"SensoryStone","player_choice":"Memory 3","floor":37.0,"gold_loss":0.0,"damage_taken":10.0},{"damage_healed":0.0,"max_hp_gain":0.0,"max_hp_loss":0.0,"gold_gain":0.0,"event_name":"Designer","player_choice":"Upgraded Two","floor":38.0,"gold_loss":50.0,"damage_taken":0.0,"cards_upgraded":["Defend_G","Bite"]}],"is_beta":false,"boss_relics":[{"not_picked":["Tiny House","Runic Dome"],"picked":"Velvet Choker"},{"not_picked":["Sozu","Empty Cage"],"picked":"Snecko Eye"}],"items_purged_floors":[3],"is_endless":false,"potions_floor_spawned":[1,5,6,14,27,29,33,39,42,47,55],"ascension_level":20}}