{"host":"8anmd7ibyxevnonj","time":1611920319,"event":{"mods":["BaseMod","Curses Come First","Downfall","Minty Spire (QoL Compilation)","StSLib"],"gold_per_floor":[0,20,20,40,50,66,118,218,233,264,280,280,280,299,310,407,407,407,420,435,448,465,465,489,501,613,636,178,189,189,199,213,313,363,363,377,396,396,396,396,396],"floor_reached":39,"language":"ENG","playtime":3794,"items_purged":["Writhe"],"score":441,"play_id":"341f5afe-7306-4974-842c-0329fbc28383","local_time":"20210129123839","is_ascension_mode":false,"campfire_choices":[{"data":"hexamod:Sear","floor":1,"key":"SMITH"},{"data":"hexamod:WildfireWeapon","floor":13,"key":"SMITH"},{"data":"hexamod:GiftsFromTheDead","floor":18,"key":"SMITH"},{"floor":30,"key":"REST"},{"data":"hexamod:TimeOfNeed","floor":35,"key":"SMITH"}],"circlet_count":0,"master_deck":["hexamod:Strike","hexamod:Strike","hexamod:Strike","hexamod:Defend","hexamod:Defend+1","hexamod:Defend+1","hexamod:Defend","hexamod:Sear+1","hexamod:Float","hexamod:SwordOfDarkness","hexamod:FirstSeal","hexamod:BurningTouch+1","hexamod:GiftsFromTheDead+1","hexamod:GhostShield","hexamod:WildfireWeapon+1","hexamod:CatchUp","hexamod:RecurringNightmare","hexamod:ThirdSeal","hexamod:FourthSeal","hexamod:HeatShield","hexamod:FlamesFromBeyond","hexamod:SearingWound","hexamod:PhantomCloak","hexamod:TimeOfNeed+1","hexamod:WildfireWeapon","hexamod:ChargedBarrage","hexamod:InspiringFlames","hexamod:ThermalTransfer+1","hexamod:Hexaguard+1","hexamod:HauntingEcho+1","hexamod:ThermalTransfer+1","hexamod:GhostShield","hexamod:SpectersWail+1","hexamod:TimeOfNeed","hexamod:EmpoweredFlame+1","hexamod:Incineration+1","hexamod:EmpoweredFlame+1","hexamod:SpectersWail+1","hexamod:FifthSeal","hexamod:SixthSeal","hexamod:Firestarter+1"],"relics":["hexamod:SpiritBrand","Pocketwatch","War Paint","Bronze Scales","Bag of Preparation","SacredBark","Frozen Egg 2","MawBank","Nilry\u0027s Codex","Gambling Chip","Molten Egg 2","Torii","Tiny House"],"acts_visited":["Exordium","TheCity","TheBeyond"],"potions_floor_usage":[8,8,16,19,20,21,26,29,32,32,32,32,33,33,36,37,37,39],"damage_taken":[{"damage":1,"enemies":"Jaw Worm","floor":2,"turns":3},{"damage":0,"enemies":"2 Louse","floor":4,"turns":2},{"damage":8,"enemies":"Small Slimes","floor":5,"turns":3},{"damage":10,"enemies":"2 Fungi Beasts","floor":6,"turns":4},{"damage":9,"enemies":"downfall:Heads","floor":8,"turns":3},{"damage":6,"enemies":"Large Slime","floor":9,"turns":3},{"damage":0,"enemies":"Gremlin Nob","floor":10,"turns":3},{"damage":2,"enemies":"Blue Slaver","floor":11,"turns":2},{"damage":0,"enemies":"Red Slaver","floor":14,"turns":3},{"damage":3,"enemies":"Gremlin Gang","floor":15,"turns":4},{"damage":39,"enemies":"IC_STATUS_ARCHETYPE","floor":16,"turns":6},{"damage":11,"enemies":"Spheric Guardian","floor":19,"turns":6},{"damage":2,"enemies":"Shell Parasite","floor":20,"turns":3},{"damage":30,"enemies":"3 Cultists","floor":21,"turns":4},{"damage":4,"enemies":"Cultist and Chosen","floor":22,"turns":6},{"damage":5,"enemies":"WA_ARCHETYPE_RETAIN","floor":26,"turns":5},{"damage":1,"enemies":"Snake Plant","floor":27,"turns":3},{"damage":0,"enemies":"downfall:FleeingMerchant","floor":28,"turns":4},{"damage":15,"enemies":"Shelled Parasite and Fungi","floor":29,"turns":4},{"damage":0,"enemies":"Cultist and Chosen","floor":31,"turns":6},{"damage":19,"enemies":"Centurion and Healer","floor":32,"turns":5},{"damage":31,"enemies":"SI_MIRROR_ARCHETYPE","floor":33,"turns":8},{"damage":2,"enemies":"Orb Walker","floor":36,"turns":3},{"damage":7,"enemies":"3 Darklings","floor":37,"turns":4},{"damage":80,"enemies":"Spire Growth","floor":39,"turns":6}],"seed_played":"-8750391740939256339","potions_obtained":[{"floor":5,"key":"Weak Potion"},{"floor":6,"key":"ColorlessPotion"},{"floor":9,"key":"Weak Potion"},{"floor":11,"key":"Strength Potion"},{"floor":15,"key":"PowerPotion"},{"floor":16,"key":"hexamod:InfernoChargePotion"},{"floor":16,"key":"EntropicBrew"},{"floor":19,"key":"sneckomod:MuddlingPotion"},{"floor":20,"key":"Explosive Potion"},{"floor":21,"key":"Dexterity Potion"},{"floor":22,"key":"AttackPotion"},{"floor":27,"key":"hexamod:EctoCoolerPotion"},{"floor":31,"key":"champ:CounterPotion"},{"floor":32,"key":"sneckomod:MuddlingPotion"},{"floor":33,"key":"Energy Potion"},{"floor":33,"key":"Regen Potion"},{"floor":34,"key":"SkillPotion"},{"floor":36,"key":"PowerPotion"},{"floor":37,"key":"Ancient Potion"}],"is_trial":false,"path_per_floor":["R","M","?","M","M","M","T","?","M","E","M","?","R","M","M","B",null,"R","M","M","M","M","?","T","?","?","M","$","M","R","M","M","B",null,"R","M","M","?","M"],"character_chosen":"THE_SPIRIT","items_purchased":["Torii","hexamod:EmpoweredFlame+1"],"campfire_rested":1,"item_purchase_floors":[28,28],"current_hp_per_floor":[70,69,69,69,68,58,58,56,57,64,62,62,62,69,70,38,70,70,66,70,47,50,50,50,34,29,35,35,20,41,48,36,5,75,75,73,75,75,0,0,0],"gold":396,"neow_bonus":"ONE_RARE_RELIC","is_daily":false,"chose_seed":false,"campfire_upgraded":4,"win_rate":0.0,"timestamp":1611920319,"path_taken":["R","M","?","M","M","M","T","?","M","E","M","?","R","M","M","BOSS","R","M","M","M","M","?","T","?","?","M","$","M","R","M","M","BOSS","R","M","M","?","M"],"items_purchased_type":["Relic","Card"],"build_version":"2020-12-13","purchased_purges":1,"victory":false,"max_hp_per_floor":[70,70,70,70,70,70,70,70,70,70,70,70,70,70,70,70,70,70,70,70,70,70,70,70,70,70,70,70,70,70,70,70,70,75,75,75,75,75,75,75,75],"card_choices":[{"not_picked":["hexamod:FirstSeal","hexamod:SpectersWail"],"picked":"hexamod:SwordOfDarkness","floor":2},{"not_picked":["hexamod:BacktrackSmack","hexamod:GhostflameBarrier"],"picked":"hexamod:FirstSeal","floor":4},{"not_picked":["hexamod:HauntingEcho","hexamod:SwordOfDarkness"],"picked":"hexamod:BurningTouch","floor":5},{"not_picked":["hexamod:SpectersWail","hexamod:GhostLash"],"picked":"hexamod:HauntingEcho","floor":6},{"not_picked":["hexamod:BurningTouch","hexamod:NightmareGuise"],"picked":"hexamod:GhostShield","floor":8},{"not_picked":["hexamod:NightmareStrike","hexamod:EtherealExpedition"],"picked":"hexamod:WildfireWeapon","floor":9},{"not_picked":["hexamod:NightmareStrike","hexamod:FastForward"],"picked":"hexamod:CatchUp","floor":10},{"not_picked":["hexamod:SkipABeat","hexamod:GhostLash"],"picked":"hexamod:RecurringNightmare","floor":11},{"not_picked":["hexamod:FastForward","hexamod:SecondSeal"],"picked":"hexamod:HeatShield","floor":14},{"not_picked":["hexamod:Firestarter","hexamod:NightmareStrike"],"picked":"hexamod:FlamesFromBeyond","floor":14},{"not_picked":["hexamod:AdvancingGuard","hexamod:HeatMetal"],"picked":"hexamod:SearingWound","floor":15},{"not_picked":["hexamod:Hexaguard","hexamod:GhostOfSpirePast"],"picked":"hexamod:PhantomCloak","floor":15},{"not_picked":["hexamod:TurnItUp","hexamod:GiftsFromTheDead"],"picked":"hexamod:TimeOfNeed","floor":16},{"not_picked":["hexamod:UnleashSpirits","hexamod:FlameSwitch"],"picked":"hexamod:WildfireWeapon","floor":16},{"not_picked":["hexamod:InspiringFlames+1","hexamod:FastForward"],"picked":"hexamod:ChargedBarrage","floor":19},{"not_picked":["hexamod:GhostShield+1","hexamod:FastForward"],"picked":"hexamod:InspiringFlames","floor":20},{"not_picked":["hexamod:Haunt","hexamod:FirstSeal"],"picked":"hexamod:ThermalTransfer+1","floor":21},{"not_picked":["hexamod:ChargedBarrage","hexamod:SkipABeat+1"],"picked":"hexamod:Hexaguard+1","floor":22},{"not_picked":["hexamod:BurningTouch","hexamod:SpectersWail"],"picked":"hexamod:HauntingEcho","floor":22},{"not_picked":["hexamod:SkipABeat","hexamod:PhantomFireball+1"],"picked":"hexamod:ThermalTransfer+1","floor":26},{"not_picked":["hexamod:SwordOfDarkness+1","hexamod:FastForward"],"picked":"hexamod:GhostShield","floor":27},{"not_picked":["hexamod:FastForward+1","hexamod:GhostShield"],"picked":"hexamod:SpectersWail+1","floor":27},{"not_picked":["hexamod:BurningTouch+1","hexamod:Firestarter+1"],"picked":"hexamod:TimeOfNeed","floor":28},{"not_picked":["hexamod:AdvancingGuard","hexamod:BurningTouch","hexamod:GhostOfSpirePast+1"],"picked":"SKIP","floor":29},{"not_picked":["hexamod:FastForward","hexamod:Firestarter+1"],"picked":"hexamod:Incineration+1","floor":31},{"not_picked":["hexamod:NightmareGuise+1","hexamod:CatchUp+1"],"picked":"hexamod:EmpoweredFlame+1","floor":31},{"not_picked":["hexamod:NightmareGuise","hexamod:SwordOfDarkness+1"],"picked":"hexamod:SpectersWail+1","floor":32},{"not_picked":["hexamod:UnleashSpirits+1","hexamod:VolcanoVisage+1"],"picked":"hexamod:FifthSeal","floor":33},{"not_picked":["hexamod:FirstSeal","hexamod:FourthSeal","hexamod:ThirdSeal"],"picked":"SKIP","floor":36},{"not_picked":["hexamod:FastForward","hexamod:TimeWarp+1","hexamod:AdvancingGuard"],"picked":"SKIP","floor":36},{"not_picked":["hexamod:NightmareStrike+1","hexamod:HeatShield+1","hexamod:InspiringFlames"],"picked":"SKIP","floor":36},{"not_picked":["hexamod:ThirdSeal","hexamod:FourthSeal"],"picked":"hexamod:SixthSeal","floor":37},{"not_picked":["hexamod:PhantomFireball+1","hexamod:GhostShield"],"picked":"hexamod:Firestarter+1","floor":37}],"player_experience":61509,"relics_obtained":[{"floor":7,"key":"Bronze Scales"},{"floor":10,"key":"Bag of Preparation"},{"floor":24,"key":"MawBank"},{"floor":25,"key":"Nilry\u0027s Codex"},{"floor":26,"key":"Gambling Chip"},{"floor":26,"key":"Molten Egg 2"}],"event_choices":[{"damage_healed":0,"gold_gain":0,"player_choice":"Box","damage_taken":0,"relics_obtained":["War Paint"],"max_hp_gain":0,"max_hp_loss":0,"event_name":"Big Fish","floor":3,"gold_loss":0,"cards_obtained":["Regret"]}],"is_beta":false,"boss_relics":[{"not_picked":["Coffee Dripper","Runic Dome"],"picked":"SacredBark"},{"not_picked":["Sozu","Empty Cage"],"picked":"Tiny House"}],"items_purged_floors":[28],"is_endless":false,"potions_floor_spawned":[5,6,9,11,16,19,22,27,31,32,33,36,37],"killed_by":"Spire Growth","ascension_level":0}}