{"host":"t9zjxed0utvsfjwc","time":1611889854,"event":{"mods":["2.2 Compatiblity","Aspiration","BaseMod","Better Altar","Better Match","Better Note","Better Sensory Stone","Better Skull","Better Third Choice","Block Reminder","Colored Map","Colored Powertips","Custom Start","Downfall","Hermit","Highlight Path","Hubris","Infinite Spire","Marisa????????","Minty Spire (QoL Compilation)","Quick Restart","Rare Cards Sparkle","Reliquary","Replay The Spire","StSLib","The Cursed","The Marked","The Runesmith","Unceasing Turn Reminder","everything is the same but u backflip on backflip"],"gold_per_floor":[99,99,99,99,99,131,210,195,195,215,215,215,215],"floor_reached":11,"language":"ENG","playtime":393,"items_purged":[],"score":70,"play_id":"f5ad33e5-eeff-4825-b509-f60553892e91","local_time":"20210129031054","is_ascension_mode":true,"campfire_choices":[{"floor":1,"key":"DIG"},{"data":"bronze:AlphaBuild","floor":9,"key":"SMITH"}],"circlet_count":0,"master_deck":["bronze:Strike","bronze:Strike","bronze:Strike","bronze:Strike","bronze:Defend","bronze:Defend","bronze:Defend","bronze:Defend","bronze:Replicate","bronze:Goto","bronze:Shell","bronze:ForLoop","Secret Technique","bronze:Separator","bronze:AlphaBuild+1"],"relics":["bronze:BronzeCore","downfall:HeartsMalice","Frozen Egg 2","hubris:Potato","Pantograph"],"acts_visited":["Exordium"],"potions_floor_usage":[],"damage_taken":[{"damage":0,"enemies":"2 Louse","floor":2,"turns":1},{"damage":0,"enemies":"Small Slimes","floor":3,"turns":1},{"damage":0,"enemies":"Jaw Worm","floor":5,"turns":1},{"damage":50,"enemies":"3 Sentries","floor":6,"turns":12},{"damage":0,"enemies":"downfall:FleeingMerchant","floor":8,"turns":4},{"damage":1,"enemies":"3 Louse","floor":10,"turns":3},{"damage":30,"enemies":"Gremlin Nob","floor":11,"turns":3}],"seed_played":"-5436600576540691078","potions_obtained":[{"floor":10,"key":"Flashbang"}],"is_trial":false,"path_per_floor":["R_BF","M","M","?","M","E","T","$","R","M","E"],"character_chosen":"THE_AUTOMATON","items_purchased":[],"campfire_rested":0,"item_purchase_floors":[],"current_hp_per_floor":[70,70,70,70,70,20,20,20,20,19,0,0,0],"gold":215,"neow_bonus":"THREE_ENEMY_KILL","is_daily":false,"chose_seed":false,"campfire_upgraded":1,"win_rate":0.0,"timestamp":1611889854,"path_taken":["R_BF","M","M","?","M","E","T","$","R","M","E"],"items_purchased_type":[],"build_version":"2020-12-22","purchased_purges":0,"victory":false,"max_hp_per_floor":[70,70,70,70,70,70,70,70,70,70,70,70,70],"card_choices":[{"not_picked":["bronze:Repair","bronze:BugBarrage"],"picked":"bronze:Shell","floor":2},{"not_picked":["bronze:WhirlingStrike","bronze:Overheat"],"picked":"bronze:ForLoop","floor":3},{"not_picked":["Mind Blast","ReplayTheSpireMod:Necrogeddon"],"picked":"Secret Technique","floor":4},{"not_picked":["bronze:BuggyMess","bronze:FineTuning","bronze:Deprecate"],"picked":"SKIP","floor":5},{"not_picked":["bronze:WhirlingStrike","bronze:Safeguard"],"picked":"bronze:Separator","floor":6},{"not_picked":["bronze:BronzeArmor","bronze:Frontload"],"picked":"bronze:AlphaBuild","floor":8},{"not_picked":["bronze:Backtrace","bronze:BitShift","bronze:FineTuning"],"picked":"SKIP","floor":10}],"player_experience":458967,"relics_obtained":[{"floor":1,"key":"Frozen Egg 2"},{"floor":6,"key":"hubris:Potato"},{"floor":7,"key":"Pantograph"}],"event_choices":[{"damage_healed":0,"gold_gain":1,"player_choice":"1","damage_taken":0,"max_hp_gain":0,"max_hp_loss":0,"event_name":"betterStone:BetterStone","floor":4,"gold_loss":0}],"is_beta":false,"boss_relics":[],"items_purged_floors":[],"is_endless":false,"potions_floor_spawned":[10],"killed_by":"Gremlin Nob","ascension_level":1}}