{"host":"jegehu1t82aiec5j","time":1611924707,"event":{"mods":["BaseMod","Colored Map","Minty Spire (QoL Compilation)","Relic Stats","StSLib"],"gold_per_floor":[215,215,141,156,171,171,204,216,216,246,246,277,277,303,303,374,374,386,386,386,183,183,217,217,248,248,262,110,130,130,142,142,214,214,231,241,253,253,266,299,299,299,351,363,363,21,21,51,63,75],"floor_reached":51,"language":"ENG","playtime":2906,"items_purged":[],"score":1537,"play_id":"cf75204c-ae7e-41f5-bedd-214390a2a4a1","local_time":"20210129075147","is_ascension_mode":true,"campfire_choices":[{"data":"Anger","floor":6,"key":"SMITH"},{"data":"Whirlwind","floor":11,"key":"SMITH"},{"data":"Combust","floor":13,"key":"SMITH"},{"data":"Feel No Pain","floor":15,"key":"SMITH"},{"floor":24,"key":"REST"},{"floor":30,"key":"REST"},{"floor":32,"key":"REST"},{"data":"Barricade","floor":41,"key":"SMITH"},{"data":"Demon Form","floor":45,"key":"SMITH"},{"data":"Apotheosis","floor":47,"key":"SMITH"},{"data":"Dark Embrace","floor":49,"key":"SMITH"}],"circlet_count":0,"master_deck":["AscendersBane","Discovery","Discovery","Discovery","Discovery","Discovery","Feel No Pain+1","Shrug It Off","Anger+1","Dark Embrace+1","Combust+1","Whirlwind+1","Barricade+1","Immolate","Havoc","Shockwave+1","Feed","Demon Form+1","Shrug It Off","Apotheosis+1"],"relics":["Burning Blood","WarpedTongs","PreservedInsect","Blood Vial","Unceasing Top","Ornamental Fan","Thread and Needle","Pear","Runic Dome","Lantern","Nilry\u0027s Codex","Sundial","Vajra","Paper Frog","Runic Pyramid","Pen Nib","Omamori","ClockworkSouvenir","MawBank"],"acts_visited":["Exordium","TheCity","TheBeyond"],"potions_floor_usage":[23,50],"damage_taken":[{"damage":0,"enemies":"Cultist","floor":1,"turns":2},{"damage":0,"enemies":"2 Louse","floor":4,"turns":2},{"damage":3,"enemies":"Small Slimes","floor":5,"turns":2},{"damage":2,"enemies":"Gremlin Nob","floor":7,"turns":2},{"damage":0,"enemies":"Blue Slaver","floor":8,"turns":3},{"damage":11,"enemies":"3 Sentries","floor":10,"turns":3},{"damage":0,"enemies":"Gremlin Nob","floor":12,"turns":2},{"damage":4,"enemies":"Lagavulin","floor":14,"turns":3},{"damage":18,"enemies":"Slime Boss","floor":16,"turns":6},{"damage":18,"enemies":"2 Thieves","floor":18,"turns":2},{"damage":19,"enemies":"Slavers","floor":23,"turns":3},{"damage":16,"enemies":"Book of Stabbing","floor":25,"turns":5},{"damage":0,"enemies":"Spheric Guardian","floor":27,"turns":4},{"damage":38,"enemies":"Snake Plant","floor":29,"turns":4},{"damage":11,"enemies":"Snecko","floor":31,"turns":4},{"damage":21,"enemies":"Automaton","floor":33,"turns":16},{"damage":3,"enemies":"Orb Walker","floor":35,"turns":3},{"damage":0,"enemies":"3 Shapes","floor":36,"turns":3},{"damage":2,"enemies":"Jaw Worm Horde","floor":37,"turns":4},{"damage":6,"enemies":"Spire Growth","floor":39,"turns":4},{"damage":7,"enemies":"Nemesis","floor":40,"turns":5},{"damage":0,"enemies":"4 Shapes","floor":44,"turns":11},{"damage":0,"enemies":"Giant Head","floor":48,"turns":8},{"damage":61,"enemies":"Awakened One","floor":50,"turns":7}],"seed_played":"4816023112586884867","potions_obtained":[{"floor":7,"key":"SkillPotion"},{"floor":8,"key":"EssenceOfSteel"},{"floor":16,"key":"DuplicationPotion"},{"floor":29,"key":"ElixirPotion"},{"floor":31,"key":"Dexterity Potion"}],"is_trial":false,"path_per_floor":["M","T","$","M","M","R","E","M","T","E","R","E","R","E","R","B",null,"M","?","?","$","?","E","R","E","T","M","$","M","R","M","R","B",null,"M","M","M","?","M","E","R","?","T","M","R","$","R","E","R","B",null],"character_chosen":"IRONCLAD","items_purchased":["Feel No Pain","Lantern","Havoc","Feed","Apotheosis","ClockworkSouvenir"],"campfire_rested":3,"item_purchase_floors":[3,21,21,28,46,46],"current_hp_per_floor":[74,74,74,75,75,75,75,75,75,70,70,75,75,85,85,73,82,72,72,47,47,26,15,42,34,34,42,42,15,42,39,66,57,87,95,100,103,103,103,106,106,106,106,111,111,111,111,111,111,60],"gold":87,"neow_bonus":"HUNDRED_GOLD","is_daily":false,"chose_seed":false,"campfire_upgraded":8,"win_rate":0.0,"timestamp":1611924707,"path_taken":["M","?","$","M","M","R","E","M","T","E","R","E","R","E","R","BOSS","M","?","?","$","?","E","R","E","T","M","?","?","R","M","R","BOSS","M","M","?","?","M","E","R","?","T","M","R","$","R","E","R","BOSS"],"items_purchased_type":["Card","Relic","Card","Card","Card","Relic"],"build_version":"2020-12-22","purchased_purges":0,"victory":true,"max_hp_per_floor":[75,75,75,75,75,75,75,75,75,75,75,75,75,85,85,85,85,85,85,90,90,90,90,90,90,90,90,90,93,93,93,93,97,97,100,100,103,103,103,107,107,107,107,111,111,111,111,111,111,115],"relic_stats":{"Blood Vial":21,"counters":[24,108],"Ornamental Fan":[80],"Sundial":[20],"PreservedInsect":369,"Pen Nib":[2],"MawBank":36,"obtain_stats":[{"Lantern":21,"Pear":14,"Nilry\u0027s Codex":22,"Vajra":25,"Thread and Needle":12,"PreservedInsect":2,"Pen Nib":40,"Omamori":43,"MawBank":48,"Burning Blood":0,"WarpedTongs":0,"ClockworkSouvenir":46,"Blood Vial":7,"Runic Dome":17,"Ornamental Fan":10,"Sundial":23,"Unceasing Top":9,"Paper Frog":26,"Runic Pyramid":34},{"Lantern":10,"Pear":8,"Nilry\u0027s Codex":10,"Vajra":12,"Thread and Needle":7,"PreservedInsect":1,"Pen Nib":21,"Omamori":21,"MawBank":23,"Burning Blood":0,"WarpedTongs":0,"ClockworkSouvenir":22,"Blood Vial":4,"Runic Dome":9,"Ornamental Fan":6,"Sundial":11,"Unceasing Top":5,"Paper Frog":12,"Runic Pyramid":16},{"Lantern":27,"Pear":19,"Nilry\u0027s Codex":27,"Vajra":35,"Thread and Needle":16,"PreservedInsect":2,"Pen Nib":82,"Omamori":82,"MawBank":101,"Burning Blood":0,"WarpedTongs":0,"ClockworkSouvenir":93,"Blood Vial":8,"Runic Dome":25,"Ornamental Fan":14,"Sundial":30,"Unceasing Top":11,"Paper Frog":35,"Runic Pyramid":63}],"Burning Blood":102,"Unceasing Top":[2],"WarpedTongs":[104]},"card_choices":[{"not_picked":["Thunderclap","Armaments"],"picked":"Sword Boomerang","floor":1},{"not_picked":["Clothesline","Pommel Strike"],"picked":"Shrug It Off","floor":4},{"not_picked":["Sentinel","Flex"],"picked":"Anger","floor":5},{"not_picked":["Warcry","Pommel Strike"],"picked":"Dark Embrace","floor":7},{"not_picked":["Sentinel","Fire Breathing"],"picked":"Combust","floor":8},{"not_picked":["Pummel","Flex"],"picked":"Whirlwind","floor":10},{"not_picked":["Bloodletting","Reckless Charge"],"picked":"Barricade","floor":12},{"not_picked":["Brutality","Cleave","Heavy Blade"],"picked":"SKIP","floor":14},{"not_picked":["Bludgeon","Offering"],"picked":"Immolate","floor":16},{"not_picked":["Pommel Strike+1","Perfected Strike","Clothesline"],"picked":"SKIP","floor":18},{"not_picked":["Spot Weakness","Carnage"],"picked":"Shockwave+1","floor":23},{"not_picked":["Combust+1","Cleave","True Grit"],"picked":"SKIP","floor":25},{"not_picked":["Dark Embrace+1","Iron Wave","Uppercut"],"picked":"SKIP","floor":27},{"not_picked":["Carnage","Iron Wave","Heavy Blade"],"picked":"SKIP","floor":29},{"not_picked":["Sword Boomerang","Burning Pact+1","Warcry"],"picked":"SKIP","floor":31},{"not_picked":["Exhume","Immolate"],"picked":"Demon Form","floor":33},{"not_picked":["Twin Strike","Pommel Strike+1","Uppercut"],"picked":"SKIP","floor":35},{"not_picked":["Dropkick","Iron Wave+1"],"picked":"Shrug It Off","floor":36},{"not_picked":["Clothesline","Bloodletting+1","Anger"],"picked":"SKIP","floor":37},{"not_picked":["Searing Blow","Heavy Blade","Perfected Strike"],"picked":"SKIP","floor":39},{"not_picked":["Intimidate","Fiend Fire","Sever Soul+1"],"picked":"SKIP","floor":40},{"not_picked":["Twin Strike","Iron Wave+1","Dark Embrace"],"picked":"SKIP","floor":44},{"not_picked":["Headbutt+1","Havoc+1","Whirlwind"],"picked":"SKIP","floor":48}],"player_experience":2560286,"relics_obtained":[{"floor":2,"key":"PreservedInsect"},{"floor":7,"key":"Blood Vial"},{"floor":9,"key":"Unceasing Top"},{"floor":10,"key":"Ornamental Fan"},{"floor":12,"key":"Thread and Needle"},{"floor":14,"key":"Pear"},{"floor":22,"key":"Nilry\u0027s Codex"},{"floor":23,"key":"Sundial"},{"floor":25,"key":"Vajra"},{"floor":26,"key":"Paper Frog"},{"floor":40,"key":"Pen Nib"},{"floor":43,"key":"Omamori"},{"floor":48,"key":"MawBank"}],"event_choices":[{"damage_healed":0,"gold_gain":0,"player_choice":"Ignored","damage_taken":0,"max_hp_gain":0,"max_hp_loss":0,"event_name":"Vampires","floor":19,"gold_loss":0},{"damage_healed":0,"gold_gain":0,"player_choice":"Shed Blood","damage_taken":30,"max_hp_gain":5,"max_hp_loss":0,"event_name":"Forgotten Altar","floor":20,"gold_loss":0},{"damage_healed":0,"gold_gain":0,"player_choice":"Obtained Book","damage_taken":21,"max_hp_gain":0,"max_hp_loss":0,"event_name":"Cursed Tome","floor":22,"gold_loss":0},{"cards_removed":["Sword Boomerang"],"damage_healed":0,"gold_gain":0,"player_choice":"Removed Attack","damage_taken":0,"max_hp_gain":0,"max_hp_loss":0,"event_name":"Falling","floor":38,"gold_loss":0},{"damage_healed":0,"gold_gain":0,"player_choice":"Got Potions","damage_taken":0,"max_hp_gain":0,"max_hp_loss":0,"event_name":"Lab","floor":42,"gold_loss":0}],"is_beta":false,"boss_relics":[{"not_picked":["SlaversCollar","SacredBark"],"picked":"Runic Dome"},{"not_picked":["Pandora\u0027s Box","Empty Cage"],"picked":"Runic Pyramid"}],"items_purged_floors":[],"is_endless":false,"potions_floor_spawned":[7,8,14,16,29,31,33,36,39,48],"ascension_level":15}}