{"host":"ac6e1xz8pi3qqstb","time":1611918053,"event":{"mods":["BaseMod","Minty Spire (QoL Compilation)","MostiFishMod","Relic Stats","Replay The Spire","StSLib","[IsaacMod]ÒÔÈö¼âËþ"],"gold_per_floor":[112,112,11,29,29,62,62,306,331,362,362,362,403,434,434,566,566,592,592,618,675,675,675,774,774,774,794,29,53,72,72,72,201,201,244,273,47,47,71,71,96,171,171,16,16,16,44,77,377,377],"floor_reached":51,"language":"ZHS","playtime":2378,"items_purged":["ReplayTheSpireMod:Splinters"],"score":755,"play_id":"a1e0e727-5405-446a-9a5b-9d16031b4083","local_time":"20210129190053","is_ascension_mode":false,"campfire_choices":[{"data":"Hologram","floor":7.0,"key":"SMITH"},{"floor":11.0,"key":"REST"},{"floor":15.0,"key":"REST"},{"data":"Double Energy","floor":23.0,"key":"SMITH"},{"data":"Mirror Shield","floor":25.0,"key":"SMITH"},{"data":"MostiFishMod:LinkProtocol","floor":32,"key":"SMITH"},{"data":"MostiFishMod:StrandedSiren","floor":40,"key":"SMITH"},{"data":"MostiFishMod:GatherIntelligence","floor":45,"key":"SMITH"}],"circlet_count":0,"master_deck":["Strike_B+1","Strike_B+1","Strike_B","Strike_B+1","Defend_B+1","Defend_B","Defend_B+1","Defend_B+1","Zap+1","Dualcast+1","BettingIsNotGood+1","Sweeping Beam+1","Hologram+1","Hello World+1","Injury","Stack+1","MostiFishMod:GatherIntelligence+1","Crystallizer+1","Self Repair+1","Cancel+1","Steam","Ball Lightning+1","Mirror Shield+1","AbeCurse","Double Energy+1","BootSequence+1","Chill+1","Turbo+1","MostiFishMod:PushDownKick+1","Time Bomb+1","MostiFishMod:LinkProtocol+1","Static Discharge+1","Coolheaded+1","Hologram+1","MostiFishMod:Impulse+1","MostiFishMod:StrandedSiren+1","BasicCrystalCard+1","Force Field+1","MostiFishMod:InterfaceCompatibility+1","Parasite","Stack+1","Stack+1","MostiFishMod:IceShield+1","Coolheaded+1"],"relics":["Cracked Core","DaveBox","HushsDoor","DSteel32","BelialBook","SynthV:TestCard","Golden Idol","Prayer Wheel","Replay:Bandana","PillsDrop","Lantern","Abe\u0027s Treasure","Replay:Accelerometer","MostiFishMod:AdaptiveDefenses","Torii","Geode","TheBible","Black Star","Pet Ghost","StoneCalendar","DoctorsRemote","Runic Capacitor","Replay:WaspNest"],"acts_visited":["Exordium","TheCity","TheBeyond"],"potions_floor_usage":[39,39,50,50,50],"damage_taken":[{"damage":6.0,"enemies":"Small Slimes","floor":1.0,"turns":3.0},{"damage":0.0,"enemies":"2 Louse","floor":4.0,"turns":2.0},{"damage":14.0,"enemies":"3 Sentries","floor":6.0,"turns":3.0},{"damage":13.0,"enemies":"Jaw Worm","floor":10.0,"turns":2.0},{"damage":35.0,"enemies":"Lagavulin","floor":13.0,"turns":8.0},{"damage":10.0,"enemies":"3 Louse","floor":14.0,"turns":3.0},{"damage":34.0,"enemies":"Hexaghost","floor":16.0,"turns":11.0},{"damage":14.0,"enemies":"Shell Parasite","floor":18.0,"turns":5.0},{"damage":5.0,"enemies":"Chosen","floor":20.0,"turns":5.0},{"damage":0.0,"enemies":"Snecko","floor":27.0,"turns":5.0},{"damage":0,"enemies":"Chosen and Byrds","floor":29,"turns":6},{"damage":15,"enemies":"Snake Plant","floor":30,"turns":5},{"damage":6,"enemies":"Champ","floor":33,"turns":13},{"damage":14,"enemies":"3 Darklings","floor":35,"turns":5},{"damage":0,"enemies":"3 Shapes","floor":36,"turns":4},{"damage":7,"enemies":"Maw","floor":39,"turns":6},{"damage":1,"enemies":"Writhing Mass","floor":41,"turns":6},{"damage":33,"enemies":"Mind Bloom Boss Battle","floor":42,"turns":9},{"damage":9,"enemies":"Jaw Worm Horde","floor":47,"turns":5},{"damage":6,"enemies":"Maw","floor":48,"turns":7},{"damage":14,"enemies":"Donu and Deca","floor":50,"turns":7}],"seed_played":"-3668157998681033361","potions_obtained":[{"floor":4.0,"key":"Weak Potion"},{"floor":14.0,"key":"FearPotion"},{"floor":29,"key":"AttackPotion"},{"floor":39,"key":"Fruit Juice"},{"floor":41,"key":"Fire Potion"}],"is_trial":false,"path_per_floor":["M","?","$","M","?","E","R","?","T","M","R","?","E","M","R","B",null,"M","?","M","?","?","R","?","R","T","M","$","M","M","?","R","B",null,"M","M","$","?","M","R","M","?","T","$","R","T","M","M","R","B",null],"character_chosen":"DEFECT","items_purchased":["Sweeping Beam","Hologram","MostiFishMod:AdaptiveDefenses","MostiFishMod:LinkProtocol","Static Discharge","MostiFishMod:PushDownKick","Torii","Geode","Pet Ghost","Runic Capacitor"],"campfire_rested":2,"item_purchase_floors":[3,3,28,28,28,28,28,28,37,44],"current_hp_per_floor":[69,74,74,80,80,66,66,66,66,53,77,65,47,37,61,39,80,73,73,83,68,68,68,68,68,68,78,78,78,73,73,73,78,78,76,76,76,76,76,76,75,66,66,66,66,66,65,69,69,73],"gold":377,"neow_bonus":"RANDOM_EVENT","is_daily":false,"chose_seed":false,"campfire_upgraded":6,"win_rate":0.0,"timestamp":1611918053,"path_taken":["M","?","$","M","?","E","R","?","T","?","R","?","E","M","R","BOSS","M","?","M","?","?","R","?","R","T","?","$","M","M","?","R","BOSS","M","M","$","?","M","R","M","?","T","?","R","?","M","M","R","BOSS"],"items_purchased_type":["Card","Card","Relic","Card","Card","Card","Relic","Relic","Relic","Relic"],"build_version":"2020-12-22","purchased_purges":1,"victory":true,"max_hp_per_floor":[75,80,80,80,80,80,80,80,80,80,80,80,80,80,80,80,80,80,80,83,83,83,83,83,83,83,78,78,78,78,78,78,78,78,78,78,78,78,83,83,83,83,83,83,83,83,83,83,83,83],"relic_stats":{"Torii":10,"counters":[21,120],"Golden Idol":206,"Prayer Wheel":14,"StoneCalendar":[48],"Black Star":0,"obtain_stats":[{"KeepersGift":0,"DSteel32":0,"Replay:Accelerometer":26,"DoctorsRemote":43,"Lantern":13,"DaveBox":0,"Torii":28,"Golden Idol":5,"BelialBook":0,"MostiFishMod:AdaptiveDefenses":28,"StoneCalendar":42,"Replay:WaspNest":46,"Geode":28,"Runic Capacitor":44,"Pet Ghost":37,"Replay:Bandana":9,"SynthV:TestCard":1,"TheBible":31,"PillsDrop":12,"Prayer Wheel":6,"Black Star":34,"Cracked Core":0,"HushsDoor":0,"Abe\u0027s Treasure":17},{"KeepersGift":0,"DSteel32":0,"Replay:Accelerometer":9,"DoctorsRemote":18,"Lantern":5,"DaveBox":0,"Torii":10,"Golden Idol":2,"BelialBook":0,"MostiFishMod:AdaptiveDefenses":10,"StoneCalendar":18,"Replay:WaspNest":18,"Geode":10,"Runic Capacitor":18,"Pet Ghost":15,"Replay:Bandana":3,"SynthV:TestCard":1,"TheBible":12,"PillsDrop":4,"Prayer Wheel":3,"Black Star":13,"Cracked Core":0,"HushsDoor":0,"Abe\u0027s Treasure":7},{"KeepersGift":0,"DSteel32":0,"Replay:Accelerometer":42,"DoctorsRemote":101,"Lantern":18,"DaveBox":0,"Torii":47,"Golden Idol":5,"BelialBook":0,"MostiFishMod:AdaptiveDefenses":47,"StoneCalendar":101,"Replay:WaspNest":101,"Geode":47,"Runic Capacitor":101,"Pet Ghost":80,"Replay:Bandana":8,"SynthV:TestCard":3,"TheBible":58,"PillsDrop":10,"Prayer Wheel":8,"Black Star":71,"Cracked Core":0,"HushsDoor":0,"Abe\u0027s Treasure":32}]},"card_choices":[{"not_picked":[],"picked":"BettingIsNotGood","floor":0.0},{"not_picked":["Capacitor","Barrage","Recycle"],"picked":"SKIP","floor":1.0},{"not_picked":["Redo","Storm","Self Repair","Sweeping Beam"],"picked":"Hello World","floor":4.0},{"not_picked":["FIFO Queue","BasicCrystalCard","Darkness","Sunder"],"picked":"Stack","floor":6.0},{"not_picked":["Sweeping Beam","ReplayTheSpireMod:Calculation Training","Doom and Gloom","Streamline"],"picked":"MostiFishMod:GatherIntelligence","floor":8.0},{"not_picked":["Rebound","Undo","Blizzard","Reinforced Body"],"picked":"Crystallizer","floor":10.0},{"not_picked":["Reinforced Body","Streamline","ReplayTheSpireMod:Calculation Training","Leap"],"picked":"Self Repair","floor":10.0},{"not_picked":["Barrage","Go for the Eyes","Undo","Redo"],"picked":"Cancel","floor":13.0},{"not_picked":["Compile Driver","Time Bomb","Redo","Coolheaded"],"picked":"Steam","floor":14.0},{"not_picked":["BasicCrystalCard","Barrage","MostiFishMod:GatherIntelligence","Time Bomb"],"picked":"Ball Lightning","floor":14.0},{"not_picked":["MostiFishMod:DeathFromBelow","All For One","MostiFishMod:StrandedSiren","MostiFishMod:Distribution"],"picked":"Mirror Shield","floor":16.0},{"not_picked":["Cold Snap","Redo","Leap+1","Scrape"],"picked":"Double Energy","floor":18.0},{"not_picked":["Ball Lightning","MostiFishMod:IceShield","Darkness+1","Barrage"],"picked":"BootSequence+1","floor":18.0},{"not_picked":["MostiFishMod:ReprogramOld","Streamline+1","ReplayGash","Hologram+1"],"picked":"Chill+1","floor":20.0},{"not_picked":["Cold Snap","ReplaySort+1","Panic Button","Barrage+1"],"picked":"Turbo+1","floor":20.0},{"not_picked":["MostiFishMod:StrandedSiren","Sweeping Beam","Defragment","Ball Lightning"],"picked":"MostiFishMod:PushDownKick+1","floor":27},{"not_picked":["Sweeping Beam","BasicCrystalCard","Force Field","Distribution"],"picked":"Time Bomb","floor":27},{"not_picked":["Consume","Gash","Sunder+1","Turbo+1"],"picked":"Coolheaded","floor":29},{"not_picked":["Undo","Hologram+1","Blizzard+1","Stack","Panic Button+1"],"picked":"SKIP","floor":29},{"not_picked":["Undo","Blizzard+1","Stack","Panic Button+1"],"picked":"Hologram+1","floor":29},{"not_picked":["Ball Lightning","Hologram","Scrape+1","Blizzard"],"picked":"MostiFishMod:Impulse","floor":30},{"not_picked":["MostiFishMod:PushDownKick","Turbo","Multi-Cast","Static Discharge","MostiFishMod:ReprogramOld"],"picked":"SKIP","floor":30},{"not_picked":["MostiFishMod:ReadyAimFire","Fission","ReplayRNGCard","All For One"],"picked":"MostiFishMod:StrandedSiren","floor":33},{"not_picked":["Barrage","Undo","Rip and Tear+1","Lockon+1","Turbo+1"],"picked":"SKIP","floor":35},{"not_picked":["Cancel","Rebound","Recycle+1","Ball Lightning+1","MostiFishMod:PushDownKick+1"],"picked":"SKIP","floor":35},{"not_picked":["Sweeping Beam","Panic Button","Sunder","Barrage"],"picked":"BasicCrystalCard+1","floor":36},{"not_picked":["Barrage","MostiFishMod:DeathFromBelow","Redo+1","Fan"],"picked":"Force Field","floor":36},{"not_picked":["Gash+1","Redo+1","BasicCrystalCard+1","Stack+1"],"picked":"MostiFishMod:InterfaceCompatibility","floor":39},{"not_picked":["Barrage","Fusion","BootSequence+1","Ball Lightning+1","BasicCrystalCard"],"picked":"SKIP","floor":39},{"not_picked":["Doom and Gloom+1","Cold Snap+1","MostiFishMod:FluxCapactior","BasicCrystalCard"],"picked":"Stack+1","floor":41},{"not_picked":["Sunder+1","Darkness","ReplayTheSpireMod:Repulse+1","Turbo+1"],"picked":"Stack+1","floor":41},{"not_picked":["Barrage+1","FTL","Streamline","Cold Snap"],"picked":"MostiFishMod:IceShield+1","floor":47},{"not_picked":["Cold Snap","Compile Driver+1","Streamline+1","Sweeping Beam+1","Genetic Algorithm"],"picked":"SKIP","floor":47},{"not_picked":["Cold Snap+1","ReplayTheSpireMod:Calculation Training+1","Hologram+1","Chaos"],"picked":"Coolheaded+1","floor":48},{"not_picked":["Streamline+1","Capacitor","ReplaySolidLightProjector+1","BasicCrystalCard","Hologram"],"picked":"SKIP","floor":48}],"player_experience":425533,"relics_obtained":[{"floor":1.0,"key":"SynthV:TestCard"},{"floor":6.0,"key":"Prayer Wheel"},{"floor":9.0,"key":"Replay:Bandana"},{"floor":13.0,"key":"Lantern"},{"floor":26.0,"key":"Replay:Accelerometer"},{"floor":42,"key":"StoneCalendar"},{"floor":43,"key":"DoctorsRemote"},{"floor":46,"key":"Replay:WaspNest"}],"event_choices":[{"damage_healed":0.0,"max_hp_gain":0.0,"max_hp_loss":0.0,"gold_gain":0.0,"event_name":"Living Wall","player_choice":"Grow","floor":0.0,"gold_loss":0.0,"damage_taken":0.0,"cards_upgraded":["BettingIsNotGood"]},{"damage_healed":0.0,"max_hp_gain":5.0,"max_hp_loss":0.0,"gold_gain":0.0,"event_name":"Big Fish","player_choice":"Donut","floor":2.0,"gold_loss":0.0,"damage_taken":0.0},{"damage_healed":0.0,"max_hp_gain":0.0,"max_hp_loss":0.0,"gold_gain":0.0,"event_name":"Golden Idol","player_choice":"Take Wound","floor":5.0,"gold_loss":0.0,"damage_taken":0.0,"relics_obtained":["Golden Idol"],"cards_obtained":["Injury"]},{"damage_healed":0.0,"max_hp_gain":0.0,"max_hp_loss":0.0,"gold_gain":0.0,"event_name":"Scrap Ooze","player_choice":"Success","floor":12.0,"gold_loss":0.0,"damage_taken":12.0,"relics_obtained":["PillsDrop"]},{"damage_healed":0.0,"max_hp_gain":0.0,"max_hp_loss":0.0,"gold_gain":0.0,"event_name":"Ghosts","player_choice":"Ignored","floor":19.0,"gold_loss":0.0,"damage_taken":0.0},{"damage_healed":0.0,"max_hp_gain":0.0,"max_hp_loss":0.0,"gold_gain":99.0,"event_name":"Nest","player_choice":"Stole From Cult","floor":24.0,"gold_loss":0.0,"damage_taken":0.0},{"cards_removed":["MostiFishMod:PushDownKick"],"damage_healed":0,"gold_gain":0,"player_choice":"Removed Attack","damage_taken":0,"max_hp_gain":0,"max_hp_loss":0,"event_name":"Falling","floor":38,"gold_loss":0},{"damage_healed":0,"gold_gain":0,"player_choice":"Fight","damage_taken":0,"max_hp_gain":0,"max_hp_loss":0,"event_name":"MindBloom","floor":42,"gold_loss":0}],"is_beta":false,"boss_relics":[{"not_picked":["Busted Crown","Fusion Hammer"],"picked":"Abe\u0027s Treasure"},{"not_picked":[]},{"not_picked":["FixedStarFall","Runic Pyramid"],"picked":"Black Star"},{"not_picked":[]}],"items_purged_floors":[37],"is_endless":false,"potions_floor_spawned":[4,14,29,33,39,41,42,47],"ascension_level":0}}