{"host":"6bsan6hkua32tfq7","time":1611899624,"event":{"mods":["BaseMod","Better Third Choice","Colored Map","Highlight Path","Minty Spire (QoL Compilation)","StSLib"],"gold_per_floor":[369,369,369,384,397,431,431,460,460,476,476,491,491,505,505,580,580,591,6,19,29,48,48,62,62,62,337,337,367,367,367],"floor_reached":30,"language":"ENG","playtime":727,"items_purged":["Strike_B"],"score":524,"play_id":"b00b728e-a910-4490-848a-259a1ffae72c","local_time":"20210129065344","is_ascension_mode":true,"campfire_choices":[{"data":"Sunder","floor":7.0,"key":"SMITH"},{"floor":11.0,"key":"REST"},{"data":"Go for the Eyes","floor":15.0,"key":"SMITH"},{"data":"Buffer","floor":23,"key":"SMITH"},{"floor":25,"key":"REST"},{"data":"Genetic Algorithm","floor":28,"key":"SMITH"}],"circlet_count":0,"master_deck":["AscendersBane","Strike_B","Strike_B","Strike_B","Defend_B","Defend_B","Defend_B","Defend_B","Zap","Dualcast+1","Sunder+1","Glacier","Ball Lightning","Go for the Eyes+1","Gash","Steam","Cold Snap","Cold Snap","Buffer+1","Go for the Eyes+1","Defragment+1","Cold Snap+1","Core Surge","Loop+1","Genetic Algorithm+1","Regret","Barrage"],"relics":["Cracked Core","Dream Catcher","Du-Vu Doll","Pear","Sozu","Frozen Egg 2","Lee\u0027s Waffle","Bottled Tornado","Juzu Bracelet"],"acts_visited":["Exordium","TheCity"],"potions_floor_usage":[],"damage_taken":[{"damage":4.0,"enemies":"Jaw Worm","floor":1.0,"turns":3.0},{"damage":0.0,"enemies":"2 Louse","floor":4.0,"turns":2.0},{"damage":6.0,"enemies":"Cultist","floor":5.0,"turns":3.0},{"damage":20.0,"enemies":"Lagavulin","floor":6.0,"turns":5.0},{"damage":24.0,"enemies":"Gremlin Nob","floor":8.0,"turns":4.0},{"damage":10.0,"enemies":"Gremlin Gang","floor":10.0,"turns":3.0},{"damage":12.0,"enemies":"Lots of Slimes","floor":12.0,"turns":4.0},{"damage":0.0,"enemies":"Large Slime","floor":14.0,"turns":4.0},{"damage":23.0,"enemies":"The Guardian","floor":16.0,"turns":16.0},{"damage":11.0,"enemies":"Spheric Guardian","floor":18.0,"turns":4.0},{"damage":0,"enemies":"Chosen","floor":20,"turns":4},{"damage":7,"enemies":"Centurion and Healer","floor":21,"turns":5},{"damage":9,"enemies":"Snecko","floor":22,"turns":5},{"damage":18,"enemies":"Snake Plant","floor":24,"turns":6},{"damage":59,"enemies":"Book of Stabbing","floor":29,"turns":6},{"damage":19,"enemies":"Centurion and Healer","floor":30,"turns":1}],"seed_played":"-8109836560450031188","potions_obtained":[{"floor":4.0,"key":"Dexterity Potion"},{"floor":5.0,"key":"PotionOfCapacity"},{"floor":10.0,"key":"EssenceOfDarkness"},{"floor":12.0,"key":"DuplicationPotion"}],"is_trial":false,"path_per_floor":["M","?","?","M","M","E","R","E","T","M","R","M","?","M","R","B",null,"M","$","M","M","M","R","M","R","T","?","R","E","M"],"character_chosen":"DEFECT","items_purchased":["Frozen Egg 2","Defragment+1","Lee\u0027s Waffle"],"campfire_rested":2,"item_purchase_floors":[19,19,19],"current_hp_per_floor":[60,60,65,65,59,39,39,15,25,15,38,26,26,26,26,3,60,49,86,86,79,70,70,52,77,77,77,77,18,0,0],"gold":367,"neow_bonus":"TWO_FIFTY_GOLD","is_daily":false,"chose_seed":false,"campfire_upgraded":4,"win_rate":0.0,"timestamp":1611899624,"path_taken":["M","?","?","M","M","E","R","E","T","M","R","M","?","M","R","BOSS","M","$","M","M","M","R","M","R","T","?","R","E","M"],"items_purchased_type":["Relic","Card","Relic"],"build_version":"2020-12-22","purchased_purges":1,"victory":false,"max_hp_per_floor":[64,64,69,69,69,69,69,69,79,79,79,79,79,79,79,79,79,79,86,86,86,86,86,86,86,86,86,86,86,86,86],"card_choices":[{"not_picked":["Hologram","Stack"],"picked":"Sunder","floor":1.0},{"not_picked":["Skim","Streamline"],"picked":"Glacier","floor":4.0},{"not_picked":["Force Field","Rebound"],"picked":"Ball Lightning","floor":5.0},{"not_picked":["Leap","Coolheaded"],"picked":"Go for the Eyes","floor":6.0},{"not_picked":["Stack","Fusion","Capacitor"],"picked":"SKIP","floor":8.0},{"not_picked":["Rainbow","Heatsinks"],"picked":"Gash","floor":10.0},{"not_picked":["Hologram","Cold Snap"],"picked":"Steam","floor":11.0},{"not_picked":["Compile Driver","Coolheaded"],"picked":"Cold Snap","floor":12.0},{"not_picked":["Hologram","Multi-Cast"],"picked":"Cold Snap","floor":14.0},{"not_picked":["Fission","Amplify"],"picked":"Buffer","floor":16.0},{"not_picked":["Static Discharge","Blizzard"],"picked":"Go for the Eyes+1","floor":18.0},{"not_picked":["Beam Cell","Hologram+1"],"picked":"Cold Snap+1","floor":20},{"not_picked":["Go for the Eyes","Static Discharge+1"],"picked":"Core Surge","floor":21},{"not_picked":["Turbo","Double Energy"],"picked":"Loop+1","floor":22},{"not_picked":["Melter","Conserve Battery"],"picked":"Genetic Algorithm","floor":24},{"not_picked":["Chill","Sunder+1"],"picked":"Barrage","floor":29}],"player_experience":5353265,"relics_obtained":[{"floor":6.0,"key":"Dream Catcher"},{"floor":8.0,"key":"Du-Vu Doll"},{"floor":9.0,"key":"Pear"},{"floor":26,"key":"Bottled Tornado"},{"floor":29,"key":"Juzu Bracelet"}],"event_choices":[{"damage_healed":0.0,"max_hp_gain":0.0,"max_hp_loss":0.0,"gold_gain":0.0,"event_name":"betterThird:BetterSerpent","player_choice":"Ignored","floor":2.0,"gold_loss":0.0,"damage_taken":369.0},{"damage_healed":0.0,"max_hp_gain":5.0,"max_hp_loss":0.0,"gold_gain":0.0,"event_name":"Big Fish","player_choice":"Donut","floor":3.0,"gold_loss":0.0,"damage_taken":0.0},{"damage_healed":0.0,"max_hp_gain":0.0,"max_hp_loss":0.0,"gold_gain":0.0,"event_name":"Upgrade Shrine","player_choice":"Upgraded","floor":13.0,"gold_loss":0.0,"damage_taken":0.0,"cards_upgraded":["Dualcast"]},{"damage_healed":0,"gold_gain":275,"player_choice":"Desecrate","damage_taken":0,"max_hp_gain":0,"max_hp_loss":0,"event_name":"Golden Shrine","floor":27,"gold_loss":0,"cards_obtained":["Regret"]}],"is_beta":false,"boss_relics":[{"not_picked":["Busted Crown","Inserter"],"picked":"Sozu"}],"items_purged_floors":[19],"is_endless":false,"potions_floor_spawned":[4,5,10,12,18,22,29],"killed_by":"Centurion and Healer","ascension_level":20}}