{"host":"8fuipfsvjht9cgcs","time":1611892228,"event":{"mods":["AchievementEnabler","BaseMod","Colored Map","Colored Powertips","DeckTracker","Friendly Minions","Kiyohime£¨?ýï£©","Marisa£¨Ùöéë¡¡Øª×âÞÞ£©","Minty Spire (QoL Compilation)","Prisma Mod","StSLib","SuperFastMode","The Cursed","The Gatherer"],"gold_per_floor":[113,113,126,126,138,138,165,185,238,238,248,268,268,288,288,288,288],"floor_reached":16,"language":"KOR","playtime":485,"items_purged":[],"score":172,"play_id":"096695b3-f7e0-41df-9527-d0d4e6b72990","local_time":"20210129165028","is_ascension_mode":true,"campfire_choices":[{"data":"Perfected Strike","floor":6,"key":"SMITH"},{"data":"Berserk","floor":10,"key":"SMITH"},{"data":"Bloodletting","floor":13,"key":"SMITH"},{"data":"Body Slam","floor":15,"key":"SMITH"}],"circlet_count":0,"master_deck":["AscendersBane","Strike_R","Strike_R","Strike_R","Strike_R","Defend_R","Defend_R","Defend_R","Bash","Dual Wield","Rage","Pommel Strike+1","Flex","Perfected Strike+1","Bloodletting+1","Berserk+1","Body Slam+1"],"relics":["Burning Blood","Pantograph","MealTicket"],"acts_visited":["Exordium"],"potions_floor_usage":[14],"damage_taken":[{"damage":2.0,"enemies":"2 Louse","floor":1.0,"turns":4.0},{"damage":5.0,"enemies":"Cultist","floor":3.0,"turns":4.0},{"damage":7,"enemies":"Small Slimes","floor":5,"turns":3},{"damage":8,"enemies":"Gremlin Nob","floor":7,"turns":3},{"damage":4,"enemies":"3 Louse","floor":8,"turns":3},{"damage":23,"enemies":"Exordium Wildlife","floor":11,"turns":5},{"damage":11,"enemies":"Red Slaver","floor":12,"turns":2},{"damage":5,"enemies":"Gremlin Gang","floor":14,"turns":4},{"damage":72,"enemies":"The Guardian","floor":16,"turns":9}],"seed_played":"5634114330840536335","potions_obtained":[{"floor":5,"key":"Regen Potion"},{"floor":7,"key":"LiquidBronze"},{"floor":8,"key":"AttackPotion"},{"floor":14,"key":"ElixirPotion"}],"is_trial":false,"path_per_floor":["M","?","M","?","M","R","E","M","T","R","M","M","R","M","R","B"],"character_chosen":"IRONCLAD","items_purchased":[],"campfire_rested":0,"item_purchase_floors":[],"current_hp_per_floor":[72,72,72,72,71,71,69,71,71,71,54,49,49,50,50,0,0],"gold":288,"neow_bonus":"TRANSFORM_TWO_CARDS","is_daily":false,"chose_seed":false,"campfire_upgraded":4,"win_rate":0.0,"timestamp":1611892228,"path_taken":["M","?","?","?","M","R","E","M","T","R","M","?","R","M","R","BOSS"],"items_purchased_type":[],"build_version":"2020-12-22","purchased_purges":0,"victory":false,"max_hp_per_floor":[72,72,72,72,72,72,72,72,72,72,72,72,72,72,72,72,72],"card_choices":[{"not_picked":["Wild Strike","Cleave"],"picked":"Pommel Strike","floor":1.0},{"not_picked":["Warcry","Cleave"],"picked":"Flex","floor":3.0},{"not_picked":["Cleave","Warcry"],"picked":"Perfected Strike","floor":5},{"not_picked":["Blood for Blood","Dark Embrace"],"picked":"Bloodletting","floor":7},{"not_picked":["Twin Strike","Perfected Strike"],"picked":"Berserk","floor":8},{"not_picked":["Thunderclap","Bloodletting","Fire Breathing"],"picked":"SKIP","floor":11},{"not_picked":["Clash","Pummel","Thunderclap"],"picked":"SKIP","floor":12},{"not_picked":["Twin Strike","Clothesline"],"picked":"Body Slam","floor":14}],"player_experience":462699,"relics_obtained":[{"floor":7,"key":"Pantograph"},{"floor":9,"key":"MealTicket"}],"event_choices":[{"damage_healed":0.0,"max_hp_gain":0.0,"max_hp_loss":0.0,"gold_gain":0.0,"event_name":"Upgrade Shrine","player_choice":"Upgraded","floor":2.0,"gold_loss":0.0,"damage_taken":0.0,"cards_upgraded":["Pommel Strike"]},{"damage_healed":0.0,"max_hp_gain":0.0,"max_hp_loss":0.0,"gold_gain":0.0,"event_name":"The Woman in Blue","player_choice":"Bought 0 Potions","floor":4.0,"gold_loss":0.0,"damage_taken":0.0}],"is_beta":false,"boss_relics":[],"items_purged_floors":[],"is_endless":false,"potions_floor_spawned":[5,7,8,14],"killed_by":"The Guardian","ascension_level":13}}