{"host":"pe7ycb8t2t906so2","time":1611881701,"event":{"mods":["BaseMod","Colored Map","Highlight Path","Minty Spire (QoL Compilation)"],"gold_per_floor":[109,125,136,149,149,149,149,184,234,159,2,2,12,24,24,100,100,119,119,133,133,133,133,33,33,33,33,33],"floor_reached":27,"language":"FRA","playtime":1478,"items_purged":["Strike_P","Eruption"],"score":390,"play_id":"166b91d9-4caa-4b97-9094-eeb65506aaba","local_time":"20210128195501","is_ascension_mode":true,"campfire_choices":[{"floor":6,"key":"REST"},{"data":"ThirdEye","floor":12,"key":"SMITH"},{"data":"JustLucky","floor":15,"key":"SMITH"},{"floor":23,"key":"REST"},{"floor":25,"key":"REST"}],"circlet_count":0,"master_deck":["AscendersBane","Strike_P","Strike_P","Strike_P+1","Defend_P","Defend_P","Defend_P","Defend_P","Vigilance","Nirvana","PathToVictory+1","ThirdEye+1","JustLucky+1","ThirdEye","CutThroughFate+1","Shame"],"relics":["PureWater","GoldenEye","Ornamental Fan","Ancient Tea Set","Lee\u0027s Waffle","Sozu","MutagenicStrength","Tiny Chest","Smiling Mask"],"acts_visited":["Exordium","TheCity"],"potions_floor_usage":[8,8,14],"damage_taken":[{"damage":0,"enemies":"Cultist","floor":1,"turns":2},{"damage":3,"enemies":"Small Slimes","floor":2,"turns":5},{"damage":2,"enemies":"Jaw Worm","floor":3,"turns":3},{"damage":13,"enemies":"Exordium Wildlife","floor":4,"turns":6},{"damage":11,"enemies":"Lagavulin","floor":8,"turns":7},{"damage":0,"enemies":"Exordium Thugs","floor":13,"turns":3},{"damage":8,"enemies":"Large Slime","floor":14,"turns":5},{"damage":18,"enemies":"The Guardian","floor":16,"turns":9},{"damage":13,"enemies":"Shell Parasite","floor":18,"turns":8},{"damage":39,"enemies":"3 Byrds","floor":20,"turns":7},{"damage":36,"enemies":"3 Cultists","floor":27,"turns":5}],"seed_played":"6997868268925931372","potions_obtained":[{"floor":1,"key":"PowerPotion"},{"floor":4,"key":"SkillPotion"},{"floor":13,"key":"AttackPotion"}],"is_trial":false,"path_per_floor":["M","M","M","M","?","R","?","E","T","$","$","R","M","M","R","B",null,"M","?","M","?","?","R","$","R","T","M"],"character_chosen":"WATCHER","items_purchased":["Lee\u0027s Waffle"],"campfire_rested":3,"item_purchase_floors":[11],"current_hp_per_floor":[61,58,56,43,24,42,42,31,31,31,69,69,69,61,61,43,63,50,50,11,11,11,31,31,51,51,15,15],"gold":33,"neow_bonus":"ONE_RARE_RELIC","is_daily":false,"chose_seed":false,"campfire_upgraded":2,"win_rate":0.0,"timestamp":1611881701,"path_taken":["M","M","?","M","?","R","?","E","T","?","$","R","M","?","R","BOSS","M","?","M","?","?","R","$","R","T","M"],"items_purchased_type":["Relic"],"build_version":"2020-12-22","purchased_purges":2,"victory":false,"max_hp_per_floor":[62,62,62,62,62,62,62,62,62,62,69,69,69,69,69,69,69,69,69,69,69,69,69,69,69,69,69,69],"card_choices":[{"not_picked":["Pray","ClearTheMind"],"picked":"Nirvana","floor":1},{"not_picked":["FearNoEvil","SashWhip"],"picked":"PathToVictory","floor":2},{"not_picked":["Tantrum","Crescendo"],"picked":"ThirdEye","floor":3},{"not_picked":["CarveReality","EmptyMind","Prostrate"],"picked":"SKIP","floor":4},{"not_picked":["Crescendo","WreathOfFlame"],"picked":"JustLucky","floor":8},{"not_picked":["Prostrate","DeceiveReality","ClearTheMind"],"picked":"SKIP","floor":13},{"not_picked":["Halt","WindmillStrike","MentalFortress"],"picked":"SKIP","floor":14},{"not_picked":["BattleHymn","WheelKick"],"picked":"ThirdEye","floor":18},{"not_picked":["SandsOfTime","BattleHymn"],"picked":"CutThroughFate+1","floor":20}],"player_experience":969601,"relics_obtained":[{"floor":8,"key":"Ornamental Fan"},{"floor":9,"key":"Ancient Tea Set"},{"floor":26,"key":"Smiling Mask"}],"event_choices":[{"damage_healed":0,"gold_gain":0,"player_choice":"Entered Light","damage_taken":19,"max_hp_gain":0,"max_hp_loss":0,"event_name":"Shining Light","floor":5,"gold_loss":0,"cards_upgraded":["Strike_P","PathToVictory"]},{"damage_healed":0,"gold_gain":0,"player_choice":"Searched \u00271\u0027 times","damage_taken":0,"max_hp_gain":0,"max_hp_loss":0,"event_name":"Dead Adventurer","floor":7,"gold_loss":0},{"damage_healed":0,"gold_gain":0,"player_choice":"Inject Mutagens","damage_taken":0,"relics_obtained":["MutagenicStrength"],"max_hp_gain":0,"max_hp_loss":0,"event_name":"Drug Dealer","floor":19,"gold_loss":0},{"damage_healed":0,"gold_gain":0,"player_choice":"Stole Relic","damage_taken":0,"relics_obtained":["Tiny Chest"],"max_hp_gain":0,"max_hp_loss":0,"event_name":"Addict","floor":21,"gold_loss":0,"cards_obtained":["Shame"]},{"damage_healed":0,"gold_gain":0,"player_choice":"Ignored","damage_taken":0,"max_hp_gain":0,"max_hp_loss":0,"event_name":"Cursed Tome","floor":22,"gold_loss":0}],"is_beta":false,"boss_relics":[{"not_picked":["Pandora\u0027s Box","Runic Dome"],"picked":"Sozu"}],"items_purged_floors":[10,24],"is_endless":false,"potions_floor_spawned":[1,4,13],"killed_by":"3 Cultists","ascension_level":17}}