{"host":"zp68vqn57s53e67f","time":1611954195,"event":{"mods":["Act Like it!","BaseMod","Downfall","Hallownest","Hermit","Minty Spire (QoL Compilation)","Replay The Spire","Shop Mod","StSLib","The Cursed","The Servant 0.9.4"],"gold_per_floor":[364,58,158,158,175,200,200,15,15,28,47,47,67,67,67,166,166,179,279,297,313,41,41,74,74,74,91,103,203,33,46,46,144,144,162,162,28,45,62,88,99,99,99,115,130,180,180,30,30,30],"floor_reached":51,"language":"ENG","playtime":5600,"items_purged":["hermit:Defend_Hermit","hermit:Coalescence"],"score":774,"play_id":"0cdbe147-f09a-4755-8b17-f8a1e57687fd","local_time":"20210129130315","is_ascension_mode":false,"campfire_choices":[{"data":"hermit:Showdown","floor":7.0,"key":"SMITH"},{"data":"hermit:Determination","floor":12.0,"key":"SMITH"},{"data":"bronze:Goto","floor":15.0,"key":"PURGE"},{"data":"hermit:EternalForm","floor":23,"key":"SMITH"},{"data":"hermit:DeadMansHand","floor":25,"key":"SMITH"},{"data":"Apotheosis","floor":32,"key":"SMITH"},{"floor":47,"key":"DIG"},{"floor":49,"key":"DIG"}],"circlet_count":0,"master_deck":["hermit:Strike_Hermit","hermit:Strike_Hermit","hermit:Strike_Hermit","hermit:Strike_Hermit","hermit:Defend_Hermit","hermit:Defend_Hermit","hermit:Defend_Hermit","hermit:Snapshot","hermit:Covet","Strike_P","hermit:Combo+1","hermit:Showdown+1","hermit:Maintenance+1","hermit:NoHoldsBarred","downfall:Haunted","downfall:Haunted","Hallownest:curseDreamersLament","hermit:Malice","hermit:EternalForm+1","hermit:Gestalt+1","hermit:Determination+1","hermit:HighCaliber","hermit:Glare","hermit:FlashPowder","Parasite","hermit:HeroicBravado","hermit:Virtue","hermit:LowProfile","hermit:DeadMansHand+1","hermit:Brawl","hermit:Glare","hermit:Manifest+1","hermit:Gestalt","hermit:Ricochet","hermit:Reprieve","Apotheosis+1","hermit:NoHoldsBarred","hermit:Roughhouse","hermit:BodyArmor+1","hermit:Snipe","hermit:Snipe","hermit:PistolWhip","hermit:Snipe+1","hermit:TakeCover+1","hermit:Glare+1","hermit:Purgatory","hermit:Quickdraw+1","hermit:TrackingShot+1"],"relics":["hermit:Momento","Darkstone Periapt","Mercury Hourglass","Meat on the Bone","ChewingGum","Pet Ghost","Omamori","Divine Protection","TungstenRod","Matryoshka","Honey Jar","Shovel","Ornamental Fan","Eternal Feather","FossilizedHelix","Shuriken","Toolbox","ReplayFunnel"],"acts_visited":["Exordium","TheCity","TheBeyond"],"potions_floor_usage":[24,24,24,33,39,40,40,46,50,50,50],"damage_taken":[{"damage":5.0,"enemies":"Small Slimes","floor":1.0,"turns":4.0},{"damage":11.0,"enemies":"Jaw Worm","floor":5.0,"turns":2.0},{"damage":18.0,"enemies":"3 Sentries","floor":6.0,"turns":4.0},{"damage":13.0,"enemies":"2 Louse","floor":10.0,"turns":2.0},{"damage":5.0,"enemies":"Lots of Slimes","floor":11.0,"turns":3.0},{"damage":0.0,"enemies":"Gremlin Gang","floor":13.0,"turns":2.0},{"damage":27.0,"enemies":"Fading Forest","floor":16.0,"turns":11.0},{"damage":2,"enemies":"Chosen","floor":18,"turns":4},{"damage":13,"enemies":"Shell Parasite","floor":20,"turns":5},{"damage":33,"enemies":"Centurion and Healer","floor":21,"turns":5},{"damage":22,"enemies":"Book of Stabbing","floor":24,"turns":5},{"damage":10,"enemies":"Snake Plant","floor":27,"turns":4},{"damage":4,"enemies":"Cultist and Chosen","floor":28,"turns":4},{"damage":1,"enemies":"Colosseum Slavers","floor":29,"turns":4},{"damage":7,"enemies":"Colosseum Nobs","floor":29,"turns":5},{"damage":0,"enemies":"Snecko","floor":31,"turns":5},{"damage":1,"enemies":"Collector","floor":33,"turns":9},{"damage":12,"enemies":"3 Shapes","floor":35,"turns":3},{"damage":0,"enemies":"Orb Walker","floor":38,"turns":3},{"damage":0,"enemies":"Writhing Mass","floor":39,"turns":6},{"damage":12,"enemies":"Reptomancer","floor":40,"turns":6},{"damage":40,"enemies":"3 Darklings","floor":41,"turns":4},{"damage":1,"enemies":"Maw","floor":44,"turns":7},{"damage":23,"enemies":"Spire Growth","floor":45,"turns":4},{"damage":19,"enemies":"2 Orb Walkers","floor":46,"turns":4},{"damage":93,"enemies":"Time Eater","floor":50,"turns":14}],"seed_played":"7613416444252640548","potions_obtained":[{"floor":1.0,"key":"Energy Potion"},{"floor":5.0,"key":"FearPotion"},{"floor":13.0,"key":"Weak Potion"},{"floor":16,"key":"champ:CounterPotion"},{"floor":21,"key":"ColorlessPotion"},{"floor":28,"key":"GamblersBrew"},{"floor":29,"key":"SkillPotion"},{"floor":33,"key":"hermit:Tonic"},{"floor":38,"key":"Block Potion"},{"floor":39,"key":"Weak Potion"},{"floor":44,"key":"Explosive Potion"},{"floor":45,"key":"Adrenaline Potion"}],"is_trial":false,"path_per_floor":["M","$","?","?","M","E","R","$","T","M","M","R","M","?","R","B",null,"M","?","M","M","$","R","E","R","T","M","M","?","$","M","R","B",null,"M","?","$","M","M","E","M","$","T","M","M","?","R","$","R","B",null],"character_chosen":"HERMIT","items_purchased":["hermit:Showdown","hermit:Maintenance","hermit:NoHoldsBarred","hermit:Gestalt+1","hermit:Coalescence","hermit:Determination","Pet Ghost","hermit:Brawl","hermit:Glare","Apotheosis","hermit:Snipe","Toolbox"],"campfire_rested":0,"item_purchase_floors":[2,2,2,8,8,8,22,22,22,30,37,48],"current_hp_per_floor":[70,70,88,69,58,40,40,40,40,39,46,46,58,87,87,70,99,97,97,84,51,51,51,41,41,41,43,51,55,55,75,75,74,99,87,99,99,99,99,95,71,71,71,70,59,60,87,87,99,18],"gold":30,"neow_bonus":"TWO_FIFTY_GOLD","is_daily":false,"chose_seed":false,"campfire_upgraded":5,"win_rate":0.0,"timestamp":1611954195,"path_taken":["M","$","?","?","M","E","R","$","T","M","M","R","M","?","R","BOSS","BOSS","M","?","M","M","$","R","E","R","T","?","?","?","$","M","R","BOSS","M","?","$","M","M","E","M","$","T","M","M","?","R","$","R","BOSS"],"items_purchased_type":["Card","Card","Card","Card","Card","Card","Relic","Card","Card","Card","Card","Relic"],"build_version":"2020-12-22","purchased_purges":2,"victory":true,"max_hp_per_floor":[75,75,93,93,93,93,93,93,93,93,93,93,93,99,99,99,99,99,99,99,99,99,99,99,99,99,99,99,99,99,99,99,99,99,99,99,99,99,99,99,99,99,99,99,99,99,99,99,99,99],"card_choices":[{"not_picked":["hermit:Spite","hermit:Coalescence"],"picked":"hermit:Combo","floor":1.0},{"not_picked":["hermit:Feint","hermit:SprayPray"],"picked":"hermit:Malice","floor":5.0},{"not_picked":["hermit:ItchyTrigger","hermit:Dissolve"],"picked":"hermit:EternalForm","floor":6.0},{"not_picked":["hermit:Roulette","hermit:Malice"],"picked":"hermit:HighCaliber","floor":10.0},{"not_picked":["hermit:Manifest","hermit:GoldenBullet"],"picked":"hermit:Glare","floor":11.0},{"not_picked":["hermit:Ricochet","hermit:HighCaliber"],"picked":"hermit:FlashPowder","floor":13.0},{"not_picked":["hermit:RoundhouseKick","hermit:Reprieve"],"picked":"hermit:HeroicBravado","floor":16},{"not_picked":["hermit:Ricochet","hermit:Desperado+1"],"picked":"hermit:Virtue","floor":18},{"not_picked":["hermit:OverwhelmingPower","hermit:SprayPray"],"picked":"hermit:LowProfile","floor":20},{"not_picked":["hermit:Scavenge","hermit:Manifest"],"picked":"hermit:DeadMansHand","floor":21},{"not_picked":["hermit:NoHoldsBarred+1","hermit:FromBeyond"],"picked":"hermit:Manifest+1","floor":24},{"not_picked":["hermit:LowProfile","hermit:Vantage+1"],"picked":"hermit:Gestalt","floor":27},{"not_picked":["hermit:Roulette","hermit:HoleUp"],"picked":"hermit:Ricochet","floor":28},{"not_picked":["hermit:Ricochet","hermit:LuckOfTheDraw"],"picked":"hermit:Reprieve","floor":29},{"not_picked":["hermit:WideOpen","hermit:CalledShot"],"picked":"hermit:NoHoldsBarred","floor":31},{"not_picked":["hermit:Adapt","hermit:DeadOrAlive"],"picked":"hermit:Roughhouse","floor":33},{"not_picked":["hermit:Manifest","hermit:CalledShot","hermit:Showdown"],"picked":"hermit:BodyArmor+1","floor":35},{"not_picked":["hermit:EyeOfTheStorm","hermit:DeadMansHand","hermit:Enervate"],"picked":"hermit:PistolWhip","floor":38},{"not_picked":["hermit:LowProfile","hermit:Shortfuse","hermit:Misfire"],"picked":"hermit:Snipe+1","floor":39},{"not_picked":["hermit:Deadeye","hermit:Cheat","hermit:LowProfile"],"picked":"hermit:TakeCover+1","floor":40},{"not_picked":["hermit:LoneWolf+1","hermit:SprayPray","hermit:LuckOfTheDraw"],"picked":"hermit:Glare+1","floor":41},{"not_picked":["hermit:Ricochet","hermit:Dive+1","hermit:Glare"],"picked":"hermit:Purgatory","floor":44},{"not_picked":["hermit:Coalescence+1","hermit:BigShot","hermit:Manifest+1"],"picked":"hermit:Quickdraw+1","floor":45},{"not_picked":["hermit:Headshot+1","hermit:Glare+1","hermit:Coalescence"],"picked":"hermit:TrackingShot+1","floor":46}],"player_experience":119693,"relics_obtained":[{"floor":6.0,"key":"Mercury Hourglass"},{"floor":9.0,"key":"Meat on the Bone"},{"floor":24,"key":"Omamori"},{"floor":26,"key":"Divine Protection"},{"floor":29,"key":"TungstenRod"},{"floor":29,"key":"Matryoshka"},{"floor":40,"key":"Shovel"},{"floor":43,"key":"Ornamental Fan"},{"floor":43,"key":"Eternal Feather"},{"floor":46,"key":"FossilizedHelix"},{"floor":47,"key":"Shuriken"},{"floor":49,"key":"ReplayFunnel"}],"event_choices":[{"damage_healed":0.0,"max_hp_gain":0.0,"max_hp_loss":0.0,"gold_gain":0.0,"event_name":"Shining Light","player_choice":"Entered Light","floor":4.0,"gold_loss":0.0,"damage_taken":19.0,"cards_upgraded":["hermit:Combo","hermit:Maintenance"]},{"damage_healed":23.0,"max_hp_gain":0.0,"max_hp_loss":0.0,"gold_gain":0.0,"event_name":"Mushrooms","player_choice":"Healed and dodged fight","floor":14.0,"gold_loss":0.0,"damage_taken":0.0,"cards_obtained":["Parasite"]},{"damage_healed":0,"gold_gain":100,"player_choice":"Pray","damage_taken":0,"max_hp_gain":0,"max_hp_loss":0,"event_name":"Golden Shrine","floor":19,"gold_loss":0},{"damage_healed":0,"gold_gain":0,"player_choice":"Fight","damage_taken":0,"max_hp_gain":0,"max_hp_loss":0,"event_name":"Colosseum","floor":29,"gold_loss":0},{"damage_healed":0,"gold_gain":0,"player_choice":"Fought Nobs","damage_taken":0,"max_hp_gain":0,"max_hp_loss":0,"event_name":"Colosseum","floor":29,"gold_loss":0},{"damage_healed":25,"gold_gain":0,"player_choice":"Writhe","damage_taken":0,"max_hp_gain":0,"max_hp_loss":0,"event_name":"Winding Halls","floor":36,"gold_loss":0,"cards_obtained":["Writhe"]},{"damage_healed":0,"gold_gain":0,"player_choice":"Fight","damage_taken":0,"max_hp_gain":0,"max_hp_loss":0,"event_name":"Mysterious Sphere","floor":46,"gold_loss":0}],"is_beta":false,"boss_relics":[{"not_picked":["Ectoplasm","Empty Cage"],"picked":"ChewingGum"},{"not_picked":["Velvet Choker","Busted Crown"],"picked":"Honey Jar"}],"items_purged_floors":[2,37],"is_endless":false,"potions_floor_spawned":[1,5,13,16,21,28,29,29,33,38,39,44,45],"ascension_level":0}}