{"host":"ew66i0vuc7r9fnl7","time":1611941144,"event":{"mods":["Arknights The Spire","BaseMod","DeckTracker","Koishi","Minty Spire (QoL Compilation)","StSLib"],"gold_per_floor":[109,109,34,34,34,66,94,106,106,119,119,131,131,131,131,234,234,251,251,271,89,101,101,101,101],"floor_reached":24,"language":"KOR","playtime":836,"items_purged":["Koishi:BasicStrike","Koishi:BasicStrike"],"score":304,"play_id":"9dbe859b-de8a-4abc-928e-621ed7719b68","local_time":"20210130022544","is_ascension_mode":false,"campfire_choices":[{"data":"Koishi:HeartAttack","floor":11,"key":"SMITH"},{"data":"Koishi:FreudianInstinct","floor":15,"key":"SMITH"},{"data":"Koishi:HeartStoppingHorror","floor":23,"key":"SMITH"}],"circlet_count":0,"master_deck":["Koishi:BasicStrike+1","Koishi:BasicDefend+1","Koishi:BasicDefend","Koishi:Provoke","Koishi:HauntingSlash","Koishi:IdleWhim","Koishi:UnseenTerror","Koishi:RorschachInDanmaku","Koishi:HeartAttack+1","Koishi:FreudianInstinct+1","Koishi:HeartStoppingHorror+1","Koishi:FreudianInstinct"],"relics":["Koishi:ImaginaryFriend","NeowsBlessing","WingedGreaves","Toy Ornithopter","Koishi:ImperfectMetamorphosis","SacredBark"],"acts_visited":["Exordium","TheCity"],"potions_floor_usage":[],"damage_taken":[{"damage":0,"enemies":"Jaw Worm","floor":1,"turns":1},{"damage":0,"enemies":"Gremlin Nob","floor":6,"turns":1},{"damage":0,"enemies":"Lagavulin","floor":7,"turns":1},{"damage":4,"enemies":"Cultist","floor":8,"turns":6},{"damage":0,"enemies":"2 Louse","floor":10,"turns":4},{"damage":0,"enemies":"Exordium Thugs","floor":12,"turns":4},{"damage":0,"enemies":"The Guardian","floor":16,"turns":11},{"damage":19,"enemies":"Shell Parasite","floor":18,"turns":4},{"damage":16,"enemies":"3 Byrds","floor":20,"turns":9},{"damage":16,"enemies":"Shelled Parasite and Fungi","floor":22,"turns":6},{"damage":22,"enemies":"Centurion and Healer","floor":24,"turns":2}],"seed_played":"7493849850686048373","potions_obtained":[{"floor":7,"key":"EssenceOfSteel"},{"floor":12,"key":"CultistPotion"},{"floor":16,"key":"Ancient Potion"}],"is_trial":false,"path_per_floor":["M","?","$","?","$","E","E","M","T","M","R","M","$","?","R","B",null,"M","?","M","$","M","R","M"],"character_chosen":"KOISHI","items_purchased":["Koishi:FreudianInstinct"],"campfire_rested":0,"item_purchase_floors":[21],"current_hp_per_floor":[60,48,48,48,48,48,48,49,49,50,50,50,50,50,50,50,60,43,43,29,29,13,13,0,0],"gold":101,"neow_bonus":"THREE_ENEMY_KILL","is_daily":false,"chose_seed":false,"campfire_upgraded":3,"win_rate":0.0,"timestamp":1611941144,"path_taken":["M","?","$","?","$","E","E","M","T","?","R","M","$","?","R","BOSS","M","?","M","$","M","R","M"],"items_purchased_type":["Card"],"build_version":"2020-12-22","purchased_purges":2,"victory":false,"max_hp_per_floor":[60,60,60,60,60,60,60,60,60,60,60,60,60,60,60,60,60,60,60,60,60,60,60,60,60],"card_choices":[{"not_picked":["Koishi:SpiritedAway","Koishi:Jaunt","Koishi:SubterraneanRose"],"picked":"SKIP","floor":1},{"not_picked":["Koishi:PhantomBarrier","Koishi:ConditionedTeleport"],"picked":"Koishi:IdleWhim","floor":6},{"not_picked":["Koishi:IdleWhim","Koishi:TerrifyingSpectre"],"picked":"Koishi:UnseenTerror","floor":7},{"not_picked":["Koishi:Vanish","Koishi:Possession","Koishi:TraumaticStroke"],"picked":"SKIP","floor":8},{"not_picked":["Koishi:CatchAndRose","Koishi:ReflexRadar","Koishi:EmbryosDream"],"picked":"SKIP","floor":10},{"not_picked":["Koishi:Bloodlust","Koishi:SubconsciousSweep"],"picked":"Koishi:FreudianInstinct","floor":12},{"not_picked":["Koishi:ImGoingToCallYouNow","Koishi:RuptureMind"],"picked":"Koishi:HeartStoppingHorror","floor":16},{"not_picked":["Koishi:FourthEye","Koishi:CatchAndRose","Koishi:Untouchable"],"picked":"SKIP","floor":18},{"not_picked":["Koishi:ReflexRadar+1","Koishi:ParalyzingFear","Koishi:EmbryosDream"],"picked":"SKIP","floor":20},{"not_picked":["Koishi:HeartfeltFancy","Koishi:ReflexRadar","Koishi:UnansweredLove"],"picked":"SKIP","floor":22}],"player_experience":625638,"relics_obtained":[{"floor":6,"key":"WingedGreaves"},{"floor":7,"key":"Toy Ornithopter"},{"floor":9,"key":"Koishi:ImperfectMetamorphosis"}],"event_choices":[{"damage_healed":0,"gold_gain":0,"player_choice":"Entered Light","damage_taken":12,"max_hp_gain":0,"max_hp_loss":0,"event_name":"Shining Light","floor":2,"gold_loss":0,"cards_upgraded":["Koishi:BasicStrike","Koishi:BasicDefend"]},{"cards_removed":["Koishi:BasicStrike"],"damage_healed":0,"gold_gain":0,"player_choice":"Purged","damage_taken":0,"max_hp_gain":0,"max_hp_loss":0,"event_name":"Purifier","floor":4,"gold_loss":0},{"damage_healed":0,"gold_gain":0,"player_choice":"Ignored","damage_taken":0,"max_hp_gain":0,"max_hp_loss":0,"event_name":"Liars Game","floor":14,"gold_loss":0},{"damage_healed":0,"gold_gain":0,"player_choice":"Ignored","damage_taken":0,"max_hp_gain":0,"max_hp_loss":0,"event_name":"NoteForYourself","floor":19,"gold_loss":0}],"is_beta":false,"boss_relics":[{"not_picked":["Tiny House","Sozu"],"picked":"SacredBark"}],"items_purged_floors":[3,21],"is_endless":false,"potions_floor_spawned":[7,12,16,18],"killed_by":"Centurion and Healer","ascension_level":0}}