{"host":"ojezjkpqju62j8xy","time":1611900728,"event":{"mods":["ATMod(°¢èªMod)","Act Like it!","Aspiration","BaseMod","Conspire","Gensokyo","Minty Spire (QoL Compilation)","Pale of the Ancients","Replay The Spire","Spicy Shops","StSLib","¡¾ÒÅÎï¿¨ÅÆ¡¿REMEMod","²ÐÁôÖ®Îï"],"gold_per_floor":[109,39,25,25,39,65,65,85,162,5,23,50,50,41,41,113,113,127,127,127,140,140,153,153,153],"floor_reached":24,"language":"ZHS","playtime":837,"items_purged":[],"score":324,"play_id":"ad05e371-f3a3-40a0-8896-f3d2a4c022e6","local_time":"20210129141208","is_ascension_mode":true,"campfire_choices":[{"floor":7.0,"key":"RECALL"},{"floor":15,"key":"DIG"}],"circlet_count":0,"master_deck":["AscendersBane","Strike_B","Strike_B","Zap","Dualcast","AT_FamilyPortrait","Alpha","FTL","Doom and Gloom","AT_ShadowStep","Underhanded Strike","conspire:PoisonWeapons","Conserve Battery","Melter","REME_ForAll","Heatsinks","Darkness","ReplayTheSpireMod:Private Reserves","Hyperbeam","ReplayTheSpireMod:GoodbyeWorld+1","Blizzard+1","ReplaySolidLightProjector+1","Redo","Panic Button","Panic Button"],"relics":["Cracked Core","AT_ATBox","REME_ComplimentaryCards","NeowsBlessing","Gremlin Food","ReplayFunnel","ReplayTheSpireMod:Lightbulb","Gensokyo:Justice","Pear","Astrolabe","Garlic"],"acts_visited":["Gensokyo:Gensokyo","Gensokyo:Gensokyoer"],"potions_floor_usage":[16,16,24,24],"damage_taken":[{"damage":0.0,"enemies":"Gensokyo:Python","floor":1.0,"turns":1.0},{"damage":0.0,"enemies":"Gensokyo:3_Fairies","floor":5.0,"turns":1.0},{"damage":6.0,"enemies":"Gensokyo:Cirno","floor":6.0,"turns":2.0},{"damage":4.0,"enemies":"Gensokyo:2_Kodama","floor":8.0,"turns":3.0},{"damage":26,"enemies":"Gensokyo:Kitsune","floor":11,"turns":3},{"damage":22,"enemies":"Gensokyo:Aya","floor":12,"turns":6},{"damage":8,"enemies":"Gensokyo:Reimu","floor":16,"turns":7},{"damage":36,"enemies":"Gensokyo:CosmicMonolith","floor":18,"turns":5},{"damage":20,"enemies":"Gensokyo:Chomper","floor":21,"turns":5},{"damage":48,"enemies":"Gensokyo:Monolith_and_Dog","floor":23,"turns":5},{"damage":27,"enemies":"Gensokyo:3_Gloops","floor":24,"turns":3}],"seed_played":"1464163809856923278","potions_obtained":[{"floor":5.0,"key":"PlaceholderMod:PlaceholderPotion"},{"floor":8.0,"key":"Block Potion"},{"floor":12,"key":"ColorlessPotion"}],"is_trial":false,"path_per_floor":["M","$","?","?","M","E","R","M","T","COS","M","E","?","$","R","B",null,"M","?","?","M","?","M","M"],"character_chosen":"DEFECT","items_purchased":["Doom and Gloom","ReplayTheSpireMod:Private Reserves"],"campfire_rested":0,"item_purchase_floors":[2,14],"current_hp_per_floor":[68,68,75,75,75,69,69,65,65,65,39,17,17,17,27,19,69,33,33,41,75,75,27,0,0],"gold":153,"neow_bonus":"THREE_ENEMY_KILL","is_daily":false,"chose_seed":false,"campfire_upgraded":0,"win_rate":0.0,"timestamp":1611900728,"path_taken":["M","$","?","?","M","E","R","?","T","COS","M","E","?","?","R","BOSS","M","?","?","?","?","M","M"],"items_purchased_type":["Card","Card"],"build_version":"2020-12-22","purchased_purges":0,"victory":false,"max_hp_per_floor":[75,75,75,75,75,75,75,75,75,75,75,75,75,75,85,85,85,85,79,79,79,79,79,79,79],"card_choices":[{"not_picked":["Hologram","Tempest"],"picked":"FTL","floor":1.0},{"not_picked":["AT_DarkMatter","Compile Driver"],"picked":"Conserve Battery","floor":5.0},{"not_picked":["Panic Button","Compile Driver"],"picked":"Melter","floor":6.0},{"not_picked":["Ball Lightning","Auto Shields"],"picked":"REME_ForAll","floor":8.0},{"not_picked":["AT_DarkMatter","Rip and Tear"],"picked":"Heatsinks","floor":11},{"not_picked":["BasicCrystalCard","Melter"],"picked":"Darkness","floor":12},{"not_picked":["AT_WaterDrop","Thunder Strike"],"picked":"Hyperbeam","floor":16},{"not_picked":["Gash","Fusion"],"picked":"Redo","floor":18},{"not_picked":["Rebound","Go for the Eyes"],"picked":"Panic Button","floor":21},{"not_picked":["Cold Snap","Gash"],"picked":"Panic Button","floor":23}],"player_experience":1490862,"relics_obtained":[{"floor":6.0,"key":"Gremlin Food"},{"floor":12,"key":"ReplayTheSpireMod:Lightbulb"},{"floor":15,"key":"Pear"}],"event_choices":[],"is_beta":false,"boss_relics":[{"not_picked":["Replay:Wanted Poster","Kintsugi"],"picked":"Astrolabe"}],"items_purged_floors":[],"is_endless":false,"potions_floor_spawned":[5,8,12,18],"killed_by":"Gensokyo:3_Gloops","ascension_level":13}}