{"host":"lte3xujvwediduij","time":1611926583,"event":{"mods":["Aspiration","BaseMod","Better-Laid Plans","BetterRewards","Colored Map","Colored Powertips","Downfall","Energized Spire","GifTheSpireLib","Minty Spire (QoL Compilation)","Permanent Neow","Replay The Spire","Robot Space Explorer","Spicy Shops","StSLib","The Gatherer","The Hayseed","The Runesmith","The Servant 0.9.4","¡¾ÒÅÎï¿¨ÅÆ¡¿REMEMod","óô»ðÖ¸ÄÏ"],"gold_per_floor":[144,144,22,22,37,67,97,22,22,22,22,22,76,100,100,227,227,251,296,296,335,360,405,87,135,160,160,160,160,85,192,43,203,203,436,166,166,232,454,50,50,107,107,107,107,1207,644,644,644,644,644],"floor_reached":49,"language":"ZHS","playtime":3876,"items_purged":["Pain","Regret","sneckomod:UnknownCommonAttack","sneckomod:UnknownCommonAttack","Parasite","Hallucinations","downfall:Haunted","downfall:Haunted"],"score":924,"play_id":"3b894fbf-dbe8-4731-acb9-efd50b2b25ea","local_time":"20210129212303","daily_mods":["downfall:Improvised","Flight","Night Terrors"],"is_ascension_mode":false,"campfire_choices":[{"data":"Slimebound:DouseInSlime","floor":10.0,"key":"SMITH"},{"data":"Slimebound:Split","floor":12.0,"key":"SMITH"},{"data":"Slimebound:Repurpose","floor":15.0,"key":"SMITH"}],"circlet_count":0,"master_deck":["Slimebound:Strike_Slimebound","Slimebound:Strike_Slimebound","Slimebound:Strike_Slimebound","Slimebound:Tackle+1","Slimebound:Defend_Slimebound","Slimebound:Defend_Slimebound","Slimebound:Defend_Slimebound","Slimebound:Defend_Slimebound","Slimebound:Split+1","Slimebound:CorrosiveSpit+1","sneckomod:UnknownCommonAttack+1","sneckomod:UnknownCommonSkill+1","sneckomod:UnknownCommonSkill+1","sneckomod:UnknownCommonSkill+1","sneckomod:UnknownUncommonAttack+1","sneckomod:UnknownUncommonSkill+1","sneckomod:UnknownUncommonPower+1","sneckomod:Unknown+1","Slimebound:SplitMire+1","Slimebound:LivingWall+1","Slimebound:DouseInSlime+1","Slimebound:Split+1","Slimebound:LeechingTouch+1","Slimebound:ProtectTheBoss+1","Slimebound:FinishingTackle+1","Slimebound:SlimeBarrage+1","Slimebound:ForwardTackle+1","Pot Of Greed+1","Pot Of Greed+1","Pot Of Greed+1","ReplayTheSpireMod:Splinters","Slimebound:HauntingLick+1","Slimebound:Repurpose+1","Slimebound:DivideAndConquer+1","Pot Of Greed+1","Slimebound:Darklings+1","Slimebound:MegaLick+1","Slimebound:PressTheAttack+1","Slimebound:Repurpose+1","Slimebound:LeadByExample+1","REME_WheelOfFate+1","Slimebound:MassRepurpose+1","Slimebound:GoopSpray+1","Slimebound:PressTheAttack+1","Slimebound:CheckThePlaybook+1","Sickly","Slimebound:LivingWall+1","Slimebound:GoopSpray+1","Slimebound:RainOfGoop+1","Slimebound:SamplingLick+1","REME_Flogging+1","Slimebound:ItLooksTasty+1","Shame","Slimebound:TagTeam","Pot Of Greed","TheSimpletonMod:Nettles","Shame","Slimebound:Dissolve","REME_EyeOfCthun","Slimebound:Darklings"],"relics":["Slimebound:AbsorbEndCombat","REME_ComplimentaryCards","Slimebound:AggressiveSlimeRelic","Membership Card","Thread and Needle","MealTicket","Replay:Bandana","Grinning Jar","HornCleat","Replay:WaspNest","aspiration:SecretTechniqueScroll","Red Mask","Ring of Peace","Ring of Hypnosis","Akabeko","Slimebound:PreparedRelic","ClockworkSouvenir","Juzu Bracelet","Bird Faced Urn","Replay:Bottled Snecko","Pet Ghost","aspiration:RitualStick","sneckomod:BlankCard","Slimebound:SlimedTailRelic","REME_DemonsWealth","REME_HandOfSuture","ReplayTheSpireMod:TigerMarble","Guardian:GemstoneGun","Snack Pack","REME_CardOfGreed","FossilizedHelix","hexamod:CandleOfCauterizing","Darkstone Periapt","PreservedInsect","Simple Rune","Mark of the Bloom","Du-Vu Doll","Strange Spoon","Potion Belt","Divine Protection","ReplayTheSpireMod:ShopPack"],"acts_visited":["Exordium","TheCity","TheBeyond"],"potions_floor_usage":[],"damage_taken":[{"damage":12.0,"enemies":"Jaw Worm","floor":1.0,"turns":5.0},{"damage":10.0,"enemies":"Small Slimes","floor":5.0,"turns":3.0},{"damage":0.0,"enemies":"Replay:BlueRogue","floor":6.0,"turns":5.0},{"damage":8.0,"enemies":"Gremlin Nob","floor":7.0,"turns":4.0},{"damage":0.0,"enemies":"Cultist","floor":14.0,"turns":3.0},{"damage":9.0,"enemies":"Hexaghost","floor":16.0,"turns":4.0},{"damage":6.0,"enemies":"Chosen","floor":18.0,"turns":2.0},{"damage":19.0,"enemies":"Masked Bandits","floor":19.0,"turns":3.0},{"damage":0.0,"enemies":"2 Thieves","floor":21.0,"turns":4.0},{"damage":11.0,"enemies":"Gremlin Leader","floor":23.0,"turns":6.0},{"damage":0.0,"enemies":"Replay:Snechameleon","floor":25.0,"turns":3.0},{"damage":0.0,"enemies":"Chosen and Byrds","floor":31.0,"turns":4.0},{"damage":27.0,"enemies":"Champ","floor":33.0,"turns":9.0},{"damage":0.0,"enemies":"Orb Walker","floor":35.0,"turns":2.0},{"damage":21.0,"enemies":"2 Orb Walkers","floor":38.0,"turns":4.0},{"damage":0.0,"enemies":"Reptomancer","floor":42.0,"turns":5.0}],"seed_played":"1138922244981197753","potions_obtained":[{"floor":5.0,"key":"Adrenaline Potion"},{"floor":14.0,"key":"Reflective Coating"},{"floor":19.0,"key":"Languid Potion"},{"floor":21.0,"key":"Strength Potion"},{"floor":33.0,"key":"SteroidPotion"}],"is_trial":false,"path_per_floor":["M","?","$","?","M","E","E","$","T","R","T","R","?","M","R","B",null,"M","?","?","M","T","E","R","E","T","?","?","?","?","M","R","B",null,"M","$","?","?","?","R","T","E","T","?","?","?","$","?","R"],"character_chosen":"SLIMEBOUND","items_purchased":["Membership Card","Slimebound:LivingWall","Replay:Bandana","ClockworkSouvenir","Juzu Bracelet","REME_WheelOfFate","Slimebound:MassRepurpose","Bird Faced Urn","Slimebound:PressTheAttack","REME_HandOfSuture","ReplayTheSpireMod:TigerMarble","Guardian:GemstoneGun","Snack Pack","REME_CardOfGreed","Slimebound:LivingWall","Slimebound:RainOfGoop","hexamod:CandleOfCauterizing","Slimebound:SamplingLick","REME_Flogging","Strange Spoon","Potion Belt","Slimebound:Dissolve","Divine Protection","ReplayTheSpireMod:ShopPack"],"campfire_rested":0,"item_purchase_floors":[3,3,8,24,24,24,24,24,32,36,36,36,36,36,36,40,40,40,40,47,47,47,47,47],"current_hp_per_floor":[55,55,55,55,49,53,51,65,65,65,65,65,65,65,65,64,65,65,50,50,58,58,53,53,61,61,48,48,48,48,56,56,38,65,65,62,62,51,51,51,51,62,62,62,62,62,62,62,62,62,62],"gold":644,"neow_bonus":"","is_daily":true,"chose_seed":false,"campfire_upgraded":3,"win_rate":0.0,"timestamp":1611926583,"path_taken":["M","?","$","?","?","E","E","?","T","R","?","R","?","M","R","BOSS","M","?","?","M","?","E","R","E","T","?","?","?","?","M","R","BOSS","M","$","?","?","?","R","?","E","T","?","?","?","$","?","R"],"items_purchased_type":["Relic","Card","Relic","Relic","Relic","Card","Card","Relic","Card","Relic","Relic","Relic","Relic","Relic","Card","Card","Relic","Card","Card","Relic","Relic","Card","Relic","Relic"],"build_version":"2020-12-22","purchased_purges":8,"victory":false,"max_hp_per_floor":[65,65,65,65,65,65,65,65,65,65,65,65,65,65,65,65,65,65,65,65,65,65,65,65,65,65,65,65,65,65,65,65,65,65,65,62,62,62,62,62,62,62,62,62,62,97,97,97,97,97,97],"card_choices":[{"not_picked":["Slimebound:Nibble","Slimebound:SplitLeeching"],"picked":"Slimebound:SplitMire","floor":1.0},{"not_picked":["Slimebound:SplitAcid","Slimebound:Equalize"],"picked":"Slimebound:FinishingTackle","floor":5.0},{"not_picked":["Slimebound:LivingWall","Slimebound:Recollect"],"picked":"Slimebound:SlimeBarrage","floor":6.0},{"not_picked":["Slimebound:SlimeSpikes","Slimebound:Prepare"],"picked":"Slimebound:ForwardTackle","floor":7.0},{"not_picked":["Slimebound:Prepare","Slimebound:ItLooksTasty"],"picked":"Slimebound:HauntingLick","floor":13.0},{"not_picked":["Slimebound:LivingWall","Slimebound:FinishingTackle"],"picked":"Slimebound:Repurpose","floor":13.0},{"not_picked":["Slimebound:RollThrough","Slimebound:ItLooksTasty"],"picked":"Slimebound:DivideAndConquer","floor":14.0},{"not_picked":["Slimebound:MassFeed","Slimebound:FirmFortitude"],"picked":"Slimebound:Darklings","floor":16.0},{"not_picked":["Slimebound:Prepare","Slimebound:SplitLeeching"],"picked":"Slimebound:MegaLick","floor":18.0},{"not_picked":["Slimebound:Recollect","Slimebound:FinishingTackle+1"],"picked":"Slimebound:PressTheAttack","floor":19.0},{"not_picked":["Slimebound:PressTheAttack","Slimebound:FinishingTackle"],"picked":"Slimebound:Repurpose+1","floor":21.0},{"not_picked":["Slimebound:LeechEnergy","Slimebound:ForwardTackle"],"picked":"Slimebound:LeadByExample","floor":23.0},{"not_picked":["Slimebound:SpikyOuterGoop","Slimebound:ViciousTackle","Slimebound:FirmFortitude"],"picked":"SKIP","floor":25.0},{"not_picked":["Slimebound:SplitAcid","Slimebound:BestDefense"],"picked":"Slimebound:GoopSpray","floor":31.0},{"not_picked":["Slimebound:PrepareCrush","Slimebound:OozeBath"],"picked":"Slimebound:CheckThePlaybook","floor":33.0},{"not_picked":["Slimebound:Equalize","Slimebound:SlimeBrawl","Slimebound:LivingWall"],"picked":"Sickly","floor":35.0},{"not_picked":["Slimebound:SplitAcid","Slimebound:PressTheAttack","Voices"],"picked":"Slimebound:GoopSpray","floor":38.0},{"not_picked":["Slimebound:RollThrough","Slimebound:LeechingTouch","Pain"],"picked":"Slimebound:ItLooksTasty","floor":42.0},{"not_picked":["Magnetism","Apotheosis","Chrysalis"],"picked":"REME_EyeOfCthun","floor":47.0}],"player_experience":140253,"relics_obtained":[{"floor":6.0,"key":"Thread and Needle"},{"floor":7.0,"key":"MealTicket"},{"floor":9.0,"key":"Grinning Jar"},{"floor":11.0,"key":"HornCleat"},{"floor":13.0,"key":"Replay:WaspNest"},{"floor":19.0,"key":"Red Mask"},{"floor":20.0,"key":"Ring of Peace"},{"floor":20.0,"key":"Ring of Hypnosis"},{"floor":22.0,"key":"Akabeko"},{"floor":23.0,"key":"Slimebound:PreparedRelic"},{"floor":25.0,"key":"Replay:Bottled Snecko"},{"floor":26.0,"key":"Pet Ghost"},{"floor":38.0,"key":"FossilizedHelix"},{"floor":41.0,"key":"Darkstone Periapt"},{"floor":42.0,"key":"PreservedInsect"},{"floor":43.0,"key":"Simple Rune"}],"event_choices":[{"damage_healed":0.0,"max_hp_gain":0.0,"max_hp_loss":0.0,"gold_gain":0.0,"event_name":"Big Fish","player_choice":"Box","floor":2.0,"gold_loss":0.0,"damage_taken":0.0,"relics_obtained":["Slimebound:AggressiveSlimeRelic"],"cards_obtained":["Regret"]},{"damage_healed":0.0,"max_hp_gain":0.0,"max_hp_loss":0.0,"gold_gain":0.0,"event_name":"Match and Keep!","player_choice":"5 cards matched","floor":4.0,"gold_loss":0.0,"damage_taken":0.0,"cards_obtained":["Slimebound:DouseInSlime","Slimebound:Split","REME_FirmDetermination","Slimebound:LeechingTouch","Slimebound:ProtectTheBoss"]},{"damage_healed":0.0,"max_hp_gain":0.0,"max_hp_loss":0.0,"gold_gain":0.0,"event_name":"Masked Bandits","player_choice":"Fought Bandits","floor":19.0,"gold_loss":0.0,"damage_taken":0.0},{"damage_healed":0.0,"max_hp_gain":0.0,"max_hp_loss":0.0,"gold_gain":0.0,"event_name":"The Mausoleum","player_choice":"Opened","floor":28.0,"gold_loss":0.0,"damage_taken":0.0,"relics_obtained":["sneckomod:BlankCard"],"cards_obtained":["Writhe"]},{"damage_healed":0.0,"max_hp_gain":0.0,"max_hp_loss":0.0,"gold_gain":0.0,"event_name":"WeMeetAgain","player_choice":"Gave Potion","floor":29.0,"gold_loss":0.0,"damage_taken":0.0,"relics_obtained":["Slimebound:SlimedTailRelic"]},{"cards_removed":["Writhe"],"damage_healed":0.0,"max_hp_gain":0.0,"max_hp_loss":0.0,"gold_gain":0.0,"event_name":"Beggar","player_choice":"Gave Gold","floor":30.0,"gold_loss":75.0,"damage_taken":0.0},{"cards_removed":["REME_FirmDetermination"],"damage_healed":0.0,"max_hp_gain":0.0,"max_hp_loss":0.0,"gold_gain":0.0,"event_name":"Falling","player_choice":"Removed Power","floor":37.0,"gold_loss":0.0,"damage_taken":0.0},{"damage_healed":0.0,"max_hp_gain":0.0,"max_hp_loss":0.0,"gold_gain":0.0,"event_name":"Mysterious Sphere","player_choice":"Fight","floor":38.0,"gold_loss":0.0,"damage_taken":0.0},{"damage_healed":0.0,"max_hp_gain":0.0,"max_hp_loss":0.0,"gold_gain":222.0,"event_name":"Tomb of Lord Red Mask","player_choice":"Wore Mask","floor":39.0,"gold_loss":0.0,"damage_taken":0.0},{"damage_healed":0.0,"max_hp_gain":0.0,"max_hp_loss":0.0,"gold_gain":0.0,"event_name":"MindBloom","player_choice":"Upgrade","floor":44.0,"gold_loss":0.0,"damage_taken":0.0,"cards_upgraded":["Slimebound:Strike_Slimebound","Slimebound:Strike_Slimebound","Slimebound:Strike_Slimebound","Slimebound:Tackle","Slimebound:Defend_Slimebound","Slimebound:Defend_Slimebound","Slimebound:Defend_Slimebound","Slimebound:Defend_Slimebound","Slimebound:CorrosiveSpit","sneckomod:UnknownCommonAttack","sneckomod:UnknownCommonSkill","sneckomod:UnknownCommonSkill","sneckomod:UnknownCommonSkill","sneckomod:UnknownUncommonAttack","sneckomod:UnknownUncommonSkill","sneckomod:UnknownUncommonPower","sneckomod:Unknown","Venomology","Slimebound:SplitMire","Slimebound:LivingWall","Slimebound:Split","Slimebound:LeechingTouch","Slimebound:ProtectTheBoss","Slimebound:FinishingTackle","Slimebound:SlimeBarrage","Slimebound:ForwardTackle","Pot Of Greed","Pot Of Greed","Pot Of Greed","Slimebound:HauntingLick","Slimebound:DivideAndConquer","Pot Of Greed","Slimebound:Darklings","Slimebound:MegaLick","Slimebound:PressTheAttack","Slimebound:LeadByExample","REME_WheelOfFate","Slimebound:MassRepurpose","Slimebound:GoopSpray","Slimebound:PressTheAttack","Slimebound:CheckThePlaybook","Pot Of Greed","Slimebound:LivingWall","Slimebound:GoopSpray","Slimebound:RainOfGoop","Slimebound:SamplingLick","REME_Flogging","Slimebound:ItLooksTasty"],"relics_obtained":["Mark of the Bloom"]},{"cards_removed":["Pot Of Greed"],"damage_healed":5.0,"max_hp_gain":0.0,"max_hp_loss":0.0,"gold_gain":0.0,"event_name":"Bonfire Elementals","player_choice":"Offered Special","floor":45.0,"gold_loss":0.0,"damage_taken":0.0}],"is_beta":false,"boss_relics":[{"not_picked":["Snecko Eye","Sozu"],"picked":"aspiration:SecretTechniqueScroll"},{"not_picked":["Empty Cage","Coffee Dripper"],"picked":"REME_DemonsWealth"}],"items_purged_floors":[3,24,32,32,36,40,47,47],"is_endless":false,"potions_floor_spawned":[5,14,19,21,33,38],"ascension_level":0}}