{"host":"qc8p2flj7wsy3zpg","time":1611949284,"event":{"mods":["BaseMod","Highlight Path","Minty Spire (QoL Compilation)","Monster List Patch","Relic Stats","StSLib"],"gold_per_floor":[13,24,41,61,61,61,92,92,143,176,190,190,206,216,216,290,290,301,329,329,249,249],"floor_reached":21,"language":"ENG","playtime":664,"items_purged":[],"score":382,"play_id":"a8d19786-bdbf-47f7-8e84-762356098d92","local_time":"20210129134124","is_ascension_mode":true,"campfire_choices":[{"floor":6,"key":"REST"},{"data":"Hologram","floor":8,"key":"SMITH"},{"floor":15,"key":"REST"}],"circlet_count":0,"master_deck":["AscendersBane","Strike_B","Strike_B","Strike_B+1","Strike_B","Defend_B","Defend_B","Defend_B","Defend_B","Zap","Dualcast","Hologram+1","Ball Lightning","Cold Snap+1","Rebound","Gash+1","Rainbow","Sweeping Beam+1","Defragment+1","Cold Snap+1","Machine Learning","Gash+1","Gash+1"],"relics":["Cracked Core","Ginger","Molten Egg 2","Toy Ornithopter","Regal Pillow","SlaversCollar","Red Mask"],"acts_visited":["Exordium","TheCity"],"potions_floor_usage":[7,10,13,19,19,21],"damage_taken":[{"damage":6,"enemies":"Cultist","floor":1,"turns":3},{"damage":3,"enemies":"Small Slimes","floor":2,"turns":4},{"damage":1,"enemies":"2 Louse","floor":3,"turns":3},{"damage":5,"enemies":"2 Fungi Beasts","floor":4,"turns":4},{"damage":12,"enemies":"3 Sentries","floor":7,"turns":6},{"damage":6,"enemies":"Gremlin Nob","floor":10,"turns":3},{"damage":10,"enemies":"Large Slime","floor":11,"turns":4},{"damage":25,"enemies":"Exordium Thugs","floor":13,"turns":4},{"damage":11,"enemies":"Looter","floor":14,"turns":2},{"damage":22,"enemies":"Hexaghost","floor":16,"turns":8},{"damage":31,"enemies":"Shell Parasite","floor":18,"turns":6},{"damage":13,"enemies":"Masked Bandits","floor":19,"turns":3},{"damage":29,"enemies":"2 Thieves","floor":21,"turns":2}],"seed_played":"-5850813987657366055","potions_obtained":[{"floor":1,"key":"BlessingOfTheForge"},{"floor":7,"key":"Explosive Potion"},{"floor":11,"key":"Regen Potion"},{"floor":13,"key":"Explosive Potion"},{"floor":16,"key":"FocusPotion"},{"floor":19,"key":"PotionOfCapacity"}],"is_trial":false,"path_per_floor":["M","M","M","M","?","R","E","R","T","E","M","?","M","M","R","B",null,"M","?","?","M"],"character_chosen":"DEFECT","items_purchased":[],"campfire_rested":2,"item_purchase_floors":[],"current_hp_per_floor":[58,55,54,49,28,49,37,37,37,36,26,26,15,4,40,18,58,27,24,24,0,0],"gold":249,"neow_bonus":"ONE_RARE_RELIC","is_daily":false,"chose_seed":false,"campfire_upgraded":1,"win_rate":0.0,"timestamp":1611949284,"path_taken":["M","?","M","M","?","R","E","R","T","E","M","?","M","M","R","BOSS","M","?","?","?"],"items_purchased_type":[],"build_version":"2020-12-22","purchased_purges":0,"victory":false,"max_hp_per_floor":[71,71,71,71,71,71,71,71,71,71,71,71,71,71,71,71,71,71,71,71,71,71],"relic_stats":{"Regal Pillow":15,"counters":[13,52],"Ginger":[2],"obtain_stats":[{"SlaversCollar":17,"Regal Pillow":10,"Molten Egg 2":7,"Red Mask":19,"Ginger":0,"Cracked Core":0,"Toy Ornithopter":9},{"SlaversCollar":10,"Regal Pillow":6,"Molten Egg 2":5,"Red Mask":12,"Ginger":0,"Cracked Core":0,"Toy Ornithopter":5},{"SlaversCollar":41,"Regal Pillow":23,"Molten Egg 2":20,"Red Mask":50,"Ginger":0,"Cracked Core":0,"Toy Ornithopter":20}],"Toy Ornithopter":25},"card_choices":[{"not_picked":["Redo","Gash"],"picked":"Hologram","floor":1},{"not_picked":["Consume","Compile Driver"],"picked":"Ball Lightning","floor":2},{"not_picked":["Go for the Eyes","Turbo"],"picked":"Cold Snap","floor":3},{"not_picked":["Melter","Beam Cell"],"picked":"Rebound","floor":4},{"not_picked":["Amplify","Force Field"],"picked":"Gash+1","floor":7},{"not_picked":["Chaos","Hello World"],"picked":"Rainbow","floor":10},{"not_picked":["Streamline+1","Skim"],"picked":"Sweeping Beam+1","floor":11},{"not_picked":["Blizzard+1","Steam"],"picked":"Defragment","floor":13},{"not_picked":["Barrage+1","Rebound+1"],"picked":"Cold Snap+1","floor":14},{"not_picked":["Thunder Strike+1","Reboot"],"picked":"Machine Learning","floor":16},{"not_picked":["Heatsinks","Reinforced Body"],"picked":"Gash+1","floor":18},{"not_picked":["Auto Shields","Steam"],"picked":"Gash+1","floor":19}],"player_experience":2299848,"relics_obtained":[{"floor":7,"key":"Molten Egg 2"},{"floor":9,"key":"Toy Ornithopter"},{"floor":10,"key":"Regal Pillow"},{"floor":19,"key":"Red Mask"}],"event_choices":[{"damage_healed":0,"gold_gain":0,"player_choice":"Entered Light","damage_taken":21,"max_hp_gain":0,"max_hp_loss":0,"event_name":"Shining Light","floor":5,"gold_loss":0,"cards_upgraded":["Cold Snap","Strike_B"]},{"damage_healed":0,"gold_gain":0,"player_choice":"Ignored","damage_taken":0,"max_hp_gain":0,"max_hp_loss":0,"event_name":"Liars Game","floor":12,"gold_loss":0},{"damage_healed":0,"gold_gain":0,"player_choice":"Fought Bandits","damage_taken":0,"max_hp_gain":0,"max_hp_loss":0,"event_name":"Masked Bandits","floor":19,"gold_loss":0},{"damage_healed":0,"gold_gain":0,"player_choice":"Forge","damage_taken":0,"max_hp_gain":0,"max_hp_loss":0,"event_name":"Accursed Blacksmith","floor":20,"gold_loss":0,"cards_upgraded":["Defragment"]}],"is_beta":false,"boss_relics":[{"not_picked":["Runic Pyramid","Tiny House"],"picked":"SlaversCollar"}],"items_purged_floors":[],"is_endless":false,"potions_floor_spawned":[1,7,11,13,16,18,19],"killed_by":"2 Thieves","ascension_level":20}}