{"host":"jhohbi8xmmotmpw6","time":1611946695,"event":{"mods":["BaseMod","Downfall","Hermit","Hubris","Infinite Spire","Minty Spire (QoL Compilation)","Reliquary","Replay The Spire","Spicy Shops","StSLib","The Marked"],"gold_per_floor":[118,118,131,131,146,146,163,195,267,279,279,291,21,61,61,61,61],"floor_reached":16,"language":"ENG","playtime":743,"items_purged":[],"score":104,"play_id":"9653c3f5-1cdb-4233-ab14-4dabdd41fb4d","local_time":"20210130075815","is_ascension_mode":false,"campfire_choices":[{"data":"Spot Weakness","floor":6,"key":"SMITH"},{"floor":15,"key":"REST"}],"circlet_count":0,"master_deck":["Strike_R+1","Strike_R","Strike_R","Strike_R","Strike_R","Defend_R","Defend_R","Defend_R","Defend_R","Pain","Sword Boomerang","Spot Weakness+1","Thunderclap","ReplayTheSpireMod:Strike From Hell","Brutality","Abandon","HandOfGreed","Shrug It Off"],"relics":["Burning Blood","WarpedTongs","Replay:Multitool","reliquary:FeatherDuster","Toy Ornithopter","Membership Card"],"acts_visited":["Exordium"],"potions_floor_usage":[8,12,16],"damage_taken":[{"damage":4,"enemies":"2 Louse","floor":1,"turns":3},{"damage":3,"enemies":"Cultist","floor":3,"turns":3},{"damage":6,"enemies":"Small Slimes","floor":5,"turns":3},{"damage":11,"enemies":"Exordium Wildlife","floor":7,"turns":3},{"damage":28,"enemies":"3 Sentries","floor":8,"turns":5},{"damage":17,"enemies":"Blue Slaver","floor":10,"turns":3},{"damage":6,"enemies":"Large Slime","floor":12,"turns":4},{"damage":17,"enemies":"Exordium Thugs","floor":14,"turns":3},{"damage":49,"enemies":"Hexaghost","floor":16,"turns":7}],"seed_played":"-4143991794444312478","potions_obtained":[{"floor":5,"key":"Doom Potion"},{"floor":7,"key":"SkillPotion"},{"floor":14,"key":"LiquidBronze"}],"is_trial":false,"path_per_floor":["M","?","M","?","M","R","M","E","T","M","?","M","$","M","R","B"],"character_chosen":"IRONCLAD","items_purchased":["Membership Card","HandOfGreed"],"campfire_rested":1,"item_purchase_floors":[13,13],"current_hp_per_floor":[80,80,80,64,64,64,59,37,37,26,26,31,31,20,44,0,0],"gold":61,"neow_bonus":"THREE_CARDS","is_daily":false,"chose_seed":false,"campfire_upgraded":1,"win_rate":0.0,"timestamp":1611946695,"path_taken":["M","?","?","?","M","R","M","E","T","M","?","M","?","M","R","BOSS"],"items_purchased_type":["Relic","Card"],"build_version":"2020-12-22","purchased_purges":0,"victory":false,"max_hp_per_floor":[80,80,80,80,80,80,80,80,80,80,80,80,80,80,80,80,80],"card_choices":[{"not_picked":["Clash","Warcry"],"picked":"Wild Strike","floor":1},{"not_picked":["Clothesline","Brutality"],"picked":"Sword Boomerang","floor":3},{"not_picked":["hubris:SharpeningStone","Headbutt"],"picked":"Spot Weakness","floor":5},{"not_picked":["Rupture","Dark Embrace"],"picked":"Thunderclap","floor":7},{"not_picked":["Perfected Strike","Clothesline"],"picked":"ReplayTheSpireMod:Strike From Hell","floor":8},{"not_picked":["Clothesline","Clash"],"picked":"Brutality","floor":10},{"not_picked":["Uppercut","hubris:CleavingFinish"],"picked":"Abandon","floor":12},{"not_picked":["Havoc","Body Slam"],"picked":"Shrug It Off","floor":14}],"player_experience":120299,"relics_obtained":[{"floor":8,"key":"Replay:Multitool"},{"floor":9,"key":"reliquary:FeatherDuster"},{"floor":11,"key":"Toy Ornithopter"}],"event_choices":[{"damage_healed":0,"gold_gain":0,"player_choice":"Rummage","damage_taken":0,"relics_obtained":["WarpedTongs"],"max_hp_gain":0,"max_hp_loss":0,"event_name":"Accursed Blacksmith","floor":2,"gold_loss":0,"cards_obtained":["Pain"]},{"damage_healed":0,"gold_gain":0,"player_choice":"Entered Light","damage_taken":16,"max_hp_gain":0,"max_hp_loss":0,"event_name":"Shining Light","floor":4,"gold_loss":0,"cards_upgraded":["Bash","Strike_R"]}],"is_beta":false,"boss_relics":[],"items_purged_floors":[],"is_endless":false,"potions_floor_spawned":[5,7,14],"killed_by":"Hexaghost","ascension_level":0}}