{"host":"l84l8xigz5v5foa2","time":1611889643,"event":{"mods":["2.2 Compatiblity","AchievementEnabler","BaseMod","Better Note","Better Vampires","Card Filter","Colored Map","DeckTracker","Downfall","Gremlin Skip","Highlight Path","Keyboard Shortcuts","Minty Spire (QoL Compilation)","Permanent Neow","Quick Restart","Relic Filter","Relic Stats","StSLib","SuperFastMode","Transform Curses","Unknown Chances"],"gold_per_floor":[115,126,126,141,141,141,222,222,222,222,240,315,315,358,358,457,457,430,430,430,42,42,42,42,42,42],"floor_reached":24,"language":"ENG","playtime":690,"items_purged":[],"score":380,"play_id":"4cf8c98b-0586-4a2d-8f56-0f1c172abb1e","local_time":"20210129120723","is_ascension_mode":true,"campfire_choices":[{"data":"hexamod:Float","floor":6.0,"key":"SMITH"},{"data":"hexamod:GhostOfSpirePast","floor":10.0,"key":"SMITH"},{"data":"Madness","floor":13.0,"key":"SMITH"},{"data":"hexamod:FastForward","floor":15.0,"key":"SMITH"},{"data":"hexamod:FlameSwitch","floor":23,"key":"SMITH"}],"circlet_count":0,"master_deck":["AscendersBane","hexamod:Strike","hexamod:Strike","hexamod:Strike","hexamod:Strike","hexamod:Defend","hexamod:Defend","hexamod:Defend","hexamod:Defend","hexamod:Sear","hexamod:Float+1","Madness+1","hexamod:FirstSeal","hexamod:GhostOfSpirePast+1","hexamod:SwordOfDarkness","hexamod:FastForward+1","hexamod:GhostOfSpireFuture","hexamod:FourthSeal","hexamod:FlameSwitch+1","hexamod:AdvancingGuard","hexamod:NightmareStrike","hexamod:ThirdSeal","hexamod:FourthSeal","hexamod:StepThrough","hexamod:NightmareGuise"],"relics":["hexamod:SpiritBrand","Golden Idol","Bottled Flame","Prayer Wheel","hexamod:CandleOfCauterizing","Meat on the Bone","Philosopher\u0027s Stone","Gremlin Horn"],"acts_visited":["TheCity"],"potions_floor_usage":[24],"damage_taken":[{"damage":0.0,"enemies":"Small Slimes","floor":1.0,"turns":4.0},{"damage":2.0,"enemies":"Jaw Worm","floor":2.0,"turns":4.0},{"damage":0.0,"enemies":"2 Louse","floor":4.0,"turns":2.0},{"damage":15.0,"enemies":"3 Sentries","floor":7.0,"turns":8.0},{"damage":1.0,"enemies":"Looter","floor":11.0,"turns":3.0},{"damage":18.0,"enemies":"3 Sentries","floor":14.0,"turns":6.0},{"damage":15.0,"enemies":"Hexaghost","floor":16.0,"turns":8.0},{"damage":27,"enemies":"2 Thieves","floor":18,"turns":4},{"damage":46,"enemies":"Slavers","floor":24,"turns":7}],"seed_played":"6018371916512002173","potions_obtained":[{"floor":14.0,"key":"hexamod:DoubleChargePotion"},{"floor":16.0,"key":"PowerPotion"},{"floor":18,"key":"Ancient Potion"}],"is_trial":false,"path_per_floor":["M","M","?","M","?","R","?","T","T","R","M","?","R","E","R","B",null,"M","?","?","$","?","R","E"],"character_chosen":"THE_SPIRIT","items_purchased":["hexamod:StepThrough","Gremlin Horn","hexamod:NightmareGuise"],"campfire_rested":0,"item_purchase_floors":[21,21,21],"current_hp_per_floor":[57,62,62,63,41,41,33,33,33,33,39,28,28,17,17,21,53,45,45,45,45,45,45,0,0,0],"gold":42,"neow_bonus":"RANDOM_COLORLESS","is_daily":false,"chose_seed":false,"campfire_upgraded":5,"win_rate":0.0,"timestamp":1611889643,"path_taken":["M","M","?","M","?","R","?","?","T","R","?","?","R","E","R","BOSS","M","?","?","$","?","R","E"],"items_purchased_type":["Card","Relic","Card"],"build_version":"2020-12-22","purchased_purges":0,"victory":false,"max_hp_per_floor":[63,63,63,63,63,63,63,63,63,63,63,63,63,63,63,63,63,63,63,63,63,63,63,63,63,63],"relic_stats":{"Gremlin Horn":[2,2],"counters":[9,46],"Golden Idol":61,"Prayer Wheel":2,"obtain_stats":[{"Bottled Flame":7,"hexamod:CandleOfCauterizing":9,"Gremlin Horn":21,"Golden Idol":5,"Prayer Wheel":8,"Philosopher\u0027s Stone":17,"hexamod:SpiritBrand":0,"Meat on the Bone":14},{"Bottled Flame":4,"hexamod:CandleOfCauterizing":4,"Gremlin Horn":8,"Golden Idol":3,"Prayer Wheel":4,"Philosopher\u0027s Stone":7,"hexamod:SpiritBrand":0,"Meat on the Bone":6},{"Bottled Flame":18,"hexamod:CandleOfCauterizing":18,"Gremlin Horn":39,"Golden Idol":10,"Prayer Wheel":18,"Philosopher\u0027s Stone":35,"hexamod:SpiritBrand":0,"Meat on the Bone":27}],"Meat on the Bone":24},"card_choices":[{"not_picked":["Dramatic Entrance","Jack Of All Trades"],"picked":"Madness","floor":0.0},{"not_picked":["hexamod:Hexaguard","hexamod:Firestarter"],"picked":"hexamod:FirstSeal","floor":1.0},{"not_picked":["hexamod:RecurringNightmare","hexamod:RetreatToShadows"],"picked":"hexamod:GhostLash","floor":2.0},{"not_picked":["hexamod:ExtraCrispy","hexamod:SpectersWail"],"picked":"hexamod:GhostOfSpirePast","floor":4.0},{"not_picked":["hexamod:FirstSeal","hexamod:PowerFromBeyond"],"picked":"hexamod:SwordOfDarkness","floor":7.0},{"not_picked":["hexamod:BurningTouch","hexamod:SoulSteal"],"picked":"hexamod:FastForward","floor":11.0},{"not_picked":["hexamod:GhostLash","hexamod:FirstSeal"],"picked":"hexamod:GhostOfSpireFuture","floor":11.0},{"not_picked":["hexamod:HeatMetal","hexamod:RecurringNightmare"],"picked":"hexamod:FourthSeal","floor":14.0},{"not_picked":["hexamod:HexaLevel","hexamod:TimeOfNeed"],"picked":"hexamod:FlameSwitch","floor":16.0},{"not_picked":["hexamod:InspiringFlames","hexamod:GhostShield"],"picked":"hexamod:AdvancingGuard","floor":18},{"not_picked":["hexamod:FirstSeal","hexamod:ExtraCrispy"],"picked":"hexamod:NightmareStrike","floor":18}],"player_experience":3478710,"relics_obtained":[{"floor":7.0,"key":"Bottled Flame"},{"floor":8.0,"key":"Prayer Wheel"},{"floor":9.0,"key":"hexamod:CandleOfCauterizing"},{"floor":14.0,"key":"Meat on the Bone"}],"event_choices":[{"damage_healed":0.0,"max_hp_gain":0.0,"max_hp_loss":0.0,"gold_gain":0.0,"event_name":"Liars Game","player_choice":"Ignored","floor":3.0,"gold_loss":0.0,"damage_taken":0.0},{"damage_healed":0.0,"max_hp_gain":0.0,"max_hp_loss":0.0,"gold_gain":0.0,"event_name":"Golden Idol","player_choice":"Take Damage","floor":5.0,"gold_loss":0.0,"damage_taken":22.0,"relics_obtained":["Golden Idol"]},{"damage_healed":0.0,"max_hp_gain":0.0,"max_hp_loss":0.0,"gold_gain":0.0,"event_name":"Dead Adventurer","player_choice":"Searched \u00272\u0027 times","floor":7.0,"gold_loss":0.0,"damage_taken":0.0},{"damage_healed":0.0,"max_hp_gain":0.0,"max_hp_loss":0.0,"gold_gain":75.0,"event_name":"World of Goop","player_choice":"Gather Gold","floor":12.0,"gold_loss":0.0,"damage_taken":11.0},{"damage_healed":0,"gold_gain":0,"player_choice":"Ignored","damage_taken":0,"max_hp_gain":0,"max_hp_loss":0,"event_name":"Vampires","floor":19,"gold_loss":0}],"is_beta":false,"boss_relics":[{"not_picked":["hexamod:IceCube","Sozu"],"picked":"Philosopher\u0027s Stone"}],"items_purged_floors":[],"is_endless":false,"potions_floor_spawned":[14],"killed_by":"Slavers","ascension_level":20}}