{"host":"pesfwaef25r60kxm","time":1611904087,"event":{"mods":["ATMod(阿瑾Mod)","Act Like it!","Arknights The Spire","BaseMod","Colored Powertips","Gensokyo","Minty Spire (QoL Compilation)","Replay The Spire","RumiaBox-露米娅的神秘盒子","Spicy Shops","StSLib","WarShipGirlsR/战舰少女R mod","[IsaacMod]以撒尖塔","noobMod","【遗物卡牌】REMEMod"],"gold_per_floor":[111,286,304,318,334,334,314,314,314,333,343,369,369,388,388,483,483,496,506,20,34,49,77,95,95,95,128,139,139,170,182,182,283,283,294,313,363,94,112,146,146,166,166,183,211,211,245,260,260,260,260,260,106,133,133],"floor_reached":56,"language":"ZHS","playtime":2316,"items_purged":["Doubt","Strike_R","Strike_R","Strike_R","Strike_R"],"score":1946,"play_id":"91e5dcfd-ee8d-45e8-8202-57d3ce6dd5cc","local_time":"20210129150807","is_ascension_mode":true,"campfire_choices":[{"data":"AT_KneejerkReflex","floor":6,"key":"SMITH"},{"data":"Adrenaline","floor":8,"key":"SMITH"},{"data":"Metallicize","floor":15,"key":"SMITH"},{"data":"Barricade","floor":25,"key":"SMITH"},{"data":"Armaments","floor":29,"key":"SMITH"},{"floor":32,"key":"RECALL"},{"data":"REME_ACTH","floor":49,"key":"SMITH"},{"data":"Specialist","floor":52,"key":"SMITH"}],"circlet_count":0,"master_deck":["Defend_R","Defend_R","Defend_R","Defend_R","Bash","AT_KneejerkReflex+1","Adrenaline+1","AT_BodySlamDance","Offering","Shrug It Off","Metallicize+1","Barricade+1","Armaments+1","Metallicize+1","Exhume","AT_EmpoweredMortalDraw+1","Shrug It Off+1","AT_Dispersion","REME_ACTH+1","Entrench+1","Pot Of Greed","Pot Of Greed","Discovery","AT_CelerityRune","Specialist+1","Body Slam+1","Pot Of Greed"],"relics":["Burning Blood","HushsDoor","ice","REME_ComplimentaryCards","AT_ATBox","NeowsBlessing","DoctorsRemote","Pantograph","MealTicket","EasyGame_NEW","Omamori","TheAbacus","BookofShadows","PlanX","TheBean","AT_MortalBlade","ChaoDraw","Replay:Baseball","Replay:Multitool","Bag of Preparation","Grinning Jar","Incense Burner","Orrery","King of Hearts"],"acts_visited":["Exordium","TheCity","TheBeyond","TheEnding"],"potions_floor_usage":[55,55,55],"damage_taken":[{"damage":0,"enemies":"2 Louse","floor":1,"turns":1},{"damage":0,"enemies":"Jaw Worm","floor":3,"turns":1},{"damage":0,"enemies":"Cultist","floor":4,"turns":1},{"damage":24,"enemies":"Blue Slaver","floor":5,"turns":4},{"damage":6,"enemies":"2 Fungi Beasts","floor":10,"turns":3},{"damage":11,"enemies":"Exordium Thugs","floor":11,"turns":2},{"damage":16,"enemies":"3 Sentries","floor":12,"turns":2},{"damage":0,"enemies":"Gremlin Gang","floor":14,"turns":2},{"damage":51,"enemies":"Slime Boss","floor":16,"turns":16},{"damage":2,"enemies":"3 Byrds","floor":18,"turns":1},{"damage":14,"enemies":"Chosen","floor":19,"turns":4},{"damage":17,"enemies":"Snake Plant","floor":21,"turns":4},{"damage":6,"enemies":"Chosen and Byrds","floor":22,"turns":3},{"damage":33,"enemies":"REME_1_Revenger","floor":23,"turns":5},{"damage":24,"enemies":"Shelled Parasite and Fungi","floor":24,"turns":2},{"damage":12,"enemies":"Book of Stabbing","floor":27,"turns":3},{"damage":6,"enemies":"Snecko","floor":28,"turns":5},{"damage":10,"enemies":"Slavers","floor":30,"turns":2},{"damage":6,"enemies":"Snake Plant","floor":31,"turns":3},{"damage":6,"enemies":"Collector","floor":33,"turns":5},{"damage":12,"enemies":"Orb Walker","floor":35,"turns":3},{"damage":17,"enemies":"3 Darklings","floor":36,"turns":2},{"damage":25,"enemies":"Mind Bloom Boss Battle","floor":37,"turns":7},{"damage":6,"enemies":"Maw","floor":39,"turns":3},{"damage":6,"enemies":"R_Hoarder","floor":40,"turns":6},{"damage":6,"enemies":"Writhing Mass","floor":42,"turns":3},{"damage":6,"enemies":"Jaw Worm Horde","floor":44,"turns":2},{"damage":6,"enemies":"Nemesis","floor":45,"turns":3},{"damage":0,"enemies":"R_Hoarder","floor":47,"turns":5},{"damage":21,"enemies":"Transient","floor":48,"turns":4},{"damage":6,"enemies":"Donu and Deca","floor":50,"turns":3},{"damage":6,"enemies":"Shield and Spear","floor":54,"turns":2},{"damage":0,"enemies":"LittleHush","floor":55,"turns":7}],"seed_played":"8332909959431621736","potions_obtained":[{"floor":3,"key":"FearPotion"},{"floor":10,"key":"PowerPotion"},{"floor":11,"key":"SpeedPotion"},{"floor":27,"key":"Adrenaline Potion"},{"floor":42,"key":"Dexterity Potion"}],"is_trial":false,"path_per_floor":["M","?","M","M","M","R","?","R","T","M","M","E","?","M","R","B",null,"M","M","$","M","M","E","M","R","T","E","M","R","E","M","R","B",null,"M","M","?","$","M","E","R","M","T","M","E","?","E","M","R","B",null,"R","$","E","B",null],"character_chosen":"IRONCLAD","items_purchased":["Omamori","TheAbacus","Replay:Baseball","Orrery"],"campfire_rested":0,"item_purchase_floors":[20,20,38,53],"current_hp_per_floor":[80,80,80,80,62,62,62,62,62,62,57,47,47,53,53,33,75,75,67,75,64,64,37,19,19,19,13,13,13,9,75,75,75,71,65,54,55,70,70,70,80,80,80,80,80,70,76,61,61,86,99,99,99,99,108],"gold":133,"neow_bonus":"THREE_ENEMY_KILL","is_daily":false,"chose_seed":false,"campfire_upgraded":7,"win_rate":0.0,"timestamp":1611904087,"path_taken":["M","?","?","M","M","R","?","R","T","M","M","E","?","M","R","BOSS","M","M","$","M","M","E","M","R","T","E","M","R","E","?","R","BOSS","M","M","?","$","M","E","R","?","T","M","E","?","E","M","R","BOSS","R","$","E","BOSS"],"items_purchased_type":["Relic","Relic","Relic","Relic"],"build_version":"2020-12-22","purchased_purges":5,"victory":true,"max_hp_per_floor":[80,80,80,80,80,80,80,80,80,80,80,80,80,80,80,80,75,75,75,75,75,75,75,75,75,75,75,75,75,75,75,75,78,71,73,74,76,76,77,80,80,81,81,83,84,84,92,95,95,99,99,99,99,102,110],"card_choices":[{"not_picked":["ReplayTheSpireMod:Strike From Hell","Feel No Pain","Perfected Strike"],"picked":"SKIP","floor":1},{"not_picked":["Sword Boomerang","Hemokinesis"],"picked":"AT_BodySlamDance","floor":3},{"not_picked":["AT_BodySlamDance","Twin Strike","Burning Pact"],"picked":"SKIP","floor":4},{"not_picked":["Clothesline","Entrench"],"picked":"Bomb","floor":5},{"not_picked":[],"picked":"Offering","floor":7},{"not_picked":["True Grit","Cleave","REME_SingleHolding"],"picked":"SKIP","floor":10},{"not_picked":["Wild Strike","True Grit","Body Slam"],"picked":"SKIP","floor":11},{"not_picked":["Flex","ReplayTheSpireMod:LeadingStrike"],"picked":"Shrug It Off","floor":12},{"not_picked":["AT_DrawKnifeCut","ReplayTheSpireMod:Strike From Hell"],"picked":"Metallicize","floor":14},{"not_picked":["Berserk","Bludgeon"],"picked":"Barricade","floor":16},{"not_picked":["Power Through","Clash+1","AT_BodySlamDance"],"picked":"SKIP","floor":18},{"not_picked":["AT_DrawKnifeCut","Life Link"],"picked":"Armaments","floor":19},{"not_picked":["Cleave+1","Wild Strike","Havoc"],"picked":"SKIP","floor":21},{"not_picked":["Intimidate","Cleave","Hemokinesis"],"picked":"SKIP","floor":22},{"not_picked":["Pommel Strike+1","Feed","Wild Strike+1"],"picked":"SKIP","floor":23},{"not_picked":["Perfected Strike","Clash+1","Rupture"],"picked":"SKIP","floor":24},{"not_picked":["Iron Wave","Hemogenesis","ReplayTheSpireMod:Strike From Hell"],"picked":"SKIP","floor":27},{"not_picked":["Seeing Red","Pommel Strike+1","Rampage"],"picked":"SKIP","floor":28},{"not_picked":["Dropkick+1","Pommel Strike","Reckless Charge+1"],"picked":"SKIP","floor":30},{"not_picked":["Perfected Strike","Anger"],"picked":"Metallicize+1","floor":31},{"not_picked":["REME_TheLastStrike","Hemogenesis"],"picked":"Exhume","floor":33},{"not_picked":["Perfected Strike","Havoc+1","Replay:Undeath\u0027s Touch"],"picked":"SKIP","floor":35},{"not_picked":["Pommel Strike+1","REME_Cut+1","ReplayTheSpireMod:Corrosion Curse"],"picked":"SKIP","floor":36},{"not_picked":["Thunderclap+1","Headbutt"],"picked":"Shrug It Off+1","floor":37},{"not_picked":["Headbutt+1","Feel No Pain+1"],"picked":"AT_Dispersion","floor":39},{"not_picked":["ReplayTheSpireMod:Stacked+1","Clothesline+1","Armaments"],"picked":"SKIP","floor":40},{"not_picked":["Clothesline","ReplayReversal"],"picked":"REME_ACTH","floor":42},{"not_picked":["Thunderclap","Dropkick+1"],"picked":"Entrench+1","floor":44},{"not_picked":["Thunderclap","Wild Strike+1","Body Slam+1"],"picked":"SKIP","floor":45},{"not_picked":["ReplayTheSpireMod:Private Reserves","Forethought"],"picked":"Discovery","floor":46},{"not_picked":["Purity","Discovery"],"picked":"AT_CelerityRune","floor":46},{"not_picked":["Bandage Up","REME_BattleFury"],"picked":"Specialist","floor":46},{"not_picked":["Thunderclap","Blood for Blood","Flex+1"],"picked":"SKIP","floor":47},{"not_picked":["Anger+1","Replay:Undeath\u0027s Touch+1","Iron Wave+1"],"picked":"SKIP","floor":48},{"not_picked":["Perfected Strike","Bludgeon"],"picked":"Body Slam+1","floor":54}],"player_experience":97873,"relics_obtained":[{"floor":9,"key":"Pantograph"},{"floor":12,"key":"MealTicket"},{"floor":23,"key":"BookofShadows"},{"floor":27,"key":"PlanX"},{"floor":30,"key":"TheBean"},{"floor":37,"key":"ChaoDraw"},{"floor":40,"key":"Replay:Multitool"},{"floor":43,"key":"Bag of Preparation"},{"floor":45,"key":"Grinning Jar"},{"floor":47,"key":"Incense Burner"},{"floor":54,"key":"King of Hearts"}],"event_choices":[{"damage_healed":0,"gold_gain":175,"player_choice":"AGREE","damage_taken":0,"max_hp_gain":0,"max_hp_loss":0,"event_name":"Liars Game","floor":2,"gold_loss":0,"cards_obtained":["Doubt"]},{"damage_healed":0,"gold_gain":0,"player_choice":"Fight","damage_taken":0,"max_hp_gain":0,"max_hp_loss":0,"event_name":"MindBloom","floor":37,"gold_loss":0},{"damage_healed":0,"gold_gain":0,"player_choice":"Memory 3","damage_taken":10,"max_hp_gain":0,"max_hp_loss":0,"event_name":"SensoryStone","floor":46,"gold_loss":0}],"is_beta":false,"boss_relics":[{"not_picked":["Ectoplasm","Electric Blood"],"picked":"EasyGame_NEW"},{"not_picked":[]},{"not_picked":["Replay:Grab Bag","Velvet Choker"],"picked":"AT_MortalBlade"},{"not_picked":[]}],"items_purged_floors":[17,20,20,34,38],"is_endless":false,"potions_floor_spawned":[3,10,11,16,19,21,27,30,33,36,40,42,54],"ascension_level":4}}