{"host":"65o06cdlhqyi1y6a","time":1611915447,"event":{"mods":["AchievementEnabler","BaseMod","Minty Spire (QoL Compilation)"],"gold_per_floor":[117,137,212,222,222,222,238,254,254,254,272,305,75,95,95,191,191,204,219,219,238,129,129,146,146,146],"floor_reached":25,"language":"ENG","playtime":3059,"items_purged":[],"score":207,"play_id":"00c2ca74-e16e-4ef9-8279-e98d06d2fda2","local_time":"20210129211727","is_ascension_mode":false,"campfire_choices":[{"floor":6,"key":"REST"},{"data":"Noxious Fumes","floor":10,"key":"SMITH"},{"data":"Poisoned Stab","floor":15,"key":"SMITH"},{"floor":23,"key":"REST"}],"circlet_count":0,"master_deck":["Strike_G+1","Strike_G+1","Strike_G+1","Strike_G+1","Strike_G+1","Defend_G+1","Defend_G+1","Defend_G+1","Defend_G+1","Defend_G+1","Survivor","Neutralize+1","Poisoned Stab+1","Deflect","Noxious Fumes+1","Poisoned Stab","Deadly Poison","Poisoned Stab","Wraith Form v2","Choke","Panache","Deflect","After Image","Deadly Poison","Backflip","Noxious Fumes+1","Dagger Throw","Blind","Bouncing Flask+1"],"relics":["Ring of the Snake","Paper Crane","Blood Vial","HoveringKite"],"acts_visited":["Exordium","TheCity"],"potions_floor_usage":[2,16],"damage_taken":[{"damage":3,"enemies":"Cultist","floor":1,"turns":5},{"damage":0,"enemies":"Small Slimes","floor":2,"turns":3},{"damage":1,"enemies":"Jaw Worm","floor":4,"turns":5},{"damage":3,"enemies":"3 Louse","floor":7,"turns":4},{"damage":1,"enemies":"2 Fungi Beasts","floor":8,"turns":4},{"damage":11,"enemies":"Large Slime","floor":11,"turns":6},{"damage":1,"enemies":"Gremlin Nob","floor":12,"turns":4},{"damage":2,"enemies":"Blue Slaver","floor":14,"turns":3},{"damage":29,"enemies":"Slime Boss","floor":16,"turns":10},{"damage":25,"enemies":"3 Byrds","floor":18,"turns":7},{"damage":2,"enemies":"Chosen","floor":19,"turns":6},{"damage":7,"enemies":"Snake Plant","floor":21,"turns":5},{"damage":14,"enemies":"Centurion and Healer","floor":24,"turns":6},{"damage":69,"enemies":"Slavers","floor":25,"turns":7}],"seed_played":"-1059249833197997035","potions_obtained":[{"floor":2,"key":"Fruit Juice"},{"floor":7,"key":"Regen Potion"},{"floor":11,"key":"SteroidPotion"},{"floor":12,"key":"ColorlessPotion"},{"floor":18,"key":"AttackPotion"},{"floor":21,"key":"Block Potion"}],"is_trial":false,"path_per_floor":["M","M","?","M","?","R","M","M","T","R","M","E","$","M","R","B",null,"M","M","?","M","$","R","M","E"],"character_chosen":"THE_SILENT","items_purchased":["Choke","Panache","Dagger Throw","Blind"],"campfire_rested":2,"item_purchase_floors":[13,13,22,22],"current_hp_per_floor":[74,79,68,67,51,75,72,71,71,71,60,59,59,59,59,32,82,57,57,57,52,52,76,64,0,0],"gold":146,"neow_bonus":"TEN_PERCENT_HP_BONUS","is_daily":false,"chose_seed":false,"campfire_upgraded":2,"win_rate":0.0,"timestamp":1611915447,"path_taken":["M","M","?","M","?","R","M","M","T","R","M","E","$","M","R","BOSS","M","M","?","M","$","R","M","E"],"items_purchased_type":["Card","Card","Card","Card"],"build_version":"2020-12-22","purchased_purges":0,"victory":false,"max_hp_per_floor":[77,82,82,82,82,82,82,82,82,82,82,82,82,82,82,82,82,82,82,82,82,82,82,82,82,82],"card_choices":[{"not_picked":["Deflect","Quick Slash"],"picked":"Poisoned Stab","floor":1},{"not_picked":["PiercingWail","Sucker Punch"],"picked":"Deflect","floor":2},{"not_picked":["Quick Slash","Malaise"],"picked":"Noxious Fumes","floor":4},{"not_picked":["Acrobatics","Infinite Blades"],"picked":"Poisoned Stab","floor":7},{"not_picked":["Deflect","Skewer"],"picked":"Deadly Poison","floor":8},{"not_picked":["Dodge and Roll","PiercingWail"],"picked":"Poisoned Stab","floor":11},{"not_picked":["Caltrops","Distraction"],"picked":"Wraith Form v2","floor":12},{"not_picked":["Backflip","Prepared"],"picked":"Deflect","floor":14},{"not_picked":["Glass Knife","Unload"],"picked":"After Image","floor":16},{"not_picked":["Reflex+1","Dash"],"picked":"Deadly Poison","floor":18},{"not_picked":["Dash","Reflex"],"picked":"Backflip","floor":19},{"not_picked":["Prepared","Heel Hook"],"picked":"Noxious Fumes+1","floor":21},{"not_picked":["Poisoned Stab","PiercingWail+1"],"picked":"Bouncing Flask+1","floor":24}],"player_experience":6303,"relics_obtained":[{"floor":9,"key":"Paper Crane"},{"floor":12,"key":"Blood Vial"}],"event_choices":[{"damage_healed":0,"gold_gain":75,"player_choice":"Gather Gold","damage_taken":11,"max_hp_gain":0,"max_hp_loss":0,"event_name":"World of Goop","floor":3,"gold_loss":0},{"damage_healed":0,"gold_gain":0,"player_choice":"Entered Light","damage_taken":16,"max_hp_gain":0,"max_hp_loss":0,"event_name":"Shining Light","floor":5,"gold_loss":0,"cards_upgraded":["Neutralize","Defend_G"]},{"damage_healed":0,"gold_gain":0,"player_choice":"Simplicity","damage_taken":0,"max_hp_gain":0,"max_hp_loss":0,"event_name":"Back to Basics","floor":20,"gold_loss":0,"cards_upgraded":["Strike_G","Strike_G","Strike_G","Strike_G","Strike_G","Defend_G","Defend_G","Defend_G","Defend_G"]}],"is_beta":false,"boss_relics":[{"not_picked":["Runic Dome","Coffee Dripper"],"picked":"HoveringKite"}],"items_purged_floors":[],"is_endless":false,"potions_floor_spawned":[2,7,11,12,18,21],"killed_by":"Slavers","ascension_level":0}}