{"host":"jfbo3eu2ui08ej1u","time":1611881535,"event":{"mods":["2.2 Compatiblity","AchievementEnabler","Act Like it!","Aspiration","BaseMod","Better Altar","Better Match","Better Note","Better Sensory Stone","Better Skull","Better Third Choice","Block Reminder","Colored Map","Colored Powertips","Conspire","DeckTracker","Displayed Cursed Tome","Energized Spire","Fox Events","GifTheSpireLib","Hubris","Infinite Spire","Marked Mod","Minty Spire (QoL Compilation)","Pale of the Ancients","Poor People Problems","Quick Restart","Relic Filter","Reliquary","Reorder Act Four","Replay The Spire","Shop Mod","Spicy Shops","Spire Arcade","StSLib","Stuff the Spire","The Blue Laboratory","The Disciple","The Forsaken","The Hierophant","The Marked","Uncapped","Unceasing Turn Reminder","Wandering Minibosses"],"gold_per_floor":[115,132,57,68,68,68,58,81,159,159,173,173,173],"floor_reached":12,"language":"ENG","playtime":324,"items_purged":["hubris:Disease"],"score":136,"play_id":"4d4abff7-9144-4cec-82b8-01c93637fb92","local_time":"20210128195215","is_ascension_mode":true,"campfire_choices":[{"data":"LikeWater","floor":6,"key":"SMITH"},{"floor":10,"key":"REST"}],"circlet_count":0,"master_deck":["AscendersBane","Strike_P","Strike_P","Strike_P","Defend_P","Defend_P","Defend_P","Defend_P","Eruption","Vigilance","LikeWater+1","MarkedMod:GentlePulse","Replay:BluntJabs","CarveReality","CrushJoints"],"relics":["aspiration:AnachronicSnailShell","Odd Mushroom","aspiration:TomeofQuesting","Snack Pack"],"acts_visited":["Exordium"],"potions_floor_usage":[4,12],"damage_taken":[{"damage":4,"enemies":"2 Louse","floor":1,"turns":4},{"damage":2,"enemies":"Jaw Worm","floor":2,"turns":6},{"damage":0,"enemies":"Cultist","floor":4,"turns":2},{"damage":46,"enemies":"The Mushroom Lair","floor":7,"turns":7},{"damage":5,"enemies":"Blue Slaver","floor":11,"turns":6},{"damage":22,"enemies":"Gremlin Nob","floor":12,"turns":4}],"seed_played":"5970550585756544614","potions_obtained":[{"floor":1,"key":"Fire Potion"},{"floor":2,"key":"blueLaboratory:PhilterOfMotion"}],"is_trial":false,"path_per_floor":["M","M","$","M","?","R","?","T","T","R","M","E"],"character_chosen":"WATCHER","items_purchased":[],"campfire_rested":1,"item_purchase_floors":[],"current_hp_per_floor":[57,55,55,55,48,48,2,2,2,22,17,0,0],"gold":173,"neow_bonus":"ONE_RARE_RELIC","is_daily":false,"chose_seed":false,"campfire_upgraded":1,"win_rate":0.0,"timestamp":1611881535,"path_taken":["M","M","$","M","?","R","?","?","T","R","M","E"],"items_purchased_type":[],"build_version":"2020-12-22","purchased_purges":1,"victory":false,"max_hp_per_floor":[68,68,68,68,68,68,68,68,68,68,68,68,68],"card_choices":[{"not_picked":["BowlingBash","EmptyFist"],"picked":"LikeWater","floor":1},{"not_picked":["MentalFortress","Tantrum"],"picked":"MarkedMod:GentlePulse","floor":2},{"not_picked":["FlyingSleeves","FlurryOfBlows"],"picked":"Replay:BluntJabs","floor":4},{"not_picked":["Study","MarkedMod:GentlePulse"],"picked":"CarveReality","floor":7},{"not_picked":["Crescendo","Replay:ManipulateFuture"],"picked":"CrushJoints","floor":11}],"player_experience":1247946,"relics_obtained":[{"floor":7,"key":"Odd Mushroom"},{"floor":8,"key":"aspiration:TomeofQuesting"},{"floor":9,"key":"Snack Pack"}],"event_choices":[{"cards_removed":["Strike_P"],"damage_healed":0,"gold_gain":0,"player_choice":"Card Removal","damage_taken":7,"max_hp_gain":0,"max_hp_loss":0,"event_name":"Golden Wing","floor":5,"gold_loss":0},{"damage_healed":0,"gold_gain":0,"player_choice":"Fought Mushrooms","damage_taken":0,"max_hp_gain":0,"max_hp_loss":0,"event_name":"Mushrooms","floor":7,"gold_loss":0}],"is_beta":false,"boss_relics":[],"items_purged_floors":[3],"is_endless":false,"potions_floor_spawned":[1,2],"killed_by":"Gremlin Nob","ascension_level":20}}