{"host":"l15sdf2mmi0nobpi","time":1611930990,"event":{"mods":["BaseMod","Highlight Path","Minty Spire (QoL Compilation)","Prisma Mod","Quick Restart","StSLib","¡¾¹¦ÄÜMod¡¿Neow½±Àø"],"gold_per_floor":[110,110,35,55,80,113,113,38,38,65,65,120,146,160,160,264,264,275,285,303,319,335,361,361,388,414,444,464,464,464,464,464,569,569,579,334,354,354,404,435,435,470,470,490,490,516,536,551,551,551,551,551,125,154,154],"floor_reached":56,"language":"ZHS","playtime":3234,"items_purged":["PrismaMod:IllyaCommonAttack","Shame","PrismaMod:IllyaCommonAttack"],"score":1494,"play_id":"b441313a-1eab-444b-b464-1735d0fae5b4","local_time":"20210129223629","is_ascension_mode":true,"campfire_choices":[{"data":"PrismaMod:IllyaCheapChannelPoison","floor":7.0,"key":"SMITH"},{"data":"PrismaMod:IllyaSaphire","floor":15.0,"key":"SMITH"},{"data":"PrismaMod:IllyaPoisonBomb","floor":24.0,"key":"SMITH"},{"data":"PrismaMod:IllyaUncommonDefend","floor":30.0,"key":"SMITH"},{"data":"PrismaMod:IllyaUncommonDefend","floor":32.0,"key":"SMITH"},{"floor":41.0,"key":"RECALL"},{"data":"PrismaMod:IllyaSaphire","floor":49,"key":"SMITH"},{"data":"PrismaMod:IllyaBride","floor":52,"key":"SMITH"}],"circlet_count":0,"master_deck":["PrismaMod:IllyaCommonDefend","PrismaMod:IllyaCommonDefend","PrismaMod:IllyaCommonDefend","PrismaMod:IllyaCommonDefend","PrismaMod:IllyaCommonAttack","PrismaMod:IllyaCommonDefend","PrismaMod:IllyaUncommonAttack","PrismaMod:IllyaUncommonDefend+1","PrismaMod:IllyaInstallAvenger","PrismaMod:IllyaCheapChannelPoison+1","PrismaMod:IllyaUncommonDefend+1","PrismaMod:IllyaSaphire+1","PrismaMod:IllyaSaphire+1","PrismaMod:IllyaPoisonBomb+1","PrismaMod:IllyaCarnivalDefend","PrismaMod:IllyaCheapChannelDefend+1","PrismaMod:IllyaDualEvoke+1","Flash of Steel+1","PrismaMod:IllyaUncommonDefend+1","PrismaMod:IllyaRubysPotion","PrismaMod:IllyaBride+1","PrismaMod:IllyaSaphire+1","Deep Breath+1","PrismaMod:IllyaRussianRoulette+1","PrismaMod:IllyaSaphire+1","PrismaMod:IllyaUberChannel+1","PrismaMod:IllyaReinForce+1"],"relics":["PrismaMod:PrismaZwei","Bag of Preparation","Bottled Lightning","PreservedInsect","Nunchaku","Art of War","Pantograph","Orichalcum","Astrolabe","Dream Catcher","Gremlin Horn","Eternal Feather","Calipers","DollysMirror","FossilizedHelix","Bag of Marbles","Regal Pillow","Sundial","Lee\u0027s Waffle","Ornamental Fan"],"acts_visited":["Exordium","TheCity","TheBeyond","TheEnding"],"potions_floor_usage":[53,54,55,55,55,55],"damage_taken":[{"damage":0.0,"enemies":"2 Louse","floor":1.0,"turns":3.0},{"damage":0.0,"enemies":"Jaw Worm","floor":4.0,"turns":4.0},{"damage":9.0,"enemies":"Lagavulin","floor":6.0,"turns":8.0},{"damage":10.0,"enemies":"3 Sentries","floor":10.0,"turns":7.0},{"damage":9.0,"enemies":"3 Sentries","floor":12.0,"turns":5.0},{"damage":0.0,"enemies":"Lagavulin","floor":13.0,"turns":5.0},{"damage":1.0,"enemies":"Small Slimes","floor":14.0,"turns":4.0},{"damage":16.0,"enemies":"The Guardian","floor":16.0,"turns":10.0},{"damage":0.0,"enemies":"2 Thieves","floor":18.0,"turns":5.0},{"damage":0.0,"enemies":"3 Byrds","floor":19.0,"turns":3.0},{"damage":0.0,"enemies":"Snecko","floor":20.0,"turns":8.0},{"damage":0.0,"enemies":"Centurion and Healer","floor":21.0,"turns":9.0},{"damage":0.0,"enemies":"Snake Plant","floor":22.0,"turns":5.0},{"damage":8.0,"enemies":"Book of Stabbing","floor":23.0,"turns":8.0},{"damage":22.0,"enemies":"Gremlin Leader","floor":25.0,"turns":6.0},{"damage":9.0,"enemies":"Book of Stabbing","floor":27.0,"turns":6.0},{"damage":6.0,"enemies":"Cultist and Chosen","floor":28.0,"turns":6.0},{"damage":0.0,"enemies":"Champ","floor":33.0,"turns":19.0},{"damage":0.0,"enemies":"3 Darklings","floor":35.0,"turns":6.0},{"damage":0.0,"enemies":"3 Shapes","floor":37.0,"turns":5.0},{"damage":2.0,"enemies":"Mind Bloom Boss Battle","floor":39.0,"turns":8.0},{"damage":39.0,"enemies":"Reptomancer","floor":40.0,"turns":8.0},{"damage":0.0,"enemies":"Giant Head","floor":42.0,"turns":9.0},{"damage":0.0,"enemies":"Transient","floor":44.0,"turns":5.0},{"damage":11.0,"enemies":"Nemesis","floor":46.0,"turns":7.0},{"damage":0.0,"enemies":"Sphere and 2 Shapes","floor":47.0,"turns":3.0},{"damage":0,"enemies":"Writhing Mass","floor":48,"turns":6},{"damage":11,"enemies":"Time Eater","floor":50,"turns":16},{"damage":26,"enemies":"Shield and Spear","floor":54,"turns":7},{"damage":65,"enemies":"The Heart","floor":55,"turns":13}],"seed_played":"-7385087150451752174","potions_obtained":[{"floor":6.0,"key":"Fruit Juice"},{"floor":10.0,"key":"DistilledChaos"},{"floor":13.0,"key":"EntropicBrew"},{"floor":16.0,"key":"Explosive Potion"},{"floor":18.0,"key":"LiquidBronze"},{"floor":20.0,"key":"Swift Potion"},{"floor":25.0,"key":"Regen Potion"},{"floor":54,"key":"DistilledChaos"}],"is_trial":false,"path_per_floor":["M","?","$","M","T","E","R","$","T","E","T","?","E","M","R","B",null,"M","M","M","M","M","E","R","E","T","E","M","?","R","?","R","B",null,"M","$","M","?","?","E","R","E","T","M","?","E","M","M","R","B",null,"R","$","E","B",null],"character_chosen":"ILLYA","items_purchased":["PrismaMod:IllyaInstallAvenger","DollysMirror","Fruit Juice","Lee\u0027s Waffle","ColorlessPotion"],"campfire_rested":0,"item_purchase_floors":[3,36,53,53,53],"current_hp_per_floor":[54,54,54,54,54,45,45,45,45,35,35,26,28,27,27,36,75,75,75,75,75,75,67,67,50,50,46,45,45,57,57,69,80,80,80,80,80,80,80,46,61,66,66,66,66,60,65,70,80,69,80,80,92,66,46],"gold":154,"neow_bonus":"RANDOM_COLORLESS_2","is_daily":false,"chose_seed":false,"campfire_upgraded":7,"win_rate":0.0,"timestamp":1611930989,"path_taken":["M","?","$","M","?","E","R","$","T","E","?","?","E","M","R","BOSS","M","M","M","M","M","E","R","E","T","E","M","?","R","?","R","BOSS","M","$","M","?","?","E","R","E","T","M","?","E","?","M","R","BOSS","R","$","E","BOSS"],"items_purchased_type":["Card","Relic","Potion","Relic","Potion"],"build_version":"2020-12-22","purchased_purges":3,"victory":true,"max_hp_per_floor":[75,75,75,75,75,75,75,75,75,75,75,75,75,75,75,75,75,75,75,75,75,75,75,75,80,80,80,80,80,80,80,80,80,80,80,80,80,80,80,80,80,80,80,80,80,80,80,80,80,80,80,80,92,92,92],"card_choices":[{"not_picked":["Panache","Mayhem"],"picked":"Metamorphosis","floor":0.0},{"not_picked":["PrismaMod:IllyaDetonatingBlow","PrismaMod:IllyaCheapChannelAttack","PrismaMod:IllyaPoisonTippedWeapons"],"picked":"SKIP","floor":1.0},{"not_picked":["PrismaMod:IllyaPoisoningPhantasm","PrismaMod:IllyaRubysPotion"],"picked":"PrismaMod:IllyaCheapChannelPoison","floor":4.0},{"not_picked":["PrismaMod:IllyaEvokeAll","PrismaMod:IllyaMaid"],"picked":"PrismaMod:IllyaUncommonDefend","floor":6.0},{"not_picked":["PrismaMod:IllyaUncommonAOEAttack","PrismaMod:IllyaBride"],"picked":"PrismaMod:IllyaSaphire","floor":10.0},{"not_picked":["PrismaMod:IllyaBride","PrismaMod:IllyaCheapChannelAttack"],"picked":"PrismaMod:IllyaSaphire","floor":12.0},{"not_picked":["PrismaMod:IllyaGrailKun","PrismaMod:IllyaBerserCAR","PrismaMod:IllyaMinorZwei"],"picked":"SKIP","floor":13.0},{"not_picked":["PrismaMod:IllyaUpgradeOrbs","PrismaMod:IllyaCheapChannelPoison"],"picked":"PrismaMod:IllyaPoisonBomb","floor":14.0},{"not_picked":["PrismaMod:IllyaInstallSaber","PrismaMod:IllyaUberPoisonChannel"],"picked":"PrismaMod:IllyaCarnivalDefend","floor":16.0},{"not_picked":["PrismaMod:IllyaBlindPoisonToss","PrismaMod:IllyaTestament","PrismaMod:IllyaCheapDefend+1"],"picked":"SKIP","floor":18.0},{"not_picked":["PrismaMod:IllyaUncommonEvoke+1","PrismaMod:IllyaRapidFire","PrismaMod:IllyaGun"],"picked":"SKIP","floor":19.0},{"not_picked":["PrismaMod:IllyaUncommonEvoke+1","PrismaMod:IllyaRapidFire","PrismaMod:IllyaGun"],"picked":"SKIP","floor":19.0},{"not_picked":["PrismaMod:IllyaMaid+1","PrismaMod:IllyaReinForce","PrismaMod:IllyaBerserCAR+1"],"picked":"SKIP","floor":20.0},{"not_picked":["PrismaMod:IllyaTestament","PrismaMod:IllyaAOECommonAttack","PrismaMod:IllyaDetonatingBlow"],"picked":"SKIP","floor":21.0},{"not_picked":["PrismaMod:IllyaDetonatingBlow","PrismaMod:IllyaRubysPotion","PrismaMod:IllyaFriendMaker+1"],"picked":"SKIP","floor":22.0},{"not_picked":["PrismaMod:IllyaCarnivalAttack","PrismaMod:IllyaBlindPoisonToss"],"picked":"PrismaMod:IllyaUncommonDefend+1","floor":23.0},{"not_picked":["PrismaMod:IllyaDetonatingBlow","PrismaMod:IllyaZwei"],"picked":"PrismaMod:IllyaRubysPotion","floor":25.0},{"not_picked":["PrismaMod:IllyaBride","PrismaMod:IllyaDevil","PrismaMod:IllyaSaphire"],"picked":"SKIP","floor":27.0},{"not_picked":["PrismaMod:IllyaDevil","PrismaMod:IllyaSaphire"],"picked":"PrismaMod:IllyaBride","floor":27.0},{"not_picked":["PrismaMod:IllyaPoisonBomb","PrismaMod:IllyaUncommonAOEAttack+1","PrismaMod:IllyaBride"],"picked":"SKIP","floor":28.0},{"not_picked":["PrismaMod:IllyaBoysLove+1","PrismaMod:IllyaDevil+1","PrismaMod:IllyaGun+1"],"picked":"SKIP","floor":35.0},{"not_picked":["PrismaMod:IllyaMinorRapidFire+1","PrismaMod:IllyaStunPoison+1","PrismaMod:IllyaAOECommonAttack+1"],"picked":"SKIP","floor":37.0},{"not_picked":["Good Instincts","Blind"],"picked":"Deep Breath","floor":38.0},{"not_picked":["PrismaMod:IllyaRussianRoulette+1","PrismaMod:IllyaZwei","PrismaMod:IllyaUncommonDefend+1"],"picked":"SKIP","floor":40.0},{"not_picked":["PrismaMod:IllyaZwei","PrismaMod:IllyaUncommonDefend+1"],"picked":"PrismaMod:IllyaRussianRoulette+1","floor":40.0},{"not_picked":["PrismaMod:IllyaHassanGift","PrismaMod:IllyaGun+1","PrismaMod:IllyaCheapAttack+1"],"picked":"SKIP","floor":42.0},{"not_picked":["PrismaMod:IllyaFeed+1","PrismaMod:IllyaCheapChannelPoison+1"],"picked":"PrismaMod:IllyaSaphire+1","floor":44.0},{"not_picked":["PrismaMod:IllyaUncommonDefend","PrismaMod:IllyaUncommonAOEAttack"],"picked":"PrismaMod:IllyaUberChannel+1","floor":46.0},{"not_picked":["PrismaMod:IllyaCheapDefend","PrismaMod:IllyaDetonatingBlow+1","PrismaMod:IllyaUpgradeOrbs+1"],"picked":"SKIP","floor":47.0},{"not_picked":["PrismaMod:IllyaCarnivalDefend","PrismaMod:IllyaUpgradeOrbs+1","PrismaMod:IllyaBoysLove"],"picked":"SKIP","floor":48},{"not_picked":["PrismaMod:IllyaPartialInstallAssassin","PrismaMod:IllyaBerserCAR+1"],"picked":"PrismaMod:IllyaReinForce+1","floor":54}],"player_experience":515687,"relics_obtained":[{"floor":5.0,"key":"Bag of Preparation"},{"floor":6.0,"key":"Bottled Lightning"},{"floor":9.0,"key":"PreservedInsect"},{"floor":10.0,"key":"Nunchaku"},{"floor":11.0,"key":"Art of War"},{"floor":13.0,"key":"Orichalcum"},{"floor":23.0,"key":"Dream Catcher"},{"floor":25.0,"key":"Gremlin Horn"},{"floor":27.0,"key":"Eternal Feather"},{"floor":39.0,"key":"FossilizedHelix"},{"floor":40.0,"key":"Bag of Marbles"},{"floor":42.0,"key":"Regal Pillow"},{"floor":46.0,"key":"Sundial"},{"floor":54,"key":"Ornamental Fan"}],"event_choices":[{"damage_healed":0.0,"max_hp_gain":0.0,"max_hp_loss":0.0,"gold_gain":0.0,"event_name":"Living Wall","player_choice":"Grow","floor":2.0,"gold_loss":0.0,"damage_taken":0.0,"cards_upgraded":["Metamorphosis"]},{"damage_healed":0.0,"max_hp_gain":0.0,"max_hp_loss":0.0,"gold_gain":0.0,"event_name":"Dead Adventurer","player_choice":"Searched \u00272\u0027 times","floor":12.0,"gold_loss":0.0,"damage_taken":0.0,"relics_obtained":["Pantograph"]},{"damage_healed":0.0,"max_hp_gain":0.0,"max_hp_loss":0.0,"gold_gain":0.0,"event_name":"Addict","player_choice":"Stole Relic","floor":29.0,"gold_loss":0.0,"damage_taken":0.0,"relics_obtained":["Calipers"],"cards_obtained":["Shame"]},{"damage_healed":0.0,"max_hp_gain":0.0,"max_hp_loss":0.0,"gold_gain":0.0,"event_name":"Vampires","player_choice":"Ignored","floor":31.0,"gold_loss":0.0,"damage_taken":0.0},{"damage_healed":0.0,"max_hp_gain":0.0,"max_hp_loss":0.0,"gold_gain":0.0,"event_name":"SensoryStone","player_choice":"Memory 1","floor":38.0,"gold_loss":0.0,"damage_taken":0.0},{"damage_healed":0.0,"max_hp_gain":0.0,"max_hp_loss":0.0,"gold_gain":0.0,"event_name":"MindBloom","player_choice":"Fight","floor":39.0,"gold_loss":0.0,"damage_taken":0.0},{"damage_healed":0.0,"max_hp_gain":0.0,"max_hp_loss":0.0,"gold_gain":0.0,"event_name":"Accursed Blacksmith","player_choice":"Forge","floor":45.0,"gold_loss":0.0,"damage_taken":0.0,"cards_upgraded":["Deep Breath"]}],"is_beta":false,"boss_relics":[{"not_picked":["Busted Crown","Pandora\u0027s Box"],"picked":"Astrolabe"},{"not_picked":["Tiny House","Philosopher\u0027s Stone"],"picked":"PrismaMod:PrismaZwei"}],"items_purged_floors":[8,36,53],"is_endless":false,"potions_floor_spawned":[6,10,13,16,18,19,20,25,27,37,39,46,54],"ascension_level":1}}