{"host":"j0rajrfs2q3wozdq","time":1611929383,"event":{"mods":["BaseMod","Colored Powertips","HololiveMod","Koishi","Lobotomy","LobotomyExtend","Minty Spire (QoL Compilation)","Prisma Mod","Quick Restart","Remilia¡]Á¢¦Ì²ú?¡^","Replay The Spire","Shop Mod","StSLib","The Alterego","WarShipGirlsR/??¤Ö¤kR mod","Yakumo Yukari mod","Youmu¡]»î¾z§¯?¡^"],"gold_per_floor":[115,115,126,139,155,155,230,240,240,253,253,281,281,298,298,401,401,418,438,438,453,453,453],"floor_reached":22,"language":"ZHS","playtime":2107,"items_purged":[],"score":190,"play_id":"1a6d6ff0-0488-4ed3-bfca-507a601d7f78","local_time":"20210129220943","is_ascension_mode":false,"campfire_choices":[{"data":"PrismaMod:ChloeCaladbolg","floor":6,"key":"SMITH"},{"data":"PrismaMod:ChloeRhongomyniad","floor":11,"key":"SMITH"},{"data":"PrismaMod:ChloeCommonAttack","floor":15,"key":"PURGE"}],"circlet_count":0,"master_deck":["PrismaMod:ChloeCommonAttack","PrismaMod:ChloeCommonAttack","PrismaMod:ChloeCommonDefend","PrismaMod:ChloeCommonDefend","PrismaMod:ChloeCommonDefend","PrismaMod:ChloeCommonDefend","PrismaMod:ChloeCheapAttack","PrismaMod:ChloeCheapDefend","MHz","PrismaMod:ChloeCheapAttackTwo","PrismaMod:ChloeCheapAttackTwo","Bloodbath","PrismaMod:ChloeCaladbolg+1","PrismaMod:ChloeExhaustOne","PrismaMod:ChloeRhongomyniad+1","PrismaMod:ChloeRhongomyniad","Wellcheers","PrismaMod:ChloeCarnivalDefend","PrismaMod:ChloeDiscardRecovery","PrismaMod:ChloeGaeBolg","PrismaMod:ChloeMaid"],"relics":["PrismaMod:PrismaTraceOn","CogitoBucket","Ornamental Fan","Orichalcum","Empty Cage"],"acts_visited":["Exordium","TheCity"],"potions_floor_usage":[16,19],"damage_taken":[{"damage":0,"enemies":"Jaw Worm","floor":1,"turns":4},{"damage":0,"enemies":"2 Louse","floor":3,"turns":2},{"damage":0,"enemies":"Small Slimes","floor":4,"turns":3},{"damage":7,"enemies":"2 Fungi Beasts","floor":5,"turns":3},{"damage":3,"enemies":"Blue Slaver","floor":8,"turns":4},{"damage":6,"enemies":"Lots of Slimes","floor":10,"turns":3},{"damage":6,"enemies":"Lagavulin","floor":12,"turns":5},{"damage":0,"enemies":"2 Fungi Beasts","floor":14,"turns":1},{"damage":33,"enemies":"The Guardian","floor":16,"turns":6},{"damage":0,"enemies":"3 Byrds","floor":18,"turns":5},{"damage":52,"enemies":"Chosen","floor":19,"turns":11},{"damage":12,"enemies":"Snake Plant","floor":21,"turns":7},{"damage":11,"enemies":"Centurion and Healer","floor":22,"turns":1}],"seed_played":"3823013345526081358","potions_obtained":[{"floor":3,"key":"AttackPotion"},{"floor":4,"key":"Death Potion"},{"floor":5,"key":"Swift Potion"},{"floor":10,"key":"DuplicationPotion"},{"floor":19,"key":"BlessingOfTheForge"},{"floor":21,"key":"CultistPotion"}],"is_trial":false,"path_per_floor":["M","?","M","M","M","R","?","M","T","M","R","E","?","M","R","B",null,"M","M","?","M","M"],"character_chosen":"CHLOE","items_purchased":[],"campfire_rested":0,"item_purchase_floors":[],"current_hp_per_floor":[75,75,75,75,68,68,57,55,55,50,50,46,71,71,71,40,75,75,30,16,8,0,0],"gold":453,"neow_bonus":"","is_daily":false,"chose_seed":false,"campfire_upgraded":2,"win_rate":0.0,"timestamp":1611929383,"path_taken":["M","?","M","M","M","R","?","M","T","M","R","E","?","M","R","BOSS","M","M","?","M","M"],"items_purchased_type":[],"build_version":"2020-12-22","purchased_purges":0,"victory":false,"max_hp_per_floor":[75,75,75,75,75,75,75,75,75,75,75,75,75,75,75,75,75,75,75,80,80,80,80],"card_choices":[{"not_picked":["FairyFestival","BeautyBeast"],"picked":"MHz","floor":1},{"not_picked":["PrismaMod:ChloeExhaustOne","PrismaMod:ChloeUncommonDefend"],"picked":"PrismaMod:ChloeCheapAttackTwo","floor":1},{"not_picked":["ShyLook","Scarecrow","PunishingBird"],"picked":"Singing Bowl","floor":3},{"not_picked":["PrismaMod:ChloeUncommonAOEAttack","PrismaMod:ChloeDemonicTutor"],"picked":"PrismaMod:ChloeCheapAttackTwo","floor":3},{"not_picked":["SpiderBud","FairyFestival"],"picked":"Bloodbath","floor":4},{"not_picked":["PrismaMod:ChloeCheapDefendTwo","PrismaMod:ChloeCommonAOEAttack"],"picked":"PrismaMod:ChloeCaladbolg","floor":4},{"not_picked":["Woodsman","DespairKnight","OSAHOGD"],"picked":"Singing Bowl","floor":5},{"not_picked":["PrismaMod:ChloeCheapAttack","PrismaMod:ChloeRitsuka"],"picked":"PrismaMod:ChloeExhaustOne","floor":5},{"not_picked":["FairyFestival","CrumblingArmor","QueenBee"],"picked":"Singing Bowl","floor":8},{"not_picked":["PrismaMod:ChloeExhaustTwo","PrismaMod:ChloeCheapDefendTwo"],"picked":"PrismaMod:ChloeRhongomyniad","floor":8},{"not_picked":["Variant","MeltingLove","QueenOfHatred"],"picked":"Singing Bowl","floor":10},{"not_picked":["PrismaMod:ChloeExhaustTwo","PrismaMod:ChloeDemonicTutor","PrismaMod:ChloeExhaustOne"],"picked":"SKIP","floor":10},{"not_picked":["CrumblingArmor","UniverseFragment","SnowQueen"],"picked":"Singing Bowl","floor":12},{"not_picked":["PrismaMod:ChloeCheapAttack","PrismaMod:ChloeHalloween","PrismaMod:ChloeRitsuka"],"picked":"SKIP","floor":12},{"not_picked":["Yin","SingingMachine","HeroicMonk"],"picked":"Singing Bowl","floor":14},{"not_picked":["PrismaMod:ChloeCheapDefendTwo","PrismaMod:ChloeCommonAOEAttack"],"picked":"PrismaMod:ChloeRhongomyniad","floor":14},{"not_picked":["VoidDream","CherryBlossoms"],"picked":"Wellcheers","floor":16},{"not_picked":["PrismaMod:ChloeAnyAttackTrace","PrismaMod:ChloeCarnivalAttack"],"picked":"PrismaMod:ChloeCarnivalDefend","floor":16},{"not_picked":["SingingMachine","LaLuna","MeatLantern"],"picked":"Singing Bowl","floor":18},{"not_picked":["PrismaMod:ChloeCheapDefend","PrismaMod:ChloeCommonAOEAttack"],"picked":"PrismaMod:ChloeDiscardRecovery","floor":18},{"not_picked":["Woodsman","WhitesApple","DreamingCurrent"],"picked":"Singing Bowl","floor":19},{"not_picked":["PrismaMod:ChloeExhaustTwo","PrismaMod:ChloeUncommonAOEAttack"],"picked":"PrismaMod:ChloeGaeBolg","floor":19},{"not_picked":["MeatLantern","Murderer","OSAHOGD"],"picked":"Singing Bowl","floor":21},{"not_picked":["PrismaMod:ChloeExhaustOne","PrismaMod:ChloeDiscardRecovery"],"picked":"PrismaMod:ChloeMaid","floor":21}],"player_experience":42495,"relics_obtained":[{"floor":9,"key":"Ornamental Fan"},{"floor":12,"key":"Orichalcum"}],"event_choices":[{"damage_healed":0,"gold_gain":75,"player_choice":"Gather Gold","damage_taken":11,"max_hp_gain":0,"max_hp_loss":0,"event_name":"World of Goop","floor":7,"gold_loss":0},{"damage_healed":25,"gold_gain":0,"player_choice":"Banana","damage_taken":0,"max_hp_gain":0,"max_hp_loss":0,"event_name":"Big Fish","floor":13,"gold_loss":0},{"damage_healed":0,"gold_gain":0,"player_choice":"Shed Blood","damage_taken":19,"max_hp_gain":5,"max_hp_loss":0,"event_name":"Forgotten Altar","floor":20,"gold_loss":0}],"is_beta":false,"boss_relics":[{"not_picked":["Replay:Drink Me","Honey Jar"],"picked":"Empty Cage"}],"items_purged_floors":[],"is_endless":false,"potions_floor_spawned":[3,4,5,10,18,19,21],"killed_by":"Centurion and Healer","ascension_level":0}}