{"host":"6r9t33axn0fzb9aq","time":1611950059,"event":{"mods":["Aspiration","BaseMod","Better Altar","Better Match","Better Note","Better Third Choice","CatGirl Mod","Clockwork Mod","Colored Map","Colored Powertips","Conspire","Curses Come First","Custom Start","Energized Spire","Halation","Hubris","Infinite Spire","Koishi","Marisa????????","Minty Spire (QoL Compilation)","Onozuka Komachi Mod","Poor People Problems","Reliquary","Remilia??????","Replay The Spire","Reworked Bosses","Shade Mod","Spicy Shops","Spire Arcade","StSLib","The Blue Laboratory","The Cursed","The Death Knight","The Hierophant","The Marked","The Necromancer","The Servant 0.9.4","TheHero","Trackpad","Waifu the Spire","Wandering Minibosses"],"gold_per_floor":[112,112,179,179,195,228,254,254,334,8,8,38,38,38,38,140,140,158,176,91,91,16,45,45,61,61,86,86,86,103,114,114,210,210,210,210],"floor_reached":35,"language":"ENG","playtime":4331,"items_purged":["Voices","Strike_W"],"score":498,"play_id":"36ab3e82-b7e8-4eaf-aa11-727e831fac05","local_time":"20210129195419","is_ascension_mode":true,"campfire_choices":[{"floor":8,"key":"RECALL"},{"data":"Summon_Undead_Army","floor":11,"key":"SMITH"},{"floor":15,"key":"REST"},{"data":"Toxic_Smoke_Screen","floor":24,"key":"SMITH"},{"floor":28,"key":"REST"},{"data":"infinitespire:DeathsTouch","floor":32,"key":"SMITH"}],"circlet_count":0,"master_deck":["Strike_W","Strike_W","Defend_W","Defend_W","Defend_W","Defend_W","Negative_Energy_Arrows","Bone_Wall","Summon_Undead_Army+1","Bone_Armor","Toxic_Smoke_Screen+1","Bone_Bullets+1","Whirlwind_of_Bones+1","Acid_Javelin","Skeleton_Dragon+1","Bone_Spikes+1","Summon_Undead+1","Summon_Lich+1","infinitespire:Starlight","hubris:Despair","Summon_Death_Knight+1","Specialist","infinitespire:DeathsTouch+1","Bone_Shift+1","Scare","Skeleton_Dragon+1"],"relics":["Vampire_Amulet","NeowsBlessing","infinitespire:PuzzleCube","CaptainsWheel","reliquary:Firecrackers","Golden Egg","trackpad:AdjectivePendant","ReplayTheSpireMod:Ring of Exchange","hubris:HollowSoul","trackpad:IceCube","Iron Hammer","Eternal Feather","Incense Burner","Juzu Bracelet","ReplayTheSpireMod:SealedPack","Sling"],"acts_visited":["Exordium","TheCity","TheBeyond"],"potions_floor_usage":[12,16,16,16,30,33],"damage_taken":[{"damage":0,"enemies":"Jaw Worm","floor":1,"turns":1},{"damage":0,"enemies":"2 Louse","floor":5,"turns":1},{"damage":0,"enemies":"Lagavulin","floor":6,"turns":1},{"damage":25,"enemies":"Gremlin Nob","floor":12,"turns":6},{"damage":0,"enemies":"Slime Boss","floor":16,"turns":10},{"damage":4,"enemies":"Shell Parasite","floor":18,"turns":7},{"damage":6,"enemies":"Chosen","floor":19,"turns":6},{"damage":5,"enemies":"conspire:Head Lice","floor":23,"turns":8},{"damage":5,"enemies":"Centurion and Healer","floor":25,"turns":8},{"damage":56,"enemies":"Slavers","floor":27,"turns":8},{"damage":1,"enemies":"Chosen and Byrds","floor":30,"turns":5},{"damage":0,"enemies":"Snecko","floor":31,"turns":4},{"damage":12,"enemies":"bossMod:newChamp","floor":33,"turns":11},{"damage":0,"enemies":"3 Darklings","floor":35,"turns":1}],"seed_played":"-7103004433252249812","potions_obtained":[{"floor":1,"key":"DeathKnight:RimePotion"},{"floor":3,"key":"blueLaboratory:BottledHope"},{"floor":3,"key":"GamblersBrew"},{"floor":6,"key":"SneckoOil"},{"floor":12,"key":"blueLaboratory:LouseDecoction"},{"floor":23,"key":"SpeedPotion"},{"floor":30,"key":"Swift Potion"},{"floor":31,"key":"Languid Potion"},{"floor":33,"key":"blueLaboratory:TrueEctoplasm"}],"is_trial":false,"path_per_floor":["M","?","?","?","M","E","T","R","T","$","R","E","?","$","R","B",null,"M","M","?","?","$","E","R","M","T","E","R","AVR","M","M","R","B",null,"M"],"character_chosen":"NECROMANCER","items_purchased":["Golden Egg","Whirlwind_of_Bones"],"campfire_rested":2,"item_purchase_floors":[10,10],"current_hp_per_floor":[75,75,45,45,49,51,51,51,51,51,51,28,28,28,50,58,75,73,69,69,69,69,75,75,75,75,37,68,68,75,75,75,75,75,75,75],"gold":210,"neow_bonus":"THREE_ENEMY_KILL","is_daily":false,"chose_seed":false,"campfire_upgraded":3,"win_rate":0.0,"timestamp":1611950059,"path_taken":["M","?","?","?","M","E","?","R","T","?","R","E","?","$","R","BOSS","M","M","?","?","$","E","R","?","T","E","R","AVR","M","M","R","BOSS","M"],"items_purchased_type":["Relic","Card"],"build_version":"2020-12-22","purchased_purges":2,"victory":false,"max_hp_per_floor":[75,75,75,75,75,75,75,75,75,75,75,75,75,75,75,75,75,75,75,75,75,75,75,75,75,75,75,75,75,75,75,75,75,75,75,75],"card_choices":[{"not_picked":["Plague_Bolt","Spectral_Armor"],"picked":"Summon_Undead_Army","floor":1},{"not_picked":["Shackles_Of_Pain","Death_Coil"],"picked":"Toxic_Smoke_Screen","floor":3},{"not_picked":["Death_Coil","Negative_Energy_Burst"],"picked":"Bone_Bullets","floor":5},{"not_picked":["Finger_Of_Death","Siphon_Strength","Blood_Is_Power"],"picked":"SKIP","floor":6},{"not_picked":["Blood_Whip","Necromantic_Selection"],"picked":"Acid_Javelin","floor":12},{"not_picked":["Negative_Energy_Bomb","Summon_Death_Knight"],"picked":"Skeleton_Dragon","floor":16},{"not_picked":["Exploit","Negative_Energy_Sphere"],"picked":"Bone_Spikes+1","floor":18},{"not_picked":["Shackles_Of_Pain","Exploit","Bone_Spikes"],"picked":"SKIP","floor":19},{"not_picked":["Finger_Of_Death","Negative_Energy_Shield"],"picked":"Summon_Undead+1","floor":23},{"not_picked":["Death_Coil","Negative_Energy_Sphere","Violent_Necrosis+1"],"picked":"SKIP","floor":25},{"not_picked":["Summon_Vampire_Lady","Plague_Bolt"],"picked":"Summon_Lich+1","floor":27},{"not_picked":["Negative_Energy_Bomb","Detonate_Bones"],"picked":"Summon_Death_Knight","floor":29},{"not_picked":["Dramatic Entrance","conspire:Banana"],"picked":"Specialist","floor":29},{"not_picked":["ReplayTheSpireMod:Haul","ReplayTheSpireMod:Black Plague"],"picked":"infinitespire:DeathsTouch","floor":29},{"not_picked":["Summon_Vampire_Lady","Consume_Illness+1"],"picked":"Bone_Shift+1","floor":30},{"not_picked":["Thousand_Bone_Knives+1","Consume_Illness"],"picked":"Scare","floor":31},{"not_picked":["Reap_The_Weak","Requiem"],"picked":"Skeleton_Dragon","floor":33}],"player_experience":434957,"relics_obtained":[{"floor":3,"key":"infinitespire:PuzzleCube"},{"floor":6,"key":"CaptainsWheel"},{"floor":9,"key":"reliquary:Firecrackers"},{"floor":12,"key":"trackpad:AdjectivePendant"},{"floor":13,"key":"ReplayTheSpireMod:Ring of Exchange"},{"floor":23,"key":"Iron Hammer"},{"floor":26,"key":"Eternal Feather"},{"floor":27,"key":"Incense Burner"}],"event_choices":[{"damage_healed":0,"gold_gain":0,"cards_transformed":["Strike_W"],"player_choice":"Change","damage_taken":0,"max_hp_gain":0,"max_hp_loss":0,"event_name":"Living Wall","floor":2,"gold_loss":0,"cards_obtained":["Bone_Armor"]},{"damage_healed":0,"gold_gain":0,"player_choice":"Disagree","damage_taken":0,"max_hp_gain":0,"max_hp_loss":0,"event_name":"conspire:LoneGhost","floor":4,"gold_loss":0},{"damage_healed":0,"gold_gain":0,"player_choice":"Obtained Relic","damage_taken":0,"relics_obtained":["trackpad:IceCube"],"max_hp_gain":0,"max_hp_loss":0,"event_name":"Addict","floor":20,"gold_loss":85},{"damage_healed":0,"gold_gain":0,"player_choice":"Upgraded","damage_taken":0,"max_hp_gain":0,"max_hp_loss":0,"event_name":"Upgrade Shrine","floor":21,"gold_loss":0,"cards_upgraded":["Bone_Bullets"]}],"is_beta":false,"boss_relics":[{"not_picked":["Runic Pyramid","trackpad:StolenKidneys"],"picked":"hubris:HollowSoul"},{"not_picked":["Replay:Wanted Poster","energizedSpire:StickyHand"],"picked":"Sling"}],"items_purged_floors":[22,29],"is_endless":false,"potions_floor_spawned":[1,6,12,23,30,31,33],"killed_by":"3 Darklings","ascension_level":1}}