{"host":"i0dcpa89fcfo7o2v","time":1611923189,"event":{"mods":["2.2 Compatiblity","AchievementEnabler","Alarm Clock","AlwaysNeverKeys","BaseMod","Better Altar","Better Match","Better Note","Better Sensory Stone","Better Skull","Better Third Choice","Better Vampires","BetterRewards","Block Reminder","Colored Map","Colored Powertips","Conspire","Curses Come First","Defuse TimeMaze Blight","Displayed Cursed Tome","Downfall","Energized Spire","Gold Saver","Halation","Highlight Path","Hubris","Minty Spire (QoL Compilation)","Quick Restart","Relic Stats","Replay The Spire","Shop Mod","Spicy Shops","StSLib","Synergy Search","The Jungle","Transform Curses","Uncapped","Wandering Minibosses"],"gold_per_floor":[919,930,945,239,257,282,306,306,320,355,365,378,441,441,459,556,556,556,569,585,29,40,74,74,74,74,74,90,5,5,22,35,131,131,131,142,160,160,177,177,230,263,280,297,297,310,310,327,346,346,346,380,7,7,7,7,7,7],"floor_reached":56,"language":"ENG","playtime":3946,"items_purged":["bronze:Strike","downfall:Bewildered"],"score":742,"play_id":"ca5629bc-c94b-4d03-804d-41fcb6c2c539","local_time":"20210129132629","is_ascension_mode":false,"campfire_choices":[{"data":"bronze:Replicate","floor":1.0,"key":"SMITH"},{"data":"Apotheosis","floor":8.0,"key":"SMITH"},{"data":"bronze:TinkerersToolbox","floor":26.0,"key":"SMITH"},{"data":"bronze:Flail","floor":30.0,"key":"SMITH"},{"data":"bronze:CleanCode","floor":35.0,"key":"SMITH"},{"data":"bronze:WhirlingStrike","floor":40.0,"key":"SMITH"},{"data":"bronze:BronzeOrb","floor":47.0,"key":"SMITH"},{"floor":54.0,"key":"REST"}],"circlet_count":0,"master_deck":["bronze:Defend","bronze:Replicate+1","bronze:Goto","bronze:Iterate","bronze:Branch","Apotheosis+1","bronze:DelayedSlice+1","bronze:Flail+1","bronze:ChildClass+1","bronze:Frontload","bronze:Fortify+1","bronze:TinkerersToolbox+1","bronze:MaxOutput","bronze:FunctionCard","bronze:InfiniteBeams","bronze:Deprecate","bronze:WhirlingStrike","bronze:ForceShield","bronze:WhirlingStrike+1","bronze:Overheat+1","bronze:ItsAFeature","bronze:CleanCode+1","Clumsy","bronze:ForLoop+1","bronze:Invalidate+1","bronze:FineTuning+1","bronze:BronzeOrb+1","bronze:Turbo+1","bronze:NullPointer+1","bronze:BurnOut"],"relics":["bronze:BronzeCore","downfall:HeartBlessingRed","downfall:HeartBlessingGreen","downfall:HeartBlessingBlue","ReplayTheSpireMod:Lightbulb","Oddly Smooth Stone","hubris:CuriousFeather","Replay:Rubber Ducky","bronze:BronzeIdol","Replay:Kaleidoscope","sneckomod:BabySnecko","Akabeko","hexamod:CandleOfCauterizing","Replay:Bottled Steam","MerchantsRug","Replay:Baseball","Gremlin Food","expansioncontent:StudyCardRelic","ReplayTheSpireMod:TigerMarble","hubris:Icosahedron","Chameleon Ring","Whetstone","Toy Ornithopter","ReplayTheSpireMod:Shallot"],"acts_visited":["Exordium","TheCity","TheBeyond","TheEnding"],"potions_floor_usage":[56],"damage_taken":[{"damage":0.0,"enemies":"Cultist","floor":2.0,"turns":3.0},{"damage":0.0,"enemies":"Small Slimes","floor":3.0,"turns":2.0},{"damage":0.0,"enemies":"downfall:FleeingMerchant","floor":4.0,"turns":4.0},{"damage":6.0,"enemies":"2 Louse","floor":5.0,"turns":2.0},{"damage":3.0,"enemies":"3 Sentries","floor":6.0,"turns":4.0},{"damage":0.0,"enemies":"2 Fungi Beasts","floor":9.0,"turns":1.0},{"damage":16.0,"enemies":"Gremlin Nob","floor":10.0,"turns":3.0},{"damage":0.0,"enemies":"Blue Slaver","floor":11.0,"turns":3.0},{"damage":0.0,"enemies":"Red Slaver","floor":12.0,"turns":2.0},{"damage":0.0,"enemies":"Gremlin Nob","floor":13.0,"turns":3.0},{"damage":2.0,"enemies":"Lots of Slimes","floor":15.0,"turns":3.0},{"damage":22.0,"enemies":"WA_ARCHETYPE_RETAIN","floor":16.0,"turns":7.0},{"damage":10.0,"enemies":"Shell Parasite","floor":19.0,"turns":2.0},{"damage":1.0,"enemies":"Chosen","floor":20.0,"turns":4.0},{"damage":0.0,"enemies":"downfall:FleeingMerchant","floor":21.0,"turns":4.0},{"damage":13.0,"enemies":"Centurion and Healer","floor":22.0,"turns":4.0},{"damage":20.0,"enemies":"Gremlin Leader","floor":23.0,"turns":5.0},{"damage":24.0,"enemies":"Cultist and Chosen","floor":28.0,"turns":4.0},{"damage":12.0,"enemies":"downfall:FleeingMerchant","floor":29.0,"turns":3.0},{"damage":0.0,"enemies":"Snake Plant","floor":31.0,"turns":3.0},{"damage":12.0,"enemies":"Centurion and Healer","floor":32.0,"turns":2.0},{"damage":39.0,"enemies":"DF_ARCHETYPE_CLAW","floor":33.0,"turns":6.0},{"damage":0.0,"enemies":"3 Darklings","floor":36.0,"turns":2.0},{"damage":0.0,"enemies":"Orb Walker","floor":37.0,"turns":3.0},{"damage":18.0,"enemies":"Maw","floor":39.0,"turns":5.0},{"damage":0.0,"enemies":"R_Hoarder","floor":42.0,"turns":6.0},{"damage":3.0,"enemies":"Sphere and 2 Shapes","floor":43.0,"turns":2.0},{"damage":22.0,"enemies":"4 Shapes","floor":44.0,"turns":4.0},{"damage":0.0,"enemies":"3 Darklings","floor":46.0,"turns":2.0},{"damage":9.0,"enemies":"Transient","floor":48.0,"turns":5.0},{"damage":0.0,"enemies":"Jaw Worm Horde","floor":49.0,"turns":1.0},{"damage":11.0,"enemies":"IC_BLOCK_ARCHETYPE","floor":50.0,"turns":7.0},{"damage":43.0,"enemies":"downfall:CharBossMerchant","floor":52.0,"turns":8.0},{"damage":30.0,"enemies":"downfall:NeowBoss","floor":55.0,"turns":9.0},{"damage":37,"enemies":"downfall:NeowBossFinal","floor":56,"turns":3}],"seed_played":"1831213365166021309","potions_obtained":[{"floor":3.0,"key":"bronze:FreeFunctionsPotion"},{"floor":5.0,"key":"Explosive Potion"},{"floor":10.0,"key":"FearPotion"},{"floor":11.0,"key":"bronze:FreeFunctionsPotion"},{"floor":32.0,"key":"SteroidPotion"},{"floor":36.0,"key":"Death Potion"},{"floor":43.0,"key":"DuplicationPotion"},{"floor":48.0,"key":"Guardian:BlockOnCardUsePotion"},{"floor":49.0,"key":"sneckomod:MuddlingPotion"},{"floor":52.0,"key":"SpeedPotion"}],"is_trial":false,"path_per_floor":["R","M","M","$","M","E","T","R","M","E","M","M","?","?","M","B",null,"R_BF","M","M","$","M","E","T","?","R","?","M","$","R","M","M","B",null,"R","M","M","?","M","R","T","E","M","M","?","M","R","M","M","B",null,"E","$","R","B","B"],"character_chosen":"THE_AUTOMATON","items_purchased":["Apotheosis","bronze:DelayedSlice","halation:LostSnail","ReplayTheSpireMod:Lightbulb","expansioncontent:AwakenDeath","White Beast Statue","Akabeko","bronze:WhirlingStrike","halation:Thesaurus","MerchantsRug","Replay:Baseball","Gremlin Food","Whetstone","Toy Ornithopter","Energy Potion","ReplayTheSpireMod:Shallot"],"campfire_rested":1,"item_purchase_floors":[4,4,4,4,4,21,21,21,29,29,29,29,53,53,53,53],"current_hp_per_floor":[87,87,87,87,81,88,88,88,88,72,72,72,72,51,49,27,97,97,87,86,86,73,53,53,97,97,97,73,61,61,61,49,10,73,73,73,73,73,55,55,55,55,52,30,30,30,30,21,21,10,73,30,30,51,31,0,0,0],"gold":7,"neow_bonus":"TEN_PERCENT_HP_BONUS","is_daily":false,"chose_seed":false,"campfire_upgraded":7,"win_rate":0.0,"timestamp":1611923189,"path_taken":["R","M","M","$","?","E","T","R","M","E","M","M","?","?","M","BOSS","R_BF","M","M","$","M","E","T","?","R","?","M","$","R","M","M","BOSS","R","M","?","?","?","R","T","E","M","M","?","M","R","M","M","BOSS","E","$","R","BOSS","BOSS"],"items_purchased_type":["Card","Card","Relic","Relic","Card","Relic","Relic","Card","Relic","Relic","Relic","Relic","Relic","Relic","Potion","Relic"],"build_version":"2020-12-22","purchased_purges":2,"victory":false,"max_hp_per_floor":[87,87,87,87,87,97,97,97,97,97,97,97,97,97,97,97,97,97,97,97,97,97,97,97,97,97,97,97,73,73,73,73,73,73,73,73,73,73,73,73,73,73,73,73,73,73,73,73,73,73,73,73,73,73,73,73,73,73],"relic_stats":{"counters":[35,131],"Whetstone":["bronze:DelayedSlice","bronze:Fortify"],"obtain_stats":[{"bronze:BronzeCore":0,"downfall:HeartBlessingGreen":1,"Blue Doll":41,"expansioncontent:StudyCardRelic":34,"Whetstone":53,"Replay:Rubber Ducky":13,"Matryoshka":23,"hubris:Icosahedron":45,"Chameleon Ring":52,"downfall:HeartBlessingBlue":1,"hubris:CuriousFeather":10,"Replay:Drink Me":29,"Replay:Bottled Steam":24,"Gremlin Food":29,"MerchantsRug":29,"hexamod:CandleOfCauterizing":24,"Pear":6,"downfall:HeartBlessingRed":1,"Oddly Smooth Stone":7,"Replay:Kaleidoscope":14,"halation:Thesaurus":29,"White Beast Statue":21,"Akabeko":21,"bronze:BronzeIdol":14,"halation:LoveArrow":17,"sneckomod:BabySnecko":18,"Replay:Baseball":29,"ReplayTheSpireMod:Shallot":53,"hubris:TenFootPole":41,"ReplayTheSpireMod:TigerMarble":42,"halation:LostSnail":4,"ReplayTheSpireMod:Lightbulb":4,"Toy Ornithopter":53},{"bronze:BronzeCore":0,"downfall:HeartBlessingGreen":0,"Blue Doll":25,"expansioncontent:StudyCardRelic":22,"Whetstone":33,"Replay:Rubber Ducky":10,"Matryoshka":17,"hubris:Icosahedron":28,"Chameleon Ring":33,"downfall:HeartBlessingBlue":0,"hubris:CuriousFeather":7,"Replay:Drink Me":19,"Replay:Bottled Steam":17,"Gremlin Food":19,"MerchantsRug":19,"hexamod:CandleOfCauterizing":17,"Pear":5,"downfall:HeartBlessingRed":0,"Oddly Smooth Stone":5,"Replay:Kaleidoscope":10,"halation:Thesaurus":19,"White Beast Statue":15,"Akabeko":15,"bronze:BronzeIdol":10,"halation:LoveArrow":12,"sneckomod:BabySnecko":12,"Replay:Baseball":19,"ReplayTheSpireMod:Shallot":33,"hubris:TenFootPole":25,"ReplayTheSpireMod:TigerMarble":26,"halation:LostSnail":3,"ReplayTheSpireMod:Lightbulb":3,"Toy Ornithopter":33},{"bronze:BronzeCore":0,"downfall:HeartBlessingGreen":0,"Blue Doll":84,"expansioncontent:StudyCardRelic":74,"Whetstone":119,"Replay:Rubber Ducky":27,"Matryoshka":56,"hubris:Icosahedron":96,"Chameleon Ring":119,"downfall:HeartBlessingBlue":0,"hubris:CuriousFeather":19,"Replay:Drink Me":63,"Replay:Bottled Steam":56,"Gremlin Food":63,"MerchantsRug":63,"hexamod:CandleOfCauterizing":56,"Pear":15,"downfall:HeartBlessingRed":0,"Oddly Smooth Stone":15,"Replay:Kaleidoscope":27,"halation:Thesaurus":63,"White Beast Statue":47,"Akabeko":47,"bronze:BronzeIdol":27,"halation:LoveArrow":37,"sneckomod:BabySnecko":37,"Replay:Baseball":63,"ReplayTheSpireMod:Shallot":119,"hubris:TenFootPole":84,"ReplayTheSpireMod:TigerMarble":90,"halation:LostSnail":9,"ReplayTheSpireMod:Lightbulb":9,"Toy Ornithopter":119}],"Toy Ornithopter":15},"card_choices":[{"not_picked":["bronze:BitShift","bronze:Turbo"],"picked":"bronze:WhirlingStrike","floor":2.0},{"not_picked":["bronze:DigitalCarnage","bronze:FollowUp"],"picked":"bronze:Iterate","floor":3.0},{"not_picked":["bronze:DarkDash","bronze:ForLoop"],"picked":"bronze:Branch","floor":4.0},{"not_picked":["bronze:BitShift","bronze:Overheat","bronze:BuggyMess"],"picked":"SKIP","floor":5.0},{"not_picked":["bronze:Philosophize","bronze:Mutator"],"picked":"bronze:Flail","floor":6.0},{"not_picked":["bronze:Philosophize","bronze:BuggyMess"],"picked":"bronze:Boost","floor":9.0},{"not_picked":["bronze:Shield","bronze:Refactor"],"picked":"bronze:ChildClass","floor":10.0},{"not_picked":["bronze:WildBeam","bronze:BugBarrage"],"picked":"bronze:Frontload","floor":11.0},{"not_picked":["bronze:Branch","bronze:Shield"],"picked":"bronze:Fortify","floor":12.0},{"not_picked":["bronze:Separator","bronze:NullPointer"],"picked":"bronze:TinkerersToolbox","floor":13.0},{"not_picked":["bronze:Turbo","bronze:Frontload"],"picked":"bronze:CutThrough","floor":15.0},{"not_picked":["bronze:Mutator","bronze:HyperBeam"],"picked":"bronze:Hardcode","floor":16.0},{"not_picked":["bronze:BuggyMess+1","bronze:BronzeOrb+1"],"picked":"bronze:MaxOutput","floor":19.0},{"not_picked":["bronze:BitShift","bronze:DelayedGuard"],"picked":"bronze:InfiniteBeams","floor":20.0},{"not_picked":["bronze:CutThrough","bronze:BuggyMess"],"picked":"bronze:Deprecate","floor":21.0},{"not_picked":["bronze:FineTuning","bronze:Optimize"],"picked":"bronze:ForceShield","floor":22.0},{"not_picked":["bronze:BronzeArmor","bronze:MaxOutput"],"picked":"bronze:WhirlingStrike","floor":23.0},{"not_picked":["bronze:WildBeam","bronze:OilSpill"],"picked":"bronze:Overheat+1","floor":28.0},{"not_picked":["bronze:WildBeam","bronze:Constructor","bronze:HardenedForm"],"picked":"SKIP","floor":31.0},{"not_picked":["bronze:Flail","bronze:BuggyMess"],"picked":"bronze:ItsAFeature","floor":32.0},{"not_picked":["bronze:Break","bronze:Library"],"picked":"bronze:CleanCode","floor":33.0},{"not_picked":["bronze:CutThrough+1","bronze:DelayedGuard","bronze:Overheat+1"],"picked":"SKIP","floor":36.0},{"not_picked":["bronze:OilSpill+1","bronze:BugBarrage","bronze:Constructor"],"picked":"SKIP","floor":37.0},{"not_picked":["bronze:Fortify+1","bronze:FollowUp"],"picked":"bronze:ForLoop+1","floor":39.0},{"not_picked":["bronze:Safeguard+1","bronze:CutThrough","bronze:Return+1"],"picked":"SKIP","floor":42.0},{"not_picked":["bronze:Frontload+1","bronze:WhirlingStrike+1"],"picked":"bronze:Invalidate+1","floor":43.0},{"not_picked":["bronze:WhirlingStrike+1","bronze:CutThrough+1"],"picked":"bronze:FineTuning+1","floor":44.0},{"not_picked":["bronze:Shield","bronze:DelayedGuard"],"picked":"bronze:BronzeOrb","floor":46.0},{"not_picked":["bronze:Overheat+1","bronze:Deprecate+1"],"picked":"bronze:Turbo+1","floor":48.0},{"not_picked":["bronze:DelayedSlice+1","bronze:Frontload"],"picked":"bronze:NullPointer+1","floor":49.0},{"not_picked":["bronze:BitShift+1","bronze:Return"],"picked":"bronze:BurnOut","floor":52.0}],"player_experience":206026,"relics_obtained":[{"floor":6.0,"key":"Pear"},{"floor":7.0,"key":"Oddly Smooth Stone"},{"floor":10.0,"key":"hubris:CuriousFeather"},{"floor":13.0,"key":"Replay:Rubber Ducky"},{"floor":23.0,"key":"Matryoshka"},{"floor":24.0,"key":"hexamod:CandleOfCauterizing"},{"floor":24.0,"key":"Replay:Bottled Steam"},{"floor":41.0,"key":"hubris:TenFootPole"},{"floor":41.0,"key":"Blue Doll"},{"floor":42.0,"key":"ReplayTheSpireMod:TigerMarble"},{"floor":52.0,"key":"Chameleon Ring"}],"event_choices":[{"damage_healed":0.0,"max_hp_gain":0.0,"max_hp_loss":0.0,"gold_gain":1.0,"event_name":"betterThird:BetterScrap","player_choice":"Relic Relic ","floor":14.0,"gold_loss":0.0,"damage_taken":21.0,"cards_obtained":["Storm of Steel"]},{"cards_removed":["expansioncontent:AwakenDeath"],"damage_healed":44.0,"max_hp_gain":0.0,"max_hp_loss":0.0,"gold_gain":0.0,"event_name":"Bonfire Elementals","player_choice":"Offered Uncommon","floor":25.0,"gold_loss":0.0,"damage_taken":0.0},{"cards_removed":["bronze:Deprecate"],"damage_healed":0.0,"max_hp_gain":0.0,"max_hp_loss":0.0,"gold_gain":0.0,"event_name":"betterNote:BetterNote","player_choice":"Give","floor":27.0,"gold_loss":0.0,"damage_taken":0.0,"cards_obtained":["Collect"]}],"is_beta":false,"boss_relics":[{"not_picked":["halation:PlatinumPhoenix","Runic Dome"],"picked":"halation:LoveArrow"},{"not_picked":["Sozu","energizedSpire:StickyHand"],"picked":"expansioncontent:StudyCardRelic"}],"items_purged_floors":[4,21],"is_endless":false,"potions_floor_spawned":[3,5,10,11,19,22,23,28,29,32,33,36,37,39,42,43,44,46,48,49,52],"killed_by":"downfall:NeowBossFinal","ascension_level":0}}