{"host":"bxdue9bkfm2khp2x","time":1611934107,"event":{"mods":["ATMod(阿瑾Mod)","Arknights The Spire","Aspiration","BaseMod","Better Vampires","Challenge The Spire","Colored Map","Colored Powertips","Conspire","Decade(王小明)","Dota2Spire","Highlight Path","Minty Spire (QoL Compilation)","MostiFishMod","Remilia（蕾米莉亚）","Replay The Spire","RumiaBox-露米娅的神秘盒子","Ryuuou龙王","Spicy Shops","StSLib","Td1madao Mod","The Alterego","The Bug Knight","The Cursed","The Servant 0.9.4","WarShipGirlsR/战舰少女R mod","noobMod","【功能Mod】混沌之环修复补丁","【遗物卡牌】REMEMod","篝火指南"],"gold_per_floor":[215,215,215,232,232,232,6,33,33,33,33,44,44,69,69,145,145,155,174,89,138,63,63,13,30,83,126,126,63,80,80,80,159,159,173,98,98,114,126,126,153,153,153,186,186,286,286,198,198,198],"floor_reached":51,"language":"ZHS","playtime":3439,"items_purged":["Strike_R","Strike_R","Strike_R","Defend_R","Defend_R"],"score":1458,"play_id":"d877dfd9-cdc1-401c-82e0-f9a79825d9bc","local_time":"20210129232827","is_ascension_mode":true,"campfire_choices":[{"data":"ReachHeaven","floor":6.0,"key":"SMITH"},{"data":"Metallicize","floor":11.0,"key":"SMITH"},{"data":"Flame Barrier","floor":15.0,"key":"SMITH"},{"data":"Barricade","floor":23,"key":"SMITH"},{"data":"Entrench","floor":32,"key":"SMITH"},{"data":"Juggernaut","floor":40,"key":"SMITH"},{"data":"MostiFishMod:Chiaki","floor":42,"key":"SMITH"},{"data":"Metallicize","floor":45,"key":"SMITH"},{"data":"AT_ShrugMaster","floor":47,"key":"SMITH"},{"data":"Defy Death","floor":49,"key":"SMITH"}],"circlet_count":0,"master_deck":["AscendersBane","Defend_R","Defend_R","ReachHeaven+1","REME_Cut","Metallicize+1","Defy Death+1","Flame Barrier+1","Barricade+1","Entrench+1","Metallicize+1","MostiFishMod:Chiaki+1","AT_ShrugMaster+1","Juggernaut+1","Shrug It Off+1"],"relics":["Burning Blood","DaveBox","REME_ComplimentaryCards","ice","AT_ATBox","SentryEyes","SynthV:TestCard","AT_ArcaneBoots","conspire:TopHat","Membership Card","Juzu Bracelet","Dota2Spire:Desolator","JellyFishMachine","Divine Protection","HollowMod:PaleOreRelic","MealTicket","EasyGame_NEW","GodSword3","aspiration:StickyExplosives_weak","PreservedInsect"],"acts_visited":["Exordium","TheCity","TheBeyond"],"potions_floor_usage":[27,38,39,50],"damage_taken":[{"damage":8.0,"enemies":"Small Slimes","floor":1.0,"turns":2.0},{"damage":0.0,"enemies":"Jaw Worm","floor":4.0,"turns":2.0},{"damage":7.0,"enemies":"3 Sentries","floor":8.0,"turns":3.0},{"damage":0.0,"enemies":"Cultist","floor":12.0,"turns":4.0},{"damage":13.0,"enemies":"HollowMod:MossKnight","floor":14.0,"turns":4.0},{"damage":23.0,"enemies":"Hexaghost","floor":16.0,"turns":8.0},{"damage":0.0,"enemies":"3 Byrds","floor":18.0,"turns":2.0},{"damage":25.0,"enemies":"conspire:FuzzyDice","floor":19.0,"turns":4.0},{"damage":0,"enemies":"3 Cultists","floor":25,"turns":4},{"damage":5,"enemies":"conspire:HollyBat","floor":27,"turns":8},{"damage":8,"enemies":"Centurion and Healer","floor":30,"turns":9},{"damage":0,"enemies":"Collector","floor":33,"turns":11},{"damage":5,"enemies":"Orb Walker","floor":35,"turns":4},{"damage":0,"enemies":"3 Darklings","floor":38,"turns":4},{"damage":27,"enemies":"Spire Growth","floor":39,"turns":6},{"damage":0,"enemies":"Nemesis","floor":41,"turns":9},{"damage":24,"enemies":"R_Hoarder","floor":44,"turns":7},{"damage":0,"enemies":"Awakened One","floor":50,"turns":11}],"seed_played":"2049159327118253268","potions_obtained":[{"floor":4.0,"key":"Dota2Spire:HealingSalve"},{"floor":8.0,"key":"SmokeBomb"},{"floor":14.0,"key":"Flashbang"},{"floor":21,"key":"SpeedPotion"},{"floor":25,"key":"REME_GoldPotion"},{"floor":33,"key":"Adrenaline Potion"},{"floor":35,"key":"Adrenaline Potion"},{"floor":39,"key":"Block Potion"}],"is_trial":false,"path_per_floor":["M","?","?","M","T","R","$","E","T","?","R","M","?","E","R","B",null,"M","M","?","?","?","R","$","M","T","M","?","$","M","?","R","B",null,"M","$","?","M","M","R","E","R","T","E","R","?","R","$","R","B",null],"character_chosen":"IRONCLAD","items_purchased":["Membership Card","Metallicize"],"campfire_rested":0,"item_purchase_floors":[7,7],"current_hp_per_floor":[66,31,31,37,37,37,37,36,36,36,36,51,56,49,49,32,68,74,55,55,29,29,29,29,35,35,36,36,51,49,49,49,55,74,75,80,76,80,59,59,65,65,65,47,47,47,47,62,62,68],"gold":198,"neow_bonus":"HUNDRED_GOLD","is_daily":false,"chose_seed":false,"campfire_upgraded":10,"win_rate":0.0,"timestamp":1611934107,"path_taken":["M","?","?","?","?","R","$","E","T","?","R","M","?","E","R","BOSS","M","M","?","?","?","R","?","M","T","M","?","$","M","?","R","BOSS","M","?","?","M","M","R","E","R","T","E","R","?","R","$","R","BOSS"],"items_purchased_type":["Relic","Card"],"build_version":"2020-12-22","purchased_purges":5,"victory":true,"max_hp_per_floor":[75,75,75,75,75,75,75,75,75,75,75,75,80,80,80,80,80,80,80,80,80,80,80,80,80,80,80,80,80,80,80,80,80,80,80,80,80,80,80,80,80,80,80,80,80,80,80,80,80,80],"card_choices":[{"not_picked":["Cleave","Wild Strike","Pummel"],"picked":"SKIP","floor":1.0},{"not_picked":["Body Slam","Disarm","AT_DiedThrough","Cleave"],"picked":"REME_Cut","floor":4.0},{"not_picked":["Flex","Armaments","Bloodletting","MostiFishMod:BrandingRite","conspire:Charge"],"picked":"SKIP","floor":8.0},{"not_picked":["Disarm","Armaments","MostiFishMod:Chiaki","ReplayTheSpireMod:Strike From Hell"],"picked":"Defy Death","floor":12.0},{"not_picked":["Clash","MostiFishMod:TemporaryOutbreak","Disarm","Cleave"],"picked":"Flame Barrier","floor":14.0},{"not_picked":["Fiend Fire","Limit Break","Exhume","MostiFishMod:FireWorks"],"picked":"Barricade","floor":16.0},{"not_picked":["AT_DiedThrough","Havoc","Heavy Blade","Run Through+1"],"picked":"Entrench","floor":18.0},{"not_picked":["Run Through+1","Combust","Perfected Strike","Dropkick","Inflame"],"picked":"SKIP","floor":19.0},{"not_picked":["AT_BodySlamDance","Intimidate","Shrug It Off","Iron Wave+1"],"picked":"Metallicize","floor":21},{"not_picked":["Perfected Strike","conspire:Charge","ReplayTheSpireMod:Limb From Limb","Cleave"],"picked":"MostiFishMod:Chiaki","floor":25},{"not_picked":["Replay:Undeath\u0027s Touch","Run Through","Iron Wave","Headbutt","Blood for Blood"],"picked":"SKIP","floor":27},{"not_picked":["Run Through","Entrench","REME_TheLastStrike","Twin Strike"],"picked":"AT_ShrugMaster","floor":30},{"not_picked":["Double Tap","Fiend Fire","MostiFishMod:TemporaryOutbreak","MostiFishMod:Chiaki"],"picked":"Juggernaut","floor":33},{"not_picked":["Thunderclap+1","ReplayTheSpireMod:Strike From Hell","Run Through","Twin Strike","Clothesline"],"picked":"SKIP","floor":35},{"not_picked":["Wild Strike","Clothesline","Sword Boomerang","Twin Strike"],"picked":"Shrug It Off+1","floor":38},{"not_picked":["Second Wind","Shrug It Off+1","REME_Scribble+1","Sword Boomerang+1","Cleave"],"picked":"SKIP","floor":39},{"not_picked":["Clash","Hemokinesis+1","MostiFishMod:FlyOverUtopia","Iron Wave+1","Anger"],"picked":"SKIP","floor":41},{"not_picked":["Uppercut","Carnage","Headbutt","ReplayTheSpireMod:Limb From Limb","Havoc+1"],"picked":"SKIP","floor":44}],"player_experience":1354498,"relics_obtained":[{"floor":1.0,"key":"SynthV:TestCard"},{"floor":5.0,"key":"conspire:TopHat"},{"floor":9.0,"key":"Juzu Bracelet"},{"floor":14.0,"key":"Dota2Spire:Desolator"},{"floor":21,"key":"HollowMod:PaleOreRelic"},{"floor":26,"key":"MealTicket"},{"floor":41,"key":"GodSword3"},{"floor":43,"key":"aspiration:StickyExplosives_weak"},{"floor":44,"key":"PreservedInsect"}],"event_choices":[{"damage_healed":0.0,"max_hp_gain":0.0,"max_hp_loss":0.0,"gold_gain":0.0,"event_name":"Scrap Ooze","player_choice":"Success","floor":2.0,"gold_loss":0.0,"damage_taken":35.0,"relics_obtained":["AT_SpeedBoots"]},{"damage_healed":0.0,"max_hp_gain":0.0,"max_hp_loss":0.0,"gold_gain":0.0,"event_name":"Match and Keep!","player_choice":"0 cards matched","floor":3.0,"gold_loss":0.0,"damage_taken":0.0,"cards_obtained":[]},{"damage_healed":0.0,"max_hp_gain":0.0,"max_hp_loss":0.0,"gold_gain":0.0,"event_name":"Liars Game","player_choice":"Ignored","floor":10.0,"gold_loss":0.0,"damage_taken":0.0},{"damage_healed":0.0,"max_hp_gain":5.0,"max_hp_loss":0.0,"gold_gain":0.0,"event_name":"Big Fish","player_choice":"Donut","floor":13.0,"gold_loss":0.0,"damage_taken":0.0},{"damage_healed":0.0,"max_hp_gain":0.0,"max_hp_loss":0.0,"gold_gain":0.0,"event_name":"Addict","player_choice":"Obtained Relic","floor":20.0,"gold_loss":85.0,"damage_taken":0.0,"relics_obtained":["Divine Protection"]},{"cards_removed":["Strike_R"],"damage_healed":0,"gold_gain":0,"player_choice":"Gave Gold","damage_taken":0,"max_hp_gain":0,"max_hp_loss":0,"event_name":"Beggar","floor":22,"gold_loss":75},{"cards_removed":["Strike_R"],"damage_healed":0,"gold_gain":0,"player_choice":"Elegance","damage_taken":0,"max_hp_gain":0,"max_hp_loss":0,"event_name":"Back to Basics","floor":28,"gold_loss":0},{"cards_removed":["Bash"],"damage_healed":0,"gold_gain":0,"player_choice":"Offered Basic","damage_taken":0,"max_hp_gain":0,"max_hp_loss":0,"event_name":"Bonfire Elementals","floor":31,"gold_loss":0},{"damage_healed":0,"gold_gain":0,"player_choice":"Leave","damage_taken":0,"max_hp_gain":0,"max_hp_loss":0,"event_name":"conspire:Investor","floor":37,"gold_loss":0},{"damage_healed":0,"gold_gain":0,"player_choice":"Ignored","damage_taken":0,"max_hp_gain":0,"max_hp_loss":0,"event_name":"Ryuuou:Expiration_R","floor":46,"gold_loss":0}],"is_beta":false,"boss_relics":[{"not_picked":["ChewingGum","Abe\u0027s Treasure"],"picked":"JellyFishMachine"},{"not_picked":["aspiration:PoetsPen_weak","conspire:SeveredTorchhead"],"picked":"EasyGame_NEW"}],"items_purged_floors":[7,24,29,36,48],"is_endless":false,"potions_floor_spawned":[4,8,14,25,33,35,39],"ascension_level":16}}