{"host":"1lhpgrjjhxx10cx0","time":1611918489,"event":{"mods":["Act Like it!","Aspiration","BaseMod","Better Vampires","Downfall","Friendly Minions","Gensokyo","Highlight Path","Marisa£®ÏF”Í°°ƒß¿Ì…≥£©","Minty Spire (QoL Compilation)","Permanent Neow","Quick Restart","StSLib","The Bug Knight","Waifu the Spire","Youmu£®ªÍ∆«—˝√Œ£©"],"gold_per_floor":[116,131,6,6,6,6,26,26,26,38,61,73,96,108,120,237,249,476,488,500,527,539,539],"floor_reached":22,"language":"ZHS","playtime":883,"items_purged":[],"score":174,"play_id":"12208490-5799-4f73-8650-2086ba2ec6d5","local_time":"20210129190809","is_ascension_mode":false,"campfire_choices":[{"data":"Gensokyo:CrescentMoonSlash","floor":6.0,"key":"SMITH"},{"data":"BlazingStar","floor":10.0,"key":"SMITH"},{"floor":12.0,"key":"REST"},{"data":"MasterSpark","floor":15.0,"key":"SMITH"}],"circlet_count":1,"master_deck":["Strike_MRS","Strike_MRS","Strike_MRS","Strike_MRS","Defend_MRS+1","Defend_MRS","Defend_MRS","Defend_MRS","MasterSpark+1","UpSweep","BlazingStar+1","Gensokyo:CrescentMoonSlash+1","Acceleration+1","TreasureHunter","ShootingEcho","SuperNova","MagicAbsorber"],"relics":["MiniHakkero","MawBank","Gensokyo:OccultBall","War Paint","Circlet","Gensokyo:ConquerorOfFear"],"acts_visited":["Exordium","Gensokyo:Gensokyo"],"potions_floor_usage":[21],"damage_taken":[{"damage":6.0,"enemies":"Gensokyo:Gryphon","floor":1.0,"turns":3.0},{"damage":0.0,"enemies":"Gensokyo:2_Kodama","floor":2.0,"turns":2.0},{"damage":0.0,"enemies":"Gensokyo:3_Fairies","floor":7.0,"turns":3.0},{"damage":12.0,"enemies":"Gensokyo:Kitsune","floor":11.0,"turns":3.0},{"damage":14.0,"enemies":"Gensokyo:Python_and_Kodama","floor":13.0,"turns":4.0},{"damage":15.0,"enemies":"Gensokyo:Reimu","floor":16.0,"turns":5.0},{"damage":24,"enemies":"Gensokyo:3_Dogs","floor":18,"turns":5},{"damage":19,"enemies":"Gensokyo:CosmicMonolith","floor":21,"turns":6},{"damage":27,"enemies":"Gensokyo:Slime_Group","floor":22,"turns":3}],"seed_played":"1255236075960121854","potions_obtained":[{"floor":1.0,"key":"Regen Potion"},{"floor":11.0,"key":"Ancient Potion"},{"floor":16.0,"key":"champ:CounterPotion"}],"is_trial":false,"path_per_floor":["M","M","COS","?","$","R","M","?","T","R","M","R","M","?","R","B",null,"M","?","?","M","M"],"character_chosen":"MARISA","items_purchased":[],"campfire_rested":1,"item_purchase_floors":[],"current_hp_per_floor":[48,48,48,37,37,37,37,30,30,30,18,40,26,26,26,11,75,51,51,51,32,5,5],"gold":539,"neow_bonus":"THREE_RARE_CARDS","is_daily":false,"chose_seed":false,"campfire_upgraded":3,"win_rate":0.0,"timestamp":1611918489,"path_taken":["M","M","COS","?","$","R","M","?","T","R","M","R","M","?","R","BOSS","M","?","?","M","M"],"items_purchased_type":[],"build_version":"2020-12-22","purchased_purges":0,"victory":false,"max_hp_per_floor":[75,75,75,75,75,75,75,75,75,75,75,75,75,75,75,75,75,75,75,75,75,75,75],"card_choices":[{"not_picked":["MaximisePower","JA"],"picked":"BlazingStar","floor":0.0},{"not_picked":["GrandCross","SporeBomb"],"picked":"WitchLeyline","floor":1.0},{"not_picked":["GravityBeat","DeepEcoloBomb","LuminesStrike"],"picked":"SKIP","floor":2.0},{"not_picked":["SprinkleStarSeal","LuminesStrike"],"picked":"Acceleration","floor":7.0},{"not_picked":["UnstableBomb","PropBag","SprinkleStarSeal"],"picked":"SKIP","floor":11.0},{"not_picked":["SatelliteIllusion","CasketOfStar"],"picked":"MillisecondPulsars","floor":13.0},{"not_picked":["DC","MysteriousBeam","ChargeUpSpray"],"picked":"SKIP","floor":13.0},{"not_picked":["SatelliteIllusion","CollectingQuirk"],"picked":"TreasureHunter","floor":16.0},{"not_picked":["6A","ShootTheMoon"],"picked":"ShootingEcho","floor":18},{"not_picked":["StarlightTyphoon+1","PropBag"],"picked":"MagicAbsorber","floor":21}],"player_experience":102834,"relics_obtained":[{"floor":9.0,"key":"MawBank"},{"floor":16.0,"key":"Gensokyo:OccultBall"},{"floor":21,"key":"Gensokyo:OccultBall"},{"floor":21,"key":"Gensokyo:ConquerorOfFear"}],"event_choices":[],"is_beta":false,"boss_relics":[{"not_picked":["bronze:MakeshiftBattery","Runic Dome"],"picked":"Circlet"}],"items_purged_floors":[],"is_endless":false,"potions_floor_spawned":[1,11,16],"killed_by":"Gensokyo:Slime_Group","ascension_level":0}}