{"host":"fdq5pmhluajjrf8d","time":1611947961,"event":{"mods":["BaseMod","Minty Spire (QoL Compilation)"],"gold_per_floor":[112,125,125,145,145,145,158,117,117,128,143,156,173,201,201,275,275,285,305,324,344,344,344],"floor_reached":22,"language":"ENG","playtime":1780,"items_purged":[],"score":388,"play_id":"0d386f47-08fe-4913-9df2-f8637c6615f4","local_time":"20210129141921","is_ascension_mode":true,"campfire_choices":[{"floor":6,"key":"REST"},{"floor":15,"key":"REST"}],"circlet_count":0,"master_deck":["AscendersBane","Zap","Dualcast","Buffer","Darkness","Recycle","Self Repair","Undo","Echo Form","Turbo","Echo Form","Barrage","Machine Learning","Blizzard","Darkness","Hologram","Sunder"],"relics":["Cracked Core","Turnip","Matryoshka","Shuriken","Pandora\u0027s Box"],"acts_visited":["Exordium","TheCity"],"potions_floor_usage":[4,13,14,16,21],"damage_taken":[{"damage":4,"enemies":"Jaw Worm","floor":1,"turns":4},{"damage":1,"enemies":"2 Louse","floor":2,"turns":2},{"damage":0,"enemies":"Small Slimes","floor":4,"turns":3},{"damage":11,"enemies":"Blue Slaver","floor":7,"turns":5},{"damage":6,"enemies":"Looter","floor":10,"turns":3},{"damage":9,"enemies":"2 Fungi Beasts","floor":11,"turns":4},{"damage":0,"enemies":"Large Slime","floor":12,"turns":5},{"damage":25,"enemies":"Gremlin Gang","floor":13,"turns":7},{"damage":10,"enemies":"Lagavulin","floor":14,"turns":7},{"damage":15,"enemies":"Slime Boss","floor":16,"turns":7},{"damage":0,"enemies":"Chosen","floor":18,"turns":6},{"damage":22,"enemies":"2 Thieves","floor":19,"turns":5},{"damage":15,"enemies":"Snecko","floor":20,"turns":6},{"damage":24,"enemies":"Snake Plant","floor":21,"turns":6},{"damage":27,"enemies":"Centurion and Healer","floor":22,"turns":2}],"seed_played":"-6410318280179510302","potions_obtained":[{"floor":1,"key":"Weak Potion"},{"floor":2,"key":"AttackPotion"},{"floor":11,"key":"Block Potion"},{"floor":13,"key":"Strength Potion"},{"floor":19,"key":"BlessingOfTheForge"},{"floor":21,"key":"Swift Potion"}],"is_trial":false,"path_per_floor":["M","M","?","M","?","R","M","$","T","M","M","M","M","E","R","B",null,"M","M","M","M","M"],"character_chosen":"DEFECT","items_purchased":["Self Repair"],"campfire_rested":2,"item_purchase_floors":[8],"current_hp_per_floor":[60,59,54,54,33,54,43,43,43,44,42,49,31,28,49,41,64,64,42,34,17,0,0],"gold":344,"neow_bonus":"ONE_RANDOM_RARE_CARD","is_daily":false,"chose_seed":false,"campfire_upgraded":0,"win_rate":0.0,"timestamp":1611947961,"path_taken":["M","M","?","M","?","R","M","$","T","M","M","M","M","E","R","BOSS","M","M","M","M","M"],"items_purchased_type":["Card"],"build_version":"2020-12-22","purchased_purges":0,"victory":false,"max_hp_per_floor":[71,71,71,71,71,71,71,71,71,71,71,71,71,71,71,71,71,71,71,71,71,71,71],"card_choices":[{"not_picked":["Fusion","Undo"],"picked":"Darkness","floor":1},{"not_picked":["Compile Driver","Recycle","Cold Snap"],"picked":"SKIP","floor":2},{"not_picked":["Scrape","Force Field"],"picked":"Recycle","floor":4},{"not_picked":["Barrage","Go for the Eyes","Blizzard"],"picked":"SKIP","floor":7},{"not_picked":["Double Energy","Sweeping Beam","Self Repair"],"picked":"SKIP","floor":10},{"not_picked":["Turbo","Streamline","Go for the Eyes"],"picked":"SKIP","floor":11},{"not_picked":["Coolheaded","Gash"],"picked":"Undo","floor":12},{"not_picked":["FTL","Scrape","Lockon"],"picked":"SKIP","floor":13},{"not_picked":["Cold Snap","Doom and Gloom","Tempest"],"picked":"SKIP","floor":14},{"not_picked":["Electrodynamics","Creative AI"],"picked":"Echo Form","floor":16},{"not_picked":["Streamline","Cold Snap","Rebound"],"picked":"SKIP","floor":18},{"not_picked":["Undo","Ball Lightning","Hologram"],"picked":"SKIP","floor":19},{"not_picked":["Force Field","Reinforced Body","Rebound+1"],"picked":"SKIP","floor":20},{"not_picked":["Chaos","Steam+1","Conserve Battery"],"picked":"SKIP","floor":21}],"player_experience":1942175,"relics_obtained":[{"floor":9,"key":"Matryoshka"},{"floor":14,"key":"Shuriken"}],"event_choices":[{"damage_healed":0,"gold_gain":0,"player_choice":"Success","damage_taken":5,"relics_obtained":["Turnip"],"max_hp_gain":0,"max_hp_loss":0,"event_name":"Scrap Ooze","floor":3,"gold_loss":0},{"damage_healed":0,"gold_gain":0,"player_choice":"Entered Light","damage_taken":21,"max_hp_gain":0,"max_hp_loss":0,"event_name":"Shining Light","floor":5,"gold_loss":0,"cards_upgraded":["Strike_B","Strike_B"]}],"is_beta":false,"boss_relics":[{"not_picked":["SlaversCollar","Snecko Eye"],"picked":"Pandora\u0027s Box"}],"items_purged_floors":[],"is_endless":false,"potions_floor_spawned":[1,2,11,13,19,21],"killed_by":"Centurion and Healer","ascension_level":20}}