{"host":"3qkmyeoym75lj4wn","time":1611940894,"event":{"mods":["2.2 Compatiblity","BaseMod","Block Reminder","Colored Powertips","Highlight Path","Minty Spire (QoL Compilation)","Permanent Neow","Potion Indicator Mod","Rare Cards Sparkle","Relic Stats","StSLib","Unceasing Turn Reminder"],"gold_per_floor":[114,114,114,131,147,147,147],"floor_reached":6,"language":"ENG","playtime":264,"items_purged":[],"score":72,"play_id":"8198a60a-c1f5-4801-961c-bc98cac3ca3b","local_time":"20210129172134","is_ascension_mode":true,"campfire_choices":[],"circlet_count":0,"master_deck":["AscendersBane","Strike_G","Strike_G","Strike_G","Strike_G","Strike_G","Defend_G","Defend_G","Defend_G","Defend_G","Defend_G","Survivor","Neutralize","Good Instincts","Crippling Poison","Quick Slash","Infinite Blades"],"relics":["Ring of the Snake","Happy Flower","Ninja Scroll"],"acts_visited":["Exordium"],"potions_floor_usage":[6],"damage_taken":[{"damage":0,"enemies":"Jaw Worm","floor":1,"turns":7},{"damage":3,"enemies":"2 Louse","floor":4,"turns":3},{"damage":0,"enemies":"Cultist","floor":5,"turns":3},{"damage":43,"enemies":"Lagavulin","floor":6,"turns":10}],"seed_played":"-5941805577509459463","potions_obtained":[{"floor":5,"key":"Swift Potion"}],"is_trial":false,"path_per_floor":["M","?","?","M","M","E"],"character_chosen":"THE_SILENT","items_purchased":[],"campfire_rested":0,"item_purchase_floors":[],"current_hp_per_floor":[59,54,54,51,51,8,8],"gold":147,"neow_bonus":"RANDOM_COLORLESS","is_daily":false,"chose_seed":false,"campfire_upgraded":0,"win_rate":0.0,"timestamp":1611940894,"path_taken":["M","?","?","?","M","E"],"items_purchased_type":[],"build_version":"2020-12-22","purchased_purges":0,"victory":false,"max_hp_per_floor":[66,66,66,66,66,66,66],"relic_stats":{"Happy Flower":[5],"counters":[4,23],"obtain_stats":[{"Happy Flower":2,"Ninja Scroll":3,"Ring of the Snake":0},{"Happy Flower":1,"Ninja Scroll":1,"Ring of the Snake":0},{"Happy Flower":7,"Ninja Scroll":7,"Ring of the Snake":0}],"Ring of the Snake":[8]},"card_choices":[{"not_picked":["Purity","Bandage Up"],"picked":"Good Instincts","floor":0},{"not_picked":["Endless Agony","Deflect"],"picked":"Crippling Poison","floor":1},{"not_picked":["Choke","Dagger Throw"],"picked":"Quick Slash","floor":4},{"not_picked":["PiercingWail","Poisoned Stab"],"picked":"Infinite Blades","floor":5}],"player_experience":1710165,"relics_obtained":[{"floor":3,"key":"Ninja Scroll"}],"event_choices":[{"damage_healed":0,"gold_gain":0,"player_choice":"Success","damage_taken":5,"relics_obtained":["Happy Flower"],"max_hp_gain":0,"max_hp_loss":0,"event_name":"Scrap Ooze","floor":2,"gold_loss":0},{"damage_healed":0,"gold_gain":0,"player_choice":"Relic","damage_taken":0,"max_hp_gain":0,"max_hp_loss":0,"event_name":"Wheel of Change","floor":3,"gold_loss":0}],"is_beta":false,"boss_relics":[],"items_purged_floors":[],"is_endless":false,"potions_floor_spawned":[5],"killed_by":"Lagavulin","ascension_level":20}}