{"host":"qdfumeom6htv8yxl","time":1611960664,"event":{"mods":["AchievementEnabler","BaseMod","Bestiary","Block Reminder","Minty Spire (QoL Compilation)","Quick Restart","Relic Stats"],"gold_per_floor":[112,112,112,112,112,145,145,171,171,171,185,201,201,212,212,284,284,204,204,90,90,6,6,6,6,6,6,6,6,6],"floor_reached":29,"language":"ENG","playtime":1149,"items_purged":["Dualcast"],"score":558,"play_id":"3dd70ce0-7774-488d-a34a-dfab4e3d1577","local_time":"20210129165104","is_ascension_mode":true,"campfire_choices":[{"data":"Gash","floor":7.0,"key":"SMITH"},{"data":"Machine Learning","floor":10.0,"key":"SMITH"},{"data":"Beam Cell","floor":13.0,"key":"SMITH"},{"data":"Genetic Algorithm","floor":15.0,"key":"SMITH"},{"data":"Ghostly","floor":23.0,"key":"SMITH"},{"data":"Ghostly","floor":25.0,"key":"SMITH"}],"circlet_count":0,"master_deck":["AscendersBane","Strike_B","Strike_B","Strike_B","Defend_B","Defend_B","Defend_B","Defend_B","Zap","Go for the Eyes+1","Machine Learning+1","Gash+1","Leap","Beam Cell+1","Genetic Algorithm+1","Reboot","Gash","Scrape","Ghostly+1","Ghostly+1","Ghostly","FTL"],"relics":["Cracked Core","NeowsBlessing","PreservedInsect","Singing Bowl","Tiny Chest","Anchor","Ectoplasm","MawBank","Ice Cream"],"acts_visited":["Exordium","TheCity"],"potions_floor_usage":[],"damage_taken":[{"damage":0.0,"enemies":"Small Slimes","floor":1.0,"turns":1.0},{"damage":0.0,"enemies":"Gremlin Nob","floor":6.0,"turns":1.0},{"damage":0.0,"enemies":"Lagavulin","floor":8.0,"turns":1.0},{"damage":0.0,"enemies":"Cultist","floor":11.0,"turns":4.0},{"damage":0.0,"enemies":"2 Louse","floor":12.0,"turns":3.0},{"damage":6.0,"enemies":"Lots of Slimes","floor":14.0,"turns":4.0},{"damage":43.0,"enemies":"Slime Boss","floor":16.0,"turns":9.0},{"damage":20.0,"enemies":"2 Thieves","floor":18.0,"turns":4.0},{"damage":13.0,"enemies":"Spheric Guardian","floor":19.0,"turns":4.0},{"damage":22.0,"enemies":"Shelled Parasite and Fungi","floor":28.0,"turns":5.0},{"damage":28,"enemies":"Slavers","floor":29,"turns":3}],"seed_played":"-1035750232419447847","potions_obtained":[{"floor":8.0,"key":"Fire Potion"},{"floor":12.0,"key":"EssenceOfDarkness"},{"floor":14.0,"key":"SkillPotion"},{"floor":16.0,"key":"Regen Potion"},{"floor":19.0,"key":"SkillPotion"}],"is_trial":false,"path_per_floor":["M","?","?","$","?","E","R","E","T","R","M","M","R","M","R","B",null,"M","M","$","?","$","R","?","R","T","T","M","E"],"character_chosen":"DEFECT","items_purchased":["Scrape","FTL"],"campfire_rested":0,"item_purchase_floors":[20,22],"current_hp_per_floor":[64,64,59,59,59,59,59,59,59,59,61,61,61,55,55,12,58,40,27,27,27,27,27,27,27,27,27,21,0,0],"gold":6,"neow_bonus":"THREE_ENEMY_KILL","is_daily":false,"chose_seed":false,"campfire_upgraded":6,"win_rate":0.0,"timestamp":1611960664,"path_taken":["M","?","?","$","?","E","R","E","T","R","M","?","R","M","R","BOSS","M","M","$","?","$","R","?","R","T","?","?","E"],"items_purchased_type":["Card","Card"],"build_version":"2020-12-22","purchased_purges":1,"victory":false,"max_hp_per_floor":[71,71,71,71,71,71,71,71,71,71,73,73,73,73,73,73,73,75,75,75,37,37,37,37,37,37,37,39,39,39],"relic_stats":{"Singing Bowl":6,"counters":[11,39],"Tiny Chest":1,"PreservedInsect":41,"Ectoplasm":197,"MawBank":0,"obtain_stats":[{"Ice Cream":27,"Anchor":9,"NeowsBlessing":0,"Singing Bowl":6,"Tiny Chest":8,"PreservedInsect":3,"Ectoplasm":17,"Cracked Core":0,"MawBank":26},{"Ice Cream":9,"Anchor":3,"NeowsBlessing":0,"Singing Bowl":2,"Tiny Chest":3,"PreservedInsect":1,"Ectoplasm":7,"Cracked Core":0,"MawBank":9},{"Ice Cream":31,"Anchor":3,"NeowsBlessing":0,"Singing Bowl":2,"Tiny Chest":3,"PreservedInsect":1,"Ectoplasm":23,"Cracked Core":0,"MawBank":31}]},"card_choices":[{"not_picked":["Conserve Battery","Stack"],"picked":"Go for the Eyes","floor":1.0},{"not_picked":["BootSequence","Go for the Eyes"],"picked":"Gash","floor":6.0},{"not_picked":["Force Field","Fusion"],"picked":"Leap","floor":8.0},{"not_picked":["Heatsinks","Defragment","Turbo"],"picked":"Singing Bowl","floor":11.0},{"not_picked":["Coolheaded","Turbo"],"picked":"Beam Cell","floor":12.0},{"not_picked":["Cold Snap","Heatsinks"],"picked":"Genetic Algorithm","floor":14.0},{"not_picked":["Fission","Thunder Strike"],"picked":"Reboot","floor":16.0},{"not_picked":["Glacier","Turbo","Coolheaded"],"picked":"Singing Bowl","floor":18.0},{"not_picked":["Heatsinks","Barrage"],"picked":"Gash","floor":19.0},{"not_picked":["Turbo","Compile Driver","Ball Lightning"],"picked":"Singing Bowl","floor":28.0}],"player_experience":1959108,"relics_obtained":[{"floor":6.0,"key":"Singing Bowl"},{"floor":8.0,"key":"Tiny Chest"},{"floor":9.0,"key":"Anchor"},{"floor":26.0,"key":"MawBank"},{"floor":27.0,"key":"Ice Cream"}],"event_choices":[{"damage_healed":0.0,"max_hp_gain":0.0,"max_hp_loss":0.0,"gold_gain":0.0,"cards_transformed":["Strike_B"],"event_name":"Living Wall","player_choice":"Change","floor":2.0,"gold_loss":0.0,"damage_taken":0.0,"cards_obtained":["Machine Learning"]},{"damage_healed":0.0,"max_hp_gain":0.0,"max_hp_loss":0.0,"gold_gain":0.0,"event_name":"Scrap Ooze","player_choice":"Success","floor":3.0,"gold_loss":0.0,"damage_taken":5.0,"relics_obtained":["PreservedInsect"]},{"damage_healed":0.0,"max_hp_gain":0.0,"max_hp_loss":0.0,"gold_gain":0.0,"event_name":"Upgrade Shrine","player_choice":"Upgraded","floor":5.0,"gold_loss":0.0,"damage_taken":0.0,"cards_upgraded":["Go for the Eyes"]},{"damage_healed":0.0,"max_hp_gain":0.0,"max_hp_loss":38.0,"gold_gain":0.0,"event_name":"Ghosts","player_choice":"Became a Ghost","floor":21.0,"gold_loss":0.0,"damage_taken":0.0,"cards_obtained":["Ghostly","Ghostly","Ghostly"]},{"damage_healed":0.0,"max_hp_gain":0.0,"max_hp_loss":0.0,"gold_gain":0.0,"event_name":"Golden Shrine","player_choice":"Ignored","floor":24.0,"gold_loss":0.0,"damage_taken":0.0}],"is_beta":false,"boss_relics":[{"not_picked":["Runic Dome","FrozenCore"],"picked":"Ectoplasm"}],"items_purged_floors":[20],"is_endless":false,"potions_floor_spawned":[8,12,14,16,19],"killed_by":"Slavers","ascension_level":20}}