{"host":"yn1175etg9ni8l0q","time":1611908201,"event":{"mods":["AchievementEnabler","BaseMod","Colored Map","Colored Powertips","DeckTracker","Minty Spire (QoL Compilation)","Rare Cards Sparkle","Relic Stats","SuperFastMode","everything is the same but u backflip on backflip"],"gold_per_floor":[112,130,142,142,142,142,170,188,213,236,311,325,346,96,96,192,192,213,229,229,229],"floor_reached":20,"language":"KOR","playtime":869,"items_purged":["Strike_B"],"score":274,"play_id":"0756d333-3a89-4ab8-9966-74b6932b3380","local_time":"20210129171641","is_ascension_mode":true,"campfire_choices":[{"data":"Zap","floor":6,"key":"SMITH"},{"floor":15,"key":"REST"}],"circlet_count":0,"master_deck":["AscendersBane","Strike_B","Strike_B","Defend_B","Defend_B","Defend_B","Defend_B","Zap+1","Dualcast","Thunder Strike","Sweeping Beam","Conserve Battery","Hologram","Reboot","Genetic Algorithm","Cold Snap","Auto Shields","Echo Form","Capacitor","Ball Lightning"],"relics":["Cracked Core","Golden Idol","Odd Mushroom","Art of War","Vajra","Membership Card","Runic Pyramid"],"acts_visited":["Exordium","TheCity"],"potions_floor_usage":[7,7,16,16,20],"damage_taken":[{"damage":1,"enemies":"2 Louse","floor":1,"turns":3},{"damage":5,"enemies":"Small Slimes","floor":2,"turns":3},{"damage":2,"enemies":"Jaw Worm","floor":3,"turns":3},{"damage":0,"enemies":"The Mushroom Lair","floor":7,"turns":3},{"damage":6,"enemies":"Looter","floor":8,"turns":4},{"damage":0,"enemies":"Lots of Slimes","floor":12,"turns":1},{"damage":15,"enemies":"3 Louse","floor":13,"turns":2},{"damage":16,"enemies":"Hexaghost","floor":16,"turns":13},{"damage":14,"enemies":"Shell Parasite","floor":18,"turns":6},{"damage":40,"enemies":"3 Byrds","floor":19,"turns":5},{"damage":11,"enemies":"Centurion and Healer","floor":20,"turns":1}],"seed_played":"-3883288962768890284","potions_obtained":[{"floor":1,"key":"Explosive Potion"},{"floor":3,"key":"SpeedPotion"},{"floor":7,"key":"Block Potion"},{"floor":8,"key":"PotionOfCapacity"},{"floor":19,"key":"Fruit Juice"}],"is_trial":false,"path_per_floor":["M","M","M","?","?","R","?","M","T","T","?","M","M","$","R","B",null,"M","M","M"],"character_chosen":"DEFECT","items_purchased":["Membership Card","Cold Snap","Auto Shields"],"campfire_rested":1,"item_purchase_floors":[14,14,14],"current_hp_per_floor":[67,62,60,53,35,35,35,29,29,29,18,18,3,3,25,9,59,45,5,0,0],"gold":229,"neow_bonus":"ONE_RANDOM_RARE_CARD","is_daily":false,"chose_seed":false,"campfire_upgraded":1,"win_rate":0.0,"timestamp":1611908201,"path_taken":["M","M","M","?","?","R","?","M","T","?","?","?","M","$","R","BOSS","M","M","M"],"items_purchased_type":["Relic","Card","Card"],"build_version":"2020-12-22","purchased_purges":1,"victory":false,"max_hp_per_floor":[75,75,75,75,75,75,75,75,75,75,75,75,75,75,75,75,75,75,75,80,80],"relic_stats":{"counters":[11,44],"Golden Idol":43,"Art of War":[5],"obtain_stats":[{"Golden Idol":5,"Vajra":10,"Art of War":9,"Membership Card":14,"Odd Mushroom":7,"Cracked Core":0,"Runic Pyramid":17},{"Golden Idol":3,"Vajra":5,"Art of War":5,"Membership Card":7,"Odd Mushroom":4,"Cracked Core":0,"Runic Pyramid":8},{"Golden Idol":9,"Vajra":16,"Art of War":16,"Membership Card":19,"Odd Mushroom":12,"Cracked Core":0,"Runic Pyramid":32}]},"card_choices":[{"not_picked":["Lockon","Gash","Compile Driver"],"picked":"SKIP","floor":1},{"not_picked":["Redo","Hello World"],"picked":"Sweeping Beam","floor":2},{"not_picked":["Force Field","Steam"],"picked":"Conserve Battery","floor":3},{"not_picked":["Rip and Tear","Rebound"],"picked":"Hologram","floor":8},{"not_picked":["Hologram","Darkness"],"picked":"Reboot","floor":12},{"not_picked":["Gash","Beam Cell"],"picked":"Genetic Algorithm","floor":13},{"not_picked":["Reboot","Amplify"],"picked":"Echo Form","floor":16},{"not_picked":["Static Discharge","Redo"],"picked":"Capacitor","floor":18},{"not_picked":["Heatsinks","Stack"],"picked":"Ball Lightning","floor":19}],"player_experience":358822,"relics_obtained":[{"floor":7,"key":"Odd Mushroom"},{"floor":9,"key":"Art of War"},{"floor":10,"key":"Vajra"}],"event_choices":[{"cards_removed":["Strike_B"],"damage_healed":0,"gold_gain":0,"player_choice":"Card Removal","damage_taken":7,"max_hp_gain":0,"max_hp_loss":0,"event_name":"Golden Wing","floor":4,"gold_loss":0},{"damage_healed":0,"gold_gain":0,"player_choice":"Take Damage","damage_taken":18,"relics_obtained":["Golden Idol"],"max_hp_gain":0,"max_hp_loss":0,"event_name":"Golden Idol","floor":5,"gold_loss":0},{"damage_healed":0,"gold_gain":0,"player_choice":"Fought Mushrooms","damage_taken":0,"max_hp_gain":0,"max_hp_loss":0,"event_name":"Mushrooms","floor":7,"gold_loss":0},{"damage_healed":0,"gold_gain":75,"player_choice":"Gather Gold","damage_taken":11,"max_hp_gain":0,"max_hp_loss":0,"event_name":"World of Goop","floor":11,"gold_loss":0}],"is_beta":false,"boss_relics":[{"not_picked":["SacredBark","Coffee Dripper"],"picked":"Runic Pyramid"}],"items_purged_floors":[14],"is_endless":false,"potions_floor_spawned":[1,3,7,8,19],"killed_by":"Centurion and Healer","ascension_level":13}}