{"host":"6r3ioyv75hs1gp74","time":1611948509,"event":{"mods":["AchievementEnabler","Act Like it!","BaseMod","Better Sensory Stone","Better Third Choice","Block Reminder","Colored Map","Colored Powertips","Curses Come First","Minty Spire (QoL Compilation)","StSLib"],"gold_per_floor":[111,127,138,138,138,165,165,185,209,224,399,399,201,201,201,301,301,317,329,345,4,4,37,47,47,47],"floor_reached":25,"language":"ENG","playtime":2188,"items_purged":["Doubt","Amplify"],"score":304,"play_id":"423332a6-ed0c-4c78-a209-b4c487c21e49","local_time":"20210129192829","is_ascension_mode":true,"campfire_choices":[{"floor":7,"key":"REST"},{"floor":12,"key":"REST"},{"floor":15,"key":"REST"}],"circlet_count":0,"master_deck":["Zap","Dualcast","Rebound","Gash","Sunder","Noxious Fumes","Leap","Conserve Battery","Go for the Eyes","Amplify","Genetic Algorithm","Hologram","Steam","Echo Form","Multi-Cast","Electrodynamics","Glacier","Genetic Algorithm","Glacier","Thunder Strike","Force Field","Recycle","Static Discharge","All For One","Compile Driver+1","Storm","Bite","Bite","Bite","Bite","Bite"],"relics":["Runic Pyramid","MealTicket","Smiling Mask","Potion Belt","Orrery","Pandora\u0027s Box","ClockworkSouvenir","Oddly Smooth Stone"],"acts_visited":["Exordium","TheCity"],"potions_floor_usage":[6,10,20,23,23],"damage_taken":[{"damage":2,"enemies":"2 Louse","floor":1,"turns":2},{"damage":12,"enemies":"Small Slimes","floor":2,"turns":3},{"damage":1,"enemies":"Cultist","floor":3,"turns":3},{"damage":25,"enemies":"3 Sentries","floor":6,"turns":6},{"damage":9,"enemies":"Large Slime","floor":8,"turns":4},{"damage":6,"enemies":"Exordium Thugs","floor":10,"turns":3},{"damage":23,"enemies":"Slime Boss","floor":16,"turns":14},{"damage":18,"enemies":"3 Byrds","floor":18,"turns":2},{"damage":6,"enemies":"Spheric Guardian","floor":19,"turns":4},{"damage":15,"enemies":"Cultist and Chosen","floor":20,"turns":5},{"damage":16,"enemies":"Gremlin Leader","floor":23,"turns":6},{"damage":25,"enemies":"Centurion and Healer","floor":24,"turns":8},{"damage":45,"enemies":"Book of Stabbing","floor":25,"turns":5}],"seed_played":"6318913541078989068","potions_obtained":[{"floor":3,"key":"Weak Potion"},{"floor":6,"key":"SteroidPotion"},{"floor":16,"key":"LiquidMemories"},{"floor":18,"key":"Explosive Potion"},{"floor":19,"key":"Regen Potion"}],"is_trial":false,"path_per_floor":["M","M","M","?","?","E","R","M","T","M","?","R","$","?","R","B",null,"M","M","M","$","?","E","M","E"],"character_chosen":"DEFECT","items_purchased":["Orrery","Storm","ClockworkSouvenir","DuplicationPotion"],"campfire_rested":3,"item_purchase_floors":[13,21,21,21],"current_hp_per_floor":[73,61,60,26,26,1,23,14,14,8,8,30,45,45,67,44,67,49,43,28,43,43,50,41,0,0],"gold":47,"neow_bonus":"BOSS_RELIC","is_daily":false,"chose_seed":false,"campfire_upgraded":0,"win_rate":0.0,"timestamp":1611948509,"path_taken":["M","M","M","?","?","E","R","M","T","M","?","R","$","?","R","BOSS","M","M","M","$","?","E","M","E"],"items_purchased_type":["Relic","Card","Relic","Potion"],"build_version":"2020-12-22","purchased_purges":2,"victory":false,"max_hp_per_floor":[75,75,75,75,75,75,75,75,75,75,75,75,75,75,75,75,75,75,75,75,75,52,52,52,52,52],"card_choices":[{"not_picked":["Compile Driver","Steam Power"],"picked":"Rebound","floor":1},{"not_picked":["Compile Driver","Reprogram"],"picked":"Gash","floor":2},{"not_picked":["Beam Cell","Core Surge"],"picked":"Sunder","floor":3},{"not_picked":["Go for the Eyes","Stack"],"picked":"Leap","floor":6},{"not_picked":["Consume","Hologram"],"picked":"Conserve Battery","floor":8},{"not_picked":["Streamline","Blizzard"],"picked":"Go for the Eyes","floor":10},{"not_picked":["Compile Driver","Chill"],"picked":"Amplify","floor":13},{"not_picked":["Coolheaded","Barrage"],"picked":"Genetic Algorithm","floor":13},{"not_picked":["Meteor Strike","Rip and Tear"],"picked":"Hologram","floor":13},{"not_picked":["Rebound","Ball Lightning"],"picked":"Steam","floor":13},{"not_picked":["Thunder Strike","Beam Cell"],"picked":"Echo Form","floor":13},{"not_picked":["Meteor Strike","Buffer"],"picked":"Electrodynamics","floor":16},{"not_picked":["Turbo+1","Ball Lightning"],"picked":"Static Discharge","floor":18},{"not_picked":["Leap","Stack"],"picked":"All For One","floor":19},{"not_picked":["Glacier","Cold Snap"],"picked":"Compile Driver+1","floor":20},{"not_picked":["Creative AI","Rebound","Genetic Algorithm"],"picked":"SKIP","floor":23},{"not_picked":["Redo","Sweeping Beam+1","Force Field"],"picked":"SKIP","floor":24}],"player_experience":122046,"relics_obtained":[{"floor":6,"key":"Smiling Mask"},{"floor":9,"key":"Potion Belt"},{"floor":23,"key":"Oddly Smooth Stone"}],"event_choices":[{"damage_healed":26,"gold_gain":0,"player_choice":"Leave","damage_taken":0,"max_hp_gain":0,"max_hp_loss":75,"event_name":"betterThird:BetterShining","floor":5,"gold_loss":0},{"damage_healed":0,"gold_gain":175,"player_choice":"AGREE","damage_taken":224,"max_hp_gain":0,"max_hp_loss":0,"event_name":"betterThird:BetterSerpent","floor":11,"gold_loss":0},{"damage_healed":0,"gold_gain":0,"cards_transformed":["Strike_B"],"player_choice":"Transformed","damage_taken":0,"max_hp_gain":0,"max_hp_loss":0,"event_name":"Transmorgrifier","floor":14,"gold_loss":0,"cards_obtained":["Multi-Cast"]},{"damage_healed":0,"gold_gain":0,"player_choice":"Became a vampire","damage_taken":0,"max_hp_gain":0,"max_hp_loss":23,"event_name":"Vampires","floor":22,"gold_loss":0,"cards_obtained":["Bite","Bite","Bite","Bite","Bite"]}],"is_beta":false,"boss_relics":[{"not_picked":["Empty Cage","Velvet Choker"],"picked":"Pandora\u0027s Box"}],"items_purged_floors":[13,21],"is_endless":false,"potions_floor_spawned":[3,6,16,18,19],"killed_by":"Book of Stabbing","ascension_level":5}}