{"host":"zk71suw73lg2r165","time":1611883450,"event":{"mods":["BaseMod","Colored Map","Minty Spire (QoL Compilation)","Permanent Neow","Relic Stats","StSLib"],"gold_per_floor":[119,130,130,55,69,69,69],"floor_reached":6,"language":"ENG","playtime":176,"items_purged":[],"score":72,"play_id":"23ab30a9-46a5-4e44-a0aa-818fad071172","local_time":"20210128202410","is_ascension_mode":true,"campfire_choices":[],"circlet_count":0,"master_deck":["AscendersBane","Strike_B","Strike_B","Strike_B","Defend_B","Defend_B","Defend_B","Defend_B","Zap","Dualcast","Leap","Coolheaded","Cold Snap"],"relics":["Velvet Choker","Golden Idol"],"acts_visited":["Exordium"],"potions_floor_usage":[],"damage_taken":[{"damage":2.0,"enemies":"Jaw Worm","floor":1.0,"turns":4.0},{"damage":3.0,"enemies":"2 Louse","floor":2.0,"turns":3.0},{"damage":1.0,"enemies":"Cultist","floor":5.0,"turns":6.0},{"damage":0,"enemies":"Lagavulin","floor":6,"turns":2}],"seed_played":"-2058680916858673821","potions_obtained":[{"floor":2.0,"key":"SpeedPotion"},{"floor":5,"key":"GamblersBrew"}],"is_trial":false,"path_per_floor":["M","M","?","?","M","E"],"character_chosen":"DEFECT","items_purchased":[],"campfire_rested":0,"item_purchase_floors":[],"current_hp_per_floor":[62,59,59,59,58,58,58],"gold":69,"neow_bonus":"BOSS_RELIC","is_daily":false,"chose_seed":false,"campfire_upgraded":0,"win_rate":0.0,"timestamp":1611883450,"path_taken":["M","M","?","?","M","E"],"items_purchased_type":[],"build_version":"2020-12-22","purchased_purges":0,"victory":false,"max_hp_per_floor":[71,71,64,64,64,64,64],"relic_stats":{"counters":[4,15],"Golden Idol":6,"obtain_stats":[{"Golden Idol":3,"Velvet Choker":0,"Cracked Core":0},{"Golden Idol":2,"Velvet Choker":0,"Cracked Core":0},{"Golden Idol":7,"Velvet Choker":0,"Cracked Core":0}]},"card_choices":[{"not_picked":["Heatsinks","Capacitor"],"picked":"Leap","floor":1.0},{"not_picked":["Beam Cell","Leap"],"picked":"Coolheaded","floor":2.0},{"not_picked":["Aggregate","Sweeping Beam"],"picked":"Cold Snap","floor":5}],"player_experience":1406428,"relics_obtained":[],"event_choices":[{"damage_healed":0.0,"max_hp_gain":0.0,"max_hp_loss":7.0,"gold_gain":0.0,"event_name":"Golden Idol","player_choice":"Lose Max HP","floor":3.0,"gold_loss":0.0,"damage_taken":0.0,"relics_obtained":["Golden Idol"]},{"cards_removed":["Strike_B"],"damage_healed":0.0,"max_hp_gain":0.0,"max_hp_loss":0.0,"gold_gain":0.0,"event_name":"The Cleric","player_choice":"Card Removal","floor":4.0,"gold_loss":75.0,"damage_taken":0.0}],"is_beta":false,"boss_relics":[],"items_purged_floors":[],"is_endless":false,"potions_floor_spawned":[2,5],"killed_by":"Lagavulin","ascension_level":20}}