{"host":"bm58huo5vqbiw0g8","time":1611958191,"event":{"mods":["AchievementEnabler","Aspiration","BaseMod","Better Note","BetterRewards","Colored Map","Colored Powertips","Highlight Path","Hubris","Jorbs\u0027s Wanderer Trilogy","Minty Spire (QoL Compilation)","StSLib","The Animator","The Disciple","The Runesmith"],"gold_per_floor":[117,117,192,192,202,202,235,253,253,265,265,265,277,302,302,405,405,421,421,437,456,466,466,494,494,517,529,540,450,475,14,14,117,167,178,228,80,80,80,115,115,135,135,162,162,14,28,43,43,43],"floor_reached":51,"language":"ENG","playtime":4172,"items_purged":["Defend_G"],"score":767,"play_id":"50b840bd-b773-4d8e-b28b-1cd14c328146","local_time":"20210129230951","is_ascension_mode":true,"campfire_choices":[{"data":"Neutralize","floor":6,"key":"SMITH"},{"floor":11,"key":"REST"},{"floor":15,"key":"REST"},{"data":"Deadly Poison","floor":23,"key":"SMITH"},{"data":"Poisoned Stab","floor":25,"key":"SMITH"},{"data":"Noxious Fumes","floor":32,"key":"SMITH"},{"data":"Catalyst","floor":41,"key":"SMITH"},{"data":"Sucker Punch","floor":45,"key":"SMITH"},{"data":"Cloak And Dagger","floor":49,"key":"SMITH"}],"circlet_count":0,"master_deck":["Strike_G","Strike_G","Strike_G+1","Strike_G","Defend_G","Defend_G","Survivor","Neutralize+1","Flying Knee","Sucker Punch+1","Cloak And Dagger+1","Poisoned Stab+1","Dagger Spray+1","Adrenaline","Bane+1","Unload+1","Backstab+1","Backstab+1","Blade Dance+1","Deadly Poison+1","Flying Knee+1","Backflip+1","Escape Plan+1","Poisoned Stab+1","Noxious Fumes+1","Catalyst+1","Escape Plan","Poisoned Stab+1","Blur+1","Madness","Madness","Caltrops","Backstab+1","hubris:DuctTapeCard"],"relics":["Ring of the Snake","aspiration:Nostalgia","animator:PurgingStone","hubris:Towel","Shuriken","FossilizedHelix","Molten Egg 2","hubris:AstralHammer","Matryoshka","aspiration:RitualDagger","aspiration:SneckoTail","Tiny Chest","Lantern","Strawberry","Peace Pipe","Tiny House","hubris:MedicalManual","ClockworkSouvenir","Kunai","hubris:TenFootPole","Incense Burner","hubris:DuctTape","Oddly Smooth Stone","aspiration:ChemicalBlood"],"acts_visited":["Exordium","TheCity","TheBeyond"],"potions_floor_usage":[16,21,24,30,30,33,44,50,50,50,50,50],"damage_taken":[{"damage":0,"enemies":"Cultist","floor":1,"turns":4},{"damage":0,"enemies":"2 Louse","floor":5,"turns":4},{"damage":31,"enemies":"Lagavulin","floor":7,"turns":6},{"damage":0,"enemies":"Jaw Worm","floor":8,"turns":3},{"damage":0,"enemies":"Blue Slaver","floor":10,"turns":3},{"damage":8,"enemies":"Large Slime","floor":13,"turns":5},{"damage":12,"enemies":"3 Sentries","floor":14,"turns":6},{"damage":4,"enemies":"Hexaghost","floor":16,"turns":7},{"damage":11,"enemies":"Spheric Guardian","floor":18,"turns":3},{"damage":3,"enemies":"Shell Parasite","floor":20,"turns":2},{"damage":14,"enemies":"Shelled Parasite and Fungi","floor":21,"turns":3},{"damage":26,"enemies":"Snake Plant","floor":22,"turns":3},{"damage":34,"enemies":"Book of Stabbing","floor":24,"turns":5},{"damage":7,"enemies":"Sentry and Sphere","floor":27,"turns":3},{"damage":10,"enemies":"Cultist and Chosen","floor":28,"turns":4},{"damage":9,"enemies":"Gremlin Leader","floor":30,"turns":4},{"damage":37,"enemies":"Collector","floor":33,"turns":5},{"damage":7,"enemies":"Orb Walker","floor":35,"turns":2},{"damage":49,"enemies":"Mind Bloom Boss Battle","floor":36,"turns":5},{"damage":30,"enemies":"Giant Head","floor":40,"turns":7},{"damage":19,"enemies":"3 Shapes","floor":42,"turns":3},{"damage":23,"enemies":"Reptomancer","floor":44,"turns":4},{"damage":28,"enemies":"Writhing Mass","floor":47,"turns":5},{"damage":11,"enemies":"4 Shapes","floor":48,"turns":3},{"damage":89,"enemies":"Donu and Deca","floor":50,"turns":9}],"seed_played":"-6511427700187891169","potions_obtained":[{"floor":1,"key":"SpeedPotion"},{"floor":14,"key":"DistilledChaos"},{"floor":16,"key":"SkillPotion"},{"floor":21,"key":"LiquidBronze"},{"floor":22,"key":"GhostInAJar"},{"floor":28,"key":"Fire Potion"},{"floor":30,"key":"DistilledChaos"},{"floor":34,"key":"GamblersBrew"},{"floor":35,"key":"EssenceOfSteel"},{"floor":40,"key":"DuplicationPotion"}],"is_trial":false,"path_per_floor":["M","?","?","?","M","R","E","M","T","M","R","?","M","E","R","B",null,"M","?","M","M","M","R","E","R","T","M","M","?","E","$","R","B",null,"M","?","$","?","T","E","R","M","T","E","R","$","M","M","R","B",null],"character_chosen":"THE_SILENT","items_purchased":["Peace Pipe","Catalyst","ClockworkSouvenir","aspiration:ChemicalBlood"],"campfire_rested":2,"item_purchase_floors":[31,31,37,46],"current_hp_per_floor":[70,70,59,47,47,47,16,16,16,16,37,37,29,17,38,34,70,59,59,56,42,16,16,57,57,57,58,65,65,77,77,77,71,82,77,52,52,42,42,67,67,63,63,67,67,67,55,60,60,27],"gold":43,"neow_bonus":"NOSTALGIA","is_daily":false,"chose_seed":false,"campfire_upgraded":7,"win_rate":0.0,"timestamp":1611958191,"path_taken":["M","?","?","?","M","R","E","M","T","M","R","?","?","E","R","BOSS","M","?","M","M","M","R","E","R","T","M","M","?","E","$","R","BOSS","M","?","$","?","?","E","R","M","T","E","R","?","?","M","R","BOSS"],"items_purchased_type":["Relic","Card","Relic","Relic"],"build_version":"2020-12-22","purchased_purges":1,"victory":true,"max_hp_per_floor":[70,70,70,70,70,70,70,70,70,70,70,70,70,70,70,70,70,70,70,70,70,70,70,70,70,70,70,70,70,77,77,77,77,82,82,82,82,82,82,82,82,82,82,82,82,82,82,82,82,82],"card_choices":[{"not_picked":["Accuracy","Calculated Gamble"],"picked":"Flying Knee","floor":1},{"not_picked":["Underhanded Strike","PiercingWail"],"picked":"Sucker Punch","floor":5},{"not_picked":["Flying Knee","Outmaneuver"],"picked":"Cloak And Dagger","floor":7},{"not_picked":["Slice","Backflip"],"picked":"Poisoned Stab","floor":8},{"not_picked":["Quick Slash+1","Accuracy"],"picked":"Dagger Spray+1","floor":10},{"not_picked":["Cloak And Dagger","Eviscerate+1"],"picked":"Adrenaline","floor":13},{"not_picked":["Accuracy","Blade Dance"],"picked":"Bane+1","floor":14},{"not_picked":["Tools of the Trade","Night Terror"],"picked":"Unload+1","floor":16},{"not_picked":["Skewer+1","Footwork"],"picked":"Backstab+1","floor":18},{"not_picked":["Slice+1","Deflect+1"],"picked":"Blade Dance","floor":20},{"not_picked":["Malaise","Cloak And Dagger"],"picked":"Deadly Poison","floor":21},{"not_picked":["Slice+1","Expertise+1"],"picked":"Flying Knee+1","floor":22},{"not_picked":["All Out Attack+1","Cloak And Dagger"],"picked":"Backflip+1","floor":24},{"not_picked":["Bouncing Flask","Dagger Spray+1"],"picked":"Escape Plan+1","floor":27},{"not_picked":["Prepared","Heel Hook+1"],"picked":"Poisoned Stab+1","floor":28},{"not_picked":["Cloak And Dagger+1","Skewer+1"],"picked":"Noxious Fumes","floor":30},{"not_picked":["PiercingWail","Dodge and Roll"],"picked":"Escape Plan","floor":34},{"not_picked":["Cloak And Dagger+1","Dodge and Roll"],"picked":"Poisoned Stab+1","floor":35},{"not_picked":["Dagger Throw+1","Blade Dance+1"],"picked":"Blur+1","floor":36},{"not_picked":["Cloak And Dagger+1","Dagger Spray+1"],"picked":"Caltrops","floor":40},{"not_picked":["Tactician+1","PiercingWail+1"],"picked":"Backstab+1","floor":42},{"not_picked":["Riddle With Holes+1","Cloak And Dagger+1","PiercingWail+1"],"picked":"SKIP","floor":44},{"not_picked":["Dodge and Roll+1","Riddle With Holes+1","Sucker Punch+1"],"picked":"SKIP","floor":47},{"not_picked":["Dagger Throw+1","Dodge and Roll","Malaise"],"picked":"SKIP","floor":48}],"player_experience":395167,"relics_obtained":[{"floor":7,"key":"FossilizedHelix"},{"floor":9,"key":"Molten Egg 2"},{"floor":14,"key":"Matryoshka"},{"floor":24,"key":"aspiration:SneckoTail"},{"floor":26,"key":"Tiny Chest"},{"floor":26,"key":"Lantern"},{"floor":30,"key":"Strawberry"},{"floor":36,"key":"hubris:MedicalManual"},{"floor":39,"key":"Kunai"},{"floor":39,"key":"hubris:TenFootPole"},{"floor":40,"key":"Incense Burner"},{"floor":43,"key":"hubris:DuctTape"},{"floor":44,"key":"Oddly Smooth Stone"}],"event_choices":[{"damage_healed":0,"gold_gain":75,"player_choice":"Gather Gold","damage_taken":11,"max_hp_gain":0,"max_hp_loss":0,"event_name":"World of Goop","floor":3,"gold_loss":0},{"damage_healed":0,"gold_gain":0,"player_choice":"Success","damage_taken":12,"relics_obtained":["Shuriken"],"max_hp_gain":0,"max_hp_loss":0,"event_name":"Scrap Ooze","floor":4,"gold_loss":0},{"damage_healed":0,"gold_gain":0,"player_choice":"Gave Potion","damage_taken":0,"relics_obtained":["hubris:AstralHammer"],"max_hp_gain":0,"max_hp_loss":0,"event_name":"WeMeetAgain","floor":12,"gold_loss":0},{"damage_healed":0,"gold_gain":0,"player_choice":"Copied","damage_taken":0,"max_hp_gain":0,"max_hp_loss":0,"event_name":"Duplicator","floor":19,"gold_loss":0,"cards_obtained":["Backstab"]},{"cards_removed":["Strike_G"],"damage_healed":0,"gold_gain":0,"player_choice":"Upgrade and Remove","damage_taken":0,"max_hp_gain":0,"max_hp_loss":0,"event_name":"Designer","floor":29,"gold_loss":90,"cards_upgraded":["Blade Dance"]},{"damage_healed":0,"gold_gain":0,"player_choice":"Fight","damage_taken":0,"max_hp_gain":0,"max_hp_loss":0,"event_name":"MindBloom","floor":36,"gold_loss":0},{"damage_healed":0,"gold_gain":0,"player_choice":"Embrace Madness","damage_taken":10,"max_hp_gain":0,"max_hp_loss":0,"event_name":"Winding Halls","floor":38,"gold_loss":0,"cards_obtained":["Madness","Madness"]}],"is_beta":false,"boss_relics":[{"not_picked":["hubris:TerracottaHorce","hubris:CrackedHourglass"],"picked":"aspiration:RitualDagger"},{"not_picked":["Cursed Key","hubris:GrandSneckoEye"],"picked":"Tiny House"}],"items_purged_floors":[31],"is_endless":false,"potions_floor_spawned":[1,14,16,21,22,28,30,35,40,48],"ascension_level":1}}