{"host":"opg65mucj6ra7dr1","time":1611943338,"event":{"mods":["BaseMod","DeckTracker","Keyboard Shortcuts","Minty Spire (QoL Compilation)","Permanent Neow","Quick Restart","everything is the same but u backflip on backflip"],"gold_per_floor":[115,115,138,138,138,138,182,182,182,182,213,239,253,253,253,376,376,391,391,316,9,24,24,49,87,114,14,14,38,38,55,55,157,157,174,187,13,13,13,39,64,64,142,161,161,177,177,177,177,177,177],"floor_reached":50,"language":"KOR","playtime":1489,"items_purged":["Strike_G","Defend_G"],"score":755,"play_id":"9a00eef7-dbb7-4d2a-8516-b7ee5042e10f","local_time":"20210130030218","is_ascension_mode":true,"campfire_choices":[{"data":"Quick Slash","floor":6.0,"key":"SMITH"},{"floor":8.0,"key":"REST"},{"data":"Bouncing Flask","floor":10.0,"key":"SMITH"},{"data":"Catalyst","floor":15.0,"key":"SMITH"},{"data":"Noxious Fumes","floor":23.0,"key":"SMITH"},{"floor":28.0,"key":"REST"},{"floor":32.0,"key":"REST"},{"data":"Calculated Gamble","floor":42.0,"key":"SMITH"},{"floor":47.0,"key":"REST"},{"floor":49.0,"key":"RECALL"}],"circlet_count":0,"master_deck":["Strike_G","Defend_G","Defend_G+1","Defend_G+1","Survivor","Quick Slash+1","Bouncing Flask+1","Corpse Explosion","Dagger Spray","Catalyst+1","Burst","Prepared","Neutralize","Noxious Fumes+1","Dagger Throw+1","Blur+1","Calculated Gamble+1","Dagger Throw+1","Setup","Prepared+1","Flying Knee+1","Backflip","Catalyst+1","After Image+1"],"relics":["Ring of the Snake","NeowsBlessing","Bloody Idol","FossilizedHelix","TungstenRod","Happy Flower","Juzu Bracelet","Empty Cage","War Paint","Nunchaku","Tiny Chest","SacredBark","DollysMirror","Blood Vial","Potion Belt"],"acts_visited":["Exordium","TheCity","TheBeyond"],"potions_floor_usage":[50],"damage_taken":[{"damage":0.0,"enemies":"Jaw Worm","floor":1.0,"turns":1.0},{"damage":0.0,"enemies":"2 Louse","floor":3.0,"turns":1.0},{"damage":0.0,"enemies":"Cultist","floor":5.0,"turns":1.0},{"damage":32.0,"enemies":"Lagavulin","floor":7.0,"turns":6.0},{"damage":9.0,"enemies":"Gremlin Nob","floor":11.0,"turns":4.0},{"damage":0.0,"enemies":"Exordium Thugs","floor":13.0,"turns":3.0},{"damage":1.0,"enemies":"Hexaghost","floor":16.0,"turns":6.0},{"damage":10.0,"enemies":"2 Thieves","floor":18.0,"turns":2.0},{"damage":0.0,"enemies":"Chosen","floor":22.0,"turns":4.0},{"damage":0.0,"enemies":"Snake Plant","floor":24.0,"turns":3.0},{"damage":27.0,"enemies":"Book of Stabbing","floor":25.0,"turns":5.0},{"damage":30.0,"enemies":"Shelled Parasite and Fungi","floor":29.0,"turns":5.0},{"damage":0.0,"enemies":"Centurion and Healer","floor":31.0,"turns":2.0},{"damage":47.0,"enemies":"Champ","floor":33.0,"turns":7.0},{"damage":12.0,"enemies":"3 Darklings","floor":35.0,"turns":3.0},{"damage":8.0,"enemies":"3 Shapes","floor":36.0,"turns":5.0},{"damage":23.0,"enemies":"Reptomancer","floor":40.0,"turns":5.0},{"damage":20.0,"enemies":"Jaw Worm Horde","floor":44.0,"turns":3.0},{"damage":21.0,"enemies":"4 Shapes","floor":46.0,"turns":4.0},{"damage":42,"enemies":"Donu and Deca","floor":50,"turns":4}],"seed_played":"1589615156526114067","potions_obtained":[{"floor":1.0,"key":"FairyPotion"},{"floor":3.0,"key":"Energy Potion"},{"floor":24.0,"key":"FearPotion"},{"floor":25.0,"key":"Energy Potion"},{"floor":29.0,"key":"Poison Potion"},{"floor":33.0,"key":"Poison Potion"},{"floor":36.0,"key":"ColorlessPotion"},{"floor":40.0,"key":"SteroidPotion"}],"is_trial":false,"path_per_floor":["M","?","M","?","M","R","E","R","T","R","E","T","M","?","R","B",null,"M","?","?","$","M","R","M","E","T","$","R","M","?","M","R","B",null,"M","M","$","?","?","E","T","R","T","M","?","M","R","?","R","B"],"character_chosen":"THE_SILENT","items_purchased":["Noxious Fumes","War Paint","Backflip","DollysMirror"],"campfire_rested":4,"item_purchase_floors":[21,21,37,37],"current_hp_per_floor":[63,46,46,46,46,46,14,35,35,35,26,26,26,26,26,25,59,49,49,49,49,49,49,49,22,22,22,43,13,13,18,39,26,59,52,49,49,49,49,31,36,36,41,28,28,14,33,33,33,0,0],"gold":177,"neow_bonus":"THREE_ENEMY_KILL","is_daily":false,"chose_seed":false,"campfire_upgraded":5,"win_rate":0.0,"timestamp":1611943338,"path_taken":["M","?","M","?","?","R","E","R","T","R","E","?","M","?","R","BOSS","M","?","?","$","M","R","M","E","T","$","R","M","?","M","R","BOSS","M","M","$","?","?","E","?","R","T","M","?","M","R","?","R","BOSS"],"items_purchased_type":["Card","Relic","Card","Relic"],"build_version":"2020-12-22","purchased_purges":2,"victory":false,"max_hp_per_floor":[70,70,70,70,70,70,70,70,70,70,70,70,70,70,70,70,70,70,70,70,70,70,70,70,70,70,70,70,70,70,70,70,70,70,70,70,70,66,66,66,66,66,66,66,66,66,66,66,66,66,66],"card_choices":[{"not_picked":["Infinite Blades","Riddle With Holes"],"picked":"Quick Slash","floor":1.0},{"not_picked":["Deadly Poison","PiercingWail"],"picked":"Bouncing Flask","floor":3.0},{"not_picked":["Sucker Punch","PiercingWail","Slice"],"picked":"SKIP","floor":5.0},{"not_picked":["Storm of Steel","Quick Slash"],"picked":"Corpse Explosion","floor":7.0},{"not_picked":["Eviscerate","Prepared"],"picked":"Dagger Spray","floor":11.0},{"not_picked":["Flying Knee","Setup"],"picked":"Catalyst","floor":13.0},{"not_picked":["Grand Finale","Die Die Die"],"picked":"Burst","floor":16.0},{"not_picked":["Bane","All Out Attack"],"picked":"Prepared","floor":18.0},{"not_picked":["Infinite Blades","Flying Knee"],"picked":"Dagger Throw+1","floor":22.0},{"not_picked":["Sucker Punch+1","Deflect"],"picked":"Blur+1","floor":24.0},{"not_picked":["Cloak And Dagger+1","Masterful Stab"],"picked":"Calculated Gamble","floor":25.0},{"not_picked":["Cloak And Dagger+1","Underhanded Strike"],"picked":"Dagger Throw+1","floor":29.0},{"not_picked":["Dagger Spray","Dash"],"picked":"Setup","floor":31.0},{"not_picked":["Deflect","PiercingWail+1"],"picked":"Prepared+1","floor":35.0},{"not_picked":["Skewer","Dagger Spray"],"picked":"Flying Knee+1","floor":36.0},{"not_picked":["Terror+1","Concentrate+1","Dash+1"],"picked":"SKIP","floor":40.0},{"not_picked":["Dagger Spray","Outmaneuver","Blade Dance"],"picked":"SKIP","floor":44.0},{"not_picked":["All Out Attack","Blade Dance+1"],"picked":"After Image","floor":46.0}],"player_experience":152445,"relics_obtained":[{"floor":7.0,"key":"FossilizedHelix"},{"floor":9.0,"key":"TungstenRod"},{"floor":11.0,"key":"Happy Flower"},{"floor":12.0,"key":"Juzu Bracelet"},{"floor":25.0,"key":"Nunchaku"},{"floor":26.0,"key":"Tiny Chest"},{"floor":40.0,"key":"Blood Vial"},{"floor":41.0,"key":"Potion Belt"}],"event_choices":[{"damage_healed":0.0,"max_hp_gain":0.0,"max_hp_loss":0.0,"gold_gain":0.0,"event_name":"Golden Idol","player_choice":"Take Damage","floor":2.0,"gold_loss":0.0,"damage_taken":17.0,"relics_obtained":["Golden Idol"]},{"cards_removed":["Strike_G"],"damage_healed":0.0,"max_hp_gain":0.0,"max_hp_loss":0.0,"gold_gain":0.0,"event_name":"Bonfire Elementals","player_choice":"Offered Basic","floor":4.0,"gold_loss":0.0,"damage_taken":0.0},{"damage_healed":0.0,"max_hp_gain":0.0,"max_hp_loss":0.0,"gold_gain":0.0,"event_name":"Liars Game","player_choice":"Ignored","floor":14.0,"gold_loss":0.0,"damage_taken":0.0},{"damage_healed":0.0,"max_hp_gain":0.0,"max_hp_loss":0.0,"gold_gain":0.0,"event_name":"Match and Keep!","player_choice":"1 cards matched","floor":19.0,"gold_loss":0.0,"damage_taken":0.0,"cards_obtained":["Neutralize"]},{"cards_removed":["Defend_G"],"damage_healed":0.0,"max_hp_gain":0.0,"max_hp_loss":0.0,"gold_gain":0.0,"event_name":"Beggar","player_choice":"Gave Gold","floor":20.0,"gold_loss":75.0,"damage_taken":0.0},{"damage_healed":0.0,"max_hp_gain":0.0,"max_hp_loss":0.0,"gold_gain":0.0,"event_name":"Forgotten Altar","player_choice":"Gave Idol","floor":30.0,"relics_lost":["Golden Idol"],"gold_loss":0.0,"damage_taken":0.0,"relics_obtained":["Bloody Idol"]},{"damage_healed":0.0,"max_hp_gain":0.0,"max_hp_loss":4.0,"gold_gain":0.0,"event_name":"Winding Halls","player_choice":"Max HP","floor":38.0,"gold_loss":0.0,"damage_taken":0.0},{"cards_removed":["Neutralize"],"damage_healed":0.0,"max_hp_gain":0.0,"max_hp_loss":0.0,"gold_gain":0.0,"event_name":"Falling","player_choice":"Removed Attack","floor":39.0,"gold_loss":0.0,"damage_taken":0.0},{"damage_healed":0.0,"max_hp_gain":0.0,"max_hp_loss":0.0,"gold_gain":0.0,"event_name":"Mysterious Sphere","player_choice":"Ignored","floor":45.0,"gold_loss":0.0,"damage_taken":0.0},{"damage_healed":0.0,"max_hp_gain":0.0,"max_hp_loss":0.0,"gold_gain":0.0,"event_name":"Upgrade Shrine","player_choice":"Upgraded","floor":48.0,"gold_loss":0.0,"damage_taken":0.0,"cards_upgraded":["After Image"]}],"is_beta":false,"boss_relics":[{"not_picked":["Fusion Hammer","Philosopher\u0027s Stone"],"picked":"Empty Cage"},{"not_picked":["Cursed Key","Calling Bell"],"picked":"SacredBark"}],"items_purged_floors":[21,27],"is_endless":false,"potions_floor_spawned":[1,3,24,25,29,33,36,40],"killed_by":"Donu and Deca","ascension_level":9}}