{"host":"w3znmyy6nqoc7418","time":1611932119,"event":{"mods":["BaseMod","Minty Spire (QoL Compilation)","Replay The Spire","Shop Mod","StSLib"],"gold_per_floor":[118,135,135,151,326,353,383,383,408,15,15,15,27,75,75,191,191,234,236,236],"floor_reached":19,"language":"ZHS","playtime":515,"items_purged":["Doubt"],"score":242,"play_id":"e375472a-f964-4fe3-9bd6-4ad97f049154","local_time":"20210129225519","is_ascension_mode":true,"campfire_choices":[{"data":"Sadistic Nature","floor":12,"key":"SMITH"},{"data":"ReplayTheSpireMod:Shiv Toss","floor":15,"key":"SMITH"}],"circlet_count":0,"master_deck":["Survivor","Neutralize","Toxin Wave","Blade Dance","ReplayTheSpireMod:Shiv Toss+1","Atom Bomb","Sadistic Nature+1","Escape Plan","Choke","Die Die Die","PiercingWail","Well Laid Plans","Envenom","Setup","Noxious Fumes","Tools of the Trade","Concentrate","Quick Slash","All Out Attack","Predator"],"relics":["Cursed Key","Replay:Bandana","Omamori","Lee\u0027s Waffle","Mirror","Pandora\u0027s Box"],"acts_visited":["Exordium","TheCity"],"potions_floor_usage":[6,6,14,16],"damage_taken":[{"damage":0.0,"enemies":"2 Louse","floor":1.0,"turns":3.0},{"damage":0.0,"enemies":"Cultist","floor":2.0,"turns":4.0},{"damage":0.0,"enemies":"Small Slimes","floor":4.0,"turns":3.0},{"damage":39,"enemies":"Gremlin Nob","floor":6,"turns":5},{"damage":5,"enemies":"2 Fungi Beasts","floor":7,"turns":3},{"damage":0,"enemies":"Blue Slaver","floor":13,"turns":1},{"damage":4,"enemies":"Lagavulin","floor":14,"turns":3},{"damage":66,"enemies":"Hexaghost","floor":16,"turns":7},{"damage":12,"enemies":"3 Byrds","floor":18,"turns":4},{"damage":0,"enemies":"Chosen","floor":19,"turns":1}],"seed_played":"1446796999871972351","potions_obtained":[{"floor":2.0,"key":"Elixir"},{"floor":4.0,"key":"Swift Potion"},{"floor":11,"key":"PowerPotion"},{"floor":11,"key":"Flashbang"},{"floor":11,"key":"Cursed Concoction"},{"floor":14,"key":"Reflective Coating"},{"floor":18,"key":"GhostInAJar"}],"is_trial":false,"path_per_floor":["M","M","?","M","?","E","M","?","T","$","?","R","M","E","R","B",null,"M","M"],"character_chosen":"THE_SILENT","items_purchased":["Lee\u0027s Waffle","Sadistic Nature"],"campfire_rested":0,"item_purchase_floors":[10,10],"current_hp_per_floor":[70,70,70,70,70,31,26,1,1,77,77,77,77,73,73,7,77,65,65,65],"gold":236,"neow_bonus":"BOSS_RELIC","is_daily":false,"chose_seed":false,"campfire_upgraded":2,"win_rate":0.0,"timestamp":1611932119,"path_taken":["M","M","?","?","?","E","M","?","T","$","?","R","M","E","R","BOSS","M","?"],"items_purchased_type":["Relic","Card"],"build_version":"2020-12-22","purchased_purges":1,"victory":false,"max_hp_per_floor":[70,70,70,70,70,70,70,70,70,77,77,77,77,77,77,77,77,77,77,77],"card_choices":[{"not_picked":["Quick Slash","Dagger Spray"],"picked":"Toxin Wave","floor":1.0},{"not_picked":["Deadly Poison","Quick Slash","Hidden Blade"],"picked":"SKIP","floor":2.0},{"not_picked":["Dagger Throw","PiercingWail"],"picked":"Blade Dance","floor":4.0},{"not_picked":["Cloak And Dagger","Outmaneuver"],"picked":"ReplayTheSpireMod:Shiv Toss","floor":6},{"not_picked":["Dagger Spray","PiercingWail"],"picked":"Atom Bomb","floor":7},{"not_picked":["Underhanded Strike","Slice"],"picked":"Escape Plan","floor":13},{"not_picked":["Cloak And Dagger","Blur"],"picked":"Choke","floor":14},{"not_picked":["Glass Knife","Adrenaline"],"picked":"Die Die Die","floor":16},{"not_picked":["Bane","PiercingWail","Outmaneuver"],"picked":"SKIP","floor":18}],"player_experience":66129,"relics_obtained":[{"floor":6,"key":"Replay:Bandana"},{"floor":14,"key":"Mirror"}],"event_choices":[{"damage_healed":0.0,"max_hp_gain":0.0,"max_hp_loss":0.0,"gold_gain":0.0,"event_name":"The Woman in Blue","player_choice":"Bought 0 Potions","floor":3.0,"gold_loss":0.0,"damage_taken":0.0},{"damage_healed":0.0,"max_hp_gain":0.0,"max_hp_loss":0.0,"gold_gain":175.0,"event_name":"Liars Game","player_choice":"AGREE","floor":5.0,"gold_loss":0.0,"damage_taken":0.0,"cards_obtained":["Doubt"]},{"damage_healed":0,"gold_gain":0,"player_choice":"Success","damage_taken":25,"relics_obtained":["Omamori"],"max_hp_gain":0,"max_hp_loss":0,"event_name":"Scrap Ooze","floor":8,"gold_loss":0},{"damage_healed":0,"gold_gain":0,"player_choice":"Got Potions","damage_taken":0,"max_hp_gain":0,"max_hp_loss":0,"event_name":"Lab","floor":11,"gold_loss":0}],"is_beta":false,"boss_relics":[{"not_picked":["Runic Pyramid","Velvet Choker"],"picked":"Pandora\u0027s Box"}],"items_purged_floors":[10],"is_endless":false,"potions_floor_spawned":[2,4,14,18],"killed_by":"Chosen","ascension_level":4}}