{"host":"1ecbliur7lfoj0sl","time":1611925893,"event":{"mods":["BaseMod","Downfall","Minty Spire (QoL Compilation)","StSLib","Waifu the Spire"],"gold_per_floor":[99,117,117,136,136,168,168,185,199,215,215,226,226,236,252,357,357,357,375,386,486,486,386,386,386,402,320,213,213,241,241,266,365,365,365,384,403,403,535,589,615,628,646,670,699,499,349,369,384,384,384,418,87,87,87,87],"floor_reached":57,"language":"ZHS","playtime":4311,"items_purged":["hexamod:Strike","hexamod:Strike+1","hexamod:Defend","hexamod:Sear+1","hexamod:TimeWarp"],"score":1487,"play_id":"0469fff6-8ba8-497c-9ee3-0ac6e459f324","local_time":"20210129211133","is_ascension_mode":true,"campfire_choices":[{"data":"hexamod:Float","floor":1.0,"key":"SMITH"},{"data":"hexamod:Toasty","floor":11.0,"key":"SMITH"},{"data":"hexamod:SpectralSpark","floor":13.0,"key":"SMITH"},{"floor":18.0,"key":"RECALL"},{"data":"hexamod:Sear","floor":23.0,"key":"SMITH"},{"floor":25.0,"key":"REST"},{"data":"hexamod:EmpoweredFlame","floor":35.0,"key":"SMITH"},{"data":"hexamod:Rewind","floor":46.0,"key":"SMITH"},{"data":"hexamod:ExtraCrispy","floor":54.0,"key":"SMITH"}],"circlet_count":0,"master_deck":["hexamod:Defend+1","hexamod:Defend+1","hexamod:Float+1","Flash of Steel+1","hexamod:FlamesFromBeyond+1","hexamod:Toasty+1","hexamod:SkipABeat+1","hexamod:SpectralSpark+1","hexamod:ExtraCrispy+1","hexamod:Hexaguard+1","hexamod:GhostOfSpirePast+1","hexamod:EmpoweredFlame+1","hexamod:RecurringNightmare+1","hexamod:Rewind+1","hexamod:HeatShield+1"],"relics":["hexamod:SpiritBrand","Guardian:PocketSentry","Nunchaku","Potion Belt","SlaversCollar","Bird Faced Urn","Mummified Hand","downfall:HeartBlessingRed","HornCleat","Blue Candle","hexamod:TheBrokenSeal","Empty Cage","FossilizedHelix","Orichalcum","Bronze Scales","downfall:HeartBlessingGreen","downfall:HeartBlessingBlue","Mango","hexamod:MatchstickCase"],"acts_visited":["Exordium","TheCity","TheBeyond","TheEnding"],"potions_floor_usage":[56,56],"damage_taken":[{"damage":1.0,"enemies":"Jaw Worm","floor":2.0,"turns":3.0},{"damage":0.0,"enemies":"2 Louse","floor":4.0,"turns":3.0},{"damage":12.0,"enemies":"Gremlin Nob","floor":6.0,"turns":4.0},{"damage":0.0,"enemies":"Cultist","floor":8.0,"turns":2.0},{"damage":6.0,"enemies":"Gremlin Gang","floor":9.0,"turns":4.0},{"damage":0.0,"enemies":"Lots of Slimes","floor":10.0,"turns":4.0},{"damage":7.0,"enemies":"Blue Slaver","floor":12.0,"turns":3.0},{"damage":0.0,"enemies":"Exordium Wildlife","floor":14.0,"turns":3.0},{"damage":3.0,"enemies":"Gremlin Gang","floor":15.0,"turns":3.0},{"damage":22.0,"enemies":"SI_SHIV_ARCHETYPE","floor":16.0,"turns":6.0},{"damage":0.0,"enemies":"3 Byrds","floor":19.0,"turns":5.0},{"damage":16.0,"enemies":"3 Cultists","floor":20.0,"turns":5.0},{"damage":22.0,"enemies":"WA_ARCHETYPE_RETAIN","floor":21.0,"turns":6.0},{"damage":5.0,"enemies":"Centurion and Healer","floor":26.0,"turns":5.0},{"damage":0.0,"enemies":"downfall:FleeingMerchant","floor":27.0,"turns":4.0},{"damage":0.0,"enemies":"downfall:FleeingMerchant","floor":28.0,"turns":4.0},{"damage":11.0,"enemies":"Chosen and Byrds","floor":30.0,"turns":5.0},{"damage":7.0,"enemies":"Snake Plant","floor":32.0,"turns":4.0},{"damage":12.0,"enemies":"IC_MUSHROOM_ARCHETYPE","floor":33.0,"turns":5.0},{"damage":0.0,"enemies":"3 Darklings","floor":36.0,"turns":3.0},{"damage":0.0,"enemies":"3 Shapes","floor":37.0,"turns":4.0},{"damage":0.0,"enemies":"downfall:FleeingMerchant","floor":39.0,"turns":3.0},{"damage":6.0,"enemies":"2 Orb Walkers","floor":40.0,"turns":3.0},{"damage":0.0,"enemies":"Transient","floor":42.0,"turns":5.0},{"damage":0.0,"enemies":"Spire Growth","floor":43.0,"turns":3.0},{"damage":0.0,"enemies":"Giant Head","floor":45.0,"turns":6.0},{"damage":0.0,"enemies":"4 Shapes","floor":48.0,"turns":4.0},{"damage":0.0,"enemies":"Jaw Worm Horde","floor":49.0,"turns":3.0},{"damage":0.0,"enemies":"DF_ARCHETYPE_ORBS","floor":50.0,"turns":6.0},{"damage":22.0,"enemies":"downfall:CharBossMerchant","floor":52.0,"turns":5.0},{"damage":4,"enemies":"downfall:NeowBoss","floor":55,"turns":9},{"damage":65,"enemies":"downfall:NeowBossFinal","floor":56,"turns":6}],"seed_played":"-6341089299018559396","potions_obtained":[{"floor":8.0,"key":"LiquidMemories"},{"floor":9.0,"key":"Strength Potion"},{"floor":10.0,"key":"Dexterity Potion"},{"floor":12.0,"key":"SkillPotion"},{"floor":16.0,"key":"Fire Potion"},{"floor":19.0,"key":"Swift Potion"},{"floor":19.0,"key":"Fire Potion"},{"floor":20.0,"key":"SneckoOil"},{"floor":26.0,"key":"Slimebound:ThreeZeroPotion"},{"floor":27.0,"key":"Dexterity Potion"},{"floor":28.0,"key":"Fire Potion"},{"floor":30.0,"key":"Fire Potion"},{"floor":42.0,"key":"Fruit Juice"},{"floor":49.0,"key":"PowerPotion"},{"floor":52.0,"key":"Energy Potion"}],"is_trial":false,"path_per_floor":["R","M","?","M","?","E","T","M","M","M","R","M","R","M","M","B",null,"R","M","M","?","?","R","T","R","M","$","$","?","M","?","M","B",null,"R","M","M","?","$","?","T","M","M","T","E","R","$","M","M","B",null,"E","$","R","B","B",null],"character_chosen":"THE_SPIRIT","items_purchased":["hexamod:Rewind","hexamod:MatchstickCase"],"campfire_rested":1,"item_purchase_floors":[39,53],"current_hp_per_floor":[70,69,51,51,51,39,39,39,33,33,33,26,26,26,23,1,70,70,70,54,32,32,32,32,53,67,70,70,70,68,63,80,68,80,80,80,80,80,80,76,76,85,85,85,85,95,95,95,95,95,95,87,87,87,89,32],"gold":87,"neow_bonus":"RANDOM_COLORLESS","is_daily":false,"chose_seed":false,"campfire_upgraded":7,"win_rate":0.0,"timestamp":1611925893,"path_taken":["R","M","?","M","?","E","T","?","?","M","R","?","R","M","M","BOSS","R","M","M","?","?","R","T","R","?","?","$","?","M","?","M","BOSS","R","M","M","?","?","?","T","M","M","?","E","R","$","M","M","BOSS","E","$","R","BOSS","BOSS"],"items_purchased_type":["Card","Relic"],"build_version":"2020-12-22","purchased_purges":5,"victory":true,"max_hp_per_floor":[70,70,70,70,70,70,70,70,70,70,70,70,70,70,70,70,70,70,70,70,70,70,70,70,70,70,70,70,70,70,70,80,80,80,80,80,80,80,80,80,80,85,85,85,85,95,95,95,95,95,95,109,109,109,109,109],"card_choices":[{"not_picked":["Purity","Enlightenment"],"picked":"Flash of Steel","floor":0.0},{"not_picked":["hexamod:HeatShield","hexamod:SuperheatedStrike","hexamod:SpectersWail"],"picked":"SKIP","floor":2.0},{"not_picked":["hexamod:SpectralAdrenaline","hexamod:HeatCrush"],"picked":"hexamod:FlamesFromBeyond","floor":4.0},{"not_picked":["hexamod:Incineration","hexamod:GhostShield"],"picked":"hexamod:Toasty","floor":6.0},{"not_picked":["hexamod:SwordOfDarkness","hexamod:HauntingEcho"],"picked":"hexamod:SkipABeat","floor":8.0},{"not_picked":["hexamod:GhostLash","hexamod:NightmareStrike"],"picked":"hexamod:SpectralSpark","floor":9.0},{"not_picked":["hexamod:SpectersWail","hexamod:SkipABeat","hexamod:Firestarter"],"picked":"SKIP","floor":10.0},{"not_picked":["hexamod:SwordOfDarkness","hexamod:DynamicBlow","hexamod:BacktrackSmack"],"picked":"SKIP","floor":12.0},{"not_picked":["hexamod:EmpoweredFlame","hexamod:NightmareStrike"],"picked":"hexamod:ExtraCrispy","floor":14.0},{"not_picked":["hexamod:ThirdSeal","hexamod:GhostLash"],"picked":"hexamod:FourthSeal","floor":15.0},{"not_picked":["hexamod:ApocalypseNow","hexamod:TimeOfNeed"],"picked":"hexamod:FifthSeal","floor":16.0},{"not_picked":["hexamod:InspiringFlames","hexamod:Incineration","hexamod:FlamesFromBeyond"],"picked":"SKIP","floor":19.0},{"not_picked":["hexamod:SwordOfDarkness","hexamod:HeatMetal"],"picked":"hexamod:Hexaguard+1","floor":20.0},{"not_picked":["hexamod:SecondSeal","hexamod:ThirdSeal"],"picked":"hexamod:SixthSeal","floor":20.0},{"not_picked":["hexamod:ThirdSeal","hexamod:FourthSeal"],"picked":"hexamod:FirstSeal","floor":21.0},{"not_picked":["hexamod:FlamesFromBeyond","hexamod:HeatShield+1"],"picked":"hexamod:GhostOfSpirePast","floor":21.0},{"not_picked":["hexamod:SixthSeal","hexamod:FourthSeal"],"picked":"hexamod:SecondSeal","floor":26.0},{"not_picked":["hexamod:NecessarySacrifice","hexamod:DynamicBlow+1","hexamod:SecondSeal"],"picked":"SKIP","floor":26.0},{"not_picked":["hexamod:Firestarter","hexamod:GhostflameBarrier","hexamod:CatchUp+1"],"picked":"SKIP","floor":27.0},{"not_picked":["hexamod:AdvancingGuard","hexamod:GhostLash","hexamod:NecessarySacrifice"],"picked":"SKIP","floor":28.0},{"not_picked":["hexamod:FirstSeal","hexamod:SixthSeal"],"picked":"hexamod:ThirdSeal","floor":30.0},{"not_picked":["hexamod:FlamesFromBeyond","hexamod:SecondSeal"],"picked":"hexamod:EmpoweredFlame","floor":30.0},{"not_picked":["hexamod:HeatCrush","hexamod:AdvancingGuard"],"picked":"hexamod:RecurringNightmare+1","floor":32.0},{"not_picked":["hexamod:NightmareGuise","hexamod:AdvancingGuard","hexamod:DynamicBlow+1"],"picked":"SKIP","floor":36.0},{"not_picked":["hexamod:SecondSeal","hexamod:SpectralSpark+1","hexamod:NightmareGuise"],"picked":"SKIP","floor":37.0},{"not_picked":["hexamod:Incineration+1","hexamod:StepThrough+1","hexamod:SpectersWail+1"],"picked":"SKIP","floor":39.0},{"not_picked":["hexamod:InspiringFlames","hexamod:HeatMetal","hexamod:Again"],"picked":"SKIP","floor":42.0},{"not_picked":["hexamod:GhostLash+1","hexamod:Firestarter","hexamod:PhantomCloak+1"],"picked":"SKIP","floor":43.0},{"not_picked":["hexamod:HauntingEcho","hexamod:ThermalTransfer"],"picked":"hexamod:TimeWarp","floor":45.0},{"not_picked":["hexamod:GhostShield","hexamod:ShieldOfDarkness","hexamod:GhostLash"],"picked":"SKIP","floor":48.0},{"not_picked":["hexamod:SwordOfDarkness","hexamod:SuperheatedStrike","hexamod:GhostOfSpirePresent"],"picked":"SKIP","floor":49.0},{"not_picked":["hexamod:VolcanoVisage","hexamod:DynamicBlow"],"picked":"hexamod:HeatShield+1","floor":52.0}],"player_experience":101894,"relics_obtained":[{"floor":6.0,"key":"Nunchaku"},{"floor":7.0,"key":"Potion Belt"},{"floor":21.0,"key":"Bird Faced Urn"},{"floor":21.0,"key":"Mummified Hand"},{"floor":24.0,"key":"HornCleat"},{"floor":40.0,"key":"FossilizedHelix"},{"floor":44.0,"key":"Orichalcum"},{"floor":45.0,"key":"Bronze Scales"},{"floor":52.0,"key":"Mango"}],"event_choices":[{"damage_healed":0.0,"max_hp_gain":0.0,"max_hp_loss":0.0,"gold_gain":0.0,"event_name":"Scrap Ooze","player_choice":"Success","floor":3.0,"gold_loss":0.0,"damage_taken":18.0,"relics_obtained":["Guardian:PocketSentry"]},{"cards_removed":["hexamod:Strike"],"damage_healed":0.0,"max_hp_gain":0.0,"max_hp_loss":0.0,"gold_gain":0.0,"event_name":"Bonfire Elementals","player_choice":"Offered Basic","floor":5.0,"gold_loss":0.0,"damage_taken":0.0},{"damage_healed":0.0,"max_hp_gain":0.0,"max_hp_loss":0.0,"gold_gain":0.0,"event_name":"Accursed Blacksmith","player_choice":"Forge","floor":22.0,"gold_loss":0.0,"damage_taken":0.0,"cards_upgraded":["hexamod:SkipABeat"]},{"damage_healed":0.0,"max_hp_gain":0.0,"max_hp_loss":0.0,"gold_gain":0.0,"event_name":"Mysterious Sphere","player_choice":"Fight","floor":40.0,"gold_loss":0.0,"damage_taken":0.0}],"is_beta":false,"boss_relics":[{"not_picked":["Philosopher\u0027s Stone","Busted Crown"],"picked":"SlaversCollar"},{"not_picked":["Fusion Hammer","Coffee Dripper"],"picked":"Empty Cage"}],"items_purged_floors":[27,28,39,47,53],"is_endless":false,"potions_floor_spawned":[8,9,10,12,16,19,20,30,32,36,42,49,52],"ascension_level":1}}