{"host":"mj8akmyfd5lo602f","time":1611959043,"event":{"mods":["2.2 Compatiblity","Act Like it!","BaseMod","Bestiary","BshForSts","Colored Map","Colored Powertips","Downfall","Highlight Path","Minty Spire (QoL Compilation)","Permanent Neow","Relic Stats","StSLib"],"gold_per_floor":[99,112,127,127,127,162,188,200,50,50,65,240,25,25,45,148,148,148,148],"floor_reached":17,"language":"ENG","playtime":1038,"items_purged":["Doubt"],"score":178,"play_id":"c1aea0f9-9190-4b03-a348-b5b1432f2744","local_time":"20210129222403","is_ascension_mode":false,"campfire_choices":[{"data":"sneckomod:UnendingSupply","floor":8.0,"key":"SMITH"}],"circlet_count":0,"master_deck":["sneckomod:Strike","sneckomod:Strike","sneckomod:Defend","sneckomod:Defend","sneckomod:Defend","sneckomod:TailWhip","sneckomod:SnekBite","sneckomod:Unknown","sneckomod:Unknown","SandsOfTime","sneckomod:UnknownWeak","sneckomod:UnendingSupply+1","sneckomod:UnknownDexterity","Reinforced Body","sneckomod:SlitherStrike","sneckomod:Nope","sneckomod:UnknownUncommonPower","sneckomod:UnknownDraw","sneckomod:DiceBlock","sneckomod:Restock","sneckomod:UnknownClassPURPLE","sneckomod:UnknownClassPURPLE","sneckomod:UnknownClassPURPLE","sneckomod:UnknownClassPURPLE","sneckomod:UnknownClassPURPLE"],"relics":["sneckomod:SneckoSoul","MealTicket","Ancient Tea Set","MawBank","Medical Kit","sneckomod:SneckoBoss"],"acts_visited":["Exordium","TheCity"],"potions_floor_usage":[16],"damage_taken":[{"damage":0.0,"enemies":"Jaw Worm","floor":2.0,"turns":3.0},{"damage":0.0,"enemies":"2 Louse","floor":3.0,"turns":2.0},{"damage":17.0,"enemies":"Lagavulin","floor":6.0,"turns":8.0},{"damage":3.0,"enemies":"downfall:FleeingMerchant","floor":9.0,"turns":4.0},{"damage":0,"enemies":"Small Slimes","floor":11,"turns":4},{"damage":5,"enemies":"downfall:FleeingMerchant","floor":13,"turns":4},{"damage":11,"enemies":"Blue Slaver","floor":15,"turns":6},{"damage":38,"enemies":"IC_STATUS_ARCHETYPE","floor":16,"turns":12}],"seed_played":"-8810098078653040673","potions_obtained":[{"floor":11,"key":"Block Potion"},{"floor":15,"key":"sneckomod:CheatPotion"}],"is_trial":false,"path_per_floor":["R","M","M","?","?","E","T","R","$","R","M","?","$","T","M","B",null],"character_chosen":"THE_SNECKO","items_purchased":["Medical Kit","sneckomod:UnknownUncommonPower","sneckomod:UnknownDraw"],"campfire_rested":0,"item_purchase_floors":[9,13,13],"current_hp_per_floor":[90,90,90,72,72,55,55,55,67,67,67,67,77,77,66,28,90,90,90],"gold":148,"neow_bonus":"THREE_CARDS","is_daily":false,"chose_seed":false,"campfire_upgraded":1,"win_rate":0.0,"timestamp":1611959043,"path_taken":["R","M","M","?","?","E","T","R","$","R","M","?","$","?","M","BOSS"],"items_purchased_type":["Relic","Card","Card"],"build_version":"2020-12-22","purchased_purges":1,"victory":false,"max_hp_per_floor":[90,90,90,90,90,90,90,90,90,90,90,90,90,90,90,90,90,90,90],"relic_stats":{"counters":[8,43],"MealTicket":30,"MawBank":24,"Medical Kit":[7],"obtain_stats":[{"MealTicket":4,"sneckomod:SneckoSoul":0,"Ancient Tea Set":6,"MawBank":7,"Medical Kit":9,"sneckomod:SneckoBoss":17},{"MealTicket":2,"sneckomod:SneckoSoul":0,"Ancient Tea Set":3,"MawBank":3,"Medical Kit":4,"sneckomod:SneckoBoss":8},{"MealTicket":5,"sneckomod:SneckoSoul":0,"Ancient Tea Set":13,"MawBank":13,"Medical Kit":17,"sneckomod:SneckoBoss":43}]},"card_choices":[{"not_picked":["sneckomod:IronFang","sneckomod:Unknown0Cost"],"picked":"sneckomod:UnknownUncommonAttack","floor":0.0},{"not_picked":["sneckomod:RainOfDice","sneckomod:QuickBite"],"picked":"sneckomod:UnknownWeak","floor":2.0},{"not_picked":["sneckomod:QuickBite","sneckomod:UnknownStrike"],"picked":"sneckomod:UnendingSupply","floor":3.0},{"not_picked":["sneckomod:UnknownStrength","sneckomod:Unknown0Cost"],"picked":"sneckomod:UnknownDexterity","floor":6.0},{"not_picked":["sneckomod:UnknownUncommonSkill","sneckomod:IronFang"],"picked":"sneckomod:UnknownBlock","floor":9.0},{"not_picked":["sneckomod:TrashToTreasure","sneckomod:UnendingSupply"],"picked":"sneckomod:SlitherStrike","floor":11},{"not_picked":["sneckomod:SoulDraw","sneckomod:UnknownBlock"],"picked":"sneckomod:Nope","floor":13},{"not_picked":["sneckomod:UnknownDraw","sneckomod:SoulExchange"],"picked":"sneckomod:DiceBlock","floor":15},{"not_picked":["sneckomod:Transmogrify","sneckomod:UnknownRareSkill"],"picked":"sneckomod:Restock","floor":16}],"player_experience":457597,"relics_obtained":[{"floor":6.0,"key":"Ancient Tea Set"},{"floor":7.0,"key":"MawBank"}],"event_choices":[{"damage_healed":0.0,"max_hp_gain":0.0,"max_hp_loss":0.0,"gold_gain":0.0,"event_name":"Scrap Ooze","player_choice":"Success","floor":4.0,"gold_loss":0.0,"damage_taken":18.0,"relics_obtained":["MealTicket"]}],"is_beta":false,"boss_relics":[{"not_picked":["Velvet Choker","expansioncontent:StudyCardRelic"],"picked":"sneckomod:SneckoBoss"}],"items_purged_floors":[13],"is_endless":false,"potions_floor_spawned":[11,15],"ascension_level":0}}