{"host":"m3rs92yjkwi06hli","time":1611935082,"event":{"mods":["Act Like it!","Aspiration","BaseMod","Colored Map","Conspire","Defuse TimeMaze Blight","Energized Spire","Hubris","Infinite Spire","Minty Spire (QoL Compilation)","Relic Stats","Replay The Spire","Spicy Shops","StSLib","The Blackbeard"],"gold_per_floor":[117,117,117,131,46,46,62,62,62,62,62,80,80,111,111,111,111,111],"floor_reached":16,"language":"ENG","playtime":432,"items_purged":[],"score":123,"play_id":"36556da5-36e4-4a47-957c-8ffc1ab3faa8","local_time":"20210129094442","is_ascension_mode":true,"campfire_choices":[{"data":"conspire:Banana","floor":6,"key":"SMITH"},{"data":"blackbeard:Rum","floor":8,"key":"SMITH"},{"data":"hubris:DuctTapeCard","floor":10,"key":"SMITH"},{"data":"blackbeard:IntimidatingStrike","floor":13,"key":"SMITH"},{"data":"blackbeard:Sword","floor":15,"key":"SMITH"}],"circlet_count":0,"master_deck":["blackbeard:BlackbeardStrike","blackbeard:BlackbeardStrike","blackbeard:IntimidatingStrike+1","blackbeard:BlackbeardDefend","blackbeard:BlackbeardDefend","blackbeard:BlackbeardDefend","blackbeard:BlackbeardDefend","blackbeard:Cutlass+1","blackbeard:PiratesWill","conspire:Banana+1","hubris:DuctTapeCard+2","blackbeard:TerrorOfTheSeas","blackbeard:Sword+1"],"relics":["blackbeard:LoadTheCannons","hubris:DuctTape","Omamori"],"acts_visited":["Exordium"],"potions_floor_usage":[],"damage_taken":[{"damage":0,"enemies":"Jaw Worm","floor":1,"turns":3},{"damage":0,"enemies":"2 Louse","floor":4,"turns":3},{"damage":2,"enemies":"Cultist","floor":7,"turns":5},{"damage":7,"enemies":"Large Slime","floor":12,"turns":7},{"damage":38,"enemies":"Gremlin Nob","floor":14,"turns":5},{"damage":52,"enemies":"Fading Forest","floor":16,"turns":7}],"seed_played":"-1876642822380040020","potions_obtained":[{"floor":1,"key":"Dexterity Potion"}],"is_trial":false,"path_per_floor":["M","?","?","M","$","R","M","R","T","R","?","M","R","E","R","B"],"character_chosen":"BLACKBEARD_CLASS","items_purchased":["conspire:Banana"],"campfire_rested":0,"item_purchase_floors":[5],"current_hp_per_floor":[75,75,75,75,75,75,75,75,75,75,75,70,70,34,34,0,0,0],"gold":111,"neow_bonus":"UPGRADE_CARD","is_daily":false,"chose_seed":false,"campfire_upgraded":5,"win_rate":0.0,"timestamp":1611935082,"path_taken":["M","?","?","M","$","R","?","R","T","R","?","M","R","E","R","BOSS"],"items_purchased_type":["Card"],"build_version":"2020-12-22","purchased_purges":0,"victory":false,"max_hp_per_floor":[75,75,75,75,75,75,77,77,77,77,77,79,79,81,81,83,83,83],"relic_stats":{"counters":[6,30],"obtain_stats":[{"hubris:DuctTape":9,"blackbeard:LoadTheCannons":0,"Omamori":14},{"hubris:DuctTape":3,"blackbeard:LoadTheCannons":0,"Omamori":5},{"hubris:DuctTape":11,"blackbeard:LoadTheCannons":0,"Omamori":23}]},"card_choices":[{"not_picked":["blackbeard:Toast","blackbeard:Fencing"],"picked":"blackbeard:Rum","floor":1},{"not_picked":["blackbeard:GoldenStrike","blackbeard:Eyepatch"],"picked":"blackbeard:WeaponMastery","floor":4},{"not_picked":["blackbeard:PiratesWill","blackbeard:DangerousBlow","blackbeard:PirateEarring"],"picked":"SKIP","floor":7},{"not_picked":["blackbeard:JollyRoger","blackbeard:Toast"],"picked":"blackbeard:TerrorOfTheSeas","floor":12},{"not_picked":["blackbeard:TacticalRetreat","blackbeard:Dagger"],"picked":"blackbeard:Sword","floor":14}],"player_experience":783586,"relics_obtained":[{"floor":9,"key":"hubris:DuctTape"},{"floor":14,"key":"Omamori"}],"event_choices":[{"damage_healed":0,"gold_gain":0,"player_choice":"Ignored","damage_taken":0,"max_hp_gain":0,"max_hp_loss":0,"event_name":"blackbeard:GoldsmithEvent","floor":2,"gold_loss":0},{"damage_healed":0,"gold_gain":0,"cards_transformed":["blackbeard:BlackbeardStrike"],"player_choice":"Transformed","damage_taken":0,"max_hp_gain":0,"max_hp_loss":0,"event_name":"Transmorgrifier","floor":3,"gold_loss":0,"cards_obtained":["blackbeard:PiratesWill"]},{"cards_removed":["blackbeard:BlackbeardStrike"],"damage_healed":0,"gold_gain":0,"player_choice":"Offered Basic","damage_taken":0,"max_hp_gain":0,"max_hp_loss":0,"event_name":"Bonfire Elementals","floor":11,"gold_loss":0}],"is_beta":false,"boss_relics":[],"items_purged_floors":[],"is_endless":false,"potions_floor_spawned":[1],"killed_by":"Fading Forest","ascension_level":5}}