{"host":"fubl5olmpa6illow","time":1611951148,"event":{"mods":["BaseMod","Colored Map","Colored Powertips","Highlight Path","Minty Spire (QoL Compilation)","Quick Restart","Random Character Button","Relic Sorter","Relic Stats"],"gold_per_floor":[109,128,145,145,19,19,45,45,45,45,79,79,91,103,103,203,203,213,60,60,60,60,60,79,79,105,119,119,119],"floor_reached":28,"language":"ENG","playtime":2406,"items_purged":[],"score":375,"play_id":"3b5a49ef-4f71-423c-a035-4c7e5978947d","local_time":"20210129211228","is_ascension_mode":true,"campfire_choices":[{"data":"Berserk","floor":6,"key":"SMITH"},{"data":"Immolate","floor":8,"key":"SMITH"},{"floor":10,"key":"REST"},{"data":"Combust","floor":12,"key":"SMITH"},{"data":"Armaments","floor":15,"key":"SMITH"},{"data":"Uppercut","floor":23,"key":"SMITH"},{"data":"Spot Weakness","floor":25,"key":"SMITH"}],"circlet_count":0,"master_deck":["Bash+1","Rage","Metallicize+1","Combust+1","Inflame","Spot Weakness+1","Offering","Immolate+1","Berserk+1","Seeing Red","Armaments+1","Burning Pact","PanicButton","Battle Trance","Cleave","Corruption+1","Shockwave+1","Carnage","Intimidate","Uppercut+1","Seeing Red+1"],"relics":["Pandora\u0027s Box","Turnip","Matryoshka","Tiny Chest","Mark of Pain","Centennial Puzzle","Boot"],"acts_visited":["Exordium","TheCity"],"potions_floor_usage":[7,7,28,28],"damage_taken":[{"damage":18,"enemies":"Jaw Worm","floor":1,"turns":2},{"damage":0,"enemies":"2 Louse","floor":2,"turns":2},{"damage":0,"enemies":"Small Slimes","floor":3,"turns":2},{"damage":8,"enemies":"Lagavulin","floor":7,"turns":4},{"damage":6,"enemies":"Gremlin Nob","floor":11,"turns":2},{"damage":0,"enemies":"Gremlin Gang","floor":13,"turns":2},{"damage":1,"enemies":"Exordium Wildlife","floor":14,"turns":1},{"damage":5,"enemies":"Slime Boss","floor":16,"turns":6},{"damage":16,"enemies":"Spheric Guardian","floor":18,"turns":4},{"damage":12,"enemies":"2 Thieves","floor":24,"turns":3},{"damage":29,"enemies":"Snake Plant","floor":27,"turns":3},{"damage":26,"enemies":"Slavers","floor":28,"turns":2}],"seed_played":"-6044531293600993595","potions_obtained":[{"floor":1,"key":"Weak Potion"},{"floor":3,"key":"FearPotion"},{"floor":16,"key":"ElixirPotion"},{"floor":24,"key":"Ancient Potion"},{"floor":27,"key":"Weak Potion"}],"is_trial":false,"path_per_floor":["M","M","M","?","$","R","E","R","T","R","E","R","M","M","R","B",null,"M","$","?","?","?","R","M","R","T","M","E"],"character_chosen":"IRONCLAD","items_purchased":["Burning Pact","PanicButton","Carnage","Intimidate"],"campfire_rested":1,"item_purchase_floors":[5,5,19,19],"current_hp_per_floor":[62,62,62,46,46,46,38,38,38,62,56,56,56,55,55,50,80,64,64,64,64,64,64,52,52,52,23,0,0],"gold":119,"neow_bonus":"BOSS_RELIC","is_daily":false,"chose_seed":false,"campfire_upgraded":6,"win_rate":0.0,"timestamp":1611951148,"path_taken":["M","M","M","?","$","R","E","R","T","R","E","R","M","M","R","BOSS","M","$","?","?","?","R","M","R","T","M","E"],"items_purchased_type":["Card","Card","Card","Card"],"build_version":"2020-12-22","purchased_purges":0,"victory":false,"max_hp_per_floor":[80,80,80,80,80,80,80,80,80,80,80,80,80,80,80,80,80,80,80,80,80,80,80,80,80,80,80,80,80],"relic_stats":{"Centennial Puzzle":[6],"counters":[12,33],"Pandora\u0027s Box":["Rage","Metallicize","Combust","Inflame","Spot Weakness","Offering","Immolate","Berserk","Seeing Red"],"Tiny Chest":0,"Turnip":[7],"Boot":[0],"obtain_stats":[{"Centennial Puzzle":26,"Matryoshka":9,"Pandora\u0027s Box":0,"Tiny Chest":11,"Turnip":7,"Mark of Pain":17,"Boot":26,"Burning Blood":0},{"Centennial Puzzle":10,"Matryoshka":4,"Pandora\u0027s Box":0,"Tiny Chest":5,"Turnip":4,"Mark of Pain":8,"Boot":10,"Burning Blood":0},{"Centennial Puzzle":28,"Matryoshka":10,"Pandora\u0027s Box":0,"Tiny Chest":12,"Turnip":10,"Mark of Pain":21,"Boot":28,"Burning Blood":0}]},"card_choices":[{"not_picked":["Rupture","Perfected Strike","Havoc"],"picked":"SKIP","floor":1},{"not_picked":["Perfected Strike","Rupture","Inflame"],"picked":"SKIP","floor":2},{"not_picked":["Headbutt","Warcry"],"picked":"Armaments","floor":3},{"not_picked":["Searing Blow","Armaments","Headbutt"],"picked":"SKIP","floor":7},{"not_picked":["Perfected Strike","Second Wind"],"picked":"Battle Trance","floor":11},{"not_picked":["Armaments","Pommel Strike"],"picked":"Cleave","floor":13},{"not_picked":["Battle Trance","Body Slam"],"picked":"Warcry","floor":14},{"not_picked":["Immolate","Juggernaut"],"picked":"Corruption","floor":16},{"not_picked":["Infernal Blade","Wild Strike"],"picked":"Shockwave+1","floor":18},{"not_picked":["Armaments","Perfected Strike"],"picked":"Seeing Red+1","floor":24},{"not_picked":["Body Slam","Hemokinesis+1","Cleave"],"picked":"SKIP","floor":27}],"player_experience":365577,"relics_obtained":[{"floor":7,"key":"Turnip"},{"floor":9,"key":"Matryoshka"},{"floor":11,"key":"Tiny Chest"},{"floor":26,"key":"Centennial Puzzle"},{"floor":26,"key":"Boot"}],"event_choices":[{"damage_healed":0,"gold_gain":0,"player_choice":"Entered Light","damage_taken":16,"max_hp_gain":0,"max_hp_loss":0,"event_name":"Shining Light","floor":4,"gold_loss":0,"cards_upgraded":["Metallicize","Bash"]},{"cards_removed":["Warcry"],"damage_healed":0,"gold_gain":0,"player_choice":"Elegance","damage_taken":0,"max_hp_gain":0,"max_hp_loss":0,"event_name":"Back to Basics","floor":20,"gold_loss":0},{"damage_healed":0,"gold_gain":0,"player_choice":"Read","damage_taken":0,"max_hp_gain":0,"max_hp_loss":0,"event_name":"The Library","floor":21,"gold_loss":0,"cards_obtained":["Uppercut"]},{"damage_healed":0,"gold_gain":0,"player_choice":"Forge","damage_taken":0,"max_hp_gain":0,"max_hp_loss":0,"event_name":"Accursed Blacksmith","floor":22,"gold_loss":0,"cards_upgraded":["Corruption"]}],"is_beta":false,"boss_relics":[{"not_picked":["Fusion Hammer","SlaversCollar"],"picked":"Mark of Pain"}],"items_purged_floors":[],"is_endless":false,"potions_floor_spawned":[1,3,16,24,27],"killed_by":"Slavers","ascension_level":3}}