{"host":"da4a6z8aof69aasy","time":1611936694,"event":{"mods":["AchievementEnabler","BaseMod","Block Reminder","Colored Powertips","DeckTracker","Highlight Path","Minty Spire (QoL Compilation)","Permanent Neow","Relic Stats","StSLib"],"gold_per_floor":[217,142,157,232,3,28,28,41,41,72,72,82,99,119,119,193,193,210,135,135,135,148,148,176,195,241,257,269,269,269,282,282,358,358,375,421,431,374,392,426,426,437,462,476,491,506,506,506],"floor_reached":47,"language":"ENG","playtime":8582,"items_purged":[],"score":907,"play_id":"201fe33e-d968-4d13-a143-2666bbbc10e9","local_time":"20210129181134","is_ascension_mode":true,"campfire_choices":[{"data":"Sunder","floor":7.0,"key":"SMITH"},{"floor":11.0,"key":"REST"},{"data":"Doom and Gloom","floor":15.0,"key":"SMITH"},{"data":"Defragment","floor":23.0,"key":"SMITH"},{"data":"Ghostly","floor":29.0,"key":"SMITH"},{"floor":32,"key":"REST"},{"floor":41,"key":"REST"}],"circlet_count":0,"master_deck":["AscendersBane","Strike_B","Strike_B","Defend_B","Defend_B","Defend_B","Defend_B","Zap","Dualcast","Sweeping Beam","Cold Snap","Sunder+1","Ball Lightning","Capacitor","Doom and Gloom+1","Turbo+1","Defragment+1","Ghostly+1","Ghostly","Ghostly","Stack+1","Recycle+1","Glacier","Barrage","Electrodynamics","Barrage+1","Redo+1","Loop+1","Cold Snap+1"],"relics":["Cracked Core","OrangePellets","Unceasing Top","Mango","Matryoshka","Runic Pyramid","Orichalcum","Question Card","Vajra","MutagenicStrength","Velvet Choker","Dead Branch","Ornamental Fan","Oddly Smooth Stone","Pear"],"acts_visited":["Exordium","TheCity","TheBeyond"],"potions_floor_usage":[33,36,46],"damage_taken":[{"damage":0.0,"enemies":"Small Slimes","floor":1.0,"turns":3.0},{"damage":2.0,"enemies":"2 Louse","floor":3.0,"turns":2.0},{"damage":22.0,"enemies":"Gremlin Nob","floor":6.0,"turns":4.0},{"damage":12.0,"enemies":"Jaw Worm","floor":8.0,"turns":2.0},{"damage":13.0,"enemies":"3 Sentries","floor":10.0,"turns":5.0},{"damage":3.0,"enemies":"3 Louse","floor":12.0,"turns":2.0},{"damage":12.0,"enemies":"Looter","floor":13.0,"turns":3.0},{"damage":0.0,"enemies":"Lots of Slimes","floor":14.0,"turns":2.0},{"damage":21.0,"enemies":"The Guardian","floor":16.0,"turns":8.0},{"damage":13.0,"enemies":"Chosen","floor":18.0,"turns":5.0},{"damage":0.0,"enemies":"Spheric Guardian","floor":22.0,"turns":5.0},{"damage":14.0,"enemies":"Book of Stabbing","floor":24.0,"turns":6.0},{"damage":0.0,"enemies":"Shelled Parasite and Fungi","floor":25.0,"turns":4.0},{"damage":9.0,"enemies":"Centurion and Healer","floor":27.0,"turns":6.0},{"damage":1.0,"enemies":"Snake Plant","floor":28.0,"turns":4.0},{"damage":6,"enemies":"Cultist and Chosen","floor":31,"turns":7},{"damage":15,"enemies":"Champ","floor":33,"turns":16},{"damage":0,"enemies":"3 Darklings","floor":35,"turns":3},{"damage":15,"enemies":"2 Orb Walkers","floor":36,"turns":5},{"damage":5,"enemies":"3 Shapes","floor":37,"turns":3},{"damage":10,"enemies":"Spire Growth","floor":39,"turns":6},{"damage":0,"enemies":"Nemesis","floor":40,"turns":5},{"damage":5,"enemies":"4 Shapes","floor":42,"turns":3},{"damage":3,"enemies":"3 Darklings","floor":44,"turns":5},{"damage":0,"enemies":"Sphere and 2 Shapes","floor":45,"turns":4},{"damage":6,"enemies":"4 Shapes","floor":46,"turns":3},{"damage":27,"enemies":"Giant Head","floor":47,"turns":10}],"seed_played":"6004011537736911223","potions_obtained":[{"floor":1.0,"key":"SpeedPotion"},{"floor":6.0,"key":"FearPotion"},{"floor":13.0,"key":"Explosive Potion"},{"floor":24.0,"key":"DistilledChaos"},{"floor":27.0,"key":"Weak Potion"},{"floor":31,"key":"Weak Potion"},{"floor":33,"key":"EssenceOfDarkness"},{"floor":35,"key":"Regen Potion"},{"floor":37,"key":"PowerPotion"},{"floor":40,"key":"PowerPotion"}],"is_trial":false,"path_per_floor":["M","?","M","?","$","E","R","M","T","E","R","M","M","M","R","B",null,"M","?","?","?","M","R","E","M","T","M","M","R","?","M","R","B",null,"M","?","M","?","M","E","R","M","T","M","M","M","E"],"character_chosen":"DEFECT","items_purchased":["OrangePellets","Sunder"],"campfire_rested":3,"item_purchase_floors":[5,5],"current_hp_per_floor":[64,64,62,51,51,29,29,17,31,18,43,40,28,28,28,7,66,53,53,53,42,42,42,28,28,28,19,18,18,18,12,24,9,34,34,31,26,26,16,16,28,23,33,30,30,24,0,0],"gold":506,"neow_bonus":"HUNDRED_GOLD","is_daily":false,"chose_seed":false,"campfire_upgraded":4,"win_rate":0.0,"timestamp":1611936694,"path_taken":["M","?","M","?","$","E","R","M","T","E","R","M","M","M","R","BOSS","M","?","?","?","M","R","E","?","T","M","M","R","?","M","R","BOSS","M","?","M","?","?","E","R","M","T","M","M","M","E"],"items_purchased_type":["Relic","Card"],"build_version":"2020-12-22","purchased_purges":0,"victory":false,"max_hp_per_floor":[71,71,71,71,71,71,71,71,85,85,85,85,85,85,85,85,85,85,85,85,42,42,42,42,42,42,42,42,42,42,42,42,42,42,42,42,42,42,42,42,42,42,52,52,52,52,52,52],"relic_stats":{"OrangePellets":[20],"counters":[27,131],"Ornamental Fan":[32],"Dead Branch":[30],"Orichalcum":[192],"Question Card":13,"obtain_stats":[{"Pear":43,"Dead Branch":36,"Vajra":26,"Velvet Choker":34,"Oddly Smooth Stone":40,"Mango":9,"Orichalcum":24,"Question Card":26,"OrangePellets":5,"Matryoshka":10,"Ornamental Fan":38,"MutagenicStrength":30,"Cracked Core":0,"Unceasing Top":6,"Runic Pyramid":17},{"Pear":23,"Dead Branch":19,"Vajra":13,"Velvet Choker":17,"Oddly Smooth Stone":22,"Mango":4,"Orichalcum":12,"Question Card":13,"OrangePellets":2,"Matryoshka":5,"Ornamental Fan":20,"MutagenicStrength":15,"Cracked Core":0,"Unceasing Top":3,"Runic Pyramid":9},{"Pear":109,"Dead Branch":92,"Vajra":51,"Velvet Choker":84,"Oddly Smooth Stone":106,"Mango":11,"Orichalcum":47,"Question Card":51,"OrangePellets":5,"Matryoshka":16,"Ornamental Fan":95,"MutagenicStrength":61,"Cracked Core":0,"Unceasing Top":9,"Runic Pyramid":31}],"Unceasing Top":[0]},"card_choices":[{"not_picked":["Hologram","Conserve Battery"],"picked":"Sweeping Beam","floor":1.0},{"not_picked":["Sweeping Beam","Turbo"],"picked":"Cold Snap","floor":3.0},{"not_picked":["Recycle","Beam Cell"],"picked":"Ball Lightning","floor":6.0},{"not_picked":["Stack","Consume","Rainbow"],"picked":"SKIP","floor":8.0},{"not_picked":["Lockon","Tempest","Storm"],"picked":"SKIP","floor":10.0},{"not_picked":["Gash","Hologram"],"picked":"Capacitor","floor":12.0},{"not_picked":["Turbo","Steam","Scrape"],"picked":"SKIP","floor":13.0},{"not_picked":["Steam","Chaos"],"picked":"Doom and Gloom","floor":14.0},{"not_picked":["Capacitor","Steam Power"],"picked":"Turbo+1","floor":18.0},{"not_picked":["Reprogram","Lockon"],"picked":"Stack+1","floor":22.0},{"not_picked":["Rebound","Hello World"],"picked":"Recycle+1","floor":24.0},{"not_picked":["Turbo","Sweeping Beam","Stack"],"picked":"SKIP","floor":25.0},{"not_picked":["Turbo","Sweeping Beam","Stack"],"picked":"SKIP","floor":25.0},{"not_picked":["Conserve Battery","Go for the Eyes","Beam Cell"],"picked":"Glacier","floor":27.0},{"not_picked":["Leap","Creative AI","Sunder"],"picked":"Barrage","floor":28.0},{"not_picked":["Glacier","Static Discharge","Compile Driver","Hologram"],"picked":"SKIP","floor":31},{"not_picked":["All For One","Thunder Strike","Multi-Cast"],"picked":"Electrodynamics","floor":33},{"not_picked":["Darkness","Leap","Rebound","Cold Snap"],"picked":"SKIP","floor":35},{"not_picked":["Blizzard","Recycle","Melter"],"picked":"Barrage+1","floor":36},{"not_picked":["Compile Driver","Static Discharge","Auto Shields","Turbo"],"picked":"SKIP","floor":37},{"not_picked":["Coolheaded+1","Skim","Tempest"],"picked":"Redo+1","floor":39},{"not_picked":["Go for the Eyes","Beam Cell","Consume"],"picked":"Loop+1","floor":40},{"not_picked":["Ball Lightning","Conserve Battery","Beam Cell","Stack"],"picked":"SKIP","floor":42},{"not_picked":["Core Surge","Streamline","Melter","Rip and Tear"],"picked":"SKIP","floor":44},{"not_picked":["Conserve Battery","Tempest","Chaos","Compile Driver"],"picked":"SKIP","floor":45},{"not_picked":["Compile Driver","Gash+1","Auto Shields"],"picked":"Cold Snap+1","floor":46}],"player_experience":2141723,"relics_obtained":[{"floor":6.0,"key":"Unceasing Top"},{"floor":9.0,"key":"Mango"},{"floor":10.0,"key":"Matryoshka"},{"floor":24.0,"key":"Orichalcum"},{"floor":26.0,"key":"Question Card"},{"floor":26.0,"key":"Vajra"},{"floor":36,"key":"Dead Branch"},{"floor":40,"key":"Oddly Smooth Stone"},{"floor":43,"key":"Pear"}],"event_choices":[{"cards_removed":["Strike_B"],"damage_healed":0.0,"max_hp_gain":0.0,"max_hp_loss":0.0,"gold_gain":0.0,"event_name":"The Cleric","player_choice":"Card Removal","floor":2.0,"gold_loss":75.0,"damage_taken":0.0},{"damage_healed":0.0,"max_hp_gain":0.0,"max_hp_loss":0.0,"gold_gain":75.0,"event_name":"World of Goop","player_choice":"Gather Gold","floor":4.0,"gold_loss":0.0,"damage_taken":11.0},{"cards_removed":["Strike_B"],"damage_healed":0.0,"max_hp_gain":0.0,"max_hp_loss":0.0,"gold_gain":0.0,"event_name":"Beggar","player_choice":"Gave Gold","floor":19.0,"gold_loss":75.0,"damage_taken":0.0},{"damage_healed":0.0,"max_hp_gain":0.0,"max_hp_loss":0.0,"gold_gain":0.0,"event_name":"The Library","player_choice":"Read","floor":20.0,"gold_loss":0.0,"damage_taken":0.0,"cards_obtained":["Defragment"]},{"damage_healed":0.0,"max_hp_gain":0.0,"max_hp_loss":43.0,"gold_gain":0.0,"event_name":"Ghosts","player_choice":"Became a Ghost","floor":21.0,"gold_loss":0.0,"damage_taken":0.0,"cards_obtained":["Ghostly","Ghostly","Ghostly"]},{"damage_healed":0.0,"max_hp_gain":0.0,"max_hp_loss":0.0,"gold_gain":0.0,"event_name":"Drug Dealer","player_choice":"Inject Mutagens","floor":30.0,"gold_loss":0.0,"damage_taken":0.0,"relics_obtained":["MutagenicStrength"]},{"damage_healed":0,"gold_gain":0,"player_choice":"Fight","damage_taken":0,"max_hp_gain":0,"max_hp_loss":0,"event_name":"Mysterious Sphere","floor":36,"gold_loss":0},{"damage_healed":0,"gold_gain":0,"player_choice":"Paid Gold","damage_taken":0,"relics_obtained":["Ornamental Fan"],"max_hp_gain":0,"max_hp_loss":0,"event_name":"WeMeetAgain","floor":38,"gold_loss":57}],"is_beta":false,"boss_relics":[{"not_picked":["Ectoplasm","SacredBark"],"picked":"Runic Pyramid"},{"not_picked":["Pandora\u0027s Box","Fusion Hammer"],"picked":"Velvet Choker"}],"items_purged_floors":[],"is_endless":false,"potions_floor_spawned":[1,6,13,24,27,31,33,35,37,39,40,44],"killed_by":"Giant Head","ascension_level":15}}