{"host":"ml2ro5l6hu6y0pll","time":1611949315,"event":{"mods":["AchievementEnabler","BaseMod","Colored Map","Colored Powertips","Custom Start","Googly Eyes","Minty Spire (QoL Compilation)","Quick Restart","Rare Cards Sparkle","Relic Stats","Reliquary","StSLib","everything is the same but u backflip on backflip"],"gold_per_floor":[115,95,115,133,145,171,221,221,221,221,251,269,323,363,363,437,437,481,496,537,548,548,576,616,644,667,723,723,779,799,234,234,308,308,351,233,310,322,23,58,58,91,91,91,186,186,257,351,351,351,381,381,381,185,217,217],"floor_reached":57,"language":"ENG","playtime":3227,"items_purged":[],"score":3419,"play_id":"a055d03b-9bc6-44ac-8f9a-c26eaa3e0c0c","local_time":"20210129194155","daily_mods":["Elite Swarm"],"is_ascension_mode":true,"campfire_choices":[{"data":"Wallop","floor":8,"key":"SMITH"},{"data":"TalkToTheHand","floor":10,"key":"SMITH"},{"data":"Omniscience","floor":15,"key":"SMITH"},{"data":"TalkToTheHand","floor":28,"key":"SMITH"},{"data":"Wish","floor":32,"key":"SMITH"},{"floor":44,"key":"RECALL"},{"data":"Fasting2","floor":46,"key":"SMITH"},{"data":"Fasting2","floor":49,"key":"SMITH"},{"data":"Vault","floor":53,"key":"SMITH"}],"circlet_count":0,"master_deck":["ThirdEye","ThirdEye","ThirdEye","Vigilance","TalkToTheHand+1","CutThroughFate+1","Consecrate+1","CutThroughFate+1","JustLucky","CutThroughFate+1","Weave","Weave","Weave","Wallop+1","FollowUp+1","Tantrum","EmptyFist+1","DevaForm+1","Wish+1","Nirvana+1","Omniscience+1","TalkToTheHand+1","LessonLearned","Vault+1","Omniscience+1","TalkToTheHand+1","Blasphemy+1","Fasting2+1","Fasting2+1","Wireheading+1","Weave","DeusExMachina","Omniscience+1","Omniscience+1","Nirvana+1"],"relics":["PureWater","Mummified Hand","OrangePellets","Shuriken","PreservedInsect","The Courier","Bird Faced Urn","Bird Faced Urn","reliquary:RedCape","reliquary:BallBearing","StrikeDummy","Bottled Lightning","Turnip","DollysMirror","Eternal Feather","White Beast Statue","SacredBark","Yang","Kunai","War Paint","Frozen Egg 2","Centennial Puzzle","reliquary:Buckler","Pantograph"],"acts_visited":["Exordium","TheCity","TheBeyond","TheEnding"],"potions_floor_usage":[24],"damage_taken":[{"damage":0,"enemies":"Cultist","floor":1,"turns":2},{"damage":0,"enemies":"Small Slimes","floor":3,"turns":1},{"damage":0,"enemies":"2 Louse","floor":4,"turns":1},{"damage":0,"enemies":"Exordium Thugs","floor":5,"turns":1},{"damage":3,"enemies":"3 Sentries","floor":6,"turns":2},{"damage":0,"enemies":"Gremlin Nob","floor":11,"turns":2},{"damage":1,"enemies":"Gremlin Gang","floor":12,"turns":4},{"damage":0,"enemies":"Lagavulin","floor":13,"turns":4},{"damage":1,"enemies":"Looter","floor":14,"turns":3},{"damage":0,"enemies":"The Guardian","floor":16,"turns":5},{"damage":10,"enemies":"Spheric Guardian","floor":18,"turns":5},{"damage":0,"enemies":"Chosen","floor":19,"turns":3},{"damage":0,"enemies":"3 Cultists","floor":20,"turns":3},{"damage":0,"enemies":"Cultist and Chosen","floor":21,"turns":3},{"damage":0,"enemies":"Gremlin Leader","floor":23,"turns":4},{"damage":1,"enemies":"Snake Plant","floor":24,"turns":4},{"damage":0,"enemies":"Book of Stabbing","floor":25,"turns":3},{"damage":21,"enemies":"Gremlin Leader","floor":27,"turns":4},{"damage":19,"enemies":"Slavers","floor":29,"turns":4},{"damage":0,"enemies":"Centurion and Healer","floor":30,"turns":3},{"damage":4,"enemies":"Champ","floor":33,"turns":4},{"damage":4,"enemies":"3 Darklings","floor":35,"turns":4},{"damage":11,"enemies":"3 Shapes","floor":37,"turns":3},{"damage":0,"enemies":"Transient","floor":38,"turns":5},{"damage":42,"enemies":"Nemesis","floor":40,"turns":4},{"damage":0,"enemies":"Reptomancer","floor":42,"turns":4},{"damage":2,"enemies":"Nemesis","floor":45,"turns":4},{"damage":9,"enemies":"Sphere and 2 Shapes","floor":47,"turns":3},{"damage":0,"enemies":"Reptomancer","floor":48,"turns":2},{"damage":38,"enemies":"Awakened One","floor":50,"turns":6},{"damage":4,"enemies":"Time Eater","floor":51,"turns":4},{"damage":33,"enemies":"Shield and Spear","floor":55,"turns":2},{"damage":8,"enemies":"The Heart","floor":56,"turns":7}],"seed_played":"8445451180454075126","potions_obtained":[{"floor":1,"key":"EssenceOfSteel"},{"floor":2,"key":"GamblersBrew"},{"floor":27,"key":"ColorlessPotion"},{"floor":30,"key":"SpeedPotion"},{"floor":33,"key":"SpeedPotion"},{"floor":37,"key":"Regen Potion"}],"is_trial":true,"path_per_floor":["M","?","M","M","M","E","?","R","T","R","E","M","E","M","R","B",null,"M","M","M","M","?","E","M","E","T","E","R","E","M","$","R","B",null,"M","$","M","M","$","E","?","E","T","R","E","R","M","E","R","B","B",null,"R","$","E","B",null],"character_chosen":"WATCHER","items_purchased":["DollysMirror","Eternal Feather","White Beast Statue","Fasting2","Fasting2","Weave","Yang","Nirvana+1","reliquary:Buckler"],"campfire_rested":0,"item_purchase_floors":[31,31,31,36,36,39,39,54,54],"current_hp_per_floor":[61,61,61,61,61,58,58,58,58,58,58,59,63,67,67,68,68,58,66,68,68,68,68,68,68,68,55,55,48,60,60,68,64,67,64,64,57,68,68,34,34,62,62,68,68,68,59,68,68,30,62,67,68,68,35,68],"gold":217,"neow_bonus":"","is_daily":false,"chose_seed":false,"campfire_upgraded":8,"win_rate":0.0,"timestamp":1611949315,"path_taken":["M","?","M","?","M","E","?","R","T","R","E","?","E","M","R","BOSS","M","M","M","M","?","E","M","E","T","E","R","E","M","$","R","BOSS","M","$","M","M","$","E","?","E","T","R","E","R","?","E","R","BOSS","BOSS","R","$","E","BOSS"],"items_purchased_type":["Relic","Relic","Relic","Card","Card","Card","Relic","Card","Relic"],"build_version":"2020-12-22","purchased_purges":0,"victory":true,"max_hp_per_floor":[68,68,68,68,68,68,68,68,68,68,68,68,68,68,68,68,68,68,68,68,68,68,68,68,68,68,68,68,68,68,68,68,68,68,68,68,68,68,68,68,68,68,68,68,68,68,68,68,68,68,68,68,68,68,68,68],"relic_stats":{"counters":[33,113],"Eternal Feather":15,"Yang":[206],"PreservedInsect":530,"War Paint":["Omniscience","Blasphemy"],"OrangePellets":[30],"Centennial Puzzle":[17],"Mummified Hand":[141],"Shuriken":[163],"Bird Faced Urn":[170],"Pantograph":25,"Turnip":[7],"Kunai":[51],"obtain_stats":[{"SacredBark":34,"Eternal Feather":31,"Yang":39,"PreservedInsect":6,"The Courier":9,"reliquary:RedCape":17,"War Paint":42,"Frozen Egg 2":43,"White Beast Statue":31,"OrangePellets":0,"Centennial Puzzle":45,"Mummified Hand":0,"Shuriken":0,"DollysMirror":31,"Bird Faced Urn":11,"Pantograph":55,"reliquary:Buckler":54,"reliquary:SculptingSteel":13,"reliquary:BallBearing":23,"Turnip":29,"Bottled Lightning":27,"Kunai":40,"PureWater":0,"StrikeDummy":25},{"SacredBark":21,"Eternal Feather":20,"Yang":24,"PreservedInsect":5,"The Courier":5,"reliquary:RedCape":10,"War Paint":26,"Frozen Egg 2":26,"White Beast Statue":20,"OrangePellets":0,"Centennial Puzzle":27,"Mummified Hand":0,"Shuriken":0,"DollysMirror":20,"Bird Faced Urn":6,"Pantograph":32,"reliquary:Buckler":31,"reliquary:SculptingSteel":8,"reliquary:BallBearing":15,"Turnip":19,"Bottled Lightning":18,"Kunai":25,"PureWater":0,"StrikeDummy":17},{"SacredBark":65,"Eternal Feather":61,"Yang":77,"PreservedInsect":7,"The Courier":7,"reliquary:RedCape":25,"War Paint":85,"Frozen Egg 2":85,"White Beast Statue":61,"OrangePellets":0,"Centennial Puzzle":89,"Mummified Hand":0,"Shuriken":0,"DollysMirror":61,"Bird Faced Urn":9,"Pantograph":106,"reliquary:Buckler":104,"reliquary:SculptingSteel":17,"reliquary:BallBearing":43,"Turnip":58,"Bottled Lightning":54,"Kunai":81,"PureWater":0,"StrikeDummy":50}]},"card_choices":[{"not_picked":["SignatureMove","Consecrate"],"picked":"Wallop","floor":1},{"not_picked":["Consecrate","Worship"],"picked":"FollowUp","floor":3},{"not_picked":["FlurryOfBlows","FollowUp"],"picked":"Tantrum","floor":4},{"not_picked":["Sanctity","FlyingSleeves","EmptyFist"],"picked":"SKIP","floor":5},{"not_picked":["Sanctity","FlyingSleeves"],"picked":"EmptyFist","floor":5},{"not_picked":["Judgement","DeusExMachina"],"picked":"DevaForm","floor":6},{"not_picked":["SpiritShield","Establishment"],"picked":"Wish","floor":11},{"not_picked":["ReachHeaven","FlyingSleeves"],"picked":"Nirvana","floor":12},{"not_picked":["Wish","DevaForm"],"picked":"Omniscience","floor":13},{"not_picked":["FlurryOfBlows","Prostrate"],"picked":"TalkToTheHand","floor":14},{"not_picked":["Establishment","ConjureBlade"],"picked":"LessonLearned","floor":16},{"not_picked":["FlurryOfBlows","InnerPeace","Consecrate"],"picked":"SKIP","floor":18},{"not_picked":["ThirdEye","InnerPeace","Halt"],"picked":"SKIP","floor":19},{"not_picked":["Perseverance","Crescendo","ClearTheMind"],"picked":"SKIP","floor":20},{"not_picked":["Swivel","BowlingBash+1","SignatureMove"],"picked":"SKIP","floor":21},{"not_picked":["SpiritShield","Brilliance"],"picked":"Vault","floor":23},{"not_picked":["PathToVictory","FlyingSleeves","WreathOfFlame"],"picked":"SKIP","floor":24},{"not_picked":["Establishment","Brilliance","SpiritShield"],"picked":"SKIP","floor":25},{"not_picked":["Establishment","DevaForm","LessonLearned"],"picked":"SKIP","floor":27},{"not_picked":["DevaForm","Devotion"],"picked":"Omniscience","floor":29},{"not_picked":["Consecrate","Protect","CarveReality"],"picked":"SKIP","floor":30},{"not_picked":["Omniscience","Alpha"],"picked":"Blasphemy","floor":33},{"not_picked":["ReachHeaven","Protect","EmptyFist"],"picked":"SKIP","floor":35},{"not_picked":["Sanctity+1","SashWhip"],"picked":"Wireheading","floor":37},{"not_picked":["BowlingBash+1","WheelKick+1","EmptyFist"],"picked":"SKIP","floor":38},{"not_picked":["BowlingBash+1","WheelKick+1","EmptyFist"],"picked":"SKIP","floor":38},{"not_picked":["LessonLearned","Brilliance"],"picked":"DeusExMachina","floor":40},{"not_picked":["Judgement","Wish"],"picked":"Omniscience","floor":42},{"not_picked":["Blasphemy","Brilliance","Establishment+1"],"picked":"SKIP","floor":45},{"not_picked":["Vengeance","EmptyBody","Fasting2+1"],"picked":"SKIP","floor":47},{"not_picked":["Ragnarok","Devotion+1","DeusExMachina"],"picked":"SKIP","floor":48},{"not_picked":["Alpha","ConjureBlade","Ragnarok"],"picked":"SKIP","floor":55}],"player_experience":870938,"relics_obtained":[{"floor":6,"key":"PreservedInsect"},{"floor":9,"key":"The Courier"},{"floor":11,"key":"Bird Faced Urn"},{"floor":13,"key":"reliquary:SculptingSteel"},{"floor":23,"key":"reliquary:BallBearing"},{"floor":25,"key":"StrikeDummy"},{"floor":27,"key":"Bottled Lightning"},{"floor":29,"key":"Turnip"},{"floor":40,"key":"Kunai"},{"floor":42,"key":"War Paint"},{"floor":43,"key":"Frozen Egg 2"},{"floor":45,"key":"Centennial Puzzle"},{"floor":55,"key":"Pantograph"}],"event_choices":[{"damage_healed":0,"gold_gain":0,"player_choice":"Bought 1 Potion","damage_taken":0,"max_hp_gain":0,"max_hp_loss":0,"event_name":"The Woman in Blue","floor":2,"gold_loss":0},{"damage_healed":0,"gold_gain":50,"player_choice":"Pray","damage_taken":0,"max_hp_gain":0,"max_hp_loss":0,"event_name":"Golden Shrine","floor":7,"gold_loss":0},{"damage_healed":0,"gold_gain":0,"player_choice":"Simplicity","damage_taken":0,"max_hp_gain":0,"max_hp_loss":0,"event_name":"Back to Basics","floor":22,"gold_loss":0,"cards_upgraded":[]},{"damage_healed":0,"gold_gain":0,"player_choice":"Copied","damage_taken":0,"max_hp_gain":0,"max_hp_loss":0,"event_name":"Duplicator","floor":41,"gold_loss":0,"cards_obtained":["Omniscience"]}],"is_beta":false,"boss_relics":[{"not_picked":["Velvet Choker","Astrolabe"],"picked":"reliquary:RedCape"},{"not_picked":["Philosopher\u0027s Stone","VioletLotus"],"picked":"SacredBark"}],"items_purged_floors":[],"is_endless":false,"potions_floor_spawned":[1,11,12,13,16,19,21,27,30,33,35,37,38,40,42,45,47,48,55],"ascension_level":20}}