{"host":"9j472d1lqxyi8fmj","time":1611939464,"event":{"mods":["AchievementEnabler","Aspiration","BaseMod","Better Note","BetterRewards","Block Reminder","Colored Powertips","Downfall","Hermit","Hubris","Infinite Spire","Minty Spire (QoL Compilation)","Potion Indicator Mod","Rare Cards Sparkle","Relic Filter","Reliquary","Spicy Shops","StSLib","The Runesmith","Virulent Crown"],"gold_per_floor":[137,176,214,214,77,77,77,116,116,150,166,616,616,616,616,616,616,616],"floor_reached":16,"language":"ENG","playtime":572,"items_purged":[],"score":92,"play_id":"f3bb1af4-dd68-4c10-8cbb-5148a390bb56","local_time":"20210129115744","is_ascension_mode":false,"campfire_choices":[{"data":"bronze:Replicate","floor":6,"key":"SMITH"},{"data":"bronze:Optimize","floor":9,"key":"SMITH"},{"floor":13,"key":"REST"},{"floor":15,"key":"REST"}],"circlet_count":0,"master_deck":["bronze:Strike","bronze:Strike","bronze:Strike","bronze:Strike","bronze:Defend","bronze:Defend","bronze:Defend","bronze:Defend","bronze:Replicate","bronze:Goto","downfall:Malfunctioning","HandOfGreed","bronze:Overheat","bronze:Shell","bronze:Constructor","bronze:Replicate+1","bronze:DelayedSlice","bronze:Optimize+1","bronze:Turbo","bronze:Separator","bronze:CutThrough","bronze:Safeguard","downfall:Icky","downfall:Icky","downfall:Icky"],"relics":["bronze:BronzeCore","Mercury Hourglass"],"acts_visited":["Exordium"],"potions_floor_usage":[],"damage_taken":[{"damage":1,"enemies":"Cultist","floor":1,"turns":3},{"damage":11,"enemies":"Jaw Worm","floor":2,"turns":4},{"damage":6,"enemies":"2 Louse","floor":3,"turns":2},{"damage":0,"enemies":"downfall:FleeingMerchant","floor":5,"turns":4},{"damage":14,"enemies":"Exordium Wildlife","floor":8,"turns":3},{"damage":16,"enemies":"Lots of Slimes","floor":10,"turns":3},{"damage":7,"enemies":"Blue Slaver","floor":11,"turns":3},{"damage":59,"enemies":"IC_STATUS_ARCHETYPE","floor":16,"turns":8}],"seed_played":"-4416364619240219030","potions_obtained":[{"floor":3,"key":"bronze:CleanCodePotion"},{"floor":10,"key":"bronze:FreeFunctionsPotion"},{"floor":11,"key":"Swift Potion"}],"is_trial":false,"path_per_floor":["M","M","M","?","$","R","T","M","R","M","M","?","R","$","R","B"],"character_chosen":"THE_AUTOMATON","items_purchased":["bronze:Optimize","bronze:Turbo"],"campfire_rested":2,"item_purchase_floors":[5,5],"current_hp_per_floor":[69,58,52,52,52,52,52,38,38,22,15,15,36,36,57,0,0,0],"gold":616,"neow_bonus":"RANDOM_COLORLESS_2","is_daily":false,"chose_seed":false,"campfire_upgraded":2,"win_rate":0.0,"timestamp":1611939464,"path_taken":["M","?","M","?","$","R","T","?","R","M","M","?","R","?","R","BOSS"],"items_purchased_type":["Card","Card"],"build_version":"2020-12-22","purchased_purges":0,"victory":false,"max_hp_per_floor":[70,70,70,70,70,70,70,70,70,70,70,70,70,70,70,70,70,70],"card_choices":[{"not_picked":["Secret Weapon","Chrysalis"],"picked":"HandOfGreed","floor":0},{"not_picked":["bronze:BitShift","bronze:OilSpill"],"picked":"bronze:Overheat","floor":1},{"not_picked":["bronze:Constructor","bronze:MaxOutput"],"picked":"bronze:Shell","floor":2},{"not_picked":["bronze:BuggyMess","bronze:WildBeam"],"picked":"bronze:Constructor","floor":3},{"not_picked":["bronze:OilSpill","bronze:FineTuning"],"picked":"bronze:DelayedSlice","floor":5},{"not_picked":["bronze:Refactor","bronze:BronzeArmor"],"picked":"bronze:Separator","floor":8},{"not_picked":["bronze:DelayedGuard","bronze:BugBarrage"],"picked":"bronze:CutThrough","floor":10},{"not_picked":["bronze:Separator","bronze:Repulsor"],"picked":"bronze:Safeguard","floor":11}],"player_experience":366370,"relics_obtained":[{"floor":7,"key":"Mercury Hourglass"}],"event_choices":[],"is_beta":false,"boss_relics":[],"items_purged_floors":[],"is_endless":false,"potions_floor_spawned":[3,10,11],"killed_by":"IC_STATUS_ARCHETYPE","ascension_level":0}}