{"host":"rbccvrvdyhsypb23","time":1611898505,"event":{"mods":["AchievementEnabler","Act Like it!","Arknights The Spire","Aspiration","BaseMod","Better Third Choice","BetterRewards","Fox Events","Friendly Minions","Gensokyo","Hubris","Infinite Spire","Ironclad Rager","KomeijiMod","Minty Spire (QoL Compilation)","Replay The Spire","Shade Mod","StSLib","The Blackbeard","The Marked","The Mystic","Wandering Minibosses"],"gold_per_floor":[116,116,14,14,27,71,71,97,123,123,147,389,389,403,403,507,507,523,539,567,579,598,629,648,683,709,738,618,646,665,665,665,665,665],"floor_reached":33,"language":"ENG","playtime":1558,"items_purged":[],"score":700,"play_id":"32ede128-ffdb-44ae-b170-a4f84a8b2173","local_time":"20210129083505","is_ascension_mode":true,"campfire_choices":[{"data":"Dash_Komeiji","floor":10.0,"key":"SMITH"},{"data":"HagoromoMizu","floor":15.0,"key":"SMITH"}],"circlet_count":0,"master_deck":["hubris:Fate+1","Strike_Komeiji","Strike_Komeiji","Strike_Komeiji","Strike_Komeiji","Defend_Komeiji","Defend_Komeiji","Defend_Komeiji","Defend_Komeiji","Dash_Komeiji+1","DemonLordCradle","Clumsy","NingyouKisou+1","NingyouKisou+1","HagoromoMizu+1","MusouMyousyu","SuitokuNoKyoryu","DemonLordCradle"],"relics":["KomeijisEye","SpellCardsRule","MusicBox","Durian","ReplayTheSpireMod:Shallot","Question Card","Gensokyo:NagashiBinaDoll","Shuriken","CrystalOfMemory","CeramicFish","HoshigumaDish","Centennial Puzzle","hubris:AstralHammer","wanderingMiniBosses:AbyssPearl","ShirouKen","Gensokyo:OccultBall","ReiryokuShyu","wanderingMiniBosses:AbyssPearl","Potion Belt","wanderingMiniBosses:AbyssPearl","Akabeko","Omamori","Gensokyo:LionMask"],"acts_visited":["Exordium","Gensokyo:Gensokyo"],"potions_floor_usage":[],"damage_taken":[{"damage":0.0,"enemies":"Gensokyo:Gryphon","floor":1.0,"turns":2.0},{"damage":0.0,"enemies":"Gensokyo:3_Fairies","floor":5.0,"turns":5.0},{"damage":0.0,"enemies":"Gensokyo:Cirno","floor":6.0,"turns":5.0},{"damage":6.0,"enemies":"Gensokyo:Aya","floor":8.0,"turns":6.0},{"damage":4.0,"enemies":"Gensokyo:Python","floor":11.0,"turns":3.0},{"damage":0.0,"enemies":"Gensokyo:Cirno","floor":12.0,"turns":5.0},{"damage":0.0,"enemies":"Gensokyo:LivingMonolith","floor":14.0,"turns":1.0},{"damage":0.0,"enemies":"Gensokyo:Reimu","floor":16.0,"turns":1.0},{"damage":0.0,"enemies":"Gensokyo:CosmicMonolith","floor":18.0,"turns":3.0},{"damage":0.0,"enemies":"Gensokyo:Chomper","floor":19.0,"turns":4.0},{"damage":0.0,"enemies":"Gensokyo:Mirror_and_Dog","floor":20.0,"turns":6.0},{"damage":0.0,"enemies":"Gensokyo:3_Gloops","floor":21.0,"turns":3.0},{"damage":0.0,"enemies":"Gensokyo:Monolith_and_Dog","floor":22.0,"turns":3.0},{"damage":0.0,"enemies":"Gensokyo:Tenshi","floor":23.0,"turns":2.0},{"damage":10.0,"enemies":"Gensokyo:Chomper_and_Gloop","floor":24.0,"turns":6.0},{"damage":0.0,"enemies":"Gensokyo:Koishi","floor":25.0,"turns":4.0},{"damage":0.0,"enemies":"Gensokyo:Reisen","floor":27.0,"turns":1.0},{"damage":0.0,"enemies":"Gensokyo:Koishi","floor":29.0,"turns":2.0},{"damage":0.0,"enemies":"Gensokyo:Swordslinger","floor":30.0,"turns":2.0},{"damage":0,"enemies":"Gensokyo:Kaguya","floor":33,"turns":7}],"seed_played":"4232586862410884494","potions_obtained":[{"floor":8.0,"key":"Swift Potion"},{"floor":14.0,"key":"GamblersBrew"},{"floor":20.0,"key":"Elixir"},{"floor":23.0,"key":"LiquidBronze"},{"floor":25.0,"key":"Weak Potion"}],"is_trial":false,"path_per_floor":["M","?","COS","?","M","E","?","E","T","R","M","E","?","M","R","B",null,"M","M","M","M","M","E","M","E","T","E","?","E","M","?","R","B"],"character_chosen":"KomeijiSatori","items_purchased":["ReplayTheSpireMod:Shallot","Question Card","Energy Potion"],"campfire_rested":0,"item_purchase_floors":[0,0,0],"current_hp_per_floor":[55,55,55,44,44,44,55,49,49,49,45,45,45,45,45,45,55,55,55,55,55,55,55,45,45,45,45,45,45,45,45,45,45,45],"gold":665,"neow_bonus":"","is_daily":false,"chose_seed":false,"campfire_upgraded":2,"win_rate":0.0,"timestamp":1611898505,"path_taken":["M","?","COS","?","?","E","?","E","T","R","M","E","?","M","R","BOSS","M","M","M","M","M","E","M","E","T","E","?","E","M","?","R","BOSS"],"items_purchased_type":["Relic","Relic","Potion"],"build_version":"2020-12-22","purchased_purges":0,"victory":false,"max_hp_per_floor":[55,55,55,55,55,55,55,55,55,55,55,55,55,55,55,55,55,55,55,55,55,55,55,55,55,55,55,55,55,55,55,55,55,55],"card_choices":[{"not_picked":["NingyouFukuhei+1","JyouchiJin+1","Agarareta+1"],"picked":"DemonLordCradle","floor":1.0},{"not_picked":["SeekerWire+1","SeishiRoten+1","HenyouMirume"],"picked":"NingyouKisou+1","floor":5.0},{"not_picked":["NingyouShinki+1","NingyouMusou+1","LunaticRedEyes"],"picked":"HagoromoKu","floor":6.0},{"not_picked":["NingyouYunhei+1","Mishyaguji+1","NingyouKisou+1","NingyouSousou+1"],"picked":"SKIP","floor":8.0},{"not_picked":["MakuraSeki","NingyouMusou+1","Melting"],"picked":"NingyouKisou+1","floor":11.0},{"not_picked":["NingyouFukuhei+1","SelfTokamak","NarrowSpark"],"picked":"HagoromoMizu","floor":12.0},{"not_picked":["Melting","ShyakuBuku","NingyouSousou+1","MissingPower"],"picked":"SKIP","floor":14.0},{"not_picked":["MiraiBunraku","TerribleSouvenir","EverywhereHibernate"],"picked":"MusouMyousyu","floor":16.0},{"not_picked":["OoedoNingyou+1","TenguNoTaiko","NingyouKisou+1","ShyakuBuku"],"picked":"SKIP","floor":18.0},{"not_picked":["NingyouFukuhei+1","Mishyaguji+1","KokorosuKi+1","ShyakuBuku"],"picked":"SKIP","floor":19.0},{"not_picked":["NingyouShinki+1","Mishyaguji+1","ShyakuBuku"],"picked":"SuitokuNoKyoryu","floor":20.0},{"not_picked":["SuitokuNoKyoryu","JyouchiJin+1","DochyakuKami+1","NingyouFukuhei+1"],"picked":"SKIP","floor":21.0},{"not_picked":["NingyouFukuhei+1","NingyouOkisou+1","HagoromoMizu"],"picked":"DemonLordCradle","floor":22.0},{"not_picked":["Sabishigari+1","Melting","DemonLordCradle+1","YuumeiNoKurin"],"picked":"SKIP","floor":23.0},{"not_picked":["Melting","NingyouFukuhei+1","VampireKiss","ShyakuBuku"],"picked":"SKIP","floor":24.0},{"not_picked":["KeiseiJin+1","KokorosuKi+1","NingyouSousou+1","RoshinSou+1"],"picked":"SKIP","floor":25.0},{"not_picked":["EverywhereHibernate","SeekerWire+1","GroundStardust+1","HisouNoKen"],"picked":"SKIP","floor":27.0},{"not_picked":["SuitokuNoKyoryu+1","Melting","OoedoNingyou+1","Agarareta+1"],"picked":"SKIP","floor":29.0},{"not_picked":["KinbakuJin+1","VampireKiss","FreezeTouchMe","SeekerWire+1"],"picked":"SKIP","floor":30.0}],"player_experience":598140,"relics_obtained":[{"floor":6.0,"key":"CrystalOfMemory"},{"floor":6.0,"key":"CeramicFish"},{"floor":8.0,"key":"HoshigumaDish"},{"floor":9.0,"key":"Centennial Puzzle"},{"floor":11.0,"key":"wanderingMiniBosses:AbyssPearl"},{"floor":12.0,"key":"ShirouKen"},{"floor":14.0,"key":"Gensokyo:OccultBall"},{"floor":16.0,"key":"Gensokyo:OccultBall"},{"floor":22.0,"key":"wanderingMiniBosses:AbyssPearl"},{"floor":22.0,"key":"Gensokyo:OccultBall"},{"floor":23.0,"key":"Potion Belt"},{"floor":24.0,"key":"wanderingMiniBosses:AbyssPearl"},{"floor":25.0,"key":"Akabeko"},{"floor":26.0,"key":"Omamori"},{"floor":27.0,"key":"Gensokyo:OccultBall"},{"floor":30.0,"key":"Gensokyo:OccultBall"}],"event_choices":[],"is_beta":false,"boss_relics":[{"not_picked":["aspiration:FutureDiary","Ring of Chaos"],"picked":"ReiryokuShyu"}],"items_purged_floors":[],"is_endless":false,"potions_floor_spawned":[5,8,12,14,16,18,20,23,25,29],"killed_by":"Gensokyo:Kaguya","ascension_level":1}}