{"host":"cm56dopeulr50jn0","time":1611904755,"event":{"mods":["BaseMod","Bestiary","Better Match","Better Third Choice","Downfall","Minty Spire (QoL Compilation)","Relic Stats","StSLib"],"gold_per_floor":[111,121,31,16,26,41,41,59,59,122,132,165,185,219,219,315,315,332,342,360,360,374,374,397,413,444,544,444,471,491,525,425,527,527,538,558,404,422,440,450,450,475,475,526,526,245,145,163,163,163,163,197,52,52,52,52],"floor_reached":57,"language":"ENG","playtime":5930,"items_purged":["bronze:Replicate","bronze:Strike","bronze:Strike"],"score":1434,"play_id":"1c81f5ec-7fb0-43f0-8045-29346eb5fd7b","local_time":"20210128231915","is_ascension_mode":true,"campfire_choices":[{"data":"bronze:WhirlingStrike","floor":9.0,"key":"SMITH"},{"floor":15.0,"key":"REST"},{"floor":23.0,"key":"REST"},{"floor":28.0,"key":"RECALL"},{"floor":32.0,"key":"REST"},{"floor":47,"key":"REST"},{"floor":49,"key":"REST"},{"floor":54,"key":"REST"}],"circlet_count":0,"master_deck":["bronze:Strike","bronze:Defend","bronze:Defend","bronze:Defend","bronze:Defend","bronze:Goto","bronze:Frontload","bronze:Shell","bronze:WhirlingStrike+1","bronze:BitShift","bronze:ChosenStrike","bronze:MaxOutput","bronze:Branch","bronze:Repair","bronze:Allocate","bronze:ThunderWave","bronze:Return","bronze:Repair","RitualDagger","bronze:Safeguard","bronze:CutThrough+1","bronze:Branch+1","J.A.X.","bronze:Overheat","bronze:InfiniteLoop","bronze:ChildClass","bronze:Turbo+1","bronze:Flail","bronze:Iterate+1","expansioncontent:Chronoboost","expansioncontent:StudyTheSpire","expansioncontent:InvincibleStrength","bronze:Fortify+1","bronze:Deprecate+1","bronze:Philosophize+1","bronze:Fortify+1","bronze:InfiniteLoop","bronze:Frontload+1","bronze:ItsAFeature","bronze:FunctionCard"],"relics":["Snecko Eye","Shuriken","Letter Opener","Turnip","Regal Pillow","Fusion Hammer","hexamod:Sixitude","MutagenicStrength","downfall:HeartBlessingBlue","Pantograph","Darkstone Periapt","downfall:HeartBlessingRed","Cursed Key","champ:DeflectingBracers","Slimebound:StickyStick","Medical Kit","Orrery","downfall:HeartBlessingGreen","Blood Vial"],"acts_visited":["Exordium","TheCity","TheBeyond","TheEnding"],"potions_floor_usage":[38,56,56,56],"damage_taken":[{"damage":17.0,"enemies":"Cultist","floor":1.0,"turns":6.0},{"damage":0.0,"enemies":"Jaw Worm","floor":2.0,"turns":3.0},{"damage":0.0,"enemies":"downfall:FleeingMerchant","floor":3.0,"turns":4.0},{"damage":3.0,"enemies":"downfall:FleeingMerchant","floor":4.0,"turns":4.0},{"damage":3.0,"enemies":"Small Slimes","floor":5.0,"turns":5.0},{"damage":6.0,"enemies":"2 Fungi Beasts","floor":6.0,"turns":3.0},{"damage":1.0,"enemies":"Exordium Thugs","floor":8.0,"turns":5.0},{"damage":3.0,"enemies":"Lagavulin Event","floor":10.0,"turns":3.0},{"damage":0.0,"enemies":"Blue Slaver","floor":11.0,"turns":4.0},{"damage":11.0,"enemies":"Gremlin Nob","floor":12.0,"turns":4.0},{"damage":0.0,"enemies":"Exordium Wildlife","floor":13.0,"turns":4.0},{"damage":0.0,"enemies":"3 Sentries","floor":14.0,"turns":7.0},{"damage":88.0,"enemies":"IC_STATUS_ARCHETYPE","floor":16.0,"turns":20.0},{"damage":1.0,"enemies":"3 Byrds","floor":18.0,"turns":6.0},{"damage":12.0,"enemies":"Centurion and Healer","floor":19.0,"turns":7.0},{"damage":23.0,"enemies":"Shelled Parasite and Fungi","floor":20.0,"turns":6.0},{"damage":8.0,"enemies":"Cultist and Chosen","floor":22.0,"turns":7.0},{"damage":2.0,"enemies":"Sentry and Sphere","floor":25.0,"turns":5.0},{"damage":16.0,"enemies":"Book of Stabbing","floor":26.0,"turns":6.0},{"damage":3.0,"enemies":"downfall:Augmenter","floor":27.0,"turns":5.0},{"damage":17.0,"enemies":"Gremlin Leader","floor":29.0,"turns":7.0},{"damage":0.0,"enemies":"Shelled Parasite and Fungi","floor":30.0,"turns":4.0},{"damage":21.0,"enemies":"Book of Stabbing","floor":31.0,"turns":4.0},{"damage":46.0,"enemies":"DF_ARCHETYPE_CLAW","floor":33.0,"turns":9.0},{"damage":11,"enemies":"3 Darklings","floor":35,"turns":9},{"damage":0,"enemies":"Orb Walker","floor":36,"turns":3},{"damage":0,"enemies":"downfall:FleeingMerchant","floor":37,"turns":4},{"damage":0,"enemies":"Sphere and 2 Shapes","floor":38,"turns":3},{"damage":0,"enemies":"Transient","floor":39,"turns":5},{"damage":22,"enemies":"Spire Growth","floor":40,"turns":4},{"damage":35,"enemies":"Giant Head","floor":42,"turns":7},{"damage":0,"enemies":"downfall:FleeingMerchant","floor":44,"turns":3},{"damage":0,"enemies":"Jaw Worm Horde","floor":48,"turns":4},{"damage":13,"enemies":"SI_POISON_ARCHETYPE","floor":50,"turns":6},{"damage":43,"enemies":"downfall:CharBossMerchant","floor":52,"turns":8},{"damage":22,"enemies":"downfall:NeowBoss","floor":55,"turns":11},{"damage":43,"enemies":"downfall:NeowBossFinal","floor":56,"turns":8}],"seed_played":"-3893354949998697511","potions_obtained":[{"floor":5.0,"key":"bronze:BuildAFunctionPotion"},{"floor":8.0,"key":"Fruit Juice"},{"floor":10.0,"key":"Explosive Potion"},{"floor":13.0,"key":"Energy Potion"},{"floor":14.0,"key":"FairyPotion"},{"floor":20.0,"key":"ColorlessPotion"},{"floor":22.0,"key":"Swift Potion"},{"floor":26.0,"key":"Block Potion"},{"floor":29.0,"key":"Fire Potion"},{"floor":30.0,"key":"BlessingOfTheForge"},{"floor":33.0,"key":"bronze:FreeFunctionsPotion"},{"floor":38,"key":"Guardian:BlockOnCardUsePotion"},{"floor":52,"key":"bronze:BurnAndBuffPotion"}],"is_trial":false,"path_per_floor":["M","M","$","$","M","M","T","M","R","?","M","E","M","E","R","B",null,"M","M","M","?","M","R","T","M","E","?","R","E","M","E","R","B",null,"M","M","$","M","M","M","T","E","?","$","?","$","R","M","R","B",null,"E","$","R","B","B",null],"character_chosen":"THE_AUTOMATON","items_purchased":["bronze:Flail","Slimebound:StickyStick","Medical Kit","Orrery","bronze:ItsAFeature","bronze:BurnAndBuffPotion"],"campfire_rested":6,"item_purchase_floors":[37,44,44,46,53,53],"current_hp_per_floor":[53,53,53,50,47,41,41,40,40,37,37,26,26,33,69,12,75,74,69,53,47,53,75,75,73,66,70,80,77,84,70,85,46,85,85,85,85,85,85,77,77,56,46,53,95,95,95,95,95,89,95,52,52,95,83,62],"gold":52,"neow_bonus":"BOSS_RELIC","is_daily":false,"chose_seed":false,"campfire_upgraded":1,"win_rate":0.0,"timestamp":1611904755,"path_taken":["M","M","?","$","M","M","T","?","R","?","M","E","M","E","R","BOSS","M","M","M","?","M","R","T","M","E","?","R","E","?","E","R","BOSS","M","M","$","M","M","M","T","E","?","$","?","?","R","M","R","BOSS","E","$","R","BOSS","BOSS"],"items_purchased_type":["Card","Relic","Relic","Relic","Card","Potion"],"build_version":"2020-12-22","purchased_purges":3,"victory":true,"max_hp_per_floor":[70,70,70,70,70,70,70,70,70,70,70,70,70,70,70,75,75,75,75,75,75,75,75,75,75,75,75,85,85,85,85,85,85,85,85,85,85,85,85,85,85,85,85,85,95,95,95,95,95,95,95,95,95,95,95,95],"relic_stats":{"Darkstone Periapt":0,"Blood Vial":2,"Regal Pillow":30,"counters":[37,213],"Shuriken":[81],"Pantograph":10,"Snecko Eye":[365,382,368,378],"Turnip":[49],"Letter Opener":[193],"Cursed Key":0,"Medical Kit":[24],"obtain_stats":[{"Darkstone Periapt":31,"Regal Pillow":14,"bronze:BronzeCore":0,"downfall:HeartBlessingRed":32,"hexamod:Sixitude":26,"downfall:HeartBlessingGreen":47,"champ:DeflectingBracers":42,"Letter Opener":10,"Cursed Key":34,"Medical Kit":44,"Blood Vial":52,"Shuriken":7,"downfall:HeartBlessingBlue":28,"Slimebound:StickyStick":44,"MutagenicStrength":27,"Pantograph":29,"Snecko Eye":0,"Orrery":46,"Turnip":12,"Fusion Hammer":17},{"Darkstone Periapt":23,"Regal Pillow":12,"bronze:BronzeCore":0,"downfall:HeartBlessingRed":23,"hexamod:Sixitude":19,"downfall:HeartBlessingGreen":32,"champ:DeflectingBracers":31,"Letter Opener":8,"Cursed Key":24,"Medical Kit":32,"Blood Vial":35,"Shuriken":6,"downfall:HeartBlessingBlue":20,"Slimebound:StickyStick":32,"MutagenicStrength":20,"Pantograph":21,"Snecko Eye":0,"Orrery":32,"Turnip":10,"Fusion Hammer":13},{"Darkstone Periapt":129,"Regal Pillow":52,"bronze:BronzeCore":0,"downfall:HeartBlessingRed":129,"hexamod:Sixitude":109,"downfall:HeartBlessingGreen":176,"champ:DeflectingBracers":173,"Letter Opener":33,"Cursed Key":138,"Medical Kit":176,"Blood Vial":194,"Shuriken":25,"downfall:HeartBlessingBlue":114,"Slimebound:StickyStick":176,"MutagenicStrength":114,"Pantograph":121,"Snecko Eye":0,"Orrery":176,"Turnip":41,"Fusion Hammer":72}]},"card_choices":[{"not_picked":["bronze:Repair","bronze:OilSpill"],"picked":"bronze:Frontload","floor":1.0},{"not_picked":["bronze:Shield","bronze:FineTuning"],"picked":"bronze:NullPointer","floor":2.0},{"not_picked":["bronze:HardenedForm","bronze:Philosophize"],"picked":"bronze:Boost","floor":3.0},{"not_picked":["bronze:DelayedSlice","bronze:Branch"],"picked":"bronze:Shell","floor":4.0},{"not_picked":["bronze:CutThrough","bronze:BuggyMess"],"picked":"bronze:WhirlingStrike","floor":5.0},{"not_picked":["bronze:OilSpill","bronze:FindAndReplace","bronze:NullPointer"],"picked":"SKIP","floor":6.0},{"not_picked":["bronze:Invalidate","bronze:FineTuning"],"picked":"bronze:BitShift","floor":8.0},{"not_picked":["bronze:DarkDash","bronze:DelayedSlice"],"picked":"bronze:ChosenStrike","floor":10.0},{"not_picked":["bronze:Deprecate","bronze:Safeguard"],"picked":"bronze:MaxOutput","floor":11.0},{"not_picked":["bronze:BugBarrage","bronze:Deprecate"],"picked":"bronze:Branch","floor":12.0},{"not_picked":["bronze:Invalidate","bronze:DelayedSlice"],"picked":"bronze:Repair","floor":13.0},{"not_picked":["bronze:WildBeam","bronze:Turbo"],"picked":"bronze:Allocate","floor":14.0},{"not_picked":["bronze:FindAndReplace","bronze:SpaghettiCode"],"picked":"bronze:ThunderWave","floor":16.0},{"not_picked":["bronze:Branch","bronze:DelayedGuard+1"],"picked":"bronze:Return","floor":18.0},{"not_picked":["bronze:NullPointer+1","bronze:BugBarrage+1","bronze:Constructor"],"picked":"SKIP","floor":19.0},{"not_picked":["bronze:Branch","bronze:ClassDefault"],"picked":"bronze:Repair","floor":20.0},{"not_picked":["bronze:Iterate","bronze:Refactor"],"picked":"bronze:Safeguard","floor":22.0},{"not_picked":["bronze:BronzeArmor","bronze:Branch"],"picked":"bronze:CutThrough+1","floor":25.0},{"not_picked":["bronze:Deprecate+1","bronze:Frontload"],"picked":"bronze:ShipIt","floor":26.0},{"not_picked":["bronze:InfiniteBeams","bronze:WildBeam+1"],"picked":"bronze:Branch+1","floor":27.0},{"not_picked":[],"picked":"J.A.X.","floor":27.0},{"not_picked":["bronze:Backtrace+1","bronze:Separator"],"picked":"bronze:ChildClass","floor":29.0},{"not_picked":["bronze:NullPointer","bronze:Invalidate","bronze:Philosophize"],"picked":"SKIP","floor":30.0},{"not_picked":["bronze:WildBeam+1","bronze:BitShift"],"picked":"bronze:Fortify","floor":31.0},{"not_picked":["bronze:CleanCode","bronze:HardenedForm"],"picked":"bronze:Hardcode","floor":33.0},{"not_picked":["bronze:Turbo","bronze:DelayedSlice+1","bronze:Invalidate+1"],"picked":"SKIP","floor":35},{"not_picked":["bronze:Deprecate+1","bronze:Shield"],"picked":"bronze:Turbo+1","floor":36},{"not_picked":["bronze:Invalidate+1","bronze:Backtrace","bronze:Philosophize"],"picked":"SKIP","floor":37},{"not_picked":["bronze:DelayedSlice+1","bronze:DelayedGuard+1","bronze:ForceShield"],"picked":"SKIP","floor":38},{"not_picked":["bronze:FollowUp+1","bronze:OilSpill","bronze:Branch+1"],"picked":"SKIP","floor":39},{"not_picked":["bronze:Refactor","bronze:ShipIt"],"picked":"bronze:Iterate+1","floor":40},{"not_picked":["bronze:ChildClass","bronze:CleanCode","bronze:Overheat"],"picked":"SKIP","floor":42},{"not_picked":["expansioncontent:YouAreMine","expansioncontent:PolyBeam"],"picked":"expansioncontent:Chronoboost","floor":43},{"not_picked":["expansioncontent:DecaShield","expansioncontent:Hexaburn"],"picked":"expansioncontent:StudyTheSpire","floor":43},{"not_picked":["expansioncontent:Chronoboost","expansioncontent:YouAreMine"],"picked":"expansioncontent:InvincibleStrength","floor":43},{"not_picked":["bronze:Constructor","bronze:DarkDash"],"picked":"bronze:Fortify+1","floor":44},{"not_picked":["bronze:Iterate","bronze:Overheat"],"picked":"bronze:Deprecate+1","floor":46},{"not_picked":["bronze:Separator+1","bronze:CutThrough"],"picked":"bronze:Philosophize+1","floor":46},{"not_picked":["bronze:Terminator+1","bronze:ChildClass"],"picked":"bronze:Fortify+1","floor":46},{"not_picked":["bronze:CutThrough","bronze:Invalidate"],"picked":"bronze:InfiniteLoop","floor":48},{"not_picked":["bronze:BugBarrage","bronze:FineTuning+1"],"picked":"bronze:Frontload+1","floor":52}],"player_experience":1453493,"relics_obtained":[{"floor":7.0,"key":"Shuriken"},{"floor":10.0,"key":"Letter Opener"},{"floor":12.0,"key":"Turnip"},{"floor":14.0,"key":"Regal Pillow"},{"floor":26.0,"key":"hexamod:Sixitude"},{"floor":27.0,"key":"MutagenicStrength"},{"floor":29.0,"key":"Pantograph"},{"floor":31.0,"key":"Darkstone Periapt"},{"floor":42,"key":"champ:DeflectingBracers"},{"floor":52,"key":"Blood Vial"}],"event_choices":[],"is_beta":false,"boss_relics":[{"not_picked":["Black Star","Tiny House"],"picked":"Fusion Hammer"},{"not_picked":["Calling Bell","Coffee Dripper"],"picked":"Cursed Key"}],"items_purged_floors":[3,37,46],"is_endless":false,"potions_floor_spawned":[5,8,10,13,14,20,22,26,29,30,33,38,39,40,42,48,52],"ascension_level":2}}