{"host":"1ekl8hlbnopmdapi","time":1611962710,"event":{"mods":["AchievementEnabler","BaseMod","Colored Map","Colored Powertips","DeckTracker","Googly Eyes","Highlight Path","Minty Spire (QoL Compilation)","Relic Sorter","StSLib","Synergy Search"],"gold_per_floor":[113,113,131,146,246,246,272,272,272,290,290,321,321,346,346,445,445,456,149,149,164,164,164,191,191,259,31,46,46,63,95,95,190,190,200,200,215,215,215,215,215,215],"floor_reached":41,"language":"ENG","playtime":1143,"items_purged":[],"score":503,"play_id":"b97c0d13-2cad-4aa6-a42b-6c6450297ed0","local_time":"20210129182510","is_ascension_mode":true,"campfire_choices":[{"data":"Armaments","floor":6,"key":"SMITH"},{"data":"Pommel Strike","floor":8,"key":"SMITH"},{"floor":11,"key":"RECALL"},{"floor":13,"key":"REST"},{"data":"Carnage","floor":15,"key":"SMITH"},{"floor":23,"key":"REST"},{"data":"Combust","floor":29,"key":"SMITH"},{"floor":32,"key":"REST"},{"data":"Mayhem","floor":40,"key":"SMITH"}],"circlet_count":0,"master_deck":["Strike_R+1","Strike_R+1","Strike_R+1","Strike_R+1","Strike_R+1","Defend_R+1","Defend_R+1","Defend_R+1","Bash+1","Pommel Strike+1","Armaments+1","Carnage+1","Clash","Power Through","Wild Strike","Perfected Strike","Immolate","Combust+1","Writhe","Rampage","Headbutt+1","Combust+1","Metallicize","Spot Weakness+1","Blood for Blood+1","Demon Form","Mayhem+1","Whirlwind+1","Madness","Madness"],"relics":["Burning Blood","Dead Branch","Calipers","Eternal Feather","Orichalcum","Odd Mushroom","Black Star","Ginger","Juzu Bracelet","TungstenRod","White Beast Statue","Regal Pillow","Boot","Thread and Needle"],"acts_visited":["Exordium","TheCity","TheBeyond"],"potions_floor_usage":[16,22,24,31,33,33,41,41],"damage_taken":[{"damage":12,"enemies":"Small Slimes","floor":1,"turns":4},{"damage":1,"enemies":"Cultist","floor":3,"turns":3},{"damage":12,"enemies":"Jaw Worm","floor":4,"turns":3},{"damage":10,"enemies":"Gremlin Nob","floor":7,"turns":3},{"damage":14,"enemies":"Exordium Wildlife","floor":10,"turns":5},{"damage":38,"enemies":"3 Sentries","floor":12,"turns":7},{"damage":18,"enemies":"The Mushroom Lair","floor":14,"turns":5},{"damage":35,"enemies":"The Guardian","floor":16,"turns":11},{"damage":23,"enemies":"Shell Parasite","floor":18,"turns":4},{"damage":21,"enemies":"3 Byrds","floor":21,"turns":5},{"damage":9,"enemies":"Centurion and Healer","floor":22,"turns":2},{"damage":39,"enemies":"Gremlin Leader","floor":24,"turns":7},{"damage":9,"enemies":"Snecko","floor":28,"turns":4},{"damage":10,"enemies":"Cultist and Chosen","floor":30,"turns":4},{"damage":46,"enemies":"Slavers","floor":31,"turns":3},{"damage":54,"enemies":"Collector","floor":33,"turns":9},{"damage":1,"enemies":"3 Shapes","floor":35,"turns":3},{"damage":18,"enemies":"Orb Walker","floor":37,"turns":4},{"damage":103,"enemies":"Giant Head","floor":41,"turns":8}],"seed_played":"3547603918423352823","potions_obtained":[{"floor":1,"key":"SteroidPotion"},{"floor":4,"key":"Regen Potion"},{"floor":7,"key":"SneckoOil"},{"floor":16,"key":"SmokeBomb"},{"floor":24,"key":"ColorlessPotion"},{"floor":28,"key":"AttackPotion"},{"floor":30,"key":"BloodPotion"},{"floor":31,"key":"Explosive Potion"},{"floor":33,"key":"GamblersBrew"},{"floor":35,"key":"EssenceOfSteel"},{"floor":37,"key":"BloodPotion"}],"is_trial":false,"path_per_floor":["M","?","M","M","?","R","E","R","T","M","R","E","R","?","R","B",null,"M","$","?","M","M","R","E","?","T","$","M","R","M","E","R","B",null,"M","?","M","?","?","R","E"],"character_chosen":"IRONCLAD","items_purchased":["Ginger","Regal Pillow","Combust"],"campfire_rested":3,"item_purchase_floors":[19,27,27],"current_hp_per_floor":[66,66,71,65,65,65,61,61,61,53,62,30,60,48,57,28,72,55,55,55,40,37,70,52,52,52,52,49,61,57,17,68,34,72,72,72,60,60,52,70,0,0],"gold":215,"neow_bonus":"ONE_RARE_RELIC","is_daily":false,"chose_seed":false,"campfire_upgraded":5,"win_rate":0.0,"timestamp":1611962710,"path_taken":["M","?","M","?","?","R","E","R","T","?","R","E","R","?","R","BOSS","M","$","?","M","M","R","E","?","T","?","M","R","M","E","R","BOSS","M","?","M","?","?","R","E"],"items_purchased_type":["Relic","Relic","Card"],"build_version":"2020-12-22","purchased_purges":0,"victory":false,"max_hp_per_floor":[72,72,72,72,72,72,72,72,72,72,72,72,72,72,72,72,72,72,72,72,72,72,72,72,72,72,72,72,72,72,72,72,72,72,72,72,72,72,72,72,72,72],"card_choices":[{"not_picked":["Searing Blow","Disarm"],"picked":"Pommel Strike","floor":1},{"not_picked":["Shrug It Off","Perfected Strike"],"picked":"Armaments","floor":3},{"not_picked":["Bludgeon","Second Wind"],"picked":"Carnage","floor":4},{"not_picked":["Armaments","Havoc"],"picked":"Clash","floor":7},{"not_picked":["Warcry","Shrug It Off"],"picked":"Power Through","floor":10},{"not_picked":["Headbutt","Fiend Fire"],"picked":"Wild Strike","floor":12},{"not_picked":["Warcry","Armaments"],"picked":"Perfected Strike","floor":14},{"not_picked":["Bludgeon","Exhume"],"picked":"Immolate","floor":16},{"not_picked":["Dual Wield","Body Slam"],"picked":"Combust+1","floor":18},{"not_picked":["Warcry","Metallicize"],"picked":"Rampage","floor":21},{"not_picked":["Pommel Strike","Clash"],"picked":"Headbutt+1","floor":24},{"not_picked":["Inflame","Perfected Strike+1"],"picked":"Metallicize","floor":28},{"not_picked":["True Grit","Searing Blow"],"picked":"Spot Weakness+1","floor":30},{"not_picked":["Sword Boomerang","Feel No Pain"],"picked":"Blood for Blood+1","floor":31},{"not_picked":["Limit Break","Impervious"],"picked":"Demon Form","floor":33},{"not_picked":["Clothesline","Bloodletting+1","Headbutt"],"picked":"SKIP","floor":35},{"not_picked":["Secret Weapon","Purity"],"picked":"Mayhem","floor":36},{"not_picked":["Carnage","Body Slam"],"picked":"Whirlwind+1","floor":37}],"player_experience":512855,"relics_obtained":[{"floor":7,"key":"Calipers"},{"floor":9,"key":"Eternal Feather"},{"floor":12,"key":"Orichalcum"},{"floor":14,"key":"Odd Mushroom"},{"floor":24,"key":"TungstenRod"},{"floor":24,"key":"White Beast Statue"},{"floor":31,"key":"Boot"},{"floor":31,"key":"Thread and Needle"}],"event_choices":[{"damage_healed":0,"gold_gain":0,"player_choice":"Upgraded","damage_taken":0,"max_hp_gain":0,"max_hp_loss":0,"event_name":"Upgrade Shrine","floor":2,"gold_loss":0,"cards_upgraded":["Bash"]},{"damage_healed":0,"gold_gain":100,"player_choice":"Pray","damage_taken":0,"max_hp_gain":0,"max_hp_loss":0,"event_name":"Golden Shrine","floor":5,"gold_loss":0},{"damage_healed":0,"gold_gain":0,"player_choice":"Fought Mushrooms","damage_taken":0,"max_hp_gain":0,"max_hp_loss":0,"event_name":"Mushrooms","floor":14,"gold_loss":0},{"damage_healed":0,"gold_gain":0,"player_choice":"Opened","damage_taken":0,"relics_obtained":["Juzu Bracelet"],"max_hp_gain":0,"max_hp_loss":0,"event_name":"The Mausoleum","floor":20,"gold_loss":0,"cards_obtained":["Writhe"]},{"damage_healed":0,"gold_gain":0,"player_choice":"Simplicity","damage_taken":0,"max_hp_gain":0,"max_hp_loss":0,"event_name":"Back to Basics","floor":25,"gold_loss":0,"cards_upgraded":["Strike_R","Strike_R","Strike_R","Strike_R","Strike_R","Defend_R","Defend_R","Defend_R","Defend_R"]},{"damage_healed":0,"gold_gain":0,"player_choice":"Memory 1","damage_taken":0,"max_hp_gain":0,"max_hp_loss":0,"event_name":"SensoryStone","floor":36,"gold_loss":0},{"cards_removed":["Defend_R"],"damage_healed":0,"gold_gain":0,"player_choice":"Removed Skill","damage_taken":0,"max_hp_gain":0,"max_hp_loss":0,"event_name":"Falling","floor":38,"gold_loss":0},{"damage_healed":0,"gold_gain":0,"player_choice":"Embrace Madness","damage_taken":9,"max_hp_gain":0,"max_hp_loss":0,"event_name":"Winding Halls","floor":39,"gold_loss":0,"cards_obtained":["Madness","Madness"]}],"is_beta":false,"boss_relics":[{"not_picked":["SlaversCollar","Fusion Hammer"],"picked":"Black Star"},{"not_picked":["Velvet Choker","Runic Pyramid","Philosopher\u0027s Stone"]}],"items_purged_floors":[],"is_endless":false,"potions_floor_spawned":[1,4,7,16,24,28,30,31,33,35,37],"killed_by":"Giant Head","ascension_level":3}}