{"host":"kn32u0f2pym5bozc","time":1611886531,"event":{"mods":["2.2 Compatiblity","BaseMod","Better Third Choice","Minty Spire (QoL Compilation)","Permanent Neow","Relic Stats","StSLib","The Animator"],"gold_per_floor":[109,184,149,173,184,184,211,231,231,231,251,283,283,308,308,382,382,399,416,416,430,449,481,496,496,573,573,606,606,606],"floor_reached":29,"language":"ENG","playtime":2119,"items_purged":[],"score":526,"play_id":"95be1bef-4039-4a15-b7a6-9b9c294a4ef4","local_time":"20210128211531","is_ascension_mode":true,"campfire_choices":[{"data":"animator:UneriGinkaku","floor":6.0,"key":"SMITH"},{"floor":10.0,"key":"REST"},{"floor":15.0,"key":"REST"},{"floor":25,"key":"REST"}],"circlet_count":0,"master_deck":["AscendersBane","animator:Strike_GoblinSlayer","animator:Defend_GoblinSlayer","animator:Strike","animator:Strike","animator:Defend","animator:Defend","animator:Defend+1","animator:LizardPriest","animator:DwarfShaman","animator:Entoma+5","animator:UneriGinkaku+1","animator:Cocytus","animator:Evileye","animator:KrulTepes","animator:Shalltear","animator:RinTohsaka","animator:Witch","animator:Priestess","animator:Mitsurugi+1","animator:Mitsurugi+1","animator:Alexander+1","animator:Mitsuba","animator:Kaijin"],"relics":["animator:LivingPicture","animator:TheMissingPiece","animator:PurgingStone","Centennial Puzzle","MealTicket","Thread and Needle","Blood Vial","Omamori","Blood Vial","SlaversCollar","The Courier","Mercury Hourglass","Sundial"],"acts_visited":["Exordium","TheCity"],"potions_floor_usage":[28,29],"damage_taken":[{"damage":0.0,"enemies":"Jaw Worm","floor":1.0,"turns":5.0},{"damage":12.0,"enemies":"Small Slimes","floor":4.0,"turns":4.0},{"damage":0.0,"enemies":"Cultist","floor":5.0,"turns":3.0},{"damage":38.0,"enemies":"Lagavulin","floor":7.0,"turns":6.0},{"damage":0.0,"enemies":"3 Louse","floor":8.0,"turns":3.0},{"damage":0.0,"enemies":"Lots of Slimes","floor":11.0,"turns":4.0},{"damage":13.0,"enemies":"Gremlin Nob","floor":12.0,"turns":4.0},{"damage":7.0,"enemies":"Large Slime","floor":14.0,"turns":5.0},{"damage":31.0,"enemies":"Slime Boss","floor":16.0,"turns":12.0},{"damage":18.0,"enemies":"Spheric Guardian","floor":18.0,"turns":6.0},{"damage":15.0,"enemies":"3 Byrds","floor":19.0,"turns":4.0},{"damage":28.0,"enemies":"Snake Plant","floor":21.0,"turns":4.0},{"damage":15.0,"enemies":"Snecko","floor":22.0,"turns":8.0},{"damage":3.0,"enemies":"Book of Stabbing","floor":23.0,"turns":5.0},{"damage":5,"enemies":"Centurion and Healer","floor":24,"turns":10},{"damage":19,"enemies":"Gremlin Leader","floor":28,"turns":6},{"damage":45,"enemies":"Masked Bandits","floor":29,"turns":4}],"seed_played":"2895871716547567887","potions_obtained":[{"floor":4.0,"key":"PowerPotion"},{"floor":8.0,"key":"SneckoOil"},{"floor":12.0,"key":"Explosive Potion"},{"floor":16.0,"key":"Block Potion"},{"floor":19.0,"key":"PowerPotion"},{"floor":20.0,"key":"Strength Potion"},{"floor":22.0,"key":"SpeedPotion"},{"floor":24,"key":"BlessingOfTheForge"}],"is_trial":false,"path_per_floor":["M","?","?","M","M","R","E","M","T","R","M","E","?","M","R","B",null,"M","M","?","M","M","E","M","R","T","?","E","?"],"character_chosen":"THE_ANIMATOR","items_purchased":[],"campfire_rested":3,"item_purchase_floors":[],"current_hp_per_floor":[54,43,58,48,48,48,10,10,10,28,28,15,15,12,31,2,49,39,33,33,12,6,10,12,32,32,32,22,0,0],"gold":606,"neow_bonus":"RANDOM_COMMON_RELIC","is_daily":false,"chose_seed":false,"campfire_upgraded":1,"win_rate":0.0,"timestamp":1611886531,"path_taken":["M","?","?","M","?","R","E","M","T","R","M","E","?","M","R","BOSS","M","?","?","M","?","E","M","R","T","?","E","?"],"items_purchased_type":[],"build_version":"2020-12-22","purchased_purges":0,"victory":false,"max_hp_per_floor":[60,60,60,62,62,62,62,62,62,62,62,62,62,64,64,64,64,65,67,67,67,69,69,69,69,69,69,71,71,71],"relic_stats":{"Blood Vial":36,"Centennial Puzzle":[39],"counters":[17,92],"Sundial":[0],"MealTicket":0,"obtain_stats":[{"Blood Vial":12,"SlaversCollar":17,"Centennial Puzzle":0,"animator:PurgingStone":0,"Sundial":28,"animator:TheMissingPiece":0,"MealTicket":7,"Thread and Needle":9,"animator:LivingPicture":0,"The Courier":23,"Omamori":12,"Mercury Hourglass":26},{"Blood Vial":7,"SlaversCollar":9,"Centennial Puzzle":0,"animator:PurgingStone":0,"Sundial":16,"animator:TheMissingPiece":0,"MealTicket":4,"Thread and Needle":5,"animator:LivingPicture":0,"The Courier":14,"Omamori":7,"Mercury Hourglass":15},{"Blood Vial":28,"SlaversCollar":45,"Centennial Puzzle":0,"animator:PurgingStone":0,"Sundial":88,"animator:TheMissingPiece":0,"MealTicket":17,"Thread and Needle":20,"animator:LivingPicture":0,"The Courier":72,"Omamori":28,"Mercury Hourglass":82}],"Mercury Hourglass":[62]},"card_choices":[{"not_picked":["animator:Evileye","animator:EmiyaShirou"],"picked":"animator:Entoma","floor":1.0},{"not_picked":["animator:Shion","animator:Shichika"],"picked":"animator:UneriGinkaku","floor":4.0},{"not_picked":["animator:Rena","animator:YunYun"],"picked":"animator:Cocytus","floor":5.0},{"not_picked":["animator:NarberalGamma","animator:PandorasActor"],"picked":"animator:Evileye","floor":7.0},{"not_picked":["animator:Caster","animator:DolaStephanie"],"picked":"animator:KrulTepes","floor":8.0},{"not_picked":["animator:Demiurge","animator:LizardPriest"],"picked":"animator:Shalltear","floor":11.0},{"not_picked":["animator:Bozes","animator:Darkness"],"picked":"animator:RinTohsaka","floor":12.0},{"not_picked":["animator:GuildGirl","animator:Priestess"],"picked":"animator:Witch","floor":14.0},{"not_picked":["animator:AcuraShin","animator:Shizu"],"picked":"animator:Eris","floor":16.0},{"not_picked":["animator:Vanir","animator:Caster"],"picked":"animator:Priestess","floor":18.0},{"not_picked":["animator:Shuna","animator:Rider"],"picked":"animator:Mitsurugi+1","floor":19.0},{"not_picked":["animator:Vesta","animator:TukaLunaMarceau"],"picked":"animator:Mitsurugi+1","floor":21.0},{"not_picked":["animator:Tet","animator:Demiurge"],"picked":"animator:Alexander+1","floor":23.0},{"not_picked":["animator:Demiurge","animator:Spearman"],"picked":"animator:Mitsuba","floor":24},{"not_picked":["animator:Aqua","animator:CrowleyEusford"],"picked":"animator:Kaijin","floor":28}],"player_experience":880397,"relics_obtained":[{"floor":7.0,"key":"MealTicket"},{"floor":9.0,"key":"Thread and Needle"},{"floor":12.0,"key":"Blood Vial"},{"floor":12.0,"key":"Omamori"},{"floor":16.0,"key":"Blood Vial"},{"floor":23.0,"key":"The Courier"},{"floor":26,"key":"Mercury Hourglass"},{"floor":28,"key":"Sundial"}],"event_choices":[{"damage_healed":0.0,"max_hp_gain":0.0,"max_hp_loss":0.0,"gold_gain":75.0,"event_name":"betterThird:BetterGoop","player_choice":"Gold","floor":2.0,"gold_loss":0.0,"damage_taken":11.0},{"damage_healed":15.0,"max_hp_gain":0.0,"max_hp_loss":0.0,"gold_gain":0.0,"event_name":"The Cleric","player_choice":"Healed","floor":3.0,"gold_loss":35.0,"damage_taken":0.0},{"cards_removed":["animator:Strike"],"damage_healed":0.0,"max_hp_gain":0.0,"max_hp_loss":0.0,"gold_gain":0.0,"event_name":"Purifier","player_choice":"Purged","floor":13.0,"gold_loss":0.0,"damage_taken":0.0},{"damage_healed":0.0,"max_hp_gain":0.0,"max_hp_loss":0.0,"gold_gain":0.0,"event_name":"Lab","player_choice":"Got Potions","floor":20.0,"gold_loss":0.0,"damage_taken":0.0},{"damage_healed":0,"gold_gain":0,"player_choice":"Ignored","damage_taken":0,"max_hp_gain":0,"max_hp_loss":0,"event_name":"The Mausoleum","floor":27,"gold_loss":0},{"damage_healed":0,"gold_gain":0,"player_choice":"Fought Bandits","damage_taken":0,"max_hp_gain":0,"max_hp_loss":0,"event_name":"Masked Bandits","floor":29,"gold_loss":0}],"is_beta":false,"boss_relics":[{"not_picked":["Busted Crown","Fusion Hammer"],"picked":"SlaversCollar"}],"items_purged_floors":[],"is_endless":false,"potions_floor_spawned":[4,8,12,16,19,22,24],"killed_by":"Masked Bandits","ascension_level":18}}