{"host":"l84l8xigz5v5foa2","time":1611931977,"event":{"mods":["2.2 Compatiblity","AchievementEnabler","BaseMod","Better Note","Better Vampires","Card Filter","Colored Map","DeckTracker","Downfall","Gremlin Skip","Highlight Path","Keyboard Shortcuts","Minty Spire (QoL Compilation)","Permanent Neow","Quick Restart","Relic Filter","Relic Stats","StSLib","SuperFastMode","Transform Curses","Unknown Chances"],"gold_per_floor":[0,15,25,25,25,125,207,207,207,207],"floor_reached":8,"language":"ENG","playtime":231,"items_purged":[],"score":88,"play_id":"cb603066-96a5-4600-a172-4753137573eb","local_time":"20210129235257","is_ascension_mode":true,"campfire_choices":[{"data":"champ:Taunt","floor":1.0,"key":"SMITH"}],"circlet_count":0,"master_deck":["AscendersBane","champ:Strike","champ:Strike","champ:Strike","champ:Defend","champ:Defend","champ:Execute","champ:Taunt+1","champ:Parry","champ:AdrenalArmor","champ:Endure","downfall:Icky"],"relics":["champ:ChampionCrown","Kunai"],"acts_visited":["Exordium"],"potions_floor_usage":[],"damage_taken":[{"damage":20.0,"enemies":"Jaw Worm","floor":2.0,"turns":4.0},{"damage":15.0,"enemies":"Small Slimes","floor":3.0,"turns":4.0},{"damage":68,"enemies":"3 Sentries","floor":8,"turns":8}],"seed_played":"-6863927211066928470","potions_obtained":[],"is_trial":false,"path_per_floor":["R","M","M","?","?","?","T","E"],"character_chosen":"THE_CHAMP","items_purchased":[],"campfire_rested":0,"item_purchase_floors":[],"current_hp_per_floor":[73,73,68,68,68,68,68,0,0,0],"gold":207,"neow_bonus":"REMOVE_TWO","is_daily":false,"chose_seed":false,"campfire_upgraded":1,"win_rate":0.0,"timestamp":1611931977,"path_taken":["R","M","M","?","?","?","T","E"],"items_purchased_type":[],"build_version":"2020-12-22","purchased_purges":0,"victory":false,"max_hp_per_floor":[81,81,81,81,81,81,81,81,81,81],"relic_stats":{"counters":[3,16],"Kunai":[0],"obtain_stats":[{"champ:ChampionCrown":0,"Kunai":7},{"champ:ChampionCrown":0,"Kunai":2},{"champ:ChampionCrown":0,"Kunai":8}]},"card_choices":[{"not_picked":["champ:ShieldSigil","champ:FanOfKnives"],"picked":"champ:Parry","floor":2.0},{"not_picked":["champ:FocusedDefense","champ:RisingSlash"],"picked":"champ:AdrenalArmor","floor":3.0}],"player_experience":3498367,"relics_obtained":[{"floor":7,"key":"Kunai"}],"event_choices":[{"damage_healed":0,"gold_gain":0,"cards_transformed":["champ:Defend"],"player_choice":"Change","damage_taken":0,"max_hp_gain":0,"max_hp_loss":0,"event_name":"Living Wall","floor":5,"gold_loss":0,"cards_obtained":["champ:Endure"]}],"is_beta":false,"boss_relics":[],"items_purged_floors":[],"is_endless":false,"potions_floor_spawned":[],"killed_by":"3 Sentries","ascension_level":20}}