{"host":"lehz9p79pih88cc3","time":1611882623,"event":{"mods":["AchievementEnabler","Act Like it!","BaseMod","Downfall","Lobotomy","LobotomyExtend","Minty Spire (QoL Compilation)","Permanent Neow","Quick Restart","Relic Stats","Replay The Spire","SacredBarkPlus","StSLib","The Construct","The Mystic","The Runesmith","Transform Curses","Yakumo Yukari mod"],"gold_per_floor":[215,93,25,100,113,147,161,161,187,187,201,217,217,217,217,317,317,335,335,32,32,32,32,42,42,42,42,42,42,42,42,42],"floor_reached":31,"language":"ENG","playtime":1165,"items_purged":["Normality","AddBullet"],"score":326,"play_id":"cdf3fa68-84de-4c78-afa1-725dc31177e8","local_time":"20210128201023","is_ascension_mode":false,"campfire_choices":[{"floor":15,"key":"REST"},{"floor":25,"key":"REST"},{"floor":28,"key":"REST"}],"circlet_count":0,"master_deck":["SpecialBullet","SpecialBullet","SpecialBullet","SpecialBullet","SpecialBullet","SpecialBullet","SpecialBullet","SpecialBullet","InformationCode","CentralCode","TrainingCode","Wingbeat+1","Penitence","LifeForTheDareDevil","Finesse+1","Ecstasy","CherryBlossom","WristCuter","Parasite","Ecstasy","Penitence","MeatLantern","CENSORED_ego","SpecialBullet","Horn+1","Regret_ego","Ecstasy","Penitence","WristCuter","Soda+1","Laetitia_ego","BlueScar","SpecialBullet","SpecialBullet"],"relics":["CogitoBucket","RabbitCall","LetterFromLob","ReplayTheSpireMod:CursedCoin","Vajra","War Paint","ShedSkin_r","MagicBullet_r","LaetitiaHeart","BackwardClock","CogitoBucket","RabbitCall","LetterFromLob","ReplayTheSpireMod:CursedCoin","Vajra","War Paint","ShedSkin_r","MagicBullet_r","LaetitiaHeart","Black Star","Orrery","Mummified Hand","Replay:Mystery Machine","ReplayTheSpireMod:Shallot"],"acts_visited":["Exordium","TheCity"],"potions_floor_usage":[12],"damage_taken":[{"damage":6,"enemies":"Cultist","floor":1,"turns":3},{"damage":6,"enemies":"Small Slimes","floor":5,"turns":2},{"damage":0,"enemies":"Gremlin Nob","floor":6,"turns":3},{"damage":5,"enemies":"Jaw Worm","floor":7,"turns":2},{"damage":0,"enemies":"Large Slime","floor":10,"turns":1},{"damage":0,"enemies":"Large Slime","floor":11,"turns":2},{"damage":0,"enemies":"2 Fungi Beasts","floor":12,"turns":3},{"damage":0,"enemies":"Hexaghost","floor":16,"turns":7},{"damage":2,"enemies":"Shell Parasite","floor":18,"turns":2},{"damage":28,"enemies":"Chosen","floor":24,"turns":6},{"damage":1,"enemies":"Shelled Parasite and Fungi","floor":27,"turns":4},{"damage":58,"enemies":"Book of Stabbing","floor":29,"turns":9},{"damage":54,"enemies":"Sentry and Sphere","floor":31,"turns":3}],"seed_played":"-416468551105549309","potions_obtained":[{"floor":5,"key":"SkillPotion"},{"floor":11,"key":"Languid Potion"},{"floor":16,"key":"Energy Potion"},{"floor":27,"key":"FairyPotion"}],"is_trial":false,"path_per_floor":["M","$","$","?","M","E","M","R","T","M","M","M","R","?","R","B",null,"M","?","$","?","?","R","M","R","T","M","R","E","$","M"],"character_chosen":"Angela","items_purchased":["ReplayTheSpireMod:CursedCoin","Penitence","LifeForTheDareDevil","Finesse","Ecstasy","Regret_ego","Orrery"],"campfire_rested":3,"item_purchase_floors":[2,2,2,2,3,20,20],"current_hp_per_floor":[64,64,64,57,51,51,46,46,46,21,21,21,21,3,24,24,70,68,55,55,55,55,55,31,53,53,52,74,24,24,0,0],"gold":42,"neow_bonus":"HUNDRED_GOLD","is_daily":false,"chose_seed":false,"campfire_upgraded":0,"win_rate":0.0,"timestamp":1611882623,"path_taken":["M","?","$","?","M","E","M","R","T","?","M","M","R","?","R","BOSS","M","?","$","?","?","R","M","R","T","M","R","E","?","M"],"items_purchased_type":["Relic","Card","Card","Card","Card","Card","Relic"],"build_version":"2020-12-22","purchased_purges":2,"victory":false,"max_hp_per_floor":[70,70,70,70,70,70,70,70,70,70,70,70,70,70,70,70,70,70,75,75,75,75,75,75,75,75,75,75,75,75,75,75],"relic_stats":{"counters":[15,49],"Mummified Hand":[11],"Black Star":1,"War Paint":["Wingbeat","Finesse"],"obtain_stats":[{"RabbitCall":0,"BackwardClock":12,"MagicBullet_r":10,"ReplayTheSpireMod:CursedCoin":2,"Vajra":6,"War Paint":9,"Replay:Mystery Machine":29,"CogitoBucket":0,"LaetitiaHeart":10,"ReplayTheSpireMod:Shallot":29,"Mummified Hand":26,"Orrery":20,"LetterFromLob":1,"Black Star":17,"ShedSkin_r":10},{"RabbitCall":0,"BackwardClock":8,"MagicBullet_r":4,"ReplayTheSpireMod:CursedCoin":1,"Vajra":3,"War Paint":4,"Replay:Mystery Machine":13,"CogitoBucket":0,"LaetitiaHeart":4,"ReplayTheSpireMod:Shallot":13,"Mummified Hand":11,"Orrery":10,"LetterFromLob":1,"Black Star":9,"ShedSkin_r":4},{"RabbitCall":0,"BackwardClock":17,"MagicBullet_r":10,"ReplayTheSpireMod:CursedCoin":3,"Vajra":8,"War Paint":10,"Replay:Mystery Machine":45,"CogitoBucket":0,"LaetitiaHeart":10,"ReplayTheSpireMod:Shallot":45,"Mummified Hand":32,"Orrery":26,"LetterFromLob":3,"Black Star":24,"ShedSkin_r":10}]},"card_choices":[{"not_picked":["Regret_ego"],"picked":"Wingbeat","floor":1},{"not_picked":["Gaze"],"picked":"CherryBlossom","floor":5},{"not_picked":["Noise"],"picked":"WristCuter","floor":6},{"not_picked":["SpiderBud","Freischutz"],"picked":"QueenBee","floor":7},{"not_picked":["Loneliness","CherryBlossom"],"picked":"SKIP","floor":7},{"not_picked":["CherryBlossom"],"picked":"Ecstasy","floor":11},{"not_picked":["Mimicry"],"picked":"Penitence","floor":12},{"not_picked":["UniverseFragment","Bloodbath"],"picked":"MeatLantern","floor":16},{"not_picked":["Mimicry"],"picked":"CENSORED_ego","floor":16},{"not_picked":["Pleasure+1"],"picked":"Horn+1","floor":18},{"not_picked":["Noise"],"picked":"LifeForTheDareDevil","floor":20},{"not_picked":["MagicBullet+1"],"picked":"Ecstasy","floor":20},{"not_picked":["Loneliness"],"picked":"Penitence","floor":20},{"not_picked":["Heaven"],"picked":"WristCuter","floor":20},{"not_picked":["Noise"],"picked":"Soda+1","floor":20},{"not_picked":["Noise","Loneliness+1"],"picked":"SKIP","floor":24},{"not_picked":["BlueScar","RapturousDream"],"picked":"SKIP","floor":27},{"not_picked":["Laetitia_ego","BloodyDesire"],"picked":"SKIP","floor":29}],"player_experience":175379,"relics_obtained":[{"floor":1,"key":"LetterFromLob"},{"floor":6,"key":"Vajra"},{"floor":9,"key":"War Paint"},{"floor":26,"key":"Mummified Hand"},{"floor":29,"key":"Replay:Mystery Machine"},{"floor":29,"key":"ReplayTheSpireMod:Shallot"}],"event_choices":[{"damage_healed":0,"gold_gain":75,"player_choice":"Touch","damage_taken":7,"max_hp_gain":0,"max_hp_loss":0,"event_name":"FaceTrader","floor":4,"gold_loss":0},{"damage_healed":0,"gold_gain":0,"player_choice":"Fled","damage_taken":18,"max_hp_gain":0,"max_hp_loss":0,"event_name":"Scrap Ooze","floor":14,"gold_loss":0},{"damage_healed":0,"gold_gain":0,"player_choice":"Shed Blood","damage_taken":18,"max_hp_gain":5,"max_hp_loss":0,"event_name":"Forgotten Altar","floor":19,"gold_loss":0},{"damage_healed":0,"gold_gain":0,"cards_transformed":["QueenBee","LifeForTheDareDevil"],"player_choice":"Became Test Subject","damage_taken":0,"max_hp_gain":0,"max_hp_loss":0,"event_name":"Drug Dealer","floor":21,"gold_loss":0,"cards_obtained":["Laetitia_ego","BlueScar"]}],"is_beta":false,"boss_relics":[{"not_picked":["Ring of Chaos","ChewingGum"],"picked":"Black Star"}],"items_purged_floors":[2,20],"is_endless":false,"potions_floor_spawned":[5,11,16,27,29],"killed_by":"Sentry and Sphere","ascension_level":0}}