{"host":"u4tznopnj1dsdkte","time":1611917325,"event":{"mods":["AchievementEnabler","BaseMod","Colored Map","Colored Powertips","DeckTracker","Highlight Path","Minty Spire (QoL Compilation)","Relic Stats"],"gold_per_floor":[109,125,50,70,86,86,119,119,119,119,44,44,44,56,56,56,56],"floor_reached":16,"language":"ENG","playtime":627,"items_purged":["Defend_G"],"score":200,"play_id":"f111a97e-8129-4257-8a41-3f8cd48f1b7a","local_time":"20210129114845","is_ascension_mode":true,"campfire_choices":[{"data":"Deadly Poison","floor":6,"key":"SMITH"},{"data":"Venomology","floor":8,"key":"SMITH"},{"floor":13,"key":"REST"},{"data":"Flying Knee","floor":15,"key":"SMITH"}],"circlet_count":0,"master_deck":["AscendersBane","Strike_G","Strike_G","Strike_G","Strike_G","Defend_G","Defend_G","Defend_G","Survivor","Neutralize","Backstab","Distraction","Deadly Poison+1","Flying Knee+1","Venomology+1","Deadly Poison+1"],"relics":["Ring of the Snake","Blue Candle","Toxic Egg 2"],"acts_visited":["Exordium"],"potions_floor_usage":[7,7,7,7,16,16,16,16,16],"damage_taken":[{"damage":0,"enemies":"Small Slimes","floor":1,"turns":4},{"damage":2,"enemies":"Jaw Worm","floor":2,"turns":4},{"damage":0,"enemies":"2 Louse","floor":4,"turns":3},{"damage":0,"enemies":"Blue Slaver","floor":5,"turns":5},{"damage":19,"enemies":"Gremlin Nob","floor":7,"turns":4},{"damage":0,"enemies":"2 Fungi Beasts","floor":14,"turns":2},{"damage":58,"enemies":"Slime Boss","floor":16,"turns":9}],"seed_played":"675120443237595581","potions_obtained":[{"floor":0,"key":"Poison Potion"},{"floor":0,"key":"EntropicBrew"},{"floor":14,"key":"EntropicBrew"}],"is_trial":false,"path_per_floor":["M","M","$","M","M","R","E","R","T","?","?","?","R","M","R","B"],"character_chosen":"THE_SILENT","items_purchased":[],"campfire_rested":1,"item_purchase_floors":[],"current_hp_per_floor":[59,57,57,57,57,57,38,38,38,38,38,31,50,50,50,0,0],"gold":56,"neow_bonus":"THREE_SMALL_POTIONS","is_daily":false,"chose_seed":false,"campfire_upgraded":3,"win_rate":0.0,"timestamp":1611917325,"path_taken":["M","M","$","M","M","R","E","R","T","?","?","?","R","M","R","BOSS"],"items_purchased_type":[],"build_version":"2020-12-22","purchased_purges":1,"victory":false,"max_hp_per_floor":[66,66,66,66,66,66,66,66,66,66,66,66,66,66,66,66,66],"relic_stats":{"counters":[7,31],"Blue Candle":[0],"obtain_stats":[{"Blue Candle":7,"Toxic Egg 2":9,"Ring of the Snake":0},{"Blue Candle":5,"Toxic Egg 2":5,"Ring of the Snake":0},{"Blue Candle":20,"Toxic Egg 2":20,"Ring of the Snake":0}],"Ring of the Snake":[14]},"card_choices":[{"not_picked":["Quick Slash","Footwork"],"picked":"Backstab","floor":1},{"not_picked":["Slice","Outmaneuver"],"picked":"Distraction","floor":2},{"not_picked":["Predator","Backflip"],"picked":"Deadly Poison","floor":4},{"not_picked":["Blur","Cloak And Dagger"],"picked":"Flying Knee","floor":5},{"not_picked":["Deflect","Prepared"],"picked":"Venomology","floor":7},{"not_picked":["Underhanded Strike","Distraction+1"],"picked":"Deadly Poison+1","floor":14}],"player_experience":1249494,"relics_obtained":[{"floor":7,"key":"Blue Candle"},{"floor":9,"key":"Toxic Egg 2"}],"event_choices":[{"damage_healed":0,"gold_gain":0,"player_choice":"Ignored","damage_taken":0,"max_hp_gain":0,"max_hp_loss":0,"event_name":"Shining Light","floor":10,"gold_loss":0},{"cards_removed":["Strike_G"],"damage_healed":0,"gold_gain":0,"player_choice":"Card Removal","damage_taken":0,"max_hp_gain":0,"max_hp_loss":0,"event_name":"The Cleric","floor":11,"gold_loss":75},{"cards_removed":["Defend_G"],"damage_healed":0,"gold_gain":0,"player_choice":"Card Removal","damage_taken":7,"max_hp_gain":0,"max_hp_loss":0,"event_name":"Golden Wing","floor":12,"gold_loss":0}],"is_beta":false,"boss_relics":[],"items_purged_floors":[3],"is_endless":false,"potions_floor_spawned":[4,14],"killed_by":"Slime Boss","ascension_level":20}}