{"host":"hcg1n1zeml53gytb","time":1611894143,"event":{"mods":["BaseMod","Better Third Choice","Colored Powertips","Displayed Cursed Tome","Downfall","Hermit","Highlight Path","Minty Spire (QoL Compilation)","Quick Restart","Rare Cards Sparkle","Relic Stats","Replay The Spire","StSLib","The Cursed"],"gold_per_floor":[116,130,16,16,16,16,32,32,100,125,125,139,165,176,176,273,273,283,295,306,306,27,58,73,99,99,126,126,138,158,185,185,281,281,299,299,309,130,230,265,283,300,325,350,378,437,463,498,498,498,498,498,316,354,354],"floor_reached":56,"language":"ENG","playtime":4521,"items_purged":["Overencumbered","Strike_R","Strike_R","Strike_R"],"score":1742,"play_id":"ba14c07a-536c-40f4-8baa-cd39b43d9d5f","local_time":"20210128222223","is_ascension_mode":true,"campfire_choices":[{"data":"Inflame","floor":6.0,"key":"SMITH"},{"data":"Bash","floor":8.0,"key":"SMITH"},{"data":"Double Tap","floor":11.0,"key":"SMITH"},{"data":"True Grit","floor":15.0,"key":"SMITH"},{"data":"Corruption","floor":32,"key":"SMITH"},{"floor":49,"key":"RECALL"},{"data":"Battle Trance","floor":52,"key":"SMITH"}],"circlet_count":0,"master_deck":["Defend_R","Defend_R","Defend_R+1","Defend_R+1","Bash+1","Double Tap+1","Pummel+1","Twin Strike","Inflame+1","Thunderclap","Dropkick","Pommel Strike","True Grit+1","Feed+1","Pommel Strike","Battle Trance","Bloodletting","Shrug It Off","Ghostly Armor+1","Spot Weakness","Shrug It Off","ReplayTheSpireMod:Stacked","Sword Boomerang+1","Battle Trance+1","Corruption+1","Reaper","ReplayTheSpireMod:Muscle Training","Metamorphosis","Flash of Steel","Trip","Disarm+1","ReplayReversal","Sword Boomerang+1","Sword Boomerang+1","Reaper","Armaments","Heavy Blade+1","Power Through","Thunderclap+1","Inflame","Dual Wield"],"relics":["Burning Blood","Garlic","Turnip","War Paint","Honey Jar","Membership Card","Whetstone","Replay:Mystery Machine","Akabeko","Pear","Replay:Ringing Soul","Replay:Rubber Ducky","Painkiller Herb","BargainBundle","Lantern","Orichalcum","CeramicFish","Durian","MealTicket","Frozen Eye","Snack Pack"],"acts_visited":["Exordium","TheCity","TheBeyond","TheEnding"],"potions_floor_usage":[50,55,55,55,55],"damage_taken":[{"damage":4.0,"enemies":"2 Louse","floor":1.0,"turns":4.0},{"damage":6.0,"enemies":"Jaw Worm","floor":2.0,"turns":3.0},{"damage":0.0,"enemies":"Cultist","floor":7.0,"turns":2.0},{"damage":19.0,"enemies":"Replay:BlueRogue","floor":10.0,"turns":4.0},{"damage":4.0,"enemies":"2 Fungi Beasts","floor":12.0,"turns":3.0},{"damage":26.0,"enemies":"Lagavulin","floor":13.0,"turns":6.0},{"damage":0.0,"enemies":"3 Louse","floor":14.0,"turns":3.0},{"damage":58.0,"enemies":"Fading Forest","floor":16.0,"turns":11.0},{"damage":12.0,"enemies":"Shell Parasite","floor":18.0,"turns":5.0},{"damage":0.0,"enemies":"Chosen","floor":19.0,"turns":4.0},{"damage":12.0,"enemies":"Snake Plant","floor":20.0,"turns":3.0},{"damage":21.0,"enemies":"Gremlin Leader","floor":23.0,"turns":4.0},{"damage":7.0,"enemies":"Shelled Parasite and Fungi","floor":24.0,"turns":3.0},{"damage":3.0,"enemies":"Replay:Snechameleon","floor":25.0,"turns":4.0},{"damage":13.0,"enemies":"Slavers","floor":27.0,"turns":5.0},{"damage":13.0,"enemies":"Snecko","floor":29.0,"turns":6.0},{"damage":4,"enemies":"Cultist and Chosen","floor":30,"turns":4},{"damage":0,"enemies":"Replay:Snechameleon","floor":31,"turns":4},{"damage":56,"enemies":"Pondfish","floor":33,"turns":8},{"damage":0,"enemies":"Orb Walker","floor":35,"turns":2},{"damage":0,"enemies":"3 Shapes","floor":37,"turns":5},{"damage":2,"enemies":"R_Hoarder","floor":40,"turns":6},{"damage":0,"enemies":"Sphere and 2 Shapes","floor":41,"turns":3},{"damage":6,"enemies":"4 Shapes","floor":42,"turns":5},{"damage":3,"enemies":"3 Darklings","floor":44,"turns":4},{"damage":1,"enemies":"Maw","floor":45,"turns":6},{"damage":49,"enemies":"Mind Bloom Boss Battle","floor":46,"turns":3},{"damage":4,"enemies":"Transient","floor":47,"turns":5},{"damage":3,"enemies":"Nemesis","floor":48,"turns":3},{"damage":40,"enemies":"Time Eater","floor":50,"turns":9},{"damage":33,"enemies":"Shield and Spear","floor":54,"turns":5},{"damage":58,"enemies":"The Heart","floor":55,"turns":8}],"seed_played":"-7914051401529141032","potions_obtained":[{"floor":2.0,"key":"Venom Potion"},{"floor":14.0,"key":"Dexterity Potion"},{"floor":18.0,"key":"SteroidPotion"},{"floor":19.0,"key":"SpeedPotion"},{"floor":25.0,"key":"FearPotion"},{"floor":30,"key":"Energy Potion"},{"floor":33,"key":"hexamod:SoulburnPotion"},{"floor":44,"key":"Strength Potion"}],"is_trial":false,"path_per_floor":["M","M","$","?","T","R","M","R","T","E","R","M","E","M","R","B",null,"M","M","M","?","$","E","M","E","T","E","?","M","M","E","R","B",null,"?","?","?","T","?","E","?","?","T","?","?","?","?","E","T","B",null,"T","T","E","B",null],"character_chosen":"IRONCLAD","items_purchased":["Inflame","Membership Card","Whetstone","BargainBundle","Lantern","Inflame","Frozen Eye","Swift Potion"],"campfire_rested":0,"item_purchase_floors":[3,22,22,38,38,53,53,53],"current_hp_per_floor":[80,80,80,73,73,73,79,79,79,66,66,68,48,54,54,12,80,77,86,83,83,83,72,75,82,92,92,95,95,104,117,117,70,145,152,145,162,162,162,165,172,179,179,182,189,158,187,193,193,194,211,211,214,205,173],"gold":354,"neow_bonus":"THREE_RARE_CARDS","is_daily":false,"chose_seed":false,"campfire_upgraded":6,"win_rate":0.0,"timestamp":1611894143,"path_taken":["M","M","$","?","?","R","M","R","T","E","R","M","E","M","R","BOSS","M","M","?","?","$","E","M","E","T","E","?","M","M","E","R","BOSS","?","?","?","T","?","E","?","?","T","?","?","?","?","E","T","BOSS","T","T","E","BOSS"],"items_purchased_type":["Card","Relic","Relic","Relic","Relic","Card","Relic","Potion"],"build_version":"2020-12-22","purchased_purges":4,"victory":true,"max_hp_per_floor":[80,80,80,80,80,80,80,80,80,80,80,80,80,80,80,80,80,83,86,89,89,89,93,97,101,111,118,121,128,135,142,142,145,145,152,155,162,162,162,165,172,179,179,182,189,201,204,207,207,211,211,211,214,221,221],"relic_stats":{"counters":[32,150],"CeramicFish":63,"MealTicket":0,"Turnip":[9],"Whetstone":["Feed","Pummel"],"War Paint":["Defend_R","Defend_R"],"Orichalcum":[60],"obtain_stats":[{"BargainBundle":38,"Lantern":38,"Pear":26,"CeramicFish":43,"Painkiller Herb":34,"Whetstone":22,"War Paint":13,"Replay:Mystery Machine":23,"Orichalcum":40,"Burning Blood":0,"Akabeko":25,"Replay:Rubber Ducky":31,"Replay:Ringing Soul":27,"Frozen Eye":53,"Honey Jar":17,"MealTicket":48,"Turnip":10,"Garlic":5,"Durian":46,"Snack Pack":54,"Membership Card":22},{"BargainBundle":21,"Lantern":21,"Pear":14,"CeramicFish":24,"Painkiller Herb":19,"Whetstone":11,"War Paint":6,"Replay:Mystery Machine":12,"Orichalcum":22,"Burning Blood":0,"Akabeko":14,"Replay:Rubber Ducky":18,"Replay:Ringing Soul":15,"Frozen Eye":30,"Honey Jar":8,"MealTicket":29,"Turnip":4,"Garlic":2,"Durian":27,"Snack Pack":31,"Membership Card":11},{"BargainBundle":93,"Lantern":93,"Pear":59,"CeramicFish":107,"Painkiller Herb":86,"Whetstone":48,"War Paint":22,"Replay:Mystery Machine":52,"Orichalcum":99,"Burning Blood":0,"Akabeko":59,"Replay:Rubber Ducky":78,"Replay:Ringing Soul":64,"Frozen Eye":137,"Honey Jar":36,"MealTicket":128,"Turnip":13,"Garlic":7,"Durian":120,"Snack Pack":142,"Membership Card":48}],"Burning Blood":152},"card_choices":[{"not_picked":["Hemogenesis","Eclipse"],"picked":"Double Tap","floor":0.0},{"not_picked":["Flex","Body Slam"],"picked":"Pummel","floor":1.0},{"not_picked":["ReplayTheSpireMod:LeadingStrike","Flex"],"picked":"Twin Strike","floor":2.0},{"not_picked":["Perfected Strike","Anger"],"picked":"Thunderclap","floor":7.0},{"not_picked":["Body Slam","Iron Wave","Intimidate"],"picked":"SKIP","floor":10.0},{"not_picked":["Heavy Blade","Run Through"],"picked":"Dropkick","floor":12.0},{"not_picked":["Run Through","ReplayTheSpireMod:Limb From Limb"],"picked":"Pommel Strike","floor":13.0},{"not_picked":["Perfected Strike","Clash"],"picked":"True Grit","floor":14.0},{"not_picked":["Replay:Many Hands","Double Tap"],"picked":"Feed","floor":16.0},{"not_picked":["Body Slam","Flex","Life Link"],"picked":"Pommel Strike","floor":18.0},{"not_picked":["Armaments","Twin Strike+1","Fire Breathing+1"],"picked":"Battle Trance","floor":19.0},{"not_picked":["True Grit","Perfected Strike","Anger"],"picked":"Bloodletting","floor":20.0},{"not_picked":["Thunderclap","Barricade","Iron Wave"],"picked":"Shrug It Off","floor":23.0},{"not_picked":["Body Slam","ReplayTheSpireMod:Strike From Hell","Hemokinesis"],"picked":"Ghostly Armor+1","floor":24.0},{"not_picked":["Sever Soul","Body Slam","Clothesline+1"],"picked":"Spot Weakness","floor":25.0},{"not_picked":["Pommel Strike","True Grit","Iron Wave"],"picked":"Shrug It Off","floor":27.0},{"not_picked":["Armaments+1","Flex","Twin Strike"],"picked":"Sword Boomerang+1","floor":29},{"not_picked":["Bloodletting","Searing Blow","Berserk"],"picked":"Battle Trance","floor":30},{"not_picked":["Clothesline","Bloodletting","True Grit+1"],"picked":"Corruption","floor":31},{"not_picked":["Double Tap","Juggernaut","Feed"],"picked":"Reaper","floor":33},{"not_picked":["Clash+1","Warcry+1","Sever Soul+1"],"picked":"ReplayTheSpireMod:Muscle Training","floor":35},{"not_picked":["Survey Options","PanicButton","ReplayTheSpireMod:Trickstab"],"picked":"Metamorphosis","floor":36},{"not_picked":["Swift Strike","Deep Breath","Dramatic Entrance"],"picked":"Flash of Steel","floor":36},{"not_picked":["Swift Strike","Mind Blast","PanicButton"],"picked":"Trip","floor":36},{"not_picked":["ReplayTheSpireMod:Muscle Training+1","Cleave+1","Pommel Strike+1"],"picked":"Disarm+1","floor":37},{"not_picked":["Wild Strike+1","Brutality","Cleave+1"],"picked":"ReplayReversal","floor":40},{"not_picked":["Clothesline+1","Abandon+1","Wild Strike"],"picked":"Sword Boomerang+1","floor":41},{"not_picked":["Warcry","Anger","Evolve"],"picked":"Sword Boomerang+1","floor":42},{"not_picked":["Heavy Blade","ReplayTheSpireMod:Stacked","Flex"],"picked":"Reaper","floor":44},{"not_picked":["Havoc","Sword Boomerang","Warcry+1"],"picked":"Armaments","floor":45},{"not_picked":["Sever Soul+1","Havoc","Sword Boomerang+1"],"picked":"Heavy Blade+1","floor":46},{"not_picked":["Thunderclap+1","Cleave","Replay:Many Hands"],"picked":"Power Through","floor":47},{"not_picked":["Clothesline","Body Slam+1","Second Wind"],"picked":"Thunderclap+1","floor":48},{"not_picked":["Inflame","Warcry+1","ReplayReversal+1"],"picked":"Dual Wield","floor":54}],"player_experience":508414,"relics_obtained":[{"floor":5.0,"key":"Garlic"},{"floor":10.0,"key":"Turnip"},{"floor":13.0,"key":"War Paint"},{"floor":23.0,"key":"Replay:Mystery Machine"},{"floor":25.0,"key":"Akabeko"},{"floor":26.0,"key":"Pear"},{"floor":27.0,"key":"Replay:Ringing Soul"},{"floor":31,"key":"Replay:Rubber Ducky"},{"floor":40,"key":"Orichalcum"},{"floor":43,"key":"CeramicFish"},{"floor":46,"key":"Durian"},{"floor":48,"key":"MealTicket"},{"floor":54,"key":"Snack Pack"}],"event_choices":[{"cards_removed":["Strike_R"],"damage_healed":0.0,"max_hp_gain":0.0,"max_hp_loss":0.0,"gold_gain":0.0,"event_name":"Golden Wing","player_choice":"Card Removal","floor":4.0,"gold_loss":0.0,"damage_taken":7.0},{"damage_healed":0.0,"max_hp_gain":0.0,"max_hp_loss":0.0,"gold_gain":0.0,"cards_transformed":["Strike_R"],"event_name":"Transmorgrifier","player_choice":"Transformed","floor":28.0,"gold_loss":0.0,"damage_taken":0.0,"cards_obtained":["ReplayTheSpireMod:Stacked"]},{"damage_healed":0,"gold_gain":0,"player_choice":"Memory 3","damage_taken":10,"max_hp_gain":0,"max_hp_loss":0,"event_name":"SensoryStone","floor":36,"gold_loss":0},{"damage_healed":0,"gold_gain":100,"player_choice":"Pray","damage_taken":0,"max_hp_gain":0,"max_hp_loss":0,"event_name":"Golden Shrine","floor":39,"gold_loss":0},{"damage_healed":0,"gold_gain":0,"player_choice":"Fight","damage_taken":0,"max_hp_gain":0,"max_hp_loss":0,"event_name":"MindBloom","floor":46,"gold_loss":0}],"is_beta":false,"boss_relics":[{"not_picked":["Empty Cage","Electric Blood"],"picked":"Honey Jar"},{"not_picked":["Ring of Chaos","Replay:Wanted Poster"],"picked":"Painkiller Herb"}],"items_purged_floors":[3,22,38,53],"is_endless":false,"potions_floor_spawned":[2,14,18,19,25,30,33,37,40,42,44,45,54],"ascension_level":1}}