{"host":"yx6un74hqn8d53n4","time":1611909486,"event":{"mods":["ATMod(°¢èªMod)","Act Like it!","Aspiration","BaseMod","CapriCore","GifTheSpireLib","Minty Spire (QoL Compilation)","Quick Restart","Rare Cards Sparkle","Replay The Spire","RumiaBox-Â¶Ã×æ«µÄÉñÃØºÐ×Ó","Shop Mod","StSLib","[IsaacMod]ÒÔÈö¼âËþ","¡¾ÒÅÎï¿¨ÅÆ¡¿REMEMod"],"gold_per_floor":[116,116,136,156,166,201,213,29,29,57,72,116,116,181,181,285,285,303,71,90,102,2,2,2,29,29,29,62,62,62,77,77,177,177,189,64,112,112,163,163,198,198,198,198,211,242,242,262,262,262],"floor_reached":51,"language":"ZHS","playtime":1693,"items_purged":["Injury","Strike_R","Strike_R"],"score":925,"play_id":"6dff7f4c-2582-406b-82b4-37786efa6034","local_time":"20210129163806","is_ascension_mode":true,"campfire_choices":[{"data":"Flex","floor":13,"key":"SMITH"},{"data":"Venomology","floor":15,"key":"SMITH"},{"data":"Berserk","floor":23,"key":"SMITH"},{"data":"AT_ShrugMaster","floor":29,"key":"SMITH"},{"data":"AT_CaressingTears","floor":30,"key":"SMITH"},{"data":"Inflame","floor":32,"key":"SMITH"},{"data":"Searing Blow+1","floor":40,"key":"SMITH"},{"floor":42,"key":"REST"},{"data":"Searing Blow+2","floor":44,"key":"SMITH"},{"data":"Searing Blow+3","floor":47,"key":"SMITH"},{"data":"Searing Blow+4","floor":49,"key":"SMITH"}],"circlet_count":0,"master_deck":["Strike_R","Strike_R","Strike_R","Defend_R","Defend_R","Defend_R","Defend_R","Bash","Venomology+1","Inflame+1","Pommel Strike+1","AT_ShrugMaster+1","Flex+1","AT_CaressingTears+1","Berserk+1","REME_SutureCard+1","REME_FearOfPain+1","Searing Blow+5","Parasite"],"relics":["Burning Blood","HushsDoor","AT_ATBox","REME_ComplimentaryCards","aspiration:Nostalgia","TheBean","Molten Egg 2","Happy Flower","Toy Ornithopter","Mercury Hourglass","Pen Nib","WingedGreaves","Philosopher\u0027s Stone","REME_HandOfSuture","ReplayTheSpireMod:Lightbulb","Ccalipers","AT_BladeRuinedKing","Mark of Pain","Ornamental Fan","Ginger","Replay:WaspNest","UnicornStump","REME_PuzzleBoxRelic"],"acts_visited":["Exordium","TheCity","TheBeyond"],"potions_floor_usage":[3,5,5,6,6,6,10,10,12,14,14,16,16,18,20,21,21,33,33,39,39,41,41,41,41,46,48,50,50],"damage_taken":[{"damage":2,"enemies":"Small Slimes","floor":1,"turns":3},{"damage":6,"enemies":"Cultist","floor":3,"turns":3},{"damage":6,"enemies":"Jaw Worm","floor":4,"turns":3},{"damage":21,"enemies":"Blue Slaver","floor":5,"turns":4},{"damage":31,"enemies":"Lagavulin","floor":6,"turns":6},{"damage":13,"enemies":"Lots of Slimes","floor":7,"turns":3},{"damage":2,"enemies":"Gremlin Nob","floor":10,"turns":3},{"damage":11,"enemies":"3 Louse","floor":11,"turns":2},{"damage":2,"enemies":"Looter","floor":12,"turns":3},{"damage":8,"enemies":"3 Sentries","floor":14,"turns":5},{"damage":26,"enemies":"Hexaghost","floor":16,"turns":8},{"damage":0,"enemies":"Spheric Guardian","floor":18,"turns":3},{"damage":13,"enemies":"2 Thieves","floor":20,"turns":4},{"damage":30,"enemies":"Chosen and Byrds","floor":21,"turns":5},{"damage":46,"enemies":"Gremlin Leader","floor":25,"turns":5},{"damage":0,"enemies":"Slavers","floor":28,"turns":1},{"damage":7,"enemies":"Sentry and Sphere","floor":31,"turns":4},{"damage":31,"enemies":"Champ","floor":33,"turns":5},{"damage":27,"enemies":"3 Darklings","floor":35,"turns":4},{"damage":7,"enemies":"2 Orb Walkers","floor":39,"turns":3},{"damage":65,"enemies":"Reptomancer","floor":41,"turns":3},{"damage":12,"enemies":"3 Shapes","floor":45,"turns":3},{"damage":11,"enemies":"R_Hoarder","floor":46,"turns":5},{"damage":0,"enemies":"Writhing Mass","floor":48,"turns":2},{"damage":9,"enemies":"Replay:Hell Engine","floor":50,"turns":6}],"seed_played":"-8080510774716477991","potions_obtained":[{"floor":3,"key":"PowerPotion"},{"floor":5,"key":"SneckoOil"},{"floor":11,"key":"REME_GoldPotion"},{"floor":14,"key":"Languid Potion"},{"floor":16,"key":"PowerPotion"},{"floor":25,"key":"Elixir"},{"floor":28,"key":"Energy Potion"},{"floor":37,"key":"LiquidMemories"},{"floor":41,"key":"Swift Potion"}],"is_trial":false,"path_per_floor":["M","?","M","M","M","E","M","$","T","E","M","M","R","E","R","B",null,"M","$","M","M","$","R","R","E","T","?","E","R","R","M","R","B",null,"M","$","?","$","?","R","E","R","T","R","M","E","R","M","R","B",null],"character_chosen":"IRONCLAD","items_purchased":["Toy Ornithopter","AT_ShrugMaster","REME_HandOfSuture"],"campfire_rested":1,"item_purchase_floors":[8,8,19],"current_hp_per_floor":[80,80,80,80,65,56,49,49,49,63,58,67,67,78,78,62,80,80,80,78,64,64,64,64,24,24,50,56,56,56,59,59,44,80,63,63,43,43,56,56,27,51,51,51,53,57,57,72,72,80],"gold":262,"neow_bonus":"NOSTALGIA","is_daily":false,"chose_seed":false,"campfire_upgraded":10,"win_rate":0.0,"timestamp":1611909486,"path_taken":["M","?","M","M","M","E","M","$","T","E","M","?","R","E","R","BOSS","M","$","M","M","$","R","R","E","T","?","E","R","R","?","R","BOSS","M","$","?","$","?","R","E","R","T","R","M","E","R","M","R","BOSS"],"items_purchased_type":["Relic","Card","Relic"],"build_version":"2020-12-22","purchased_purges":3,"victory":true,"max_hp_per_floor":[80,80,80,80,80,80,80,80,80,80,80,80,80,80,80,80,80,80,80,80,80,80,80,80,80,80,80,80,80,80,80,80,80,80,80,80,80,80,80,80,80,80,80,80,80,80,80,80,80,80],"card_choices":[{"not_picked":[],"picked":"Bomb","floor":0.0},{"not_picked":["Rupture","Iron Wave","Heavy Blade"],"picked":"SKIP","floor":1},{"not_picked":["Clash+1","Run Through+1","ReplayTheSpireMod:Strike From Hell+1"],"picked":"SKIP","floor":3},{"not_picked":["Dropkick+1","Thunderclap+1","Blood for Blood+1"],"picked":"SKIP","floor":4},{"not_picked":["Headbutt+1","Cleave+1"],"picked":"Inflame","floor":5},{"not_picked":["Ghostly Armor","Sever Soul+1"],"picked":"Pommel Strike+1","floor":6},{"not_picked":["Anger+1","REME_Fury","Run Through+1"],"picked":"SKIP","floor":7},{"not_picked":["Heavy Blade+1","Shrug It Off","Fire Breathing"],"picked":"SKIP","floor":10},{"not_picked":["Shrug It Off","Warcry"],"picked":"Flex","floor":11},{"not_picked":["Run Through+1","Clothesline+1"],"picked":"AT_CaressingTears","floor":12},{"not_picked":["Headbutt+1","Flex","Corruption"],"picked":"SKIP","floor":14},{"not_picked":["Brutality","Hemogenesis+1"],"picked":"Berserk","floor":16},{"not_picked":["Warcry","Defy Death+1","Heavy Blade+1"],"picked":"SKIP","floor":18},{"not_picked":["Thunderclap+1","Cleave+1","Replay:Undeath\u0027s Touch+1"],"picked":"SKIP","floor":20},{"not_picked":["Pummel+1","Flex"],"picked":"REME_FearOfPain+1","floor":21},{"not_picked":["Twin Strike+1","Iron Wave+1","Armaments+1"],"picked":"SKIP","floor":25},{"not_picked":["AT_IchimonjiDouble+1","ReplayTheSpireMod:Strike From Hell+1","Anger+1"],"picked":"SKIP","floor":28},{"not_picked":["Shrug It Off","Reaper+1","Replay:Undeath\u0027s Touch+1"],"picked":"SKIP","floor":31},{"not_picked":["Clash+1","Life Link+1","ReplayTheSpireMod:Strike From Hell+1"],"picked":"SKIP","floor":35},{"not_picked":["Run Through+1","AT_IchimonjiDouble+1"],"picked":"Searing Blow+1","floor":39},{"not_picked":["AT_DiedThrough","Bludgeon+1","AT_DrawKnifeCut+1"],"picked":"SKIP","floor":41},{"not_picked":["AT_BodySlamDance","True Grit","AT_GerminateFire"],"picked":"SKIP","floor":45},{"not_picked":["Cleave+1","Armaments+1","ReplayTheSpireMod:Strike From Hell+1"],"picked":"SKIP","floor":46},{"not_picked":["AT_BodySlamDance+1","ReplayTheSpireMod:Strike From Hell+1","AT_IchimonjiDouble+1"],"picked":"SKIP","floor":48}],"player_experience":9410,"relics_obtained":[{"floor":6,"key":"Happy Flower"},{"floor":9,"key":"Mercury Hourglass"},{"floor":10,"key":"Pen Nib"},{"floor":14,"key":"WingedGreaves"},{"floor":25,"key":"ReplayTheSpireMod:Lightbulb"},{"floor":26,"key":"Ccalipers"},{"floor":28,"key":"AT_BladeRuinedKing"},{"floor":37,"key":"Ornamental Fan"},{"floor":39,"key":"Ginger"},{"floor":41,"key":"Replay:WaspNest"},{"floor":43,"key":"UnicornStump"},{"floor":46,"key":"REME_PuzzleBoxRelic"}],"event_choices":[{"damage_healed":26,"gold_gain":0,"player_choice":"Heal","damage_taken":0,"max_hp_gain":0,"max_hp_loss":0,"event_name":"The Library","floor":27,"gold_loss":0},{"damage_healed":0,"gold_gain":0,"player_choice":"Fight","damage_taken":0,"max_hp_gain":0,"max_hp_loss":0,"event_name":"Mysterious Sphere","floor":39,"gold_loss":0}],"is_beta":false,"boss_relics":[{"not_picked":["Astrolabe","Replay:Drink Me"],"picked":"Philosopher\u0027s Stone"},{"not_picked":[]},{"not_picked":["ReplayTheSpireMod:DimensionalGlitch","Kintsugi"],"picked":"Mark of Pain"},{"not_picked":[]}],"items_purged_floors":[19,22,36],"is_endless":false,"potions_floor_spawned":[3,5,11,14,16,25,28,35,41,46],"ascension_level":1}}