{"host":"gfxjwtol062e9znw","time":1611955393,"event":{"mods":["BaseMod","Colored Map","Minty Spire (QoL Compilation)"],"gold_per_floor":[209,220,395,50,61,61,86,105,131,131,131,143,143,161,161,256,256,276,375,375,300,313,313,29,57,81,81,116,132,148,88,88,88,88],"floor_reached":33,"language":"ENG","playtime":1465,"items_purged":[],"score":356,"play_id":"b5b6373f-7a20-4212-8663-6313fcc0dddc","local_time":"20210130082313","is_ascension_mode":true,"campfire_choices":[{"data":"Dualcast","floor":6,"key":"SMITH"},{"floor":10,"key":"REST"},{"floor":13,"key":"REST"},{"floor":15,"key":"REST"},{"floor":23,"key":"REST"},{"floor":27,"key":"REST"},{"floor":32,"key":"REST"}],"circlet_count":0,"master_deck":["Strike_B+1","Strike_B+1","Strike_B","Defend_B","Defend_B","Defend_B","Defend_B","Zap","Dualcast+1","Cold Snap","Melter","Lockon","Hologram+1","FTL","Biased Cognition","Turbo+1","Consume+1","Conserve Battery+1","Steam+1","Biased Cognition","Leap+1","Redo+1"],"relics":["Cracked Core","Toxic Egg 2","Whetstone","MealTicket","Nuclear Battery","Symbiotic Virus","Nunchaku","Anchor","Emotion Chip","Juzu Bracelet"],"acts_visited":["Exordium","TheCity"],"potions_floor_usage":[1,12,16,33],"damage_taken":[{"damage":1,"enemies":"2 Louse","floor":1,"turns":3},{"damage":0,"enemies":"Small Slimes","floor":2,"turns":2},{"damage":0,"enemies":"Cultist","floor":5,"turns":3},{"damage":50,"enemies":"Gremlin Nob","floor":7,"turns":5},{"damage":16,"enemies":"Large Slime","floor":8,"turns":6},{"damage":4,"enemies":"Red Slaver","floor":12,"turns":2},{"damage":3,"enemies":"Blue Slaver","floor":14,"turns":2},{"damage":49,"enemies":"The Guardian","floor":16,"turns":11},{"damage":13,"enemies":"3 Byrds","floor":18,"turns":5},{"damage":15,"enemies":"Shell Parasite","floor":22,"turns":4},{"damage":45,"enemies":"Book of Stabbing","floor":25,"turns":5},{"damage":23,"enemies":"Slavers","floor":28,"turns":11},{"damage":3,"enemies":"Cultist and Chosen","floor":29,"turns":5},{"damage":15,"enemies":"Snecko","floor":30,"turns":5},{"damage":103,"enemies":"Collector","floor":33,"turns":10}],"seed_played":"8461421281199210789","potions_obtained":[{"floor":1,"key":"Fruit Juice"},{"floor":7,"key":"SkillPotion"},{"floor":8,"key":"SpeedPotion"},{"floor":12,"key":"Weak Potion"},{"floor":29,"key":"PowerPotion"}],"is_trial":false,"path_per_floor":["M","M","?","$","M","R","E","M","T","R","?","M","R","M","R","B",null,"M","?","?","?","M","R","$","E","T","R","E","M","M","?","R","B"],"character_chosen":"DEFECT","items_purchased":["FairyPotion","Toxic Egg 2","Conserve Battery+1","Symbiotic Virus"],"campfire_rested":6,"item_purchase_floors":[4,4,24,24],"current_hp_per_floor":[79,79,79,79,79,79,29,13,13,37,30,26,50,47,71,22,66,53,53,53,53,38,62,77,32,32,56,33,30,15,15,39,0,0],"gold":88,"neow_bonus":"HUNDRED_GOLD","is_daily":false,"chose_seed":false,"campfire_upgraded":1,"win_rate":0.0,"timestamp":1611955393,"path_taken":["M","M","?","$","M","R","E","M","T","R","?","M","R","M","R","BOSS","M","?","?","?","M","R","$","E","T","R","E","M","M","?","R","BOSS"],"items_purchased_type":["Potion","Relic","Card","Relic"],"build_version":"2020-12-22","purchased_purges":0,"victory":false,"max_hp_per_floor":[80,80,80,80,80,80,80,80,80,80,80,80,80,80,80,80,80,80,80,80,80,80,80,80,80,80,80,80,80,80,80,80,80,80],"card_choices":[{"not_picked":["Consume","Static Discharge"],"picked":"Cold Snap","floor":1},{"not_picked":["Recycle","Scrape","Storm"],"picked":"SKIP","floor":2},{"not_picked":["Auto Shields+1","Rip and Tear"],"picked":"Melter","floor":5},{"not_picked":["Thunder Strike","Melter"],"picked":"Lockon","floor":7},{"not_picked":["Compile Driver","Stack+1"],"picked":"Hologram+1","floor":8},{"not_picked":["Force Field+1","Hologram+1","Recycle+1"],"picked":"SKIP","floor":12},{"not_picked":["Barrage","Rebound"],"picked":"FTL","floor":14},{"not_picked":["Hyperbeam","Amplify+1"],"picked":"Biased Cognition","floor":16},{"not_picked":["Streamline","Compile Driver"],"picked":"Turbo+1","floor":18},{"not_picked":["Stack+1","Compile Driver"],"picked":"Consume+1","floor":22},{"not_picked":["Barrage","Reinforced Body+1"],"picked":"Steam+1","floor":25},{"not_picked":["Compile Driver","Streamline"],"picked":"Biased Cognition","floor":28},{"not_picked":["Tempest+1","White Noise+1"],"picked":"Leap+1","floor":29},{"not_picked":["Leap+1","Gash+1"],"picked":"Redo+1","floor":30}],"player_experience":35845,"relics_obtained":[{"floor":7,"key":"Whetstone"},{"floor":9,"key":"MealTicket"},{"floor":25,"key":"Nunchaku"},{"floor":26,"key":"Anchor"},{"floor":28,"key":"Emotion Chip"}],"event_choices":[{"damage_healed":0,"gold_gain":175,"player_choice":"AGREE","damage_taken":0,"max_hp_gain":0,"max_hp_loss":0,"event_name":"Liars Game","floor":3,"gold_loss":0,"cards_obtained":["Doubt"]},{"cards_removed":["Doubt"],"damage_healed":0,"gold_gain":0,"player_choice":"Card Removal","damage_taken":7,"max_hp_gain":0,"max_hp_loss":0,"event_name":"Golden Wing","floor":11,"gold_loss":0},{"damage_healed":0,"gold_gain":99,"player_choice":"Stole From Cult","damage_taken":0,"max_hp_gain":0,"max_hp_loss":0,"event_name":"Nest","floor":19,"gold_loss":0},{"damage_healed":0,"gold_gain":0,"player_choice":"Ignored","damage_taken":0,"max_hp_gain":0,"max_hp_loss":0,"event_name":"Ghosts","floor":20,"gold_loss":0},{"cards_removed":["Strike_B"],"damage_healed":0,"gold_gain":0,"player_choice":"Gave Gold","damage_taken":0,"max_hp_gain":0,"max_hp_loss":0,"event_name":"Beggar","floor":21,"gold_loss":75},{"damage_healed":0,"gold_gain":0,"player_choice":"Paid Gold","damage_taken":0,"relics_obtained":["Juzu Bracelet"],"max_hp_gain":0,"max_hp_loss":0,"event_name":"WeMeetAgain","floor":31,"gold_loss":60}],"is_beta":false,"boss_relics":[{"not_picked":["Fusion Hammer","Velvet Choker"],"picked":"Nuclear Battery"}],"items_purged_floors":[],"is_endless":false,"potions_floor_spawned":[1,7,8,12,14,29,30],"killed_by":"Collector","ascension_level":5}}