{"host":"56d873i5r3uhle0q","time":1611897233,"event":{"mods":["100% Spire Juice","Act Like it!","Aspiration","BaseMod","Block Reminder","Conspire","Dota2Spire","Downfall","Gensokyo","Hermit","Hubris","Infinite Spire","Jedi Mod","Lobotomy","LobotomyExtend","Marisa????????","Marked Mod","Minty Spire (QoL Compilation)","Reliquary","Replay The Spire","StSLib","The Animator","The Bug Knight","The Cursed","The Marked","The Servant 0.9.4","everything is the same but u backflip on backflip","??????REMEMod"],"gold_per_floor":[114,125,81,81,92,92,112,112,112,32,32,82,99,117,117,117,117,216,216,234,234,234,147,158,158,176,176,255,308,308,322,322,341,341,341,341],"floor_reached":35,"language":"ENG","playtime":1690,"items_purged":[],"score":247,"play_id":"79a55e16-365c-4baa-9f0f-911316ee104d","local_time":"20210128221353","is_ascension_mode":false,"campfire_choices":[{"data":"champ:CheapShot","floor":6.0,"key":"SMITH"},{"floor":15.0,"key":"REST"},{"floor":17.0,"key":"REST"},{"floor":25.0,"key":"REST"},{"data":"Noxious Fumes","floor":30.0,"key":"SMITH"},{"floor":34.0,"key":"REST"}],"circlet_count":0,"master_deck":["Strike_G","Strike_G","Strike_G","Strike_G","Strike_G","Defend_G","Defend_G","Defend_G","Defend_G","Defend_G","Survivor","Neutralize","champ:CheapShot+1","Backstab","ReplayTheSpireMod:Necrosis+1","CrumblingArmor","Prepared","Well Laid Plans","Noxious Fumes+1","SingingMachine","Well Laid Plans","LittleHelper","Corpse Explosion+1","CENSORED","ReplayTheSpireMod:Speed Training+1","Prepared","champ:HoldFirm+1","Toxin Wave"],"relics":["Ring of the Snake","REME_ComplimentaryCards","CogitoBucket","LetterFromLob","Pear","Meat on the Bone","FleshIdol","Dota2Spire:EtherealBlade","Replay:Bottled Steam","Potion Belt","Moonlight_r","jedi:matchstick"],"acts_visited":["Gensokyo:Gensokyo","Gensokyo:Gensokyoer"],"potions_floor_usage":[35],"damage_taken":[{"damage":1.0,"enemies":"Gensokyo:2_Kodama","floor":1.0,"turns":4.0},{"damage":0.0,"enemies":"Gensokyo:Gryphon","floor":2.0,"turns":4.0},{"damage":10.0,"enemies":"Gensokyo:3_Fairies","floor":5.0,"turns":4.0},{"damage":0.0,"enemies":"Gensokyo:LivingMonolith","floor":7.0,"turns":3.0},{"damage":14.0,"enemies":"Gensokyo:Gryphon_and_Rabbit","floor":13.0,"turns":8.0},{"damage":38.0,"enemies":"Gensokyo:3_Kodama","floor":14.0,"turns":6.0},{"damage":39.0,"enemies":"Gensokyo:Yukari","floor":18.0,"turns":9.0},{"damage":42.0,"enemies":"Gensokyo:3_Dogs","floor":20.0,"turns":6.0},{"damage":28.0,"enemies":"Gensokyo:2_Gloops","floor":24.0,"turns":6.0},{"damage":39.0,"enemies":"Gensokyo:Wraith","floor":26.0,"turns":8.0},{"damage":43.0,"enemies":"Gensokyo:Slime_Group","floor":31.0,"turns":9.0},{"damage":29.0,"enemies":"Gensokyo:Mirror_and_Dog","floor":33.0,"turns":7.0},{"damage":172,"enemies":"Gensokyo:Eternal_Rivals","floor":35,"turns":10}],"seed_played":"1325682243425072460","potions_obtained":[{"floor":1.0,"key":"bronze:BurnAndBuffPotion"},{"floor":12.0,"key":"EntropicBrew"},{"floor":12.0,"key":"jedi:tentaclejuice"},{"floor":31.0,"key":"DuplicationPotion"}],"is_trial":false,"path_per_floor":["M","M","COS","?","M","R","M","PTL","PTL","$","T","?","M","M","R","?","R","B",null,"M","?","T","COS","M","R","M","?","T","T","R","M","M","M","R","B"],"character_chosen":"THE_SILENT","items_purchased":["Well Laid Plans"],"campfire_rested":4,"item_purchase_floors":[10],"current_hp_per_floor":[69,69,69,64,54,54,54,54,54,54,54,54,52,26,50,50,74,47,80,42,50,50,50,43,67,59,59,59,59,59,55,23,33,57,0,0],"gold":341,"neow_bonus":"","is_daily":false,"chose_seed":false,"campfire_upgraded":2,"win_rate":0.0,"timestamp":1611897233,"path_taken":["M","M","COS","?","?","R","M","PTL","PTL","$","T","?","M","M","R","?","R","BOSS","M","?","?","COS","M","R","?","?","T","?","R","M","?","M","R","BOSS"],"items_purchased_type":["Card"],"build_version":"2020-12-22","purchased_purges":0,"victory":false,"max_hp_per_floor":[70,70,70,80,80,80,80,80,80,80,80,80,80,80,80,80,80,80,80,80,80,80,80,80,80,80,80,80,80,80,80,80,80,80,80,80],"card_choices":[{"not_picked":["Deflect","Dodge and Roll","Footwork"],"picked":"SKIP","floor":1.0},{"not_picked":["conspire:PoisonWeapons","Leg Sweep","Deflect"],"picked":"SKIP","floor":2.0},{"not_picked":["Dodge and Roll","hubris:Counter"],"picked":"Backstab","floor":5.0},{"not_picked":["Glass Knife","Envenom"],"picked":"ReplayTheSpireMod:Necrosis","floor":7.0},{"not_picked":["BeautyBeast","Wellcheers"],"picked":"CrumblingArmor","floor":7.0},{"not_picked":["jedi:pocketpoison","Heel Hook"],"picked":"Prepared","floor":7.0},{"not_picked":["Outmaneuver","jedi:pocketpoison"],"picked":"Noxious Fumes","floor":13.0},{"not_picked":["Variant","MeatLantern"],"picked":"SingingMachine","floor":14.0},{"not_picked":["Grand Finale","Quick Slash"],"picked":"Well Laid Plans","floor":14.0},{"not_picked":["Rudolta","DespairKnight"],"picked":"LittleHelper","floor":18.0},{"not_picked":["jedi:brewingpoison","Malaise"],"picked":"Corpse Explosion","floor":18.0},{"not_picked":["DespairKnight","GreedKing"],"picked":"CENSORED","floor":20.0},{"not_picked":["Underhanded Strike","jedi:acidrain","Dagger Throw"],"picked":"SKIP","floor":20.0},{"not_picked":["ReplayTheSpireMod:Speed Training+1","hubris:SlightOfHand","Underhanded Strike"],"picked":"SKIP","floor":24.0},{"not_picked":["hubris:SlightOfHand","Underhanded Strike"],"picked":"ReplayTheSpireMod:Speed Training+1","floor":24.0},{"not_picked":["hubris:SlightOfHand","Deadly Poison"],"picked":"Prepared","floor":26.0},{"not_picked":["Sucker Punch","Slice","ReplayTheSpireMod:Shiv Toss"],"picked":"SKIP","floor":31.0},{"not_picked":["Sucker Punch","Slice","ReplayTheSpireMod:Shiv Toss"],"picked":"SKIP","floor":31.0},{"not_picked":["hubris:SlightOfHand","Quick Slash"],"picked":"Toxin Wave","floor":33.0}],"player_experience":682564,"relics_obtained":[{"floor":1.0,"key":"LetterFromLob"},{"floor":11.0,"key":"Meat on the Bone"},{"floor":22.0,"key":"Dota2Spire:EtherealBlade"},{"floor":28.0,"key":"Replay:Bottled Steam"},{"floor":29.0,"key":"Potion Belt"}],"event_choices":[],"is_beta":false,"boss_relics":[{"not_picked":["Replay:Ancient Bell","Runic Dome","jedi:hotpepper"]}],"items_purged_floors":[],"is_endless":false,"potions_floor_spawned":[1,13,31,33],"killed_by":"Gensokyo:Eternal_Rivals","ascension_level":0}}