{"host":"ekyl8r8j8fco3zlk","time":1611940884,"event":{"mods":["ATMod(∞¢Ë™Mod)","Act Like it!","Arknights The Spire","BaseMod","CapriCore","Decade(Õı–°√˜)","Dota2Spire","Downfall","Friendly Minions","Gensokyo","Lobotomy","LobotomyExtend","Marisa£®ÏF”Í°°ƒß¿Ì…≥£©","Minty Spire (QoL Compilation)","READ ME - Guardian Mod","Rare Cards Sparkle","Reimu£®≤©¿ˆ¡È√Œ£©","StSLib","The Alterego","The Immortal","The Jungle","TheWitcher","Waifu the Spire","WarShipGirlsR/’ΩΩ¢…Ÿ≈ÆR mod","Yakumo Yukari mod","°æ“≈ŒÔø®≈∆°øREMEMod"],"gold_per_floor":[99,110,125,141,158,158,158,158,189,207,228,228,378,427,440,537,537,537,548,561,578,591,622,671,685,697,710,726,676,676,676,697,796,796,796,796,796,810,810,827,827,827,838,849,317,317,317,333,347,347,347,347],"floor_reached":50,"language":"ZHS","playtime":3292,"items_purged":["Parasite"],"score":522,"play_id":"4353e8d4-2af0-4290-aa90-ae2f913275d9","local_time":"20210130012124","is_ascension_mode":false,"campfire_choices":[{"data":"hexamod:Sear","floor":1.0,"key":"SMITH"},{"data":"hexamod:Float","floor":6.0,"key":"SMITH"},{"data":"hexamod:PhantomFireball","floor":8.0,"key":"SMITH"},{"data":"hexamod:SoulSteal","floor":18.0,"key":"SMITH"},{"floor":30.0,"key":"REST"},{"data":"Madness","floor":35,"key":"SMITH"},{"data":"hexamod:ParanormalForm","floor":42,"key":"SMITH"},{"data":"hexamod:HexaLevel","floor":47,"key":"SMITH"}],"circlet_count":0,"master_deck":["hexamod:Strike","hexamod:Strike","hexamod:Strike","hexamod:Strike","hexamod:Defend","hexamod:Defend+1","hexamod:Defend","hexamod:Defend","hexamod:Sear+1","hexamod:Float+1","hexamod:HeatMetal+1","hexamod:HeatCrush","hexamod:PhantomFireball+1","Madness+1","hexamod:SoulSteal+1","hexamod:FastForward","downfall:Icky","hexamod:GhostShield","hexamod:ParanormalForm+1","hexamod:GhostLash","hexamod:EtherealExpedition+1","hexamod:NightmareStrike","hexamod:Rewind","hexamod:DynamicBlow","hexamod:RainOfEmbers+1","hexamod:SoulSteal+1","hexamod:HauntingEcho+1","hexamod:SkipABeat+1","hexamod:NightmareGuise+1","hexamod:BurningTouch+1","hexamod:SearingWound+1","hexamod:Hexaguard+1","hexamod:SpectersWail+1","hexamod:HexaLevel+1","expansioncontent:DashGenerateEvil","hexamod:AdvancingGuard+1"],"relics":["hexamod:SpiritBrand","AT_ATBox","REME_ComplimentaryCards","LetterFromLob","SnafuTest:BearRelic","Dota2Spire:EtherealBlade","Odd Mushroom","Dota2Spire:LotusOrb","SacredBark","Regal Pillow","Strawberry","Gaze_r","hexamod:TheBrokenSeal","REME_ChargedStone","Dota2Spire:CrimsonGuard","Dota2Spire:OrchidMalevolence","AT_Kusabimaru"],"acts_visited":["Exordium","TheCity","TheBeyond"],"potions_floor_usage":[43,44,50],"damage_taken":[{"damage":0.0,"enemies":"Cultist","floor":2.0,"turns":3.0},{"damage":1.0,"enemies":"Jaw Worm","floor":3.0,"turns":3.0},{"damage":6.0,"enemies":"2 Louse","floor":4.0,"turns":2.0},{"damage":7.0,"enemies":"Blue Slaver","floor":5.0,"turns":3.0},{"damage":8.0,"enemies":"3 Sentries","floor":9.0,"turns":7.0},{"damage":6.0,"enemies":"Exordium Wildlife","floor":10.0,"turns":4.0},{"damage":2.0,"enemies":"The Mushroom Lair","floor":11.0,"turns":4.0},{"damage":2.0,"enemies":"Exordium Thugs","floor":15.0,"turns":3.0},{"damage":38.0,"enemies":"DF_ARCHETYPE_STREAMLINE","floor":16.0,"turns":13.0},{"damage":6.0,"enemies":"Shell Parasite","floor":19.0,"turns":6.0},{"damage":15.0,"enemies":"3 Byrds","floor":20.0,"turns":6.0},{"damage":6.0,"enemies":"Cultist and Chosen","floor":21.0,"turns":6.0},{"damage":10.0,"enemies":"Snecko","floor":22.0,"turns":6.0},{"damage":5.0,"enemies":"Gremlin Leader","floor":23.0,"turns":3.0},{"damage":0.0,"enemies":"Sentry and Sphere","floor":25.0,"turns":3.0},{"damage":13.0,"enemies":"Centurion and Healer","floor":26.0,"turns":5.0},{"damage":23.0,"enemies":"Chosen and Byrds","floor":27.0,"turns":7.0},{"damage":20.0,"enemies":"Snake Plant","floor":28.0,"turns":6.0},{"damage":4.0,"enemies":"downfall:FleeingMerchant","floor":31.0,"turns":3.0},{"damage":25.0,"enemies":"Cultist and Chosen","floor":32.0,"turns":9.0},{"damage":50.0,"enemies":"WA_ARCHETYPE_CALM","floor":33.0,"turns":14.0},{"damage":1,"enemies":"3 Shapes","floor":38,"turns":4},{"damage":3,"enemies":"Orb Walker","floor":40,"turns":3},{"damage":10,"enemies":"Writhing Mass","floor":43,"turns":5},{"damage":0,"enemies":"Transient","floor":44,"turns":5},{"damage":0,"enemies":"downfall:FleeingMerchant","floor":45,"turns":4},{"damage":0,"enemies":"3 Darklings","floor":48,"turns":4},{"damage":0,"enemies":"Jaw Worm Horde","floor":49,"turns":4},{"damage":140,"enemies":"SI_POISON_ARCHETYPE","floor":50,"turns":5}],"seed_played":"1696573620730636240","potions_obtained":[{"floor":3.0,"key":"GrandPatriotsElixir:ReiMu"},{"floor":4.0,"key":"Fire Potion"},{"floor":5.0,"key":"Dexterity Potion"},{"floor":9.0,"key":"Energy Potion"},{"floor":11.0,"key":"Fire Potion"},{"floor":15.0,"key":"Swift Potion"},{"floor":16.0,"key":"Guardian:BlockOnCardUsePotion"},{"floor":19.0,"key":"bronze:BurnAndBuffPotion"},{"floor":19.0,"key":"hexamod:EctoCoolerPotion"},{"floor":22.0,"key":"Swift Potion"},{"floor":23.0,"key":"Slimebound:ThreeZeroPotion"},{"floor":25.0,"key":"DuplicationPotion"},{"floor":26.0,"key":"Fire Potion"},{"floor":26.0,"key":"Dota2Spire:HealingSalve"},{"floor":27.0,"key":"Ancient Potion"},{"floor":28.0,"key":"Energy Potion"},{"floor":28.0,"key":"Fire Potion"},{"floor":33.0,"key":"SkillPotion"},{"floor":40,"key":"Fire Potion"},{"floor":48,"key":"DistilledChaos"},{"floor":49,"key":"SmokeBomb"}],"is_trial":false,"path_per_floor":["R","M","M","M","M","R","T","R","E","M","?","?","?","T","M","B",null,"R","M","M","M","M","E","T","M","M","M","M","?","R","$","M","B",null,"R","?","?","M","?","M","T","R","M","M","$","T","R","M","M","B"],"character_chosen":"THE_SPIRIT","items_purchased":["Dota2Spire:OrchidMalevolence","expansioncontent:DashGenerateEvil"],"campfire_rested":1,"item_purchase_floors":[45,45],"current_hp_per_floor":[77,77,76,70,63,63,63,63,55,49,47,55,55,55,53,15,77,77,71,56,50,40,35,42,42,29,24,4,35,75,78,94,44,94,94,94,94,93,85,82,82,82,72,72,72,72,72,72,72,0,0,0],"gold":347,"neow_bonus":"TEN_PERCENT_HP_BONUS","is_daily":false,"chose_seed":false,"campfire_upgraded":7,"win_rate":0.0,"timestamp":1611940884,"path_taken":["R","M","M","M","M","R","T","R","E","M","?","?","?","?","M","BOSS","R","M","M","M","M","E","T","M","M","M","M","?","R","$","M","BOSS","R","?","?","?","?","M","T","R","M","M","$","?","R","M","M","BOSS"],"items_purchased_type":["Relic","Card"],"build_version":"2020-12-22","purchased_purges":1,"victory":false,"max_hp_per_floor":[77,77,77,77,77,77,77,77,77,77,77,77,77,77,77,77,77,77,77,77,77,77,77,84,84,84,84,84,84,84,84,94,94,94,94,94,94,94,94,94,94,94,94,94,91,91,91,91,91,91,91,91],"card_choices":[{"not_picked":["hexamod:BurningTouch","hexamod:HeatShield"],"picked":"hexamod:HeatMetal","floor":2.0},{"not_picked":["hexamod:ChargedBarrage","hexamod:ExtraCrispy"],"picked":"hexamod:HeatCrush","floor":3.0},{"not_picked":["hexamod:ExtraCrispy","hexamod:SwordOfDarkness"],"picked":"hexamod:FourthSeal","floor":4.0},{"not_picked":["hexamod:HauntingEcho","hexamod:HeatMetal"],"picked":"hexamod:PhantomFireball","floor":5.0},{"not_picked":["hexamod:ThermalTransfer","hexamod:HauntingEcho"],"picked":"hexamod:SoulSteal","floor":9.0},{"not_picked":["hexamod:RadiantFlame","hexamod:RecurringNightmare"],"picked":"hexamod:ThirdSeal","floor":10.0},{"not_picked":["hexamod:NecessarySacrifice","hexamod:HauntingEcho"],"picked":"hexamod:FastForward","floor":11.0},{"not_picked":["hexamod:HeatMetal","hexamod:SwordOfDarkness"],"picked":"hexamod:GhostShield","floor":15.0},{"not_picked":["hexamod:RetreatToShadows","hexamod:HeatMetal","hexamod:HeatShield"],"picked":"SKIP","floor":15.0},{"not_picked":["hexamod:TurnItUp","hexamod:SearingWound"],"picked":"hexamod:ParanormalForm","floor":16.0},{"not_picked":["hexamod:HeatCrush","hexamod:PhantomFireball"],"picked":"hexamod:GhostLash","floor":19.0},{"not_picked":["hexamod:GhostShield+1","hexamod:SpectersWail"],"picked":"hexamod:EtherealExpedition+1","floor":19.0},{"not_picked":["hexamod:ShieldOfDarkness","hexamod:HeatMetal"],"picked":"hexamod:NightmareStrike","floor":20.0},{"not_picked":["hexamod:FastForward","hexamod:HauntingEcho+1"],"picked":"hexamod:Rewind","floor":21.0},{"not_picked":["hexamod:HeatCrush","hexamod:NecessarySacrifice"],"picked":"hexamod:DynamicBlow","floor":21.0},{"not_picked":["hexamod:ShieldOfDarkness","hexamod:HeatMetal"],"picked":"hexamod:RainOfEmbers+1","floor":22.0},{"not_picked":["hexamod:InspiringFlames","hexamod:HeatShield"],"picked":"hexamod:SoulSteal+1","floor":22.0},{"not_picked":["hexamod:NightmareStrike","hexamod:ExtraCrispy","hexamod:SpectersWail"],"picked":"SKIP","floor":23.0},{"not_picked":["hexamod:ThermalTransfer","hexamod:HauntingEcho"],"picked":"hexamod:FifthSeal","floor":25.0},{"not_picked":["hexamod:FirstSeal","hexamod:ThirdSeal"],"picked":"hexamod:SixthSeal","floor":26.0},{"not_picked":["hexamod:NightmareGuise","hexamod:StepThrough"],"picked":"hexamod:HauntingEcho+1","floor":26.0},{"not_picked":["hexamod:SwordOfDarkness","hexamod:HauntingEcho+1"],"picked":"hexamod:SkipABeat+1","floor":27.0},{"not_picked":["hexamod:HeatMetal","hexamod:GhostLash"],"picked":"hexamod:NightmareGuise+1","floor":27.0},{"not_picked":["hexamod:RecurringNightmare","hexamod:UnlimitedPower"],"picked":"hexamod:SecondSeal","floor":28.0},{"not_picked":["hexamod:ThirdSeal","hexamod:SixthSeal"],"picked":"hexamod:FirstSeal","floor":28.0},{"not_picked":["hexamod:GhostShield","hexamod:BurningTouch","hexamod:SpectersWail"],"picked":"SKIP","floor":28.0},{"not_picked":["hexamod:PhantomCloak","hexamod:GhostShield"],"picked":"hexamod:BurningTouch+1","floor":32.0},{"not_picked":["hexamod:FourthSeal","hexamod:NightmareStrike","hexamod:InspiringFlames"],"picked":"SKIP","floor":32.0},{"not_picked":["hexamod:WildfireWeapon","hexamod:UnlimitedPower"],"picked":"hexamod:SearingWound","floor":33.0},{"not_picked":["hexamod:SwordOfDarkness","hexamod:SkipABeat"],"picked":"hexamod:Hexaguard+1","floor":38},{"not_picked":["hexamod:SwordOfDarkness","hexamod:SpectersWail","hexamod:HauntingEcho+1"],"picked":"SKIP","floor":40},{"not_picked":["hexamod:ThermalTransfer","hexamod:SwordOfDarkness"],"picked":"hexamod:SpectersWail+1","floor":43},{"not_picked":["hexamod:GhostLash","hexamod:RainOfEmbers+1"],"picked":"hexamod:HexaLevel","floor":44},{"not_picked":["hexamod:SecondSeal","hexamod:Firestarter","hexamod:ThirdSeal"],"picked":"SKIP","floor":45},{"not_picked":["hexamod:GhostLash+1","hexamod:HauntingEcho"],"picked":"hexamod:AdvancingGuard+1","floor":48},{"not_picked":["hexamod:SoulSteal","hexamod:BurningTouch+1","hexamod:NightmareStrike+1"],"picked":"SKIP","floor":49}],"player_experience":732053,"relics_obtained":[{"floor":2.0,"key":"LetterFromLob"},{"floor":7.0,"key":"SnafuTest:BearRelic"},{"floor":9.0,"key":"Dota2Spire:EtherealBlade"},{"floor":11.0,"key":"Odd Mushroom"},{"floor":14.0,"key":"Dota2Spire:LotusOrb"},{"floor":23.0,"key":"Regal Pillow"},{"floor":24.0,"key":"Strawberry"},{"floor":41,"key":"Dota2Spire:CrimsonGuard"},{"floor":46,"key":"AT_Kusabimaru"}],"event_choices":[{"damage_healed":0.0,"max_hp_gain":0.0,"max_hp_loss":0.0,"gold_gain":0.0,"event_name":"Mushrooms","player_choice":"Fought Mushrooms","floor":11.0,"gold_loss":0.0,"damage_taken":0.0}],"is_beta":false,"boss_relics":[{"not_picked":["Runic Pyramid","Calling Bell"],"picked":"SacredBark"},{"not_picked":["REME_DemonsWealth","Coffee Dripper"],"picked":"REME_ChargedStone"}],"items_purged_floors":[45],"is_endless":false,"potions_floor_spawned":[3,4,9,19,22,26,28,33,40,48,49],"killed_by":"SI_POISON_ARCHETYPE","ascension_level":0}}