{"host":"xgnmnr8f8w1a0eo3","time":1611898631,"event":{"mods":["BaseMod","Downfall","Highlight Path","Minty Spire (QoL Compilation)","Permanent Neow","Relic Stats","StSLib","everything is the same but u backflip on backflip"],"gold_per_floor":[0,13,188,638,648,161,187,187,205,205,205,238,238,249,264,359,359,359,375,375,375,375,375,375,387,387,398,411,33,33,45,59,155,155,155,169,184,259,269,288,364,449,483,495,195,209,226,252,270,270],"floor_reached":51,"language":"ENG","playtime":5311,"items_purged":["bronze:Strike","downfall:Icky","Doubt"],"score":813,"play_id":"fba49d7f-2341-4b1a-8304-c52de2372403","local_time":"20210128213711","is_ascension_mode":false,"campfire_choices":[{"data":"bronze:Goto","floor":1,"key":"SMITH"},{"data":"bronze:Repulsor","floor":8,"key":"SMITH"},{"data":"bronze:WildBeam","floor":10,"key":"SMITH"},{"data":"bronze:BurnOut","floor":18,"key":"SMITH"},{"data":"bronze:DelayedSlice","floor":23,"key":"SMITH"},{"data":"bronze:WildBeam","floor":26,"key":"SMITH"},{"floor":30,"key":"REST"},{"data":"bronze:MaxOutput","floor":35,"key":"SMITH"},{"data":"bronze:MaxOutput","floor":45,"key":"SMITH"}],"circlet_count":0,"master_deck":["bronze:Strike","bronze:Strike","bronze:Defend","bronze:Defend","bronze:Defend","bronze:Replicate","bronze:Goto+1","bronze:ClassDefault","downfall:Icky","downfall:Icky","bronze:DelayedSlice+1","bronze:WildBeam+1","bronze:Repulsor+1","bronze:Turbo","bronze:WildBeam+1","bronze:FineTuning","bronze:BurnOut+1","bronze:BuggyMess+1","bronze:MaxOutput+1","bronze:MaxOutput+1","bronze:MaxOutput+1","bronze:DelayedGuard+1","bronze:ChildClass","Parasite","bronze:OilSpill","bronze:BuggyMess","bronze:Fortify","bronze:Optimize","bronze:BugBarrage","bronze:Optimize+1","bronze:OilSpill+1","bronze:Repair+1"],"relics":["bronze:BronzeCore","PreservedInsect","TheAbacus","Centennial Puzzle","Pantograph","Strawberry","Gambling Chip","bronze:MakeshiftBattery","Matryoshka","Membership Card","Mercury Hourglass","Cursed Key","Nunchaku","Medical Kit","Peace Pipe","downfall:HeartBlessingBlue","downfall:HeartBlessingGreen","downfall:HeartBlessingRed","Regal Pillow"],"acts_visited":["Exordium","TheCity","TheBeyond"],"potions_floor_usage":[12,39],"damage_taken":[{"damage":3,"enemies":"Small Slimes","floor":2,"turns":3},{"damage":1,"enemies":"2 Louse","floor":5,"turns":5},{"damage":0,"enemies":"downfall:FleeingMerchant","floor":6,"turns":4},{"damage":0,"enemies":"Cultist","floor":9,"turns":2},{"damage":4,"enemies":"Gremlin Nob","floor":12,"turns":3},{"damage":6,"enemies":"Large Slime","floor":14,"turns":7},{"damage":6,"enemies":"Gremlin Gang","floor":15,"turns":5},{"damage":67,"enemies":"IC_STATUS_ARCHETYPE","floor":16,"turns":12},{"damage":5,"enemies":"3 Byrds","floor":19,"turns":3},{"damage":5,"enemies":"Sentry and Sphere","floor":25,"turns":3},{"damage":2,"enemies":"Centurion and Healer","floor":27,"turns":2},{"damage":25,"enemies":"Snake Plant","floor":28,"turns":4},{"damage":11,"enemies":"downfall:FleeingMerchant","floor":29,"turns":4},{"damage":8,"enemies":"3 Cultists","floor":31,"turns":3},{"damage":16,"enemies":"Cultist and Chosen","floor":32,"turns":3},{"damage":42,"enemies":"WA_ARCHETYPE_CALM","floor":33,"turns":8},{"damage":17,"enemies":"3 Darklings","floor":36,"turns":3},{"damage":15,"enemies":"3 Shapes","floor":37,"turns":2},{"damage":16,"enemies":"Maw","floor":39,"turns":5},{"damage":19,"enemies":"Sphere and 2 Shapes","floor":40,"turns":3},{"damage":2,"enemies":"downfall:FleeingMerchant","floor":42,"turns":3},{"damage":0,"enemies":"Reptomancer","floor":43,"turns":3},{"damage":0,"enemies":"Jaw Worm Horde","floor":44,"turns":2},{"damage":4,"enemies":"3 Darklings","floor":46,"turns":3},{"damage":0,"enemies":"4 Shapes","floor":47,"turns":2},{"damage":7,"enemies":"Giant Head","floor":48,"turns":2},{"damage":0,"enemies":"Transient","floor":49,"turns":5},{"damage":9,"enemies":"SI_POISON_ARCHETYPE","floor":50,"turns":6}],"seed_played":"1529513925701011607","potions_obtained":[{"floor":2,"key":"Strength Potion"},{"floor":9,"key":"Block Potion"},{"floor":14,"key":"FearPotion"},{"floor":15,"key":"bronze:FreeFunctionsPotion"},{"floor":16,"key":"hexamod:SoulburnPotion"},{"floor":38,"key":"downfall:CursedFountainPotion"},{"floor":39,"key":"SteroidPotion"},{"floor":44,"key":"LiquidMemories"}],"is_trial":false,"path_per_floor":["R","M","?","?","M","$","T","R","M","R","?","E","T","M","M","B",null,"R","M","?","?","?","R","T","M","R","M","M","$","R","M","M","B",null,"R","M","M","?","M","M","T","$","E","M","R","M","M","E","M","B",null],"character_chosen":"THE_AUTOMATON","items_purchased":["PreservedInsect","bronze:WildBeam","bronze:Repulsor","TheAbacus","Membership Card","Mercury Hourglass","bronze:MaxOutput","Medical Kit","bronze:OilSpill","bronze:BuggyMess","bronze:Fortify","bronze:Optimize"],"campfire_rested":1,"item_purchase_floors":[6,6,6,6,29,29,29,42,42,42,42,42],"current_hp_per_floor":[84,81,81,81,80,80,80,80,80,80,77,80,80,74,68,24,91,91,86,86,86,86,86,86,81,81,79,54,43,70,62,46,29,91,91,74,59,91,75,56,56,54,54,54,64,60,60,53,53,79],"gold":270,"neow_bonus":"TWENTY_PERCENT_HP_BONUS","is_daily":false,"chose_seed":false,"campfire_upgraded":8,"win_rate":0.0,"timestamp":1611898631,"path_taken":["R","M","?","?","M","$","T","R","M","R","?","E","?","M","M","BOSS","R","M","?","?","?","R","T","M","R","M","M","$","R","?","M","BOSS","R","M","M","?","M","M","T","$","E","?","R","M","M","E","M","BOSS"],"items_purchased_type":["Relic","Card","Card","Relic","Relic","Relic","Card","Relic","Card","Card","Card","Card"],"build_version":"2020-12-22","purchased_purges":3,"victory":true,"max_hp_per_floor":[84,84,84,84,84,84,84,84,84,84,84,91,91,91,91,91,91,91,91,91,91,91,91,91,91,91,91,91,91,91,91,91,91,91,91,91,91,91,91,91,91,91,91,91,101,101,101,101,101,101],"relic_stats":{"Regal Pillow":0,"counters":[28,110],"PreservedInsect":289,"Cursed Key":1,"Medical Kit":[11],"Mercury Hourglass":[188],"Peace Pipe":0,"Centennial Puzzle":[60],"Nunchaku":[9],"TheAbacus":[150],"Pantograph":73,"Gambling Chip":[24],"obtain_stats":[{"Regal Pillow":48,"bronze:BronzeCore":0,"downfall:HeartBlessingRed":45,"downfall:HeartBlessingGreen":45,"PreservedInsect":6,"Cursed Key":34,"Medical Kit":42,"Mercury Hourglass":29,"Peace Pipe":43,"Centennial Puzzle":7,"Nunchaku":41,"TheAbacus":6,"Matryoshka":24,"downfall:HeartBlessingBlue":45,"Pantograph":11,"Strawberry":12,"Gambling Chip":13,"Membership Card":29,"bronze:MakeshiftBattery":17},{"Regal Pillow":26,"bronze:BronzeCore":0,"downfall:HeartBlessingRed":23,"downfall:HeartBlessingGreen":23,"PreservedInsect":3,"Cursed Key":16,"Medical Kit":21,"Mercury Hourglass":13,"Peace Pipe":22,"Centennial Puzzle":3,"Nunchaku":20,"TheAbacus":3,"Matryoshka":9,"downfall:HeartBlessingBlue":23,"Pantograph":4,"Strawberry":5,"Gambling Chip":5,"Membership Card":13,"bronze:MakeshiftBattery":8},{"Regal Pillow":99,"bronze:BronzeCore":0,"downfall:HeartBlessingRed":92,"downfall:HeartBlessingGreen":92,"PreservedInsect":12,"Cursed Key":71,"Medical Kit":87,"Mercury Hourglass":57,"Peace Pipe":90,"Centennial Puzzle":12,"Nunchaku":84,"TheAbacus":12,"Matryoshka":44,"downfall:HeartBlessingBlue":92,"Pantograph":14,"Strawberry":17,"Gambling Chip":17,"Membership Card":57,"bronze:MakeshiftBattery":41}]},"card_choices":[{"not_picked":["bronze:Philosophize","bronze:DelayedGuard"],"picked":"bronze:ClassDefault","floor":2},{"not_picked":["bronze:Backtrace","bronze:BitShift","bronze:Invalidate"],"picked":"SKIP","floor":5},{"not_picked":["bronze:Format","bronze:Invalidate"],"picked":"bronze:DelayedSlice","floor":6},{"not_picked":["bronze:Overheat","bronze:Safeguard","bronze:FollowUp"],"picked":"SKIP","floor":9},{"not_picked":["bronze:CloningBeam","bronze:BitShift"],"picked":"bronze:Turbo","floor":12},{"not_picked":["bronze:Overload","bronze:Turbo"],"picked":"bronze:WildBeam","floor":14},{"not_picked":["bronze:NullPointer","bronze:WildBeam"],"picked":"bronze:FineTuning","floor":15},{"not_picked":["bronze:FindAndReplace","bronze:HyperBeam"],"picked":"bronze:BurnOut","floor":16},{"not_picked":["bronze:WildBeam+1","bronze:BugBarrage+1"],"picked":"bronze:BuggyMess+1","floor":19},{"not_picked":["bronze:OilSpill","bronze:Turbo","bronze:NullPointer"],"picked":"SKIP","floor":25},{"not_picked":["bronze:Frontload","bronze:DelayedGuard","bronze:CutThrough"],"picked":"SKIP","floor":27},{"not_picked":["bronze:Iterate+1","bronze:Frontload"],"picked":"bronze:MaxOutput","floor":28},{"not_picked":["bronze:CutThrough","bronze:Iterate","bronze:Branch"],"picked":"SKIP","floor":29},{"not_picked":["bronze:Philosophize+1","bronze:Overheat","bronze:Flail"],"picked":"SKIP","floor":31},{"not_picked":["bronze:Invalidate","bronze:CutThrough"],"picked":"bronze:MaxOutput+1","floor":32},{"not_picked":["bronze:Return","bronze:OilSpill"],"picked":"bronze:DelayedGuard+1","floor":36},{"not_picked":["bronze:DelayedSlice","bronze:ForLoop","bronze:NullPointer+1"],"picked":"SKIP","floor":37},{"not_picked":["bronze:ForLoop","bronze:Shell+1","bronze:Turbo+1"],"picked":"SKIP","floor":39},{"not_picked":["bronze:BitShift","bronze:Invalidate"],"picked":"bronze:ChildClass","floor":40},{"not_picked":["bronze:Shell","bronze:OilSpill+1","bronze:Turbo+1"],"picked":"SKIP","floor":42},{"not_picked":["bronze:BronzeArmor","bronze:ThunderWave"],"picked":"bronze:BugBarrage","floor":43},{"not_picked":["bronze:CloningBeam+1","bronze:Repulsor"],"picked":"bronze:Optimize+1","floor":44},{"not_picked":["bronze:Overheat+1","bronze:DelayedGuard+1"],"picked":"bronze:OilSpill+1","floor":46},{"not_picked":["bronze:Fortify","bronze:Safeguard+1","bronze:ForLoop+1"],"picked":"SKIP","floor":47},{"not_picked":["bronze:Optimize","bronze:ForceShield+1","bronze:DelayedGuard"],"picked":"SKIP","floor":48},{"not_picked":["bronze:WhirlingStrike","bronze:BuggyMess"],"picked":"bronze:Repair+1","floor":49}],"player_experience":1203221,"relics_obtained":[{"floor":7,"key":"Centennial Puzzle"},{"floor":12,"key":"Strawberry"},{"floor":13,"key":"Gambling Chip"},{"floor":24,"key":"Matryoshka"},{"floor":41,"key":"Nunchaku"},{"floor":43,"key":"Peace Pipe"},{"floor":48,"key":"Regal Pillow"}],"event_choices":[{"damage_healed":0,"gold_gain":0,"player_choice":"Success","damage_taken":3,"relics_obtained":["Pantograph"],"max_hp_gain":0,"max_hp_loss":0,"event_name":"Scrap Ooze","floor":11,"gold_loss":0},{"cards_removed":["bronze:Strike"],"damage_healed":0,"gold_gain":0,"player_choice":"Offered Basic","damage_taken":0,"max_hp_gain":0,"max_hp_loss":0,"event_name":"Bonfire Elementals","floor":22,"gold_loss":0}],"is_beta":false,"boss_relics":[{"not_picked":["Philosopher\u0027s Stone","Fusion Hammer"],"picked":"bronze:MakeshiftBattery"},{"not_picked":["Black Star","Sozu"],"picked":"Cursed Key"}],"items_purged_floors":[6,29,42],"is_endless":false,"potions_floor_spawned":[2,9,14,15,16,25,27,32,39,43,44,48,49],"ascension_level":0}}