{"host":"2i1rjl87isetstuj","time":1611939217,"event":{"mods":["BaseMod","Better Vampires","Challenge The Spire","Luminous","Marked Mod","Minty Spire (QoL Compilation)","Quick Restart","Shop Mod","StSLib","Waifu the Spire","óô»ðÖ¸ÄÏ"],"gold_per_floor":[364,238,252,268,443,2570,2599,1851,1900,1916,1866,1879,1889,1917,1021,1122,1122,1133,1133,1133,1147,239,249,199317,199335,199362,199462,199476,199511,199511,199511],"floor_reached":30,"language":"ZHS","playtime":1628,"items_purged":["Luminous:Dark_Abyssal_Drop","Decay","Doubt","Luminous:Dark_Abyssal_Drop","Luminous:Switch_Luminous","MarkedMod:NorthStar+1"],"score":267,"play_id":"85f71417-81e4-4401-b5ee-e18ffa945213","local_time":"20210130005337","is_ascension_mode":false,"campfire_choices":[],"circlet_count":0,"master_deck":["Luminous:Light_Flash_Shower+1","Luminous:Light_Flash_Shower+1","Luminous:Light_Flash_Shower+1","Luminous:Defend_Luminous+1","Luminous:Defend_Luminous+1","Luminous:Defend_Luminous+1","Luminous:Defend_Luminous+1","Luminous:Light_Track","Luminous:Light_Gather","Luminous:Phantom_Treasure_Luminous","Luminous:Magic_Boost_Luminous","Luminous:Dusk_Guard_Luminous","Luminous:Concentrate_Luminous+1","Dramatic Entrance","Luminous:Freud_Wisdom1_Luminous+1","Luminous:Darks_Surge_Luminous+1","Luminous:Dusk_Guard_Luminous","Luminous:Shadow_Shell_Luminous+1","Luminous:Mirror_Force_Luminous+1","Luminous:Light_Sylvan_Lance","Luminous:Balance_Death_Scythe"],"relics":["Luminous:MirrorRelic","Toy Ornithopter","Toxic Egg 2","Chemical X","Strawberry","Happy Flower","Pear","Medical Kit","Juzu Bracelet","Bottled Lightning","Oddly Smooth Stone","Philosopher\u0027s Stone","MerchantsRug","ClockworkSouvenir","CeramicFish","InkBottle","Potion Belt","Smiling Mask","Vajra","Girya","Question Card","Red Mask"],"acts_visited":["Exordium","TheCity"],"potions_floor_usage":[27,27],"damage_taken":[{"damage":9.0,"enemies":"2 Louse","floor":1.0,"turns":3.0},{"damage":4.0,"enemies":"Small Slimes","floor":3.0,"turns":4.0},{"damage":0.0,"enemies":"Jaw Worm","floor":4.0,"turns":2.0},{"damage":5.0,"enemies":"Lagavulin","floor":7.0,"turns":8.0},{"damage":7.0,"enemies":"Blue Slaver","floor":10.0,"turns":2.0},{"damage":12.0,"enemies":"3 Louse","floor":12.0,"turns":3.0},{"damage":3.0,"enemies":"2 Fungi Beasts","floor":13.0,"turns":3.0},{"damage":20.0,"enemies":"3 Sentries","floor":14.0,"turns":10.0},{"damage":33.0,"enemies":"Slime Boss","floor":16.0,"turns":9.0},{"damage":12.0,"enemies":"3 Byrds","floor":18.0,"turns":4.0},{"damage":27.0,"enemies":"Chosen","floor":21.0,"turns":8.0},{"damage":9.0,"enemies":"Snake Plant","floor":23.0,"turns":6.0},{"damage":0,"enemies":"Snecko","floor":25,"turns":6},{"damage":16,"enemies":"Colosseum Slavers","floor":27,"turns":6},{"damage":13,"enemies":"Colosseum Nobs","floor":27,"turns":3},{"damage":13,"enemies":"Centurion and Healer","floor":28,"turns":6},{"damage":18,"enemies":"Masked Bandits","floor":29,"turns":3},{"damage":23,"enemies":"Gremlin Leader","floor":30,"turns":2}],"seed_played":"7186605651862884673","potions_obtained":[{"floor":7.0,"key":"SpeedPotion"},{"floor":10.0,"key":"Block Potion"},{"floor":13.0,"key":"GamblersBrew"},{"floor":16.0,"key":"BlessingOfTheForge"},{"floor":18.0,"key":"Dexterity Potion"},{"floor":29,"key":"LiquidBronze"}],"is_trial":false,"path_per_floor":["M","$","M","M","?","R","E","R","T","M","?","M","M","E","R","B",null,"M","?","?","M","$","M","R","M","T","?","M","?","E"],"character_chosen":"LuminousClass","items_purchased":["Luminous:Light_Gather","Toy Ornithopter","Toxic Egg 2","Chemical X","Luminous:Dusk_Guard_Luminous","Luminous:Concentrate_Luminous+1","Dramatic Entrance","Happy Flower","Pear","Medical Kit","Luminous:Darks_Surge_Luminous+1","PrismaticShard","Bottled Lightning","Oddly Smooth Stone","Luminous:Mirror_Force_Luminous+1","Luminous:Light_Sylvan_Lance","MerchantsRug","Luminous:Balance_Death_Scythe","ClockworkSouvenir","CeramicFish","InkBottle","Potion Belt","Smiling Mask","CultistPotion","EssenceOfSteel"],"campfire_rested":0,"item_purchase_floors":[2,6,6,6,6,6,6,8,8,8,8,15,15,15,15,15,22,22,22,22,22,24,24,24,24],"current_hp_per_floor":[66,66,62,62,62,62,64,74,74,67,67,55,52,36,36,7,92,80,80,80,57,57,52,52,56,56,41,32,18,0,0],"gold":199511,"neow_bonus":"TWO_FIFTY_GOLD","is_daily":false,"chose_seed":false,"campfire_upgraded":0,"win_rate":0.0,"timestamp":1611939217,"path_taken":["M","$","M","M","?","R","E","R","T","M","?","M","M","E","R","BOSS","M","?","?","M","$","M","R","M","T","?","M","?","E"],"items_purchased_type":["Card","Relic","Relic","Relic","Card","Card","Card","Relic","Relic","Relic","Card","Relic","Relic","Relic","Card","Card","Relic","Card","Relic","Relic","Relic","Relic","Relic","Potion","Potion"],"build_version":"2020-12-22","purchased_purges":6,"victory":false,"max_hp_per_floor":[75,75,75,75,75,75,82,92,92,92,92,92,92,92,92,92,92,92,92,92,92,92,92,92,92,92,92,92,92,92,92],"card_choices":[{"not_picked":["Luminous:Dark_Pressure_Void","Luminous:Blinding_Pillar_Luminous"],"picked":"Luminous:Light_Track","floor":1.0},{"not_picked":["Luminous:Light_Glare","Luminous:Light_Track"],"picked":"Luminous:Phantom_Treasure_Luminous","floor":3.0},{"not_picked":["Luminous:Phantom_Treasure_Luminous","Luminous:Concentrate_Luminous"],"picked":"Luminous:Magic_Boost_Luminous","floor":4.0},{"not_picked":["Luminous:Dark_Morning_Star","Luminous:Light_Wash_Luminous"],"picked":"Luminous:Freud_Wisdom1_Luminous+1","floor":7.0},{"not_picked":["Luminous:Dark_Raid","Luminous:Hero_Will_Luminous+1","Luminous:Dark_Dim_Erosion"],"picked":"SKIP","floor":10.0},{"not_picked":["Luminous:Dark_Raid","Luminous:Accumulation_Luminous+1"],"picked":"Luminous:Dusk_Guard_Luminous","floor":12.0},{"not_picked":["Luminous:Light_Disperse","Luminous:Dark_Morning_Star","Luminous:Light_Gather"],"picked":"SKIP","floor":13.0},{"not_picked":["Luminous:Dark_Raid","Luminous:Blinding_Pillar_Luminous+1"],"picked":"Luminous:Shadow_Shell_Luminous+1","floor":14.0},{"not_picked":["Luminous:Arcane_Rage_Luminous+1","Rainbow+1"],"picked":"MarkedMod:NorthStar+1","floor":16.0},{"not_picked":["Wireheading+1","Cleave+1","Pommel Strike"],"picked":"SKIP","floor":18.0},{"not_picked":["Sanctity+1","Sucker Punch+1","Deadly Poison+1"],"picked":"SKIP","floor":21.0},{"not_picked":["Luminous:Dark_Dim_Erosion","Luminous:Concentrate_Luminous+1","Luminous:Dark_Raid+1"],"picked":"SKIP","floor":23.0},{"not_picked":["Luminous:Light_Sylvan_Lance+1","Luminous:Light_Glare","Luminous:Light_Wash_Luminous"],"picked":"SKIP","floor":25},{"not_picked":["Luminous:Light_Wash_Luminous","Luminous:Magic_Accelerate_Luminous+1","Luminous:Accumulation_Luminous+1","Luminous:Blinding_Pillar_Luminous+1"],"picked":"SKIP","floor":28}],"player_experience":104445,"relics_obtained":[{"floor":7.0,"key":"Strawberry"},{"floor":14.0,"key":"Juzu Bracelet"},{"floor":26,"key":"Vajra"},{"floor":27,"key":"Girya"},{"floor":27,"key":"Question Card"},{"floor":29,"key":"Red Mask"}],"event_choices":[{"damage_healed":0.0,"max_hp_gain":0.0,"max_hp_loss":0.0,"gold_gain":175.0,"event_name":"Liars Game","player_choice":"AGREE","floor":5.0,"gold_loss":0.0,"damage_taken":0.0,"cards_obtained":["Doubt"]},{"cards_removed":["Luminous:Dark_Abyssal_Drop"],"damage_healed":0.0,"max_hp_gain":0.0,"max_hp_loss":0.0,"gold_gain":0.0,"event_name":"The Cleric","player_choice":"Card Removal","floor":11.0,"gold_loss":50.0,"damage_taken":0.0},{"damage_healed":0.0,"max_hp_gain":0.0,"max_hp_loss":0.0,"gold_gain":0.0,"event_name":"Back to Basics","player_choice":"Simplicity","floor":19.0,"gold_loss":0.0,"damage_taken":0.0,"cards_upgraded":["Luminous:Light_Flash_Shower","Luminous:Light_Flash_Shower","Luminous:Light_Flash_Shower","Luminous:Defend_Luminous","Luminous:Defend_Luminous","Luminous:Defend_Luminous","Luminous:Defend_Luminous"]},{"damage_healed":0.0,"max_hp_gain":0.0,"max_hp_loss":0.0,"gold_gain":0.0,"event_name":"Vampires","player_choice":"Ignored","floor":20.0,"gold_loss":0.0,"damage_taken":0.0},{"damage_healed":0,"gold_gain":0,"player_choice":"Fight","damage_taken":0,"max_hp_gain":0,"max_hp_loss":0,"event_name":"Colosseum","floor":27,"gold_loss":0},{"damage_healed":0,"gold_gain":0,"player_choice":"Fought Nobs","damage_taken":0,"max_hp_gain":0,"max_hp_loss":0,"event_name":"Colosseum","floor":27,"gold_loss":0},{"damage_healed":0,"gold_gain":0,"player_choice":"Fought Bandits","damage_taken":0,"max_hp_gain":0,"max_hp_loss":0,"event_name":"Masked Bandits","floor":29,"gold_loss":0}],"is_beta":false,"boss_relics":[{"not_picked":["Empty Cage","Busted Crown"],"picked":"Philosopher\u0027s Stone"}],"items_purged_floors":[2,6,8,15,22,24],"is_endless":false,"potions_floor_spawned":[7,10,13,16,18,23,28,29],"killed_by":"Gremlin Leader","ascension_level":0}}