{"host":"jqln3q8z91cyrmpl","time":1611928438,"event":{"mods":["AchievementEnabler","BaseMod","Colored Map","DeckTracker","Keyboard Shortcuts","Minty Spire (QoL Compilation)","SuperFastMode"],"gold_per_floor":[111,127,4,4,22,51,51,86,86,112,129,429,445,445,445,542,542,555,570,227,240,240,265,336,67,67,17,47,47,66,92,104,219,231,261,299,81,94,7,7,23,0,24,44,44,44,64,136,136,136,136,136,9,38,38],"floor_reached":56,"language":"KOR","playtime":2177,"items_purged":["Strike_P","Strike_P","Defend_P","Strike_P","Defend_P","Strike_P","Defend_P"],"score":1448,"play_id":"6c4881ce-a6ac-42f7-a779-ff5ab415a1dc","local_time":"20210129225358","is_ascension_mode":true,"campfire_choices":[{"data":"Eruption","floor":7.0,"key":"SMITH"},{"floor":12.0,"key":"DIG"},{"floor":15.0,"key":"DIG"},{"floor":32.0,"key":"REST"},{"data":"Defend_P","floor":40,"key":"PURGE"},{"floor":45,"key":"REST"},{"floor":49,"key":"RECALL"},{"floor":52,"key":"DIG"}],"circlet_count":0,"master_deck":["Eruption+1","Vigilance","FlurryOfBlows","Halt","EmptyFist","Wallop","Swivel","Ragnarok","WheelKick","FlurryOfBlows","Prostrate","Omniscience","FlurryOfBlows+1","MentalFortress+1","LikeWater+1","ForeignInfluence+1","Ragnarok","Protect+1","Tantrum","Indignation+1","Adaptation","FlyingSleeves+1","ClearTheMind+1","Finesse"],"relics":["PureWater","NeowsBlessing","NlothsMask","Tiny Chest","Shovel","Blood Vial","Old Coin","Bronze Scales","Fusion Hammer","Membership Card","Ice Cream","Enchiridion","TeardropLocket","Pear","Lantern","Matryoshka","Smiling Mask","Orichalcum","White Beast Statue","Bag of Preparation","MawBank","Black Star","Bag of Marbles","Peace Pipe","Red Mask","Mummified Hand","Bottled Lightning","Medical Kit","Strawberry","FossilizedHelix"],"acts_visited":["Exordium","TheCity","TheBeyond","TheEnding"],"potions_floor_usage":[55,55],"damage_taken":[{"damage":0.0,"enemies":"Jaw Worm","floor":1.0,"turns":1.0},{"damage":0.0,"enemies":"Cultist","floor":2.0,"turns":1.0},{"damage":0.0,"enemies":"Small Slimes","floor":5.0,"turns":1.0},{"damage":2.0,"enemies":"Gremlin Nob","floor":6.0,"turns":3.0},{"damage":11.0,"enemies":"3 Sentries","floor":8.0,"turns":9.0},{"damage":29.0,"enemies":"Lagavulin","floor":10.0,"turns":4.0},{"damage":3.0,"enemies":"Gremlin Gang","floor":11.0,"turns":3.0},{"damage":0.0,"enemies":"Large Slime","floor":13.0,"turns":3.0},{"damage":0.0,"enemies":"Slime Boss","floor":16.0,"turns":3.0},{"damage":14.0,"enemies":"Shell Parasite","floor":18.0,"turns":4.0},{"damage":4.0,"enemies":"Chosen","floor":19.0,"turns":3.0},{"damage":13.0,"enemies":"Shelled Parasite and Fungi","floor":21.0,"turns":3.0},{"damage":9.0,"enemies":"Slavers","floor":23.0,"turns":5.0},{"damage":4.0,"enemies":"Gremlin Leader","floor":28.0,"turns":4.0},{"damage":4.0,"enemies":"Centurion and Healer","floor":30.0,"turns":3.0},{"damage":30.0,"enemies":"Collector","floor":33.0,"turns":8.0},{"damage":0.0,"enemies":"Orb Walker","floor":35.0,"turns":2.0},{"damage":45,"enemies":"3 Darklings","floor":38,"turns":4},{"damage":30,"enemies":"4 Shapes","floor":41,"turns":3},{"damage":0,"enemies":"Maw","floor":44,"turns":4},{"damage":7,"enemies":"Spire Growth","floor":47,"turns":3},{"damage":21,"enemies":"Awakened One","floor":50,"turns":8},{"damage":0,"enemies":"Shield and Spear","floor":54,"turns":2},{"damage":59,"enemies":"The Heart","floor":55,"turns":6}],"seed_played":"5725413914920432090","potions_obtained":[{"floor":2.0,"key":"GamblersBrew"},{"floor":5.0,"key":"PowerPotion"},{"floor":8.0,"key":"Weak Potion"},{"floor":11.0,"key":"ColorlessPotion"},{"floor":16.0,"key":"Swift Potion"},{"floor":19.0,"key":"StancePotion"},{"floor":28.0,"key":"Strength Potion"},{"floor":30.0,"key":"SkillPotion"},{"floor":33.0,"key":"FearPotion"},{"floor":35.0,"key":"BottledMiracle"},{"floor":38,"key":"BottledMiracle"},{"floor":41,"key":"AttackPotion"},{"floor":44,"key":"Weak Potion"}],"is_trial":false,"path_per_floor":["M","M","$","?","M","E","R","E","T","E","M","R","M","?","R","B",null,"M","M","$","M","?","E","T","$","T","$","E","$","M","T","R","B",null,"M","T","$","M","$","R","M","?","T","M","R","?","M","T","R","B",null,"R","$","E","B",null],"character_chosen":"WATCHER","items_purchased":["EmptyFist","Membership Card","Ice Cream","Lantern","Matryoshka","Tantrum","Peace Pipe","Adaptation","Medical Kit"],"campfire_rested":2,"item_purchase_floors":[3,20,20,25,25,37,37,39,53],"current_hp_per_floor":[72,72,72,72,72,70,70,59,59,30,29,29,31,31,31,33,72,58,56,56,45,29,22,32,32,32,32,30,30,28,28,52,24,82,82,82,82,37,37,37,9,9,9,11,35,35,30,30,30,11,82,82,82,89,30],"gold":38,"neow_bonus":"THREE_ENEMY_KILL","is_daily":false,"chose_seed":false,"campfire_upgraded":1,"win_rate":0.0,"timestamp":1611928438,"path_taken":["M","M","$","?","?","E","R","E","T","E","M","R","M","?","R","BOSS","M","?","$","M","?","E","?","?","T","$","E","$","?","?","R","BOSS","M","?","$","?","$","R","M","?","T","M","R","?","M","?","R","BOSS","R","$","E","BOSS"],"items_purchased_type":["Card","Relic","Relic","Relic","Relic","Card","Relic","Card","Relic"],"build_version":"2020-12-22","purchased_purges":7,"victory":true,"max_hp_per_floor":[72,72,72,72,72,72,72,72,72,72,72,72,72,72,72,72,72,72,72,72,72,72,72,82,82,82,82,82,82,82,82,82,82,82,82,82,82,82,82,82,82,82,82,82,82,82,82,82,82,82,82,82,82,89,89],"card_choices":[{"not_picked":["FlyingSleeves","CrushJoints"],"picked":"FlurryOfBlows","floor":1.0},{"not_picked":["FlurryOfBlows","Consecrate"],"picked":"Halt","floor":2.0},{"not_picked":["Wireheading","Evaluate"],"picked":"Wallop","floor":5.0},{"not_picked":["WindmillStrike","Wireheading"],"picked":"Swivel","floor":6.0},{"not_picked":["Prostrate","Worship"],"picked":"Ragnarok","floor":8.0},{"not_picked":["Wallop","Meditate"],"picked":"WheelKick","floor":10.0},{"not_picked":["Evaluate","Protect"],"picked":"FlurryOfBlows","floor":11.0},{"not_picked":["Wallop","Perseverance"],"picked":"Prostrate","floor":13.0},{"not_picked":["DevaForm","Brilliance"],"picked":"Omniscience","floor":16.0},{"not_picked":["BowlingBash","SashWhip"],"picked":"FlurryOfBlows+1","floor":18.0},{"not_picked":["Halt","Protect","CrushJoints+1"],"picked":"SKIP","floor":19.0},{"not_picked":["BattleHymn","LikeWater+1"],"picked":"MentalFortress+1","floor":21.0},{"not_picked":["DeceiveReality","ForeignInfluence","FlyingSleeves"],"picked":"SKIP","floor":23.0},{"not_picked":["Evaluate","Wallop+1"],"picked":"LikeWater+1","floor":28.0},{"not_picked":["EmptyBody","CrushJoints+1"],"picked":"ForeignInfluence+1","floor":30.0},{"not_picked":["Alpha","MasterReality"],"picked":"Ragnarok","floor":33.0},{"not_picked":["PathToVictory","BattleHymn"],"picked":"Protect+1","floor":35.0},{"not_picked":["EmptyBody","CrushJoints"],"picked":"Indignation+1","floor":38},{"not_picked":["EmptyFist","CutThroughFate"],"picked":"FlyingSleeves+1","floor":41},{"not_picked":["EmptyFist","FollowUp+1"],"picked":"ClearTheMind+1","floor":44},{"not_picked":["The Bomb","Metamorphosis"],"picked":"Finesse","floor":46},{"not_picked":["Sanctity","JustLucky+1","WaveOfTheHand+1"],"picked":"SKIP","floor":47},{"not_picked":["Conclude","Indignation+1","Protect+1"],"picked":"SKIP","floor":54}],"player_experience":391679,"relics_obtained":[{"floor":6.0,"key":"Tiny Chest"},{"floor":8.0,"key":"Shovel"},{"floor":10.0,"key":"Blood Vial"},{"floor":12.0,"key":"Old Coin"},{"floor":15.0,"key":"Bronze Scales"},{"floor":22.0,"key":"Enchiridion"},{"floor":23.0,"key":"TeardropLocket"},{"floor":24.0,"key":"Pear"},{"floor":26.0,"key":"Smiling Mask"},{"floor":26.0,"key":"Orichalcum"},{"floor":28.0,"key":"White Beast Statue"},{"floor":31.0,"key":"Bag of Preparation"},{"floor":31.0,"key":"MawBank"},{"floor":36.0,"key":"Bag of Marbles"},{"floor":48,"key":"Mummified Hand"},{"floor":52,"key":"Bottled Lightning"},{"floor":54,"key":"Strawberry"},{"floor":54,"key":"FossilizedHelix"}],"event_choices":[{"damage_healed":0.0,"max_hp_gain":0.0,"max_hp_loss":0.0,"gold_gain":0.0,"event_name":"FaceTrader","player_choice":"Trade","floor":4.0,"gold_loss":0.0,"damage_taken":0.0,"relics_obtained":["NlothsMask"]},{"damage_healed":0.0,"max_hp_gain":0.0,"max_hp_loss":0.0,"gold_gain":0.0,"event_name":"The Woman in Blue","player_choice":"Bought 0 Potions","floor":14.0,"gold_loss":0.0,"damage_taken":0.0},{"damage_healed":0.0,"max_hp_gain":0.0,"max_hp_loss":0.0,"gold_gain":0.0,"event_name":"Cursed Tome","player_choice":"Obtained Book","floor":22.0,"gold_loss":0.0,"damage_taken":16.0},{"damage_healed":0,"gold_gain":0,"player_choice":"Paid","damage_taken":0,"relics_obtained":["Red Mask"],"max_hp_gain":0,"max_hp_loss":0,"event_name":"Tomb of Lord Red Mask","floor":42,"gold_loss":23},{"damage_healed":0,"gold_gain":0,"player_choice":"Memory 1","damage_taken":0,"max_hp_gain":0,"max_hp_loss":0,"event_name":"SensoryStone","floor":46,"gold_loss":0}],"is_beta":false,"boss_relics":[{"not_picked":["SacredBark","Ectoplasm"],"picked":"Fusion Hammer"},{"not_picked":["Sozu","HolyWater"],"picked":"Black Star"}],"items_purged_floors":[3,20,25,27,37,39,53],"is_endless":false,"potions_floor_spawned":[2,5,8,11,16,19,28,30,33,35,38,41,44,47,54],"ascension_level":2}}