{"host":"AZZAM","time":1611959753,"event":{"mods":["BaseMod","Colored Map","Highlight Path","Minty Spire (QoL Compilation)","Relic Stats","Unceasing Turn Reminder"],"gold_per_floor":[361,16,34,53,71,100,100,125,125,25,44,70,81,103,103,198,198,211,224,63,83,48,48,80,80,80,180,195,224,239,40,40,142,142,155,9,9,9,29,363,363,392,417,417,431,431,456,471,471,471,471],"floor_reached":50,"language":"ENG","playtime":2351,"items_purged":["Writhe","Strike_G","Strike_G","Defend_G"],"score":729,"play_id":"9dde58b5-dd83-47ba-a736-462ed293f597","local_time":"20210130013553","is_ascension_mode":true,"campfire_choices":[{"data":"Accuracy","floor":7,"key":"SMITH"},{"data":"Wraith Form v2","floor":15,"key":"SMITH"},{"data":"Blade Dance","floor":23,"key":"SMITH"},{"floor":25,"key":"REST"},{"floor":32,"key":"REST"},{"floor":41,"key":"REST"},{"floor":44,"key":"REST"},{"floor":46,"key":"REST"},{"floor":49,"key":"RECALL"}],"circlet_count":0,"master_deck":["Strike_G","Strike_G","Defend_G","Defend_G","Defend_G","Defend_G","Survivor","Neutralize","Dagger Spray","Cloak And Dagger","Accuracy+1","Dagger Throw","Blade Dance+1","Dagger Spray","Blade Dance","Wraith Form v2+1","Sucker Punch+1","Dash+1","Calculated Gamble","Cloak And Dagger","Well Laid Plans","Underhanded Strike+1","Finisher+1","Venomology","Dagger Spray+1","Blur","Blade Dance","Night Terror","Escape Plan+1","Madness","Madness","Blur+1","Backstab+1","Footwork+1","Accuracy","Blur+1"],"relics":["Ring of the Serpent","Frozen Eye","WingedGreaves","Ornamental Fan","Molten Egg 2","Sundial","Odd Mushroom","InkBottle","Anchor","Lizard Tail","Fusion Hammer","Sling","Old Coin","Pear","Pantograph"],"acts_visited":["Exordium","TheCity","TheBeyond"],"potions_floor_usage":[6,11,12,14,24,29,29,29,30,33,33,39,40,40,45,45,47,50,50,50],"damage_taken":[{"damage":0,"enemies":"Cultist","floor":1,"turns":4},{"damage":6,"enemies":"Jaw Worm","floor":3,"turns":5},{"damage":7,"enemies":"Small Slimes","floor":4,"turns":3},{"damage":8,"enemies":"3 Louse","floor":5,"turns":3},{"damage":9,"enemies":"3 Sentries","floor":6,"turns":4},{"damage":14,"enemies":"Gremlin Nob","floor":8,"turns":3},{"damage":0,"enemies":"Red Slaver","floor":11,"turns":2},{"damage":2,"enemies":"Lagavulin","floor":12,"turns":5},{"damage":3,"enemies":"Looter","floor":13,"turns":3},{"damage":3,"enemies":"The Mushroom Lair","floor":14,"turns":3},{"damage":10,"enemies":"The Guardian","floor":16,"turns":12},{"damage":0,"enemies":"Chosen","floor":18,"turns":4},{"damage":6,"enemies":"3 Byrds","floor":19,"turns":4},{"damage":19,"enemies":"Shelled Parasite and Fungi","floor":21,"turns":6},{"damage":44,"enemies":"Book of Stabbing","floor":24,"turns":7},{"damage":0,"enemies":"Chosen and Byrds","floor":28,"turns":6},{"damage":13,"enemies":"Gremlin Leader","floor":29,"turns":4},{"damage":8,"enemies":"Cultist and Chosen","floor":30,"turns":4},{"damage":30,"enemies":"Champ","floor":33,"turns":10},{"damage":0,"enemies":"Orb Walker","floor":35,"turns":2},{"damage":3,"enemies":"3 Darklings","floor":39,"turns":6},{"damage":52,"enemies":"Nemesis","floor":40,"turns":7},{"damage":61,"enemies":"Reptomancer","floor":42,"turns":5},{"damage":18,"enemies":"Spire Growth","floor":45,"turns":4},{"damage":19,"enemies":"Giant Head","floor":47,"turns":7},{"damage":0,"enemies":"Jaw Worm Horde","floor":48,"turns":7},{"damage":50,"enemies":"Donu and Deca","floor":50,"turns":11}],"seed_played":"5824241861011774097","potions_obtained":[{"floor":4,"key":"BlessingOfTheForge"},{"floor":5,"key":"Energy Potion"},{"floor":11,"key":"BlessingOfTheForge"},{"floor":12,"key":"Regen Potion"},{"floor":14,"key":"GamblersBrew"},{"floor":16,"key":"Block Potion"},{"floor":18,"key":"Fire Potion"},{"floor":21,"key":"DuplicationPotion"},{"floor":30,"key":"FairyPotion"},{"floor":35,"key":"GhostInAJar"},{"floor":39,"key":"Block Potion"},{"floor":42,"key":"Ancient Potion"}],"is_trial":false,"path_per_floor":["M","$","M","M","M","E","R","E","T","$","M","E","M","?","R","B",null,"M","M","$","M","$","R","E","R","T","?","M","E","M","$","R","B",null,"M","$","?","?","M","E","R","E","T","R","M","R","E","M","R","B"],"character_chosen":"THE_SILENT","items_purchased":["Cloak And Dagger","Accuracy","Frozen Eye","Well Laid Plans","Finisher+1","Blade Dance","Sling"],"campfire_rested":5,"item_purchase_floors":[2,2,2,20,22,31,36],"current_hp_per_floor":[70,70,64,57,49,40,40,26,26,26,26,24,21,27,27,17,70,70,64,64,45,45,45,1,22,22,22,22,9,1,1,22,19,70,70,70,61,61,58,6,27,11,11,35,17,41,22,22,22,0,0],"gold":471,"neow_bonus":"TWO_FIFTY_GOLD","is_daily":false,"chose_seed":false,"campfire_upgraded":3,"win_rate":0.0,"timestamp":1611959753,"path_taken":["M","$","M","?","M","E","R","E","T","$","M","E","M","?","R","BOSS","M","M","$","M","$","R","E","R","T","?","M","E","?","?","R","BOSS","M","$","?","?","M","E","R","E","T","R","M","R","E","M","R","BOSS"],"items_purchased_type":["Card","Card","Relic","Card","Card","Card","Relic"],"build_version":"2020-12-18","purchased_purges":4,"victory":false,"max_hp_per_floor":[70,70,70,70,70,70,70,70,70,70,70,70,70,70,70,70,70,70,70,70,70,70,70,70,70,70,70,70,70,70,70,70,70,70,70,70,70,70,70,70,70,80,80,80,80,80,80,80,80,80,80],"relic_stats":{"Lizard Tail":35,"counters":[27,141],"Ornamental Fan":[412],"Sundial":[12],"Pantograph":25,"obtain_stats":[{"Pear":42,"Odd Mushroom":14,"Sling":36,"Old Coin":40,"Frozen Eye":2,"Anchor":26,"Lizard Tail":29,"Ornamental Fan":8,"Sundial":12,"Pantograph":47,"Molten Egg 2":9,"WingedGreaves":6,"Fusion Hammer":34,"Ring of the Serpent":17,"InkBottle":24,"Ring of the Snake":0},{"Pear":23,"Odd Mushroom":10,"Sling":20,"Old Coin":22,"Frozen Eye":1,"Anchor":15,"Lizard Tail":17,"Ornamental Fan":6,"Sundial":8,"Pantograph":25,"Molten Egg 2":6,"WingedGreaves":5,"Fusion Hammer":19,"Ring of the Serpent":11,"InkBottle":15,"Ring of the Snake":0},{"Pear":112,"Odd Mushroom":35,"Sling":94,"Old Coin":107,"Frozen Eye":4,"Anchor":68,"Lizard Tail":78,"Ornamental Fan":22,"Sundial":29,"Pantograph":123,"Molten Egg 2":22,"WingedGreaves":19,"Fusion Hammer":92,"Ring of the Serpent":47,"InkBottle":68,"Ring of the Snake":0}],"InkBottle":[46]},"card_choices":[{"not_picked":["Acrobatics","Expertise"],"picked":"Dagger Spray","floor":1},{"not_picked":["Acrobatics","Outmaneuver"],"picked":"Dagger Throw","floor":3},{"not_picked":["Concentrate","Glass Knife"],"picked":"Blade Dance","floor":4},{"not_picked":["Tactician","Flechettes"],"picked":"Dagger Spray","floor":5},{"not_picked":["Reflex","Quick Slash"],"picked":"Blade Dance","floor":6},{"not_picked":["Distraction","Outmaneuver","Poisoned Stab"],"picked":"SKIP","floor":8},{"not_picked":["Catalyst","Acrobatics"],"picked":"Wraith Form v2","floor":11},{"not_picked":["Backflip","Escape Plan"],"picked":"Sucker Punch+1","floor":12},{"not_picked":["Quick Slash+1","Prepared"],"picked":"Dash+1","floor":13},{"not_picked":["Poisoned Stab+1","Eviscerate+1"],"picked":"Calculated Gamble","floor":18},{"not_picked":["Prepared","Sucker Punch+1"],"picked":"Cloak And Dagger","floor":19},{"not_picked":["Caltrops","Poisoned Stab+1"],"picked":"Underhanded Strike+1","floor":21},{"not_picked":["Flying Knee+1","Catalyst"],"picked":"Venomology","floor":24},{"not_picked":["Prepared","Catalyst","Deadly Poison+1"],"picked":"SKIP","floor":28},{"not_picked":["Grand Finale+1","Skewer+1"],"picked":"Dagger Spray+1","floor":29},{"not_picked":["Poisoned Stab+1","Outmaneuver"],"picked":"Blur","floor":30},{"not_picked":["Unload+1","Tools of the Trade"],"picked":"Night Terror","floor":33},{"not_picked":["Bane+1","Bouncing Flask"],"picked":"Escape Plan+1","floor":35},{"not_picked":["Sucker Punch+1","Dagger Spray+1"],"picked":"Blur+1","floor":39},{"not_picked":["Deflect","Unload+1"],"picked":"Backstab+1","floor":40},{"not_picked":["Deflect","Distraction"],"picked":"Footwork+1","floor":42},{"not_picked":["Dodge and Roll+1","Acrobatics"],"picked":"Accuracy","floor":45},{"not_picked":["Deadly Poison+1","Catalyst+1"],"picked":"Blur+1","floor":47},{"not_picked":["Poisoned Stab+1","Cloak And Dagger","Concentrate"],"picked":"SKIP","floor":48}],"player_experience":69178,"relics_obtained":[{"floor":6,"key":"WingedGreaves"},{"floor":8,"key":"Ornamental Fan"},{"floor":9,"key":"Molten Egg 2"},{"floor":12,"key":"Sundial"},{"floor":14,"key":"Odd Mushroom"},{"floor":24,"key":"InkBottle"},{"floor":26,"key":"Anchor"},{"floor":29,"key":"Lizard Tail"},{"floor":40,"key":"Old Coin"},{"floor":42,"key":"Pear"},{"floor":47,"key":"Pantograph"}],"event_choices":[{"damage_healed":0,"gold_gain":0,"player_choice":"Fought Mushrooms","damage_taken":0,"max_hp_gain":0,"max_hp_loss":0,"event_name":"Mushrooms","floor":14,"gold_loss":0},{"damage_healed":0,"gold_gain":100,"player_choice":"Pray","damage_taken":0,"max_hp_gain":0,"max_hp_loss":0,"event_name":"Golden Shrine","floor":27,"gold_loss":0},{"damage_healed":0,"gold_gain":0,"player_choice":"Embrace Madness","damage_taken":9,"max_hp_gain":0,"max_hp_loss":0,"event_name":"Winding Halls","floor":37,"gold_loss":0,"cards_obtained":["Madness","Madness"]},{"cards_removed":["Strike_G"],"damage_healed":0,"gold_gain":0,"player_choice":"Offered Basic","damage_taken":0,"max_hp_gain":0,"max_hp_loss":0,"event_name":"Bonfire Elementals","floor":38,"gold_loss":0}],"is_beta":true,"boss_relics":[{"not_picked":["Sozu","Snecko Eye"],"picked":"Ring of the Serpent"},{"not_picked":["Empty Cage","Black Star"],"picked":"Fusion Hammer"}],"items_purged_floors":[2,10,20,31],"is_endless":false,"potions_floor_spawned":[4,5,11,12,14,16,18,21,30,35,39,42],"killed_by":"Donu and Deca","ascension_level":3}}