{"host":"6xsbn6ynqlzwllfm","time":1611961062,"event":{"mods":["2.2 Compatiblity","BaseMod","Bestiary","Colored Map","Colored Powertips","Curses Come First","Highlight Path","Keyboard Shortcuts","Minty Spire (QoL Compilation)","Relic Stats","Slay the Relics Exporter","StSLib","SuperFastMode"],"gold_per_floor":[112,112,112,37,52,80,80,80,80,115,128,155,155,155,155,233,233,243,243,261,100,100,125,125,139,139,139,16,45,64,74,74,151,151,164,0,25,44,98,98,123,123,150,150,167,177,177,205,205,205,205,205],"floor_reached":51,"language":"ENG","playtime":3029,"items_purged":["Strike_R"],"score":1493,"play_id":"3788a14c-6e38-4a40-a449-3c99b7a0e675","local_time":"20210129175742","is_ascension_mode":true,"campfire_choices":[{"data":"Iron Wave","floor":7.0,"key":"SMITH"},{"floor":13.0,"key":"REST"},{"data":"Metallicize","floor":15.0,"key":"SMITH"},{"floor":24.0,"key":"REST"},{"floor":32.0,"key":"REST"},{"floor":40.0,"key":"RECALL"},{"data":"Fire Breathing","floor":42.0,"key":"SMITH"},{"floor":49.0,"key":"REST"}],"circlet_count":0,"master_deck":["AscendersBane","Strike_R+1","Strike_R+1","Strike_R+1","Defend_R+1","Defend_R+1","Defend_R+1","Defend_R+1","Bash+1","Fire Breathing+1","Iron Wave+1","Metallicize+1","Pommel Strike+1","Dark Embrace+1","Dual Wield+1","Reaper+1","True Grit+1","Parasite","Seeing Red+1","Shrug It Off+1","Rupture+1","Hemokinesis+1","Bloodletting+1","Clothesline+1","Battle Trance+1","Feel No Pain+1","Fiend Fire+1","Headbutt+1","Immolate+1","Burning Pact+1","Entrench+1","Second Wind+1","Regret","Spot Weakness+1","Dual Wield+1"],"relics":["Burning Blood","NeowsBlessing","Question Card","Frozen Egg 2","Toxic Egg 2","Molten Egg 2","MealTicket","Cursed Key","HornCleat","Orrery","Mercury Hourglass","War Paint","Sozu","Red Mask","Calipers","CaptainsWheel","Thread and Needle","TungstenRod"],"acts_visited":["Exordium","TheCity","TheBeyond"],"potions_floor_usage":[],"damage_taken":[{"damage":0.0,"enemies":"Jaw Worm","floor":1.0,"turns":1.0},{"damage":0.0,"enemies":"Small Slimes","floor":5.0,"turns":1.0},{"damage":0.0,"enemies":"Gremlin Nob","floor":6.0,"turns":1.0},{"damage":13.0,"enemies":"3 Sentries","floor":10.0,"turns":5.0},{"damage":3.0,"enemies":"2 Louse","floor":11.0,"turns":3.0},{"damage":58.0,"enemies":"Lagavulin","floor":12.0,"turns":12.0},{"damage":18.0,"enemies":"The Guardian","floor":16.0,"turns":19.0},{"damage":46.0,"enemies":"Shell Parasite","floor":18.0,"turns":10.0},{"damage":21.0,"enemies":"Chosen","floor":20.0,"turns":5.0},{"damage":66.0,"enemies":"Slavers","floor":23.0,"turns":9.0},{"damage":26.0,"enemies":"Snake Plant","floor":25.0,"turns":4.0},{"damage":32.0,"enemies":"Gremlin Leader","floor":29.0,"turns":9.0},{"damage":21.0,"enemies":"Snecko","floor":30.0,"turns":6.0},{"damage":10.0,"enemies":"Shelled Parasite and Fungi","floor":31.0,"turns":7.0},{"damage":63.0,"enemies":"Automaton","floor":33.0,"turns":8.0},{"damage":9.0,"enemies":"3 Darklings","floor":35.0,"turns":5.0},{"damage":4.0,"enemies":"Mind Bloom Boss Battle","floor":37.0,"turns":4.0},{"damage":0.0,"enemies":"3 Shapes","floor":38.0,"turns":1.0},{"damage":19.0,"enemies":"2 Orb Walkers","floor":39.0,"turns":3.0},{"damage":40.0,"enemies":"Giant Head","floor":41.0,"turns":9.0},{"damage":5.0,"enemies":"Transient","floor":45.0,"turns":6.0},{"damage":13.0,"enemies":"Jaw Worm Horde","floor":46.0,"turns":7.0},{"damage":20.0,"enemies":"Nemesis","floor":48.0,"turns":7.0},{"damage":81.0,"enemies":"Donu and Deca","floor":50.0,"turns":11.0},{"damage":18,"enemies":"Awakened One","floor":51,"turns":4}],"seed_played":"-117657266050177333","potions_obtained":[{"floor":6.0,"key":"Regen Potion"},{"floor":10.0,"key":"PowerPotion"},{"floor":16.0,"key":"BlessingOfTheForge"},{"floor":23.0,"key":"AttackPotion"},{"floor":25.0,"key":"Fruit Juice"},{"floor":30.0,"key":"SteroidPotion"}],"is_trial":false,"path_per_floor":["M","?","?","$","M","E","R","?","T","E","M","E","R","?","R","B",null,"M","T","M","$","?","E","R","M","T","?","$","E","M","M","R","B",null,"M","?","?","M","?","R","E","R","T","?","M","M","?","E","R","B","B"],"character_chosen":"IRONCLAD","items_purchased":["Orrery","Feel No Pain+1","Regen Potion"],"campfire_rested":4,"item_purchase_floors":[21,28,28],"current_hp_per_floor":[74,51,56,56,62,68,68,50,50,43,46,9,33,33,33,21,65,45,45,40,55,55,16,40,27,27,27,47,62,52,58,83,26,70,82,82,84,85,81,81,56,56,56,56,57,69,69,77,81,26,8,8],"gold":205,"neow_bonus":"THREE_ENEMY_KILL","is_daily":false,"chose_seed":false,"campfire_upgraded":3,"win_rate":0.0,"timestamp":1611961062,"path_taken":["M","?","?","$","M","E","R","?","T","E","M","E","R","?","R","BOSS","M","?","M","$","?","E","R","M","T","?","$","E","M","M","R","BOSS","M","?","?","M","?","R","E","R","T","?","M","?","?","E","R","BOSS","BOSS"],"items_purchased_type":["Relic","Card","Potion"],"build_version":"2020-12-22","purchased_purges":1,"victory":false,"max_hp_per_floor":[75,75,80,80,80,80,80,80,80,80,80,80,80,80,80,80,80,80,80,80,80,80,80,80,80,80,80,85,85,85,85,85,85,85,85,85,85,85,85,85,85,85,85,85,85,85,81,81,81,81,81,81],"relic_stats":{"Sozu":4,"counters":[25,157],"MealTicket":30,"War Paint":[],"Question Card":25,"Cursed Key":2,"obtain_stats":[{"Calipers":37,"NeowsBlessing":0,"Thread and Needle":41,"Frozen Egg 2":8,"War Paint":29,"Question Card":6,"Cursed Key":17,"Burning Blood":0,"Mercury Hourglass":23,"Sozu":34,"CaptainsWheel":39,"HornCleat":19,"Orrery":21,"Molten Egg 2":10,"MealTicket":12,"Red Mask":36,"Toxic Egg 2":9,"TungstenRod":48},{"Calipers":17,"NeowsBlessing":0,"Thread and Needle":20,"Frozen Egg 2":3,"War Paint":12,"Question Card":3,"Cursed Key":7,"Burning Blood":0,"Mercury Hourglass":10,"Sozu":15,"CaptainsWheel":19,"HornCleat":8,"Orrery":9,"Molten Egg 2":4,"MealTicket":6,"Red Mask":16,"Toxic Egg 2":3,"TungstenRod":23},{"Calipers":109,"NeowsBlessing":0,"Thread and Needle":122,"Frozen Egg 2":3,"War Paint":79,"Question Card":3,"Cursed Key":42,"Burning Blood":0,"Mercury Hourglass":66,"Sozu":100,"CaptainsWheel":113,"HornCleat":52,"Orrery":57,"Molten Egg 2":8,"MealTicket":23,"Red Mask":105,"Toxic Egg 2":3,"TungstenRod":142}],"Burning Blood":138,"TungstenRod":21,"Mercury Hourglass":[295]},"card_choices":[{"not_picked":["Havoc","Wild Strike"],"picked":"Fire Breathing","floor":1.0},{"not_picked":["Flex","Entrench"],"picked":"Iron Wave","floor":5.0},{"not_picked":["Perfected Strike","Seeing Red"],"picked":"Metallicize","floor":6.0},{"not_picked":["Infernal Blade+1","Flex+1","Combust+1"],"picked":"Pommel Strike+1","floor":10.0},{"not_picked":["Dropkick+1","Armaments+1","Intimidate+1"],"picked":"Dark Embrace+1","floor":11.0},{"not_picked":["Flex+1","Intimidate+1","Thunderclap+1"],"picked":"Dual Wield+1","floor":12.0},{"not_picked":["Corruption+1","Immolate+1","Juggernaut+1"],"picked":"Reaper+1","floor":16.0},{"not_picked":["Bloodletting+1","Flex+1","Blood for Blood+1"],"picked":"True Grit+1","floor":18.0},{"not_picked":["Pummel+1","Headbutt+1","Dropkick+1"],"picked":"Seeing Red+1","floor":20.0},{"not_picked":["Pommel Strike+1","Thunderclap+1","Dual Wield+1"],"picked":"Shrug It Off+1","floor":21.0},{"not_picked":["Uppercut+1","Searing Blow+1","Battle Trance+1"],"picked":"Rupture+1","floor":21.0},{"not_picked":["Twin Strike+1","Wild Strike+1","Disarm+1"],"picked":"Hemokinesis+1","floor":21.0},{"not_picked":["Shockwave+1","Warcry+1","Sever Soul+1"],"picked":"Bloodletting+1","floor":21.0},{"not_picked":["Cleave+1","Headbutt+1","Intimidate+1"],"picked":"Clothesline+1","floor":21.0},{"not_picked":["Armaments+1","Hemokinesis+1","Twin Strike+1"],"picked":"Battle Trance+1","floor":25.0},{"not_picked":["Limit Break+1","Disarm+1","Rupture+1"],"picked":"Fiend Fire+1","floor":29.0},{"not_picked":["Rage+1","Iron Wave+1","Havoc+1"],"picked":"Headbutt+1","floor":31.0},{"not_picked":["Juggernaut+1","Barricade+1","Impervious+1"],"picked":"Immolate+1","floor":33.0},{"not_picked":["Blood for Blood+1","Second Wind+1","Shrug It Off+1"],"picked":"Burning Pact+1","floor":37.0},{"not_picked":["Ghostly Armor+1","Pommel Strike+1","Anger+1"],"picked":"Entrench+1","floor":38.0},{"not_picked":["Ghostly Armor+1","Anger+1","Exhume+1"],"picked":"Second Wind+1","floor":41.0},{"not_picked":["Power Through+1","Havoc+1","Rampage+1","Warcry+1"],"picked":"SKIP","floor":45.0},{"not_picked":["Second Wind+1","Flex+1","Iron Wave+1"],"picked":"Spot Weakness+1","floor":46.0},{"not_picked":["Twin Strike+1","Body Slam+1","Whirlwind+1"],"picked":"Dual Wield+1","floor":48.0}],"player_experience":1228956,"relics_obtained":[{"floor":6.0,"key":"Question Card"},{"floor":9.0,"key":"Toxic Egg 2"},{"floor":10.0,"key":"Molten Egg 2"},{"floor":12.0,"key":"MealTicket"},{"floor":19.0,"key":"HornCleat"},{"floor":23.0,"key":"Mercury Hourglass"},{"floor":29.0,"key":"War Paint"},{"floor":37.0,"key":"Calipers"},{"floor":39.0,"key":"CaptainsWheel"},{"floor":41.0,"key":"Thread and Needle"},{"floor":48.0,"key":"TungstenRod"}],"event_choices":[{"damage_healed":0.0,"max_hp_gain":0.0,"max_hp_loss":0.0,"gold_gain":0.0,"event_name":"Shining Light","player_choice":"Entered Light","floor":2.0,"gold_loss":0.0,"damage_taken":23.0,"cards_upgraded":["Bash","Defend_R"]},{"damage_healed":0.0,"max_hp_gain":5.0,"max_hp_loss":0.0,"gold_gain":0.0,"event_name":"Big Fish","player_choice":"Donut","floor":3.0,"gold_loss":0.0,"damage_taken":0.0},{"damage_healed":0.0,"max_hp_gain":0.0,"max_hp_loss":0.0,"gold_gain":0.0,"event_name":"Scrap Ooze","player_choice":"Success","floor":8.0,"gold_loss":0.0,"damage_taken":18.0,"relics_obtained":["Frozen Egg 2"]},{"damage_healed":0.0,"max_hp_gain":0.0,"max_hp_loss":0.0,"gold_gain":0.0,"event_name":"Match and Keep!","player_choice":"0 cards matched","floor":14.0,"gold_loss":0.0,"damage_taken":0.0,"cards_obtained":[]},{"damage_healed":0.0,"max_hp_gain":0.0,"max_hp_loss":0.0,"gold_gain":0.0,"event_name":"Back to Basics","player_choice":"Simplicity","floor":22.0,"gold_loss":0.0,"damage_taken":0.0,"cards_upgraded":["Strike_R","Strike_R","Strike_R","Strike_R","Defend_R","Defend_R","Defend_R"]},{"damage_healed":0.0,"max_hp_gain":0.0,"max_hp_loss":0.0,"gold_gain":0.0,"event_name":"The Mausoleum","player_choice":"Ignored","floor":27.0,"gold_loss":0.0,"damage_taken":0.0},{"damage_healed":0.0,"max_hp_gain":0.0,"max_hp_loss":0.0,"gold_gain":0.0,"event_name":"Tomb of Lord Red Mask","player_choice":"Paid","floor":36.0,"gold_loss":164.0,"damage_taken":0.0,"relics_obtained":["Red Mask"]},{"damage_healed":0.0,"max_hp_gain":0.0,"max_hp_loss":0.0,"gold_gain":0.0,"event_name":"MindBloom","player_choice":"Fight","floor":37.0,"gold_loss":0.0,"damage_taken":0.0},{"damage_healed":0.0,"max_hp_gain":0.0,"max_hp_loss":0.0,"gold_gain":0.0,"event_name":"Mysterious Sphere","player_choice":"Fight","floor":39.0,"gold_loss":0.0,"damage_taken":0.0},{"cards_removed":["Strike_R"],"damage_healed":0.0,"max_hp_gain":0.0,"max_hp_loss":0.0,"gold_gain":0.0,"event_name":"Falling","player_choice":"Removed Attack","floor":44.0,"gold_loss":0.0,"damage_taken":0.0},{"damage_healed":0.0,"max_hp_gain":0.0,"max_hp_loss":4.0,"gold_gain":0.0,"event_name":"Winding Halls","player_choice":"Max HP","floor":47.0,"gold_loss":0.0,"damage_taken":0.0}],"is_beta":false,"boss_relics":[{"not_picked":["Runic Cube","Runic Pyramid"],"picked":"Cursed Key"},{"not_picked":["Philosopher\u0027s Stone","SacredBark"],"picked":"Sozu"}],"items_purged_floors":[4],"is_endless":false,"potions_floor_spawned":[6,10,16,23,25,30,35,39,45,48],"killed_by":"Awakened One","ascension_level":20}}