{"host":"7tvb1em0d2fx72q7","time":1611895102,"event":{"mods":["BaseMod","Challenge The Spire","Minty Spire (QoL Compilation)","StSLib","everything is the same but u backflip on backflip"],"gold_per_floor":[115,128,140,140,157,190,190,190,215,215,215,233,37,53,53,127,127,139,139,139,150,33,33,59,59,59,75,75,75,93,93,93],"floor_reached":31,"language":"ENG","playtime":1398,"items_purged":["Strike_G"],"score":510,"play_id":"5fc197ca-4edf-4b30-bf51-36d76324823c","local_time":"20210128233822","is_ascension_mode":true,"campfire_choices":[{"data":"1","floor":8.0,"key":"LIFT"},{"data":"2","floor":11.0,"key":"LIFT"},{"floor":15.0,"key":"REST"},{"floor":23.0,"key":"REST"},{"floor":25.0,"key":"REST"},{"data":"3","floor":29.0,"key":"LIFT"}],"circlet_count":0,"master_deck":["AscendersBane","Strike_G+1","Strike_G+1","Strike_G+1","Defend_G+1","Defend_G+1","Defend_G+1","Defend_G+1","Defend_G+1","Survivor","Neutralize","Blade Dance","Bouncing Flask","Poisoned Stab","Poisoned Stab","Bane","Crippling Poison","Infinite Blades","Choke","Riddle With Holes","Malaise","Caltrops+1","Backflip","Dagger Throw","Footwork","Backflip+1","Crippling Poison","Accuracy","Prepared","Tools of the Trade"],"relics":["Ring of the Snake","Girya","Dream Catcher","Akabeko","HoveringKite","The Courier","Ginger"],"acts_visited":["Exordium","TheCity"],"potions_floor_usage":[30],"damage_taken":[{"damage":3.0,"enemies":"Cultist","floor":1.0,"turns":5.0},{"damage":12.0,"enemies":"Jaw Worm","floor":2.0,"turns":5.0},{"damage":0.0,"enemies":"2 Louse","floor":3.0,"turns":2.0},{"damage":2.0,"enemies":"Large Slime","floor":5.0,"turns":6.0},{"damage":22.0,"enemies":"Lagavulin","floor":6.0,"turns":5.0},{"damage":0.0,"enemies":"Red Slaver","floor":12.0,"turns":2.0},{"damage":0.0,"enemies":"Exordium Thugs","floor":14.0,"turns":3.0},{"damage":33.0,"enemies":"Hexaghost","floor":16.0,"turns":8.0},{"damage":19.0,"enemies":"Shell Parasite","floor":18.0,"turns":5.0},{"damage":13.0,"enemies":"Spheric Guardian","floor":21.0,"turns":4.0},{"damage":34.0,"enemies":"Gremlin Leader","floor":24.0,"turns":8.0},{"damage":1.0,"enemies":"Centurion and Healer","floor":27.0,"turns":4.0},{"damage":0,"enemies":"Snake Plant","floor":30,"turns":1},{"damage":29,"enemies":"Slavers","floor":31,"turns":3}],"seed_played":"-6215597332592327026","potions_obtained":[{"floor":1.0,"key":"Explosive Potion"},{"floor":3.0,"key":"Dexterity Potion"},{"floor":5.0,"key":"Strength Potion"},{"floor":21.0,"key":"Regen Potion"},{"floor":24.0,"key":"SkillPotion"}],"is_trial":false,"path_per_floor":["M","M","M","T","M","E","?","R","T","$","R","M","$","M","R","B",null,"M","?","?","M","$","R","E","R","T","M","?","R","M","E"],"character_chosen":"THE_SILENT","items_purchased":["Crippling Poison","Infinite Blades","Dagger Throw","Footwork"],"campfire_rested":3,"item_purchase_floors":[13,13,22,22],"current_hp_per_floor":[62,50,50,50,48,26,19,19,19,19,19,19,19,19,40,7,56,37,37,17,4,4,27,8,31,31,30,24,24,24,0,0],"gold":93,"neow_bonus":"TEN_PERCENT_HP_BONUS","is_daily":false,"chose_seed":false,"campfire_upgraded":0,"win_rate":0.0,"timestamp":1611895102,"path_taken":["M","?","M","?","M","E","?","R","T","?","R","M","$","M","R","BOSS","M","?","?","M","$","R","E","R","T","M","?","R","M","E"],"items_purchased_type":["Card","Card","Card","Card"],"build_version":"2020-12-22","purchased_purges":1,"victory":false,"max_hp_per_floor":[72,72,72,72,72,72,72,72,72,72,72,72,72,72,72,72,72,72,72,77,77,77,77,77,77,77,77,77,77,77,77,77],"card_choices":[{"not_picked":["Bane","Dagger Spray"],"picked":"Blade Dance","floor":1.0},{"not_picked":["Prepared","Leg Sweep"],"picked":"Bouncing Flask","floor":2.0},{"not_picked":["Bane","Dagger Throw"],"picked":"Poisoned Stab","floor":3.0},{"not_picked":["Acrobatics","Outmaneuver","Reflex"],"picked":"SKIP","floor":5.0},{"not_picked":["Underhanded Strike","PiercingWail"],"picked":"Poisoned Stab","floor":6.0},{"not_picked":["Sucker Punch","Deadly Poison"],"picked":"Bane","floor":12.0},{"not_picked":["Night Terror","Poisoned Stab"],"picked":"Choke","floor":14.0},{"not_picked":["All Out Attack","Dodge and Roll"],"picked":"Riddle With Holes","floor":15.0},{"not_picked":["Glass Knife","Storm of Steel"],"picked":"Malaise","floor":16.0},{"not_picked":["Deflect","Masterful Stab"],"picked":"Caltrops+1","floor":18.0},{"not_picked":["Underhanded Strike","Well Laid Plans"],"picked":"Backflip","floor":21.0},{"not_picked":["Distraction","Dodge and Roll"],"picked":"Backflip+1","floor":23.0},{"not_picked":["Dagger Throw","Quick Slash+1"],"picked":"Crippling Poison","floor":24.0},{"not_picked":["Underhanded Strike","Poisoned Stab"],"picked":"Accuracy","floor":25.0},{"not_picked":["Dodge and Roll","Backflip"],"picked":"Prepared","floor":27.0},{"not_picked":["Sucker Punch+1","Outmaneuver"],"picked":"Tools of the Trade","floor":30}],"player_experience":1976485,"relics_obtained":[{"floor":4.0,"key":"Girya"},{"floor":6.0,"key":"Dream Catcher"},{"floor":9.0,"key":"Akabeko"},{"floor":24.0,"key":"The Courier"},{"floor":26.0,"key":"Ginger"}],"event_choices":[{"cards_removed":["Strike_G"],"damage_healed":0.0,"max_hp_gain":0.0,"max_hp_loss":0.0,"gold_gain":0.0,"event_name":"Golden Wing","player_choice":"Card Removal","floor":7.0,"gold_loss":0.0,"damage_taken":7.0},{"damage_healed":0.0,"max_hp_gain":0.0,"max_hp_loss":0.0,"gold_gain":0.0,"event_name":"Back to Basics","player_choice":"Simplicity","floor":19.0,"gold_loss":0.0,"damage_taken":0.0,"cards_upgraded":["Strike_G","Strike_G","Strike_G","Defend_G","Defend_G","Defend_G","Defend_G","Defend_G"]},{"damage_healed":0.0,"max_hp_gain":5.0,"max_hp_loss":0.0,"gold_gain":0.0,"event_name":"Forgotten Altar","player_choice":"Shed Blood","floor":20.0,"gold_loss":0.0,"damage_taken":25.0},{"damage_healed":0.0,"max_hp_gain":0.0,"max_hp_loss":0.0,"gold_gain":0.0,"event_name":"Knowing Skull","player_choice":"","floor":28.0,"potions_obtained":[],"gold_loss":0.0,"damage_taken":6.0,"cards_obtained":[]}],"is_beta":false,"boss_relics":[{"not_picked":["Coffee Dripper","SacredBark"],"picked":"HoveringKite"}],"items_purged_floors":[13],"is_endless":false,"potions_floor_spawned":[1,3,5,21,24,27],"killed_by":"Slavers","ascension_level":20}}