{"host":"0kk91h4bq4kgfj0u","time":1611931827,"event":{"mods":["BaseMod","Minty Spire (QoL Compilation)","StSLib"],"gold_per_floor":[115,134,149,159,159,124,124,154,193,233,245,273,285,6,6,108,108,123,140,140,158,5,5,16,31,31,31,47,59,78,78,78,78,78],"floor_reached":33,"language":"ENG","playtime":1162,"items_purged":[],"score":326,"play_id":"38e2fe3a-41f5-4d8d-8972-5c004a25207c","local_time":"20210129095027","is_ascension_mode":true,"campfire_choices":[{"floor":7.0,"key":"REST"},{"floor":11,"key":"REST"},{"floor":13,"key":"REST"},{"data":"Noxious Fumes","floor":15,"key":"SMITH"},{"floor":23,"key":"REST"},{"floor":27,"key":"REST"},{"floor":32,"key":"REST"}],"circlet_count":0,"master_deck":["Strike_G+1","Strike_G+1","Strike_G+1","Strike_G+1","Strike_G+1","Defend_G+1","Defend_G+1","Defend_G+1","Defend_G+1","Defend_G+1","Survivor","Neutralize","Dagger Spray","Poisoned Stab","Sucker Punch","Noxious Fumes+1","Backstab","Backflip","Blade Dance","Corpse Explosion","Heel Hook+1","Deadly Poison","Quick Slash","Blade Dance+1","Skewer","Dagger Spray+1","Dash","Quick Slash"],"relics":["HoveringKite","Vajra","MawBank","War Paint","Anchor","Incense Burner","Ancient Tea Set","Unceasing Top"],"acts_visited":["Exordium","TheCity"],"potions_floor_usage":[10,16,25,33,33,33],"damage_taken":[{"damage":5.0,"enemies":"Cultist","floor":1.0,"turns":5.0},{"damage":11.0,"enemies":"Small Slimes","floor":2.0,"turns":5.0},{"damage":3.0,"enemies":"Jaw Worm","floor":3.0,"turns":4.0},{"damage":5.0,"enemies":"3 Louse","floor":4.0,"turns":3.0},{"damage":27,"enemies":"3 Sentries","floor":8,"turns":7},{"damage":31,"enemies":"Lagavulin","floor":10,"turns":6},{"damage":0,"enemies":"Looter","floor":12,"turns":2},{"damage":16,"enemies":"The Guardian","floor":16,"turns":9},{"damage":1,"enemies":"Shell Parasite","floor":18,"turns":5},{"damage":0,"enemies":"3 Byrds","floor":19,"turns":5},{"damage":24,"enemies":"Snake Plant","floor":21,"turns":4},{"damage":29,"enemies":"3 Cultists","floor":24,"turns":4},{"damage":15,"enemies":"Cultist and Chosen","floor":25,"turns":5},{"damage":1,"enemies":"Centurion and Healer","floor":28,"turns":5},{"damage":24,"enemies":"Snake Plant","floor":29,"turns":5},{"damage":3,"enemies":"Cultist and Chosen","floor":30,"turns":4},{"damage":60,"enemies":"Automaton","floor":33,"turns":6}],"seed_played":"-9216234444988114050","potions_obtained":[{"floor":2.0,"key":"GamblersBrew"},{"floor":4.0,"key":"Fire Potion"},{"floor":10,"key":"Fire Potion"},{"floor":12,"key":"Ancient Potion"},{"floor":19,"key":"PowerPotion"},{"floor":29,"key":"CunningPotion"},{"floor":30,"key":"Energy Potion"}],"is_trial":false,"path_per_floor":["M","M","M","M","?","?","R","E","T","E","R","M","R","$","R","B",null,"M","M","?","M","$","R","M","M","T","R","M","M","M","?","R","B"],"character_chosen":"THE_SILENT","items_purchased":["Incense Burner","Ancient Tea Set"],"campfire_rested":6,"item_purchase_floors":[14,22],"current_hp_per_floor":[65,54,51,46,34,51,70,43,43,12,33,33,54,54,54,38,62,61,61,61,37,37,58,29,14,14,35,34,10,7,7,28,0,0],"gold":78,"neow_bonus":"BOSS_RELIC","is_daily":false,"chose_seed":false,"campfire_upgraded":1,"win_rate":0.0,"timestamp":1611931827,"path_taken":["M","M","?","M","?","?","R","E","T","E","R","M","R","$","R","BOSS","M","M","?","M","$","R","M","M","T","R","M","M","M","?","R","BOSS"],"items_purchased_type":["Relic","Relic"],"build_version":"2020-12-22","purchased_purges":0,"victory":false,"max_hp_per_floor":[70,70,70,70,70,70,70,70,70,70,70,70,70,70,70,70,70,70,70,70,70,70,70,70,70,70,70,70,70,70,70,70,70,70],"card_choices":[{"not_picked":["Poisoned Stab","Slice"],"picked":"Dagger Spray","floor":1.0},{"not_picked":["Terror","Setup"],"picked":"Poisoned Stab","floor":2.0},{"not_picked":["Venomology","Dagger Throw"],"picked":"Sucker Punch","floor":3.0},{"not_picked":["All Out Attack","Expertise"],"picked":"Noxious Fumes","floor":4.0},{"not_picked":["Bane","Dodge and Roll"],"picked":"Backstab","floor":8},{"not_picked":["Footwork","Deflect"],"picked":"Backflip","floor":10},{"not_picked":["Acrobatics","Backflip"],"picked":"Blade Dance","floor":12},{"not_picked":["Adrenaline","Grand Finale"],"picked":"Corpse Explosion","floor":16},{"not_picked":["Dagger Throw","Choke"],"picked":"Heel Hook+1","floor":18},{"not_picked":["Reflex+1","Blade Dance"],"picked":"Deadly Poison","floor":19},{"not_picked":["Outmaneuver","Dagger Throw"],"picked":"Quick Slash","floor":21},{"not_picked":["Acrobatics+1","Tactician+1"],"picked":"Blade Dance+1","floor":24},{"not_picked":["Dagger Throw","Poisoned Stab+1"],"picked":"Skewer","floor":25},{"not_picked":["Burst","Expertise"],"picked":"Dagger Spray+1","floor":28},{"not_picked":["Bane","Dodge and Roll"],"picked":"Dash","floor":29},{"not_picked":["Catalyst+1","Underhanded Strike"],"picked":"Quick Slash","floor":30}],"player_experience":823696,"relics_obtained":[{"floor":8,"key":"MawBank"},{"floor":9,"key":"War Paint"},{"floor":10,"key":"Anchor"},{"floor":26,"key":"Unceasing Top"}],"event_choices":[{"damage_healed":0.0,"max_hp_gain":0.0,"max_hp_loss":0.0,"gold_gain":0.0,"event_name":"Scrap Ooze","player_choice":"Success","floor":5.0,"gold_loss":0.0,"damage_taken":12.0,"relics_obtained":["Vajra"]},{"damage_healed":17.0,"max_hp_gain":0.0,"max_hp_loss":0.0,"gold_gain":0.0,"event_name":"The Cleric","player_choice":"Healed","floor":6.0,"gold_loss":35.0,"damage_taken":0.0},{"damage_healed":0,"gold_gain":0,"player_choice":"Simplicity","damage_taken":0,"max_hp_gain":0,"max_hp_loss":0,"event_name":"Back to Basics","floor":20,"gold_loss":0,"cards_upgraded":["Strike_G","Strike_G","Strike_G","Strike_G","Strike_G","Defend_G","Defend_G","Defend_G"]}],"is_beta":false,"boss_relics":[{"not_picked":["Philosopher\u0027s Stone","Fusion Hammer","Sozu"]}],"items_purged_floors":[],"is_endless":false,"potions_floor_spawned":[2,4,10,12,19,29,30],"killed_by":"Automaton","ascension_level":5}}