{"host":"sq4meqxtkbsvyucx","time":1611920728,"event":{"mods":["2.2 Compatiblity","Aspiration","BaseMod","BetterRewards","Googly Eyes","Highlight Path","Hubris","Infinite Spire","Marisa????????","Mimic Mod","Minty Spire (QoL Compilation)","Rare Cards Sparkle","Replay The Spire","Shop Mod","StSLib","SuperFastMode","The Jungle","Unceasing Turn Reminder"],"gold_per_floor":[117,117,117,42,57,57,84,84,116,14,30,30,30,30,30,48,48,121,121,132,12,0,0,10,10,10,45,82,82,82,99,99,117,117,194,194,208,232,244,244,38,38,68,68,68,100,119,150,150,165,165,242,242,250,259,259,259,271,271,271,289,316,330,330,330,330,86,86,143,143,149,149,154,154,154,244,244,244,244,267,313,397,397,404,404,410,410,473,473,479,359,359,359,359,366,385,398,398,258,258,258,583,583,608,615,615,676,676,728,728,752,764,764,793,793,793,847,847,873,873,873,873,873,939,939,949,764,764,764,787,639,639,639,739,749,749,749,749,839,900,900,910,915,3,3,48,75,84,97,97,162,158,182,182,192,192,248,248,248,115,141,184],"floor_reached":164,"language":"ENG","playtime":4683,"items_purged":["Injury","Strike_B","ReplayTheSpireMod:Doomed","hubris:Lust","Defend_B","Strike_B","Defend_B","Dualcast","Leap","Decay","Ball Lightning+1"],"score":7901,"play_id":"c2d07b58-eb2c-44f7-9d3e-1d9080809529","local_time":"20210129114528","is_ascension_mode":true,"campfire_choices":[{"data":"Storm","floor":6,"key":"SMITH"},{"data":"Zap","floor":8,"key":"SMITH"},{"floor":15,"key":"REST"},{"floor":17,"key":"REST"},{"data":"Thunder Strike","floor":25,"key":"SMITH"},{"floor":29,"key":"REST"},{"data":"infinitespire:Oblivion","floor":32,"key":"SMITH"},{"floor":34,"key":"REST"},{"data":"Amplify","floor":42,"key":"SMITH"},{"data":"Redo","floor":44,"key":"SMITH"},{"data":"BootSequence","floor":49,"key":"SMITH"},{"data":"Conserve Battery","floor":51,"key":"SMITH"},{"data":"Ball Lightning","floor":59,"key":"SMITH"},{"data":"Clumsy","floor":64,"key":"PURGE"},{"data":"Defend_B","floor":66,"key":"PURGE"},{"floor":68,"key":"DIG"},{"data":"Strike_B","floor":87,"key":"PURGE"},{"data":"Shame","floor":98,"key":"PURGE"},{"floor":101,"key":"DIG"},{"floor":106,"key":"DIG"},{"data":"ReplayTheSpireMod:Faulty Equipment","floor":118,"key":"SMITH"},{"data":"hubris:InfiniteBlow+5476","floor":118,"key":"SMITH"},{"floor":120,"key":"DIG"},{"data":"Reprogram","floor":123,"key":"PURGE"},{"data":"Ball Lightning+1","floor":133,"key":"PURGE"},{"floor":138,"key":"DIG"},{"data":"Leap+1","floor":155,"key":"PURGE"},{"floor":157,"key":"DIG"},{"data":"Redo+1","floor":160,"key":"PURGE"}],"circlet_count":0,"master_deck":["AscendersBane","Storm+1","Conserve Battery+1","Heatsinks+1","Storm+1","Thunder Strike+1","Loop+1","Defragment+1","infinitespire:Oblivion+1","ReplayTheSpireMod:Chaos Vortex+1","hubris:PowerSurge+1","Creative AI+1","hubris:PowerSurge+1","Amplify+1","Storm+1","Static Discharge+1","Crystallizer+1","BootSequence+1","Heatsinks+1","CurseOfTheBell","Creative AI+1","Electrodynamics+1","infinitespire:UltimateForm+1","hubris:Rewind+1","Defragment+1","Crystallizer+1","hubris:PowerSurge+1","Storm+1","hubris:InfiniteBlow+5477","AbeCurse","Crystallizer+1","Rainbow+1","ReplayTheSpireMod:Haul","Seek","Thunder Strike+1","Seek+1","White Noise+1","Double Energy+1","hubris:DoWhile+1","Amplify+1"],"relics":["Cracked Core","Frozen Egg 2","hubris:Towel","The Courier","HornCleat","Cursed Key","Nuclear Battery","Blood Vial","TungstenRod","aspiration:HatOfInfinitePower","infinitespire:CursedDice","NlothsMask","aspiration:BursterCore","Replay:Rubber Ducky","ReplayTheSpireMod:TigerMarble","Replay:Antivirus Software","infinitespire:SolderingIron","Bag of Preparation","Calling Bell","Replay:Wax Seal","Prayer Wheel","Replay:Accelerometer","Replay:Multitool","hubris:BundleOfHerbs","Counterbalance","MerchantsRug","Blue Doll","Oddly Smooth Stone","Sozu","theJungle:PaperFaux","Ginger","hubris:Zylophone","Gremlin Food","theJungle:BirthdayCakeSlice","Spirit Poop","Abe\u0027s Treasure","Replay:Arrowhead","Ice Cream","hubris:BallOfYels","Replay:PocketPolymizer","Replay:Mystery Machine","ReplayTheSpireMod:Ring of Challenge","Ring of Fury","Pet Ghost","Juzu Bracelet","infinitespire:Cupcake","War Paint","hubris:Teleporter","infinitespire:Lucky Rock","Anchor","Bronze Scales","aspiration:TomeofQuesting","Ring of Chaos","theJungle:Creamberry","Vajra","Replay:Bottled Steam","Mirror","hubris:Icosahedron","Mummified Hand","Eternal Feather","Omamori","aspiration:AnachronicSnailShell","Replay:Towering Pillar of Hats","Mango","infinitespire:BottledMercury","Solar Panel","hubris:FunFungus","Calipers","Replay:Grab Bag","hubris:CrackedHourglass","Replay:Bronze Core","hubris:Backtick","hubris:MysteriousPyramids","Lee\u0027s Waffle","infinitespire:Freezer"],"acts_visited":["Exordium","TheCity","TheBeyond","Exordium","theJungle:Jungle","TheBeyond","Exordium","theJungle:Jungle","TheBeyond","TheEnding"],"potions_floor_usage":[16,18,27,35,46],"damage_taken":[{"damage":9,"enemies":"2 Louse","floor":1,"turns":2},{"damage":1,"enemies":"Small Slimes","floor":5,"turns":2},{"damage":27,"enemies":"3 Sentries","floor":7,"turns":8},{"damage":6,"enemies":"Jaw Worm","floor":9,"turns":13},{"damage":7,"enemies":"Jaw Worm","floor":11,"turns":3},{"damage":0,"enemies":"Blue Slaver","floor":16,"turns":2},{"damage":17,"enemies":"The Guardian","floor":18,"turns":12},{"damage":17,"enemies":"2 Thieves","floor":20,"turns":4},{"damage":0,"enemies":"Chosen","floor":24,"turns":3},{"damage":20,"enemies":"Gremlin Leader","floor":27,"turns":4},{"damage":6,"enemies":"Snake Plant","floor":28,"turns":5},{"damage":14,"enemies":"Snake Plant","floor":31,"turns":2},{"damage":0,"enemies":"Centurion and Healer","floor":33,"turns":4},{"damage":0,"enemies":"Automaton","floor":35,"turns":4},{"damage":1,"enemies":"3 Shapes","floor":37,"turns":3},{"damage":0,"enemies":"Orb Walker","floor":39,"turns":2},{"damage":0,"enemies":"R_Hoarder","floor":43,"turns":2},{"damage":21,"enemies":"Nightmare","floor":46,"turns":4},{"damage":0,"enemies":"Sphere and 2 Shapes","floor":47,"turns":2},{"damage":0,"enemies":"R_Hoarder","floor":48,"turns":3},{"damage":0,"enemies":"Spire Growth","floor":50,"turns":1},{"damage":14,"enemies":"Awakened One","floor":52,"turns":5},{"damage":0,"enemies":"Small Slimes","floor":54,"turns":1},{"damage":0,"enemies":"2 Louse","floor":55,"turns":1},{"damage":0,"enemies":"Jaw Worm","floor":58,"turns":1},{"damage":0,"enemies":"Gremlin Nob","floor":61,"turns":1},{"damage":0,"enemies":"Blue Slaver","floor":62,"turns":1},{"damage":0,"enemies":"Blue Slaver","floor":63,"turns":1},{"damage":0,"enemies":"Fading Forest","floor":69,"turns":4},{"damage":0,"enemies":"Shell Parasite","floor":71,"turns":1},{"damage":0,"enemies":"theJungle:Flameango_and_Byrd","floor":73,"turns":1},{"damage":0,"enemies":"theJungle:JungleHuntersEncounter","floor":75,"turns":1},{"damage":0,"enemies":"theJungle:Cassacara","floor":80,"turns":1},{"damage":0,"enemies":"Snake Plant","floor":84,"turns":1},{"damage":0,"enemies":"theJungle:SlimyTreeVines","floor":86,"turns":1},{"damage":0,"enemies":"theJungle:TotemBoss","floor":88,"turns":1},{"damage":0,"enemies":"3 Darklings","floor":90,"turns":1},{"damage":0,"enemies":"Orb Walker","floor":95,"turns":1},{"damage":0,"enemies":"Mind Bloom Boss Battle","floor":96,"turns":1},{"damage":0,"enemies":"Nightmare","floor":97,"turns":1},{"damage":0,"enemies":"R_Hoarder","floor":102,"turns":1},{"damage":0,"enemies":"Nemesis","floor":104,"turns":1},{"damage":0,"enemies":"Jaw Worm Horde","floor":105,"turns":1},{"damage":0,"enemies":"hubris:GrandSnecko","floor":107,"turns":1},{"damage":0,"enemies":"Small Slimes","floor":109,"turns":1},{"damage":0,"enemies":"Jaw Worm","floor":112,"turns":1},{"damage":0,"enemies":"3 Sentries","floor":114,"turns":1},{"damage":0,"enemies":"Lagavulin","floor":119,"turns":1},{"damage":0,"enemies":"Hexaghost","floor":124,"turns":1},{"damage":0,"enemies":"theJungle:5_Spyders","floor":126,"turns":1},{"damage":0,"enemies":"theJungle:2_Phrogs","floor":131,"turns":1},{"damage":0,"enemies":"theJungle:MUSHROOMGANG","floor":136,"turns":1},{"damage":0,"enemies":"infinitespire:LordOfFortification","floor":141,"turns":2},{"damage":28,"enemies":"3 Darklings","floor":143,"turns":2},{"damage":0,"enemies":"3 Shapes","floor":144,"turns":1},{"damage":0,"enemies":"2 Orb Walkers","floor":147,"turns":1},{"damage":0,"enemies":"Reptomancer","floor":148,"turns":1},{"damage":0,"enemies":"Jaw Worm Horde","floor":149,"turns":1},{"damage":0,"enemies":"Spire Growth","floor":150,"turns":1},{"damage":0,"enemies":"Transient","floor":153,"turns":2},{"damage":0,"enemies":"R_Hoarder","floor":154,"turns":1},{"damage":0,"enemies":"Jaw Worm Horde","floor":156,"turns":1},{"damage":0,"enemies":"infinitespire:LordOfFortification","floor":158,"turns":2},{"damage":0,"enemies":"Shield and Spear","floor":162,"turns":1},{"damage":144,"enemies":"The Heart","floor":163,"turns":5}],"seed_played":"-6777416971284829815","potions_obtained":[{"floor":7,"key":"SpeedPotion"},{"floor":16,"key":"Adrenaline Potion"},{"floor":24,"key":"Strength Potion"},{"floor":31,"key":"Fire Potion"},{"floor":33,"key":"EssenceOfSteel"},{"floor":35,"key":"Elixir"},{"floor":50,"key":"Elixir"},{"floor":55,"key":"FairyPotion"}],"is_trial":false,"path_per_floor":["M","?","?","$","M","R","E","R","MIM","$","M","PTL","PTL","?","R","M","R","B",null,"M","$","?","?","M","R","AVR","E","MIM","R","?","M","R","M","R","B",null,"M","T","M","?","$","R","E","R","T","NM","M","E","R","M","R","B",null,"M","M","?","?","M","R","AVR","E","MIM","M","R","?","R","$","R","B",null,"M","?","M","?","M","R","PTL","PTL","AVR","E","T","R","?","M","?","M","R","B",null,"M","$","AVR","PTL","PTL","M","?","NM","R","$","T","R","E","?","E","M","R","B",null,"M","?","T","M","?","E","?","R","T","R","E","R","AVR","?","R","B",null,"M","?","?","?","E","?","R","T","?","M","AVR","R","?","R","B",null,"M","M","$","?","?","E","M","M","T","R","M","E","R","M","R","B",null,"R","$","E","B",null],"character_chosen":"DEFECT","items_purchased":["Cold Snap+1","Storm","ReplayTheSpireMod:GoodbyeWorld+1","Storm+1","Redo","Loop+1","Static Discharge+1","Crystallizer+1","MerchantsRug","Blue Doll","Mummified Hand","Eternal Feather","Omamori","aspiration:AnachronicSnailShell","Replay:Towering Pillar of Hats","Lee\u0027s Waffle"],"campfire_rested":4,"item_purchase_floors":[0,0,4,10,10,21,41,41,67,67,145,145,145,145,145,161],"current_hp_per_floor":[55,55,55,55,54,54,27,27,21,21,14,14,14,7,26,26,45,28,57,40,40,40,40,40,40,40,22,18,37,37,25,25,27,46,48,62,63,63,65,65,65,65,66,66,66,45,47,49,49,51,51,39,59,61,63,63,63,65,65,65,66,66,66,66,60,60,60,60,62,65,66,66,66,66,66,66,66,66,66,66,66,66,71,71,68,68,68,68,68,68,68,68,68,68,68,68,68,68,68,68,68,68,68,68,68,68,68,68,68,68,68,68,68,68,62,62,62,62,64,64,64,64,64,66,68,68,68,68,68,68,68,68,68,63,65,65,65,65,65,67,68,40,42,42,42,58,60,62,64,64,82,82,82,82,82,82,82,82,82,89,89,66],"gold":184,"neow_bonus":"","is_daily":false,"chose_seed":false,"campfire_upgraded":11,"win_rate":0.0,"timestamp":1611920728,"path_taken":["M","?","?","$","M","R","E","R","MIM","?","M","PTL","PTL","?","R","M","R","BOSS","M","$","?","?","M","R","AVR","E","MIM","R","?","M","R","?","R","BOSS","M","?","?","?","$","R","E","R","T","NM","M","E","R","M","R","BOSS","M","M","?","?","?","R","AVR","E","MIM","M","R","?","R","$","R","BOSS","M","?","?","?","M","R","PTL","PTL","AVR","E","T","R","?","M","?","?","R","BOSS","M","?","AVR","PTL","PTL","M","?","NM","R","$","T","R","E","?","E","?","R","BOSS","M","?","?","M","?","E","?","R","T","R","E","R","AVR","?","R","BOSS","M","?","?","?","E","?","R","T","?","M","AVR","R","?","R","BOSS","M","M","$","?","?","E","M","M","T","R","M","E","R","M","R","BOSS","R","$","E","BOSS"],"items_purchased_type":["Card","Card","Card","Card","Card","Card","Card","Card","Relic","Relic","Relic","Relic","Relic","Relic","Relic","Relic"],"build_version":"2020-12-22","purchased_purges":11,"victory":true,"max_hp_per_floor":[66,66,66,66,66,66,66,66,66,66,66,66,66,66,66,66,66,66,66,66,66,66,66,66,66,66,66,66,66,66,66,66,66,66,66,66,66,66,66,66,66,66,66,66,66,66,66,66,66,66,66,66,66,66,66,66,66,66,66,66,66,66,66,66,66,66,66,66,66,66,66,66,66,66,66,66,66,66,66,66,66,66,71,71,68,68,68,68,68,68,68,68,68,68,68,68,68,68,68,68,68,68,68,68,68,68,68,68,68,68,68,68,68,68,68,68,68,68,68,68,68,68,68,68,68,68,68,68,68,68,68,68,68,68,68,68,68,68,68,68,68,68,68,68,68,82,82,82,82,82,82,82,82,82,82,82,82,82,82,89,89,89],"card_choices":[{"not_picked":["ReplayTheSpireMod:System Scan","Panic Button"],"picked":"Ball Lightning","floor":1},{"not_picked":["Leap","Compile Driver"],"picked":"Conserve Battery","floor":5},{"not_picked":["Ball Lightning","Lockon"],"picked":"Heatsinks+1","floor":7},{"not_picked":["FIFO Queue+1","Blizzard"],"picked":"Ball Lightning","floor":11},{"not_picked":["Sweeping Beam","Double Energy"],"picked":"Leap","floor":16},{"not_picked":["Mirror Shield","Core Surge"],"picked":"Thunder Strike","floor":18},{"not_picked":["Panic Button","ReplayTheSpireMod:Calculation Training"],"picked":"Leap","floor":20},{"not_picked":["Genetic Algorithm","Gash+1","Beam Cell"],"picked":"SKIP","floor":24},{"not_picked":["Streamline","BasicCrystalCard"],"picked":"hubris:PowerSurge+1","floor":27},{"not_picked":["Compile Driver","Capacitor+1"],"picked":"Creative AI+1","floor":28},{"not_picked":["Glacier","Compile Driver","Panic Button"],"picked":"SKIP","floor":31},{"not_picked":["Cold Snap","Glacier"],"picked":"hubris:PowerSurge+1","floor":33},{"not_picked":["Core Surge","Hyperbeam"],"picked":"Amplify","floor":35},{"not_picked":["Lockon+1","Cold Snap+1","Hologram+1"],"picked":"SKIP","floor":37},{"not_picked":["Double Energy+1","Cold Snap"],"picked":"Storm+1","floor":39},{"not_picked":["Recycle+1","Cold Snap","Go for the Eyes"],"picked":"SKIP","floor":43},{"not_picked":["Reinforced Body","Tempest"],"picked":"BootSequence","floor":46},{"not_picked":["Conserve Battery","Turbo"],"picked":"Heatsinks+1","floor":47},{"not_picked":["Go for the Eyes","Meteor Strike","Gash"],"picked":"SKIP","floor":48},{"not_picked":["Go for the Eyes","Turbo","Compile Driver"],"picked":"SKIP","floor":50},{"not_picked":["Rainbow","Core Surge"],"picked":"hubris:SpecializedCircuitry+1","floor":52},{"not_picked":["Gash","Hologram"],"picked":"Creative AI+1","floor":54},{"not_picked":["Panic Button","Hologram","Cold Snap"],"picked":"SKIP","floor":54},{"not_picked":["Auto Shields","Stack","Conserve Battery"],"picked":"SKIP","floor":55},{"not_picked":["Amplify","Beam Cell","Redo"],"picked":"SKIP","floor":55},{"not_picked":["Compile Driver","Gash"],"picked":"Electrodynamics+1","floor":58},{"not_picked":["Tempest","Hologram","Stack"],"picked":"SKIP","floor":58},{"not_picked":["Tempest","Hologram","Stack"],"picked":"SKIP","floor":58},{"not_picked":["Panic Button","Coolheaded","Go for the Eyes"],"picked":"SKIP","floor":61},{"not_picked":["Reprogram","Rebound","Hologram"],"picked":"SKIP","floor":63},{"not_picked":["Cold Snap","Barrage","Consume"],"picked":"SKIP","floor":63},{"not_picked":["Ball Lightning","Go for the Eyes+1","Skim"],"picked":"SKIP","floor":71},{"not_picked":["Gash","Turbo","Steam"],"picked":"SKIP","floor":71},{"not_picked":["ReplayTheSpireMod:Repulse","ReplayTheSpireMod:Calculation Training"],"picked":"Defragment+1","floor":73},{"not_picked":["Consume+1","Tempest","Steam"],"picked":"SKIP","floor":73},{"not_picked":["Rebound","Sweeping Beam","Hologram"],"picked":"SKIP","floor":75},{"not_picked":["Panic Button","Compile Driver","BasicCrystalCard"],"picked":"SKIP","floor":75},{"not_picked":["ReplayTheSpireMod:Repulse+1","Leap"],"picked":"Crystallizer+1","floor":80},{"not_picked":["FTL","Chill"],"picked":"hubris:PowerSurge+1","floor":84},{"not_picked":["Rainbow","ReplayTheSpireMod:System Scan","Beam Cell"],"picked":"SKIP","floor":84},{"not_picked":["Stack","ReplayTheSpireMod:Calculation Training"],"picked":"Storm+1","floor":86},{"not_picked":["Stack","Conserve Battery","Sweeping Beam"],"picked":"SKIP","floor":86},{"not_picked":["ReplayTheSpireMod:Chaos Vortex","infinitespire:Punishment"],"picked":"hubris:InfiniteBlow+5476","floor":88},{"not_picked":["Thunder Strike","Machine Learning+1"],"picked":"Seek","floor":88},{"not_picked":["Stack","Reprogram","BasicCrystalCard"],"picked":"SKIP","floor":90},{"not_picked":["Streamline","Ball Lightning","Gash"],"picked":"SKIP","floor":90},{"not_picked":["ReplaySolidLightProjector","Panic Button"],"picked":"hubris:Ukulele","floor":95},{"not_picked":["Go for the Eyes+1","Conserve Battery","Redo+1"],"picked":"SKIP","floor":95},{"not_picked":["Stack","Fusion","Redo+1"],"picked":"SKIP","floor":97},{"not_picked":["ReplayGash","Stack+1","Go for the Eyes"],"picked":"SKIP","floor":102},{"not_picked":["Time Bomb","Tempest","Panic Button"],"picked":"SKIP","floor":104},{"not_picked":["Time Bomb","Cold Snap","Hologram"],"picked":"SKIP","floor":105},{"not_picked":["Sweeping Beam","ReplayTheSpireMod:Omega Cannon","BasicCrystalCard"],"picked":"SKIP","floor":105},{"not_picked":["Rebound","Rip and Tear"],"picked":"Crystallizer+1","floor":109},{"not_picked":["Double Energy","Cold Snap","Sweeping Beam"],"picked":"SKIP","floor":109},{"not_picked":["Conserve Battery","Panic Button","Lockon"],"picked":"SKIP","floor":112},{"not_picked":["Hologram","Redo","Steam"],"picked":"SKIP","floor":112},{"not_picked":["Steam","Auto Shields","Force Field"],"picked":"SKIP","floor":114},{"not_picked":["Loop+1","hubris:Ukulele","hubris:SpecializedCircuitry+1"],"picked":"SKIP","floor":119},{"not_picked":["Core Surge","hubris:DoWhile"],"picked":"Seek","floor":124},{"not_picked":["Skim","Steam","Chaos"],"picked":"SKIP","floor":126},{"not_picked":["ReplayTheSpireMod:Calculation Training","Chill","Chaos"],"picked":"SKIP","floor":126},{"not_picked":["Conserve Battery","Melter+1","Panic Button"],"picked":"SKIP","floor":131},{"not_picked":["Reinforced Body+1","Conserve Battery","Undo+1"],"picked":"SKIP","floor":136},{"not_picked":["Turbo","Go for the Eyes","Streamline"],"picked":"SKIP","floor":136},{"not_picked":["ReplaySort+1","Cold Snap"],"picked":"Thunder Strike+1","floor":140},{"not_picked":["Electrodynamics+1","All For One+1"],"picked":"Seek+1","floor":141},{"not_picked":["Redo","Conserve Battery","Go for the Eyes+1"],"picked":"SKIP","floor":143},{"not_picked":["Lockon+1","Skim+1","Melter+1"],"picked":"SKIP","floor":143},{"not_picked":["ReplayGash+1","Panic Button","Rebound+1"],"picked":"SKIP","floor":144},{"not_picked":["Redo","Reboot+1","Gash"],"picked":"SKIP","floor":144},{"not_picked":["Aggregate+1","Auto Shields+1"],"picked":"White Noise+1","floor":148},{"not_picked":["Barrage+1","Heatsinks+1","Go for the Eyes+1"],"picked":"SKIP","floor":149},{"not_picked":["Panic Button","Sweeping Beam+1","ReplayTheSpireMod:Calculation Training+1"],"picked":"SKIP","floor":149},{"not_picked":["Compile Driver","hubris:Ukulele+1","Barrage"],"picked":"SKIP","floor":150},{"not_picked":["Coolheaded","Go for the Eyes","Steam"],"picked":"SKIP","floor":150},{"not_picked":["Turbo","Heatsinks+1","Redo"],"picked":"SKIP","floor":153},{"not_picked":["Glacier+1","Reprogram+1","Genetic Algorithm+1"],"picked":"SKIP","floor":153},{"not_picked":["Steam Power+1","Static Discharge+1","Panic Button"],"picked":"SKIP","floor":154},{"not_picked":["ReplaySort+1","Panic Button+1"],"picked":"Double Energy+1","floor":156},{"not_picked":["Barrage+1","Scrape+1","Beam Cell+1"],"picked":"SKIP","floor":156},{"not_picked":["Hyperbeam+1","Meteor Strike+1"],"picked":"hubris:DoWhile+1","floor":158},{"not_picked":["Panic Button","Machine Learning+1","Force Field+1"],"picked":"SKIP","floor":162},{"not_picked":["hubris:SpecializedCircuitry+1","Fission+1"],"picked":"Amplify+1","floor":163}],"player_experience":304337,"relics_obtained":[{"floor":7,"key":"hubris:DeckOfHolding"},{"floor":9,"key":"The Courier"},{"floor":9,"key":"HornCleat"},{"floor":27,"key":"TungstenRod"},{"floor":28,"key":"aspiration:HatOfInfinitePower"},{"floor":28,"key":"infinitespire:CursedDice"},{"floor":38,"key":"Replay:Rubber Ducky"},{"floor":43,"key":"ReplayTheSpireMod:TigerMarble"},{"floor":45,"key":"Replay:Antivirus Software"},{"floor":46,"key":"infinitespire:SolderingIron"},{"floor":48,"key":"Bag of Preparation"},{"floor":53,"key":"Replay:Wax Seal"},{"floor":53,"key":"Prayer Wheel"},{"floor":53,"key":"Replay:Accelerometer"},{"floor":61,"key":"Replay:Multitool"},{"floor":62,"key":"hubris:BundleOfHerbs"},{"floor":62,"key":"Counterbalance"},{"floor":68,"key":"Oddly Smooth Stone"},{"floor":80,"key":"hubris:Zylophone"},{"floor":81,"key":"Gremlin Food"},{"floor":96,"key":"Ice Cream"},{"floor":97,"key":"hubris:BallOfYels"},{"floor":100,"key":"Replay:PocketPolymizer"},{"floor":101,"key":"Replay:Mystery Machine"},{"floor":102,"key":"Old Coin"},{"floor":103,"key":"ReplayTheSpireMod:Ring of Challenge"},{"floor":103,"key":"Ring of Fury"},{"floor":104,"key":"Pet Ghost"},{"floor":106,"key":"Juzu Bracelet"},{"floor":111,"key":"War Paint"},{"floor":114,"key":"hubris:Teleporter"},{"floor":117,"key":"infinitespire:Lucky Rock"},{"floor":119,"key":"Anchor"},{"floor":120,"key":"Bronze Scales"},{"floor":131,"key":"Vajra"},{"floor":138,"key":"Mirror"},{"floor":147,"key":"Mango"},{"floor":148,"key":"infinitespire:BottledMercury"},{"floor":151,"key":"Solar Panel"},{"floor":154,"key":"hubris:FunFungus"},{"floor":157,"key":"Calipers"},{"floor":162,"key":"infinitespire:Freezer"}],"event_choices":[{"cards_removed":["ReplayTheSpireMod:GoodbyeWorld"],"damage_healed":0,"gold_gain":0,"player_choice":"Card Removal","damage_taken":7,"max_hp_gain":0,"max_hp_loss":0,"event_name":"Golden Wing","floor":14,"gold_loss":0},{"damage_healed":0,"gold_gain":0,"player_choice":"Paid Fearfully","damage_taken":0,"max_hp_gain":0,"max_hp_loss":0,"event_name":"Masked Bandits","floor":22,"gold_loss":12},{"damage_healed":0,"gold_gain":0,"player_choice":"Trade","damage_taken":0,"relics_obtained":["NlothsMask"],"max_hp_gain":0,"max_hp_loss":0,"event_name":"FaceTrader","floor":30,"gold_loss":0},{"damage_healed":0,"gold_gain":0,"player_choice":"Ignored","damage_taken":0,"max_hp_gain":0,"max_hp_loss":0,"event_name":"Tomb of Lord Red Mask","floor":40,"gold_loss":0},{"damage_healed":0,"gold_gain":0,"player_choice":"Upgraded","damage_taken":0,"max_hp_gain":0,"max_hp_loss":0,"event_name":"Upgrade Shrine","floor":57,"gold_loss":0,"cards_upgraded":["Ball Lightning"]},{"cards_removed":["Strike_B"],"damage_healed":0,"gold_gain":0,"player_choice":"Card Removal","damage_taken":7,"max_hp_gain":0,"max_hp_loss":0,"event_name":"Golden Wing","floor":65,"gold_loss":0},{"cards_removed":["Defend_B"],"damage_healed":0,"gold_gain":0,"player_choice":"Purged","damage_taken":0,"max_hp_gain":0,"max_hp_loss":0,"event_name":"Purifier","floor":72,"gold_loss":0},{"cards_removed":["Parasite"],"damage_healed":0,"gold_gain":0,"player_choice":"Offered Curse","damage_taken":0,"relics_obtained":["Spirit Poop"],"max_hp_gain":0,"max_hp_loss":0,"event_name":"Bonfire Elementals","floor":85,"gold_loss":0},{"damage_healed":0,"gold_gain":0,"player_choice":"Fight","damage_taken":0,"max_hp_gain":0,"max_hp_loss":0,"event_name":"MindBloom","floor":96,"gold_loss":0},{"cards_removed":["Sickly","hubris:Despair","AbeCurse"],"damage_healed":0,"gold_gain":0,"player_choice":"Removed Curses","damage_taken":0,"max_hp_gain":0,"max_hp_loss":0,"event_name":"Fountain of Cleansing","floor":113,"gold_loss":0},{"cards_removed":["Zap"],"damage_healed":0,"gold_gain":0,"player_choice":"Card Removal","damage_taken":7,"max_hp_gain":0,"max_hp_loss":0,"event_name":"Golden Wing","floor":115,"gold_loss":0},{"cards_removed":["hubris:Ukulele"],"damage_healed":0,"gold_gain":0,"player_choice":"Forget","damage_taken":0,"max_hp_gain":0,"max_hp_loss":0,"event_name":"Living Wall","floor":116,"gold_loss":0},{"damage_healed":0,"gold_gain":0,"player_choice":"Ignored","damage_taken":0,"max_hp_gain":0,"max_hp_loss":0,"event_name":"Liars Game","floor":122,"gold_loss":0},{"damage_healed":0,"gold_gain":0,"player_choice":"Paid Gold","damage_taken":0,"relics_obtained":["Replay:Baseball"],"max_hp_gain":0,"max_hp_loss":0,"event_name":"WeMeetAgain","floor":132,"gold_loss":148},{"damage_healed":0,"gold_gain":0,"player_choice":"Fight","damage_taken":0,"max_hp_gain":0,"max_hp_loss":0,"event_name":"Mysterious Sphere","floor":147,"gold_loss":0}],"is_beta":false,"boss_relics":[{"not_picked":["FrozenCore","aspiration:PoetsPen_weak"],"picked":"Cursed Key"},{"not_picked":["Sozu","aspiration:WatcherSkillbook"],"picked":"aspiration:BursterCore"},{"not_picked":["SacredBark","ChewingGum"],"picked":"Calling Bell"},{"not_picked":["FrozenCore","hubris:RunicObelisk"],"picked":"Sozu"},{"not_picked":["Astrolabe","ReplayTheSpireMod:DimensionalGlitch"],"picked":"Abe\u0027s Treasure"},{"not_picked":["aspiration:FutureDiary","Velvet Choker"],"picked":"infinitespire:Cupcake"},{"not_picked":["aspiration:RitualDagger","hubris:BlackHole"],"picked":"Ring of Chaos"},{"not_picked":["hubris:HollowSoul","hubris:VirtuousBlindfold"],"picked":"Empty Cage"},{"not_picked":["Astrolabe","aspiration:SecretTechniqueScroll"],"picked":"Replay:Grab Bag"},{"not_picked":["Painkiller Herb","ReplayTheSpireMod:DimensionalGlitch"],"picked":"hubris:CrackedHourglass"},{"not_picked":["Fusion Hammer","hubris:GrandSneckoEye"],"picked":"Replay:Bronze Core"},{"not_picked":["FrozenCore","aspiration:PoetsPen_weak"],"picked":"hubris:Backtick"}],"items_purged_floors":[21,26,41,60,67,79,91,92,99,121,137],"is_endless":true,"potions_floor_spawned":[7,16,24,31,33,35,39,43,50,55,63,69,84,86,90,96,104,107,109,119,124,131,136,143,144,148,153,162],"ascension_level":17}}