{"host":"kk2i87xhq8q4h0un","time":1611895269,"event":{"mods":["BaseMod","Minty Spire (QoL Compilation)","Shop Mod","StSLib"],"gold_per_floor":[118,41,52,52,227,257,257,257,282,312,312,337,347,365,365,439,439,464,496,70,79,101,200,200,200],"floor_reached":24,"language":"ENG","playtime":1456,"items_purged":["Doubt"],"score":372,"play_id":"3afdbaa1-3d9d-49ea-9072-a7530a3899e3","local_time":"20210128204109","is_ascension_mode":true,"campfire_choices":[{"data":"Noxious Fumes","floor":7.0,"key":"SMITH"},{"data":"Survivor","floor":15.0,"key":"SMITH"}],"circlet_count":0,"master_deck":["AscendersBane","Strike_G","Strike_G","Strike_G","Strike_G","Strike_G","Defend_G","Defend_G","Defend_G","Defend_G","Defend_G","Survivor+1","Neutralize+1","Escape Plan","Noxious Fumes+1","Cloak And Dagger","Tactician","Well Laid Plans","Noxious Fumes","Catalyst","Dodge and Roll","Shame","Bane"],"relics":["Ring of the Serpent","NeowsBlessing","Toy Ornithopter","CeramicFish","Tough Bandages","Mummified Hand","Red Mask","Eternal Feather","HornCleat"],"acts_visited":["Exordium","TheCity"],"potions_floor_usage":[19,19],"damage_taken":[{"damage":0.0,"enemies":"Jaw Worm","floor":1.0,"turns":1.0},{"damage":0.0,"enemies":"2 Louse","floor":3.0,"turns":1.0},{"damage":0.0,"enemies":"Lagavulin","floor":6.0,"turns":1.0},{"damage":4.0,"enemies":"Small Slimes","floor":12.0,"turns":3.0},{"damage":9.0,"enemies":"3 Louse","floor":13.0,"turns":4.0},{"damage":19.0,"enemies":"Large Slime","floor":14.0,"turns":8.0},{"damage":20.0,"enemies":"Hexaghost","floor":16.0,"turns":13.0},{"damage":23,"enemies":"3 Byrds","floor":18,"turns":7},{"damage":35,"enemies":"Masked Bandits","floor":19,"turns":6},{"damage":1,"enemies":"Shell Parasite","floor":22,"turns":6},{"damage":12,"enemies":"Snake Plant","floor":24,"turns":1}],"seed_played":"3972246961629918902","potions_obtained":[{"floor":12.0,"key":"DistilledChaos"},{"floor":16.0,"key":"Fire Potion"}],"is_trial":false,"path_per_floor":["M","$","M","?","?","E","R","?","T","?","T","M","M","M","R","B",null,"M","?","$","?","M","?","M"],"character_chosen":"THE_SILENT","items_purchased":["Noxious Fumes","Catalyst","Eternal Feather","Dodge and Roll"],"campfire_rested":0,"item_purchase_floors":[2,20,20,20],"current_hp_per_floor":[59,59,59,59,59,59,59,64,64,64,64,60,51,32,32,12,56,33,8,8,8,7,7,0,0],"gold":200,"neow_bonus":"THREE_ENEMY_KILL","is_daily":false,"chose_seed":false,"campfire_upgraded":2,"win_rate":0.0,"timestamp":1611895269,"path_taken":["M","$","M","?","?","E","R","?","T","?","?","?","M","?","R","BOSS","M","?","$","?","M","?","M"],"items_purchased_type":["Card","Card","Relic","Card"],"build_version":"2020-12-22","purchased_purges":1,"victory":false,"max_hp_per_floor":[66,66,66,66,66,66,66,71,71,71,71,71,71,71,71,71,71,71,71,71,71,71,71,71,71],"card_choices":[{"not_picked":["Cloak And Dagger","Dash"],"picked":"Escape Plan","floor":1.0},{"not_picked":["Terror","Dagger Spray"],"picked":"Cloak And Dagger","floor":3.0},{"not_picked":["Concentrate","Dash"],"picked":"Tactician","floor":6.0},{"not_picked":["Masterful Stab","Sucker Punch"],"picked":"Well Laid Plans","floor":12.0},{"not_picked":["Caltrops","Dodge and Roll","Backstab"],"picked":"SKIP","floor":13.0},{"not_picked":["Dagger Spray","Concentrate","Terror"],"picked":"SKIP","floor":14.0},{"not_picked":["Distraction","Leg Sweep"],"picked":"Noxious Fumes","floor":18},{"not_picked":["Dodge and Roll","Outmaneuver"],"picked":"Bane","floor":22}],"player_experience":1011409,"relics_obtained":[{"floor":6.0,"key":"Toy Ornithopter"},{"floor":9.0,"key":"CeramicFish"},{"floor":11.0,"key":"Mummified Hand"},{"floor":19,"key":"Red Mask"}],"event_choices":[{"damage_healed":0.0,"max_hp_gain":0.0,"max_hp_loss":0.0,"gold_gain":0.0,"event_name":"Living Wall","player_choice":"Grow","floor":4.0,"gold_loss":0.0,"damage_taken":0.0,"cards_upgraded":["Neutralize"]},{"damage_healed":0.0,"max_hp_gain":0.0,"max_hp_loss":0.0,"gold_gain":175.0,"event_name":"Liars Game","player_choice":"AGREE","floor":5.0,"gold_loss":0.0,"damage_taken":0.0,"cards_obtained":["Doubt"]},{"damage_healed":0.0,"max_hp_gain":5.0,"max_hp_loss":0.0,"gold_gain":0.0,"event_name":"Big Fish","player_choice":"Donut","floor":8.0,"gold_loss":0.0,"damage_taken":0.0},{"damage_healed":0.0,"max_hp_gain":0.0,"max_hp_loss":0.0,"gold_gain":30.0,"event_name":"Dead Adventurer","player_choice":"Searched \u00273\u0027 times","floor":10.0,"gold_loss":0.0,"damage_taken":0.0,"relics_obtained":["Tough Bandages"]},{"damage_healed":0,"gold_gain":0,"player_choice":"Fought Bandits","damage_taken":0,"max_hp_gain":0,"max_hp_loss":0,"event_name":"Masked Bandits","floor":19,"gold_loss":0},{"damage_healed":0,"gold_gain":0,"player_choice":"Stole Relic","damage_taken":0,"relics_obtained":["HornCleat"],"max_hp_gain":0,"max_hp_loss":0,"event_name":"Addict","floor":21,"gold_loss":0,"cards_obtained":["Shame"]},{"damage_healed":0,"gold_gain":99,"player_choice":"Stole From Cult","damage_taken":0,"max_hp_gain":0,"max_hp_loss":0,"event_name":"Nest","floor":23,"gold_loss":0}],"is_beta":false,"boss_relics":[{"not_picked":["SlaversCollar","WristBlade"],"picked":"Ring of the Serpent"}],"items_purged_floors":[20],"is_endless":false,"potions_floor_spawned":[12,16,18],"killed_by":"Snake Plant","ascension_level":14}}