{"host":"1tl36azeqm6yhdgj","time":1611948547,"event":{"mods":["AchievementEnabler","BaseMod","Minty Spire (QoL Compilation)","StSLib","The IronCluck","everything is the same but u backflip on backflip"],"gold_per_floor":[114,124,124,138,154,154,174,199,199,199,227,247,227,247,247,324,324,338,288,288,36,36,36,62,80,80,80,80,80],"floor_reached":28,"language":"ENG","playtime":770,"items_purged":[],"score":500,"play_id":"c1b8d833-74d1-4200-ad78-8a037976199c","local_time":"20210129142907","is_ascension_mode":true,"campfire_choices":[{"data":"Infernal Blade","floor":6.0,"key":"SMITH"},{"data":"Thunderclap","floor":10,"key":"SMITH"},{"floor":15,"key":"REST"},{"data":"Discovery","floor":23,"key":"SMITH"}],"circlet_count":0,"master_deck":["AscendersBane","Defend_R","Defend_R","Defend_R","Bash","Reaper","Carnage","Fire Breathing","Thunderclap+1","Infernal Blade+1","Juggernaut","Demon Form","Feel No Pain","Barricade+1","Rage","Discovery+1","Feed","Flex","Blood for Blood+1","Exhume"],"relics":["Burning Blood","Charon\u0027s Ashes","HornCleat","Matryoshka","Empty Cage","HandDrill","Boot","Centennial Puzzle","Shuriken"],"acts_visited":["Exordium","TheCity"],"potions_floor_usage":[7,8,14,18,20,24],"damage_taken":[{"damage":10.0,"enemies":"2 Louse","floor":1.0,"turns":4.0},{"damage":6.0,"enemies":"Cultist","floor":2.0,"turns":3.0},{"damage":12.0,"enemies":"Jaw Worm","floor":4.0,"turns":3.0},{"damage":13.0,"enemies":"2 Fungi Beasts","floor":5.0,"turns":4.0},{"damage":3,"enemies":"Gremlin Gang","floor":7,"turns":5},{"damage":31,"enemies":"Gremlin Nob","floor":8,"turns":4},{"damage":36,"enemies":"Lagavulin","floor":11,"turns":6},{"damage":8,"enemies":"Blue Slaver","floor":12,"turns":2},{"damage":19,"enemies":"Exordium Thugs","floor":14,"turns":4},{"damage":35,"enemies":"Slime Boss","floor":16,"turns":8},{"damage":11,"enemies":"Chosen","floor":18,"turns":4},{"damage":0,"enemies":"Shell Parasite","floor":20,"turns":1},{"damage":56,"enemies":"Gremlin Leader","floor":24,"turns":8},{"damage":39,"enemies":"Shelled Parasite and Fungi","floor":25,"turns":4},{"damage":39,"enemies":"Book of Stabbing","floor":28,"turns":3}],"seed_played":"8126998917466322748","potions_obtained":[{"floor":4.0,"key":"EssenceOfSteel"},{"floor":5.0,"key":"LiquidMemories"},{"floor":8,"key":"Explosive Potion"},{"floor":13,"key":"SmokeBomb"},{"floor":16,"key":"Fire Potion"},{"floor":18,"key":"AttackPotion"}],"is_trial":false,"path_per_floor":["M","M","?","M","M","R","M","E","T","R","E","M","?","M","R","B",null,"M","?","M","$","?","R","E","M","T","?","E"],"character_chosen":"IRONCLAD","items_purchased":["HandDrill","Discovery"],"campfire_rested":1,"item_purchase_floors":[21,21],"current_hp_per_floor":[71,71,71,65,63,63,66,41,41,41,26,24,24,19,41,20,61,56,56,62,62,62,62,60,38,38,38,0,0],"gold":80,"neow_bonus":"ONE_RANDOM_RARE_CARD","is_daily":false,"chose_seed":false,"campfire_upgraded":3,"win_rate":0.0,"timestamp":1611948547,"path_taken":["M","M","?","?","M","R","M","E","T","R","E","M","?","?","R","BOSS","M","?","?","$","?","R","E","M","T","?","E"],"items_purchased_type":["Relic","Card"],"build_version":"2020-12-22","purchased_purges":0,"victory":false,"max_hp_per_floor":[75,75,75,75,75,75,75,75,75,75,75,75,75,75,75,75,75,75,75,75,75,75,75,75,75,75,75,75,75],"card_choices":[{"not_picked":["Headbutt","Shrug It Off"],"picked":"Carnage","floor":1.0},{"not_picked":["Body Slam","Headbutt"],"picked":"Fire Breathing","floor":2.0},{"not_picked":["Heavy Blade","Iron Wave"],"picked":"Thunderclap","floor":4.0},{"not_picked":["Heavy Blade","Headbutt"],"picked":"Infernal Blade","floor":5.0},{"not_picked":["Shockwave","Shrug It Off"],"picked":"Juggernaut","floor":7},{"not_picked":["Feel No Pain","Warcry"],"picked":"Demon Form","floor":8},{"not_picked":["Thunderclap","Twin Strike","Bloodletting"],"picked":"SKIP","floor":11},{"not_picked":["Shrug It Off","Wild Strike"],"picked":"Feel No Pain","floor":12},{"not_picked":["Carnage","Body Slam","Power Through"],"picked":"SKIP","floor":14},{"not_picked":["Exhume","Bludgeon"],"picked":"Barricade","floor":16},{"not_picked":["Body Slam","Sword Boomerang"],"picked":"Rage","floor":18},{"not_picked":["Perfected Strike","Sword Boomerang"],"picked":"Blood for Blood+1","floor":24},{"not_picked":["Twin Strike","Rage","Cleave"],"picked":"SKIP","floor":25}],"player_experience":2105852,"relics_obtained":[{"floor":8,"key":"Charon\u0027s Ashes"},{"floor":9,"key":"HornCleat"},{"floor":11,"key":"Matryoshka"},{"floor":24,"key":"Boot"},{"floor":26,"key":"Centennial Puzzle"},{"floor":26,"key":"Shuriken"}],"event_choices":[{"cards_removed":["Strike_R"],"damage_healed":0.0,"max_hp_gain":0.0,"max_hp_loss":0.0,"gold_gain":0.0,"event_name":"Bonfire Elementals","player_choice":"Offered Basic","floor":3.0,"gold_loss":0.0,"damage_taken":0.0},{"damage_healed":0,"gold_gain":0,"player_choice":"Bought 1 Potion","damage_taken":0,"max_hp_gain":0,"max_hp_loss":0,"event_name":"The Woman in Blue","floor":13,"gold_loss":0},{"damage_healed":0,"gold_gain":0,"player_choice":"Upgrade","damage_taken":0,"max_hp_gain":0,"max_hp_loss":0,"event_name":"Designer","floor":19,"gold_loss":50,"cards_upgraded":["Barricade"]},{"damage_healed":0,"gold_gain":0,"cards_transformed":["Strike_R","Strike_R"],"player_choice":"Became Test Subject","damage_taken":0,"max_hp_gain":0,"max_hp_loss":0,"event_name":"Drug Dealer","floor":22,"gold_loss":0,"cards_obtained":["Feed","Flex"]},{"damage_healed":0,"gold_gain":0,"cards_transformed":["Defend_R"],"player_choice":"Transformed","damage_taken":0,"max_hp_gain":0,"max_hp_loss":0,"event_name":"Transmorgrifier","floor":27,"gold_loss":0,"cards_obtained":["Exhume"]}],"is_beta":false,"boss_relics":[{"not_picked":["Velvet Choker","Coffee Dripper"],"picked":"Empty Cage"}],"items_purged_floors":[],"is_endless":false,"potions_floor_spawned":[4,5,8,16,18,20],"killed_by":"Book of Stabbing","ascension_level":20}}