{"host":"39ahngdv1ocm702x","time":1611903736,"event":{"mods":["BaseMod","Hermit","Jorbs\u0027s Wanderer Trilogy","Minty Spire (QoL Compilation)","StSLib","The Cursed"],"gold_per_floor":[115,129,142,161,161,161,195,195,195,195,230,25,125,143,143,238,238,255,274,285,302,319,319,319],"floor_reached":23,"language":"ENG","playtime":1476,"items_purged":["TheCursedMod:Strike_TheCursed"],"score":280,"play_id":"f7cd2cac-08a3-4f34-a6af-54dda469803d","local_time":"20210129010216","is_ascension_mode":false,"campfire_choices":[{"data":"TheCursedMod:FleshFromBone","floor":6.0,"key":"SMITH"},{"floor":10.0,"key":"REST"},{"data":"TheCursedMod:VoidForm","floor":15.0,"key":"SMITH"}],"circlet_count":0,"master_deck":["TheCursedMod:Strike_TheCursed","TheCursedMod:Strike_TheCursed","TheCursedMod:Strike_TheCursed","TheCursedMod:Defend_TheCursed","TheCursedMod:Defend_TheCursed","TheCursedMod:Defend_TheCursed","TheCursedMod:Defend_TheCursed","TheCursedMod:CursedWand","TheCursedMod:CleanUpWorkshop","TheCursedMod:Dregs","TheCursedMod:CircleOfFlame","TheCursedMod:HellfireBreathing","TheCursedMod:CursedShiv","TheCursedMod:FleshFromBone+1","TheCursedMod:EmpowerCircles+1","TheCursedMod:VoidForm+1","TheCursedMod:HellfireBreathing","TheCursedMod:SoulReap","TheCursedMod:AntiAging","TheCursedMod:CursedShiv+1","TheCursedMod:CursedArmor","TheCursedMod:DoubleShield"],"relics":["TheCursedMod:BlackMagic101","Darkstone Periapt","InkBottle","Blue Candle","Blood Vial","TheCursedMod:OminousMark"],"acts_visited":["Exordium","TheCity"],"potions_floor_usage":[16,20],"damage_taken":[{"damage":0.0,"enemies":"Cultist","floor":1.0,"turns":4.0},{"damage":2.0,"enemies":"Small Slimes","floor":2.0,"turns":4.0},{"damage":7.0,"enemies":"Jaw Worm","floor":3.0,"turns":4.0},{"damage":4.0,"enemies":"Blue Slaver","floor":4.0,"turns":4.0},{"damage":62.0,"enemies":"Gremlin Nob","floor":7.0,"turns":6.0},{"damage":10.0,"enemies":"3 Sentries","floor":11.0,"turns":10.0},{"damage":1.0,"enemies":"2 Fungi Beasts","floor":14.0,"turns":4.0},{"damage":1,"enemies":"Slime Boss","floor":16,"turns":8},{"damage":33,"enemies":"3 Byrds","floor":18,"turns":5},{"damage":29,"enemies":"Shell Parasite","floor":19,"turns":7},{"damage":46,"enemies":"Snake Plant","floor":20,"turns":5},{"damage":29,"enemies":"Snecko","floor":21,"turns":7},{"damage":28,"enemies":"Shelled Parasite and Fungi","floor":22,"turns":9},{"damage":1,"enemies":"Gremlin Leader","floor":23,"turns":3}],"seed_played":"3716704800685862332","potions_obtained":[{"floor":1.0,"key":"DuplicationPotion"},{"floor":7.0,"key":"DuplicationPotion"},{"floor":11.0,"key":"FearPotion"},{"floor":14.0,"key":"LiquidMemories"},{"floor":21,"key":"LiquidBronze"},{"floor":22,"key":"Weak Potion"}],"is_trial":false,"path_per_floor":["M","M","M","M","T","R","E","?","T","R","E","$","?","M","R","B",null,"M","M","M","M","M","E"],"character_chosen":"THE_CURSED","items_purchased":["TheCursedMod:HellfireBreathing","Fruit Juice"],"campfire_rested":1,"item_purchase_floors":[12,12],"current_hp_per_floor":[82,80,73,69,69,69,7,7,7,31,21,21,21,27,27,42,87,58,56,27,31,7,8,8],"gold":319,"neow_bonus":"TEN_PERCENT_HP_BONUS","is_daily":false,"chose_seed":false,"campfire_upgraded":2,"win_rate":0.0,"timestamp":1611903736,"path_taken":["M","?","M","M","?","R","E","?","T","R","E","$","?","M","R","BOSS","M","?","M","M","M","E"],"items_purchased_type":["Card","Potion"],"build_version":"2020-12-22","purchased_purges":1,"victory":false,"max_hp_per_floor":[82,82,82,82,82,82,82,82,82,82,82,82,82,87,87,87,87,89,91,93,95,97,97,97],"card_choices":[{"not_picked":["TheCursedMod:CursedArmor","TheCursedMod:SaltUponWound"],"picked":"TheCursedMod:CircleOfFlame","floor":1.0},{"not_picked":["TheCursedMod:SpreadPlague","TheCursedMod:SpitefulStrike"],"picked":"TheCursedMod:HellfireBreathing","floor":2.0},{"not_picked":["TheCursedMod:SmokeScreen","TheCursedMod:CircleOfWindfury"],"picked":"TheCursedMod:CursedShiv","floor":3.0},{"not_picked":["TheCursedMod:CircleOfCorruption","TheCursedMod:CursedBlade"],"picked":"TheCursedMod:FleshFromBone","floor":4.0},{"not_picked":["TheCursedMod:HellsGateOpen","TheCursedMod:PrepareRite"],"picked":"TheCursedMod:EmpowerCircles","floor":7.0},{"not_picked":["TheCursedMod:CircleOfAmplification","TheCursedMod:FuryStrike"],"picked":"TheCursedMod:VoidForm","floor":11.0},{"not_picked":["TheCursedMod:TacticalStrike","TheCursedMod:CursedStaff"],"picked":"TheCursedMod:SoulReap","floor":14.0},{"not_picked":["TheCursedMod:ParallelWorld","TheCursedMod:ForbiddenAlchemy"],"picked":"TheCursedMod:AntiAging","floor":16},{"not_picked":["TheCursedMod:CircleOfWindfury+1","TheCursedMod:FleshFromBone","TheCursedMod:VitalStrike"],"picked":"SKIP","floor":18},{"not_picked":["TheCursedMod:Stigma+1","TheCursedMod:SpreadPlague"],"picked":"TheCursedMod:CursedShiv+1","floor":19},{"not_picked":["TheCursedMod:TacticalStrike","TheCursedMod:VitalStrike"],"picked":"TheCursedMod:CursedArmor","floor":20},{"not_picked":["TheCursedMod:SaltUponWound","TheCursedMod:ShockAndAwe","TheCursedMod:Torture"],"picked":"SKIP","floor":21},{"not_picked":["TheCursedMod:Wield+1","TheCursedMod:SurpriseAttack"],"picked":"TheCursedMod:DoubleShield","floor":22}],"player_experience":214059,"relics_obtained":[{"floor":5.0,"key":"Darkstone Periapt"},{"floor":7.0,"key":"InkBottle"},{"floor":9.0,"key":"Blue Candle"},{"floor":11.0,"key":"Blood Vial"}],"event_choices":[{"damage_healed":0.0,"max_hp_gain":0.0,"max_hp_loss":0.0,"gold_gain":0.0,"event_name":"Living Wall","player_choice":"Grow","floor":8.0,"gold_loss":0.0,"damage_taken":0.0,"cards_upgraded":["TheCursedMod:EmpowerCircles"]},{"damage_healed":0.0,"max_hp_gain":0.0,"max_hp_loss":0.0,"gold_gain":100.0,"event_name":"Golden Shrine","player_choice":"Pray","floor":13.0,"gold_loss":0.0,"damage_taken":0.0}],"is_beta":false,"boss_relics":[{"not_picked":["TheCursedMod:BlackMagicAdvanced","Astrolabe"],"picked":"TheCursedMod:OminousMark"}],"items_purged_floors":[12],"is_endless":false,"potions_floor_spawned":[1,7,11,14,21,22],"killed_by":"Gremlin Leader","ascension_level":0}}