{"host":"xi8yg1ddhptuxb9d","time":1611959065,"event":{"mods":["AchievementEnabler","AlwaysNeverKeys","BaseMod","Block Reminder","Minty Spire (QoL Compilation)","Relic Sorter","StSLib"],"gold_per_floor":[17,17,17,28,45,45,62,62,86,119,119,161,170,190,190,278,278,261,261,261],"floor_reached":19,"language":"ENG","playtime":648,"items_purged":[],"score":404,"play_id":"ae87fa11-33dc-41ed-a4c3-6d1bcc852c23","local_time":"20210129172425","is_ascension_mode":true,"campfire_choices":[{"data":"CutThroughFate","floor":6.0,"key":"SMITH"},{"floor":8.0,"key":"REST"},{"floor":13.0,"key":"REST"},{"data":"DevaForm","floor":15.0,"key":"SMITH"}],"circlet_count":0,"master_deck":["AscendersBane","Strike_P","Strike_P","Strike_P+1","Defend_P","Defend_P","Defend_P","Defend_P","Eruption+1","Vigilance","Consecrate","Evaluate","CutThroughFate+1","CutThroughFate","EmptyBody+1","DevaForm+1","Evaluate","Devotion","Wallop+1"],"relics":["PureWater","Unceasing Top","Dream Catcher","Toy Ornithopter","CeramicFish","Philosopher\u0027s Stone"],"acts_visited":["Exordium","TheCity"],"potions_floor_usage":[16,19],"damage_taken":[{"damage":0.0,"enemies":"Small Slimes","floor":1.0,"turns":2.0},{"damage":1.0,"enemies":"2 Louse","floor":4.0,"turns":4.0},{"damage":0.0,"enemies":"Jaw Worm","floor":5.0,"turns":3.0},{"damage":8.0,"enemies":"3 Louse","floor":7.0,"turns":2.0},{"damage":19.0,"enemies":"3 Sentries","floor":10.0,"turns":4.0},{"damage":0.0,"enemies":"Gremlin Nob","floor":12.0,"turns":3.0},{"damage":0.0,"enemies":"2 Fungi Beasts","floor":14.0,"turns":2.0},{"damage":23,"enemies":"Slime Boss","floor":16,"turns":8},{"damage":23,"enemies":"2 Thieves","floor":18,"turns":5},{"damage":44,"enemies":"3 Byrds","floor":19,"turns":2}],"seed_played":"7916742549602737055","potions_obtained":[{"floor":4.0,"key":"Swift Potion"},{"floor":10.0,"key":"GamblersBrew"},{"floor":12.0,"key":"CultistPotion"},{"floor":18,"key":"AttackPotion"}],"is_trial":false,"path_per_floor":["M","?","?","M","M","R","M","R","T","E","?","E","R","M","R","B",null,"M","M"],"character_chosen":"WATCHER","items_purchased":[],"campfire_rested":2,"item_purchase_floors":[],"current_hp_per_floor":[61,61,54,53,53,53,45,65,65,46,26,31,51,51,51,33,59,36,0,0],"gold":261,"neow_bonus":"ONE_RARE_RELIC","is_daily":false,"chose_seed":false,"campfire_upgraded":2,"win_rate":0.0,"timestamp":1611959065,"path_taken":["M","?","?","M","M","R","M","R","T","E","?","E","R","M","R","BOSS","M","M"],"items_purchased_type":[],"build_version":"2020-12-22","purchased_purges":0,"victory":false,"max_hp_per_floor":[68,68,68,68,68,68,68,68,68,68,68,68,68,68,68,68,68,68,68,68],"card_choices":[{"not_picked":["Halt","InnerPeace"],"picked":"Consecrate","floor":1.0},{"not_picked":["FlurryOfBlows","ThirdEye"],"picked":"Evaluate","floor":4.0},{"not_picked":["FlurryOfBlows","WreathOfFlame"],"picked":"CutThroughFate","floor":5.0},{"not_picked":["Consecrate","JustLucky"],"picked":"CutThroughFate","floor":7.0},{"not_picked":["ClearTheMind","SashWhip"],"picked":"EmptyBody","floor":10.0},{"not_picked":["WreathOfFlame","BowlingBash"],"picked":"DevaForm","floor":12.0},{"not_picked":["Weave","FlurryOfBlows"],"picked":"Evaluate","floor":13.0},{"not_picked":["CutThroughFate","Study","Prostrate"],"picked":"SKIP","floor":14.0},{"not_picked":["ConjureBlade","DevaForm"],"picked":"Devotion","floor":16},{"not_picked":["FlyingSleeves","FollowUp"],"picked":"Wallop+1","floor":18}],"player_experience":692015,"relics_obtained":[{"floor":9.0,"key":"Dream Catcher"},{"floor":10.0,"key":"Toy Ornithopter"},{"floor":12.0,"key":"CeramicFish"}],"event_choices":[{"damage_healed":0.0,"max_hp_gain":0.0,"max_hp_loss":0.0,"gold_gain":0.0,"event_name":"Living Wall","player_choice":"Grow","floor":2.0,"gold_loss":0.0,"damage_taken":0.0,"cards_upgraded":["Eruption"]},{"cards_removed":["Strike_P"],"damage_healed":0.0,"max_hp_gain":0.0,"max_hp_loss":0.0,"gold_gain":0.0,"event_name":"Golden Wing","player_choice":"Card Removal","floor":3.0,"gold_loss":0.0,"damage_taken":7.0},{"damage_healed":0.0,"max_hp_gain":0.0,"max_hp_loss":0.0,"gold_gain":0.0,"event_name":"Shining Light","player_choice":"Entered Light","floor":11.0,"gold_loss":0.0,"damage_taken":20.0,"cards_upgraded":["EmptyBody","Strike_P"]}],"is_beta":false,"boss_relics":[{"not_picked":["Empty Cage","Calling Bell"],"picked":"Philosopher\u0027s Stone"}],"items_purged_floors":[],"is_endless":false,"potions_floor_spawned":[4,10,12,14,18],"killed_by":"3 Byrds","ascension_level":20}}