{"host":"uktfwtoiz07uee0n","time":1611936142,"event":{"mods":["Aspiration","BaseMod","Better Synergies","Conspire","Energized Spire","Hubris","Minty Spire (QoL Compilation)","Replay The Spire","StSLib","The Blackbeard"],"gold_per_floor":[112,112,37,37,37,37,72,72,72,72,107,107,123,141,141,238,238,252,266,9,9,26,58,58,58,58,58,73,92,124,142,142,142,142,142],"floor_reached":33,"language":"ENG","playtime":3319,"items_purged":["blackbeard:BlackbeardDefend","blackbeard:BlackbeardStrike"],"score":295,"play_id":"d66b2f3c-632a-4c38-8056-2db91ad0a1c5","local_time":"20210129080222","is_ascension_mode":false,"campfire_choices":[{"floor":6,"key":"RECALL"},{"data":"blackbeard:CloakAndCannonball","floor":8,"key":"SMITH"},{"data":"blackbeard:WiseDefense","floor":10,"key":"SMITH"},{"data":"blackbeard:CloakAndCannonball","floor":12,"key":"SMITH"},{"data":"blackbeard:Cutlass","floor":15,"key":"SMITH"},{"data":"blackbeard:InfiniteBarrage","floor":24,"key":"SMITH"},{"data":"blackbeard:PirateStrength","floor":32,"key":"SMITH"}],"circlet_count":0,"master_deck":["blackbeard:BlackbeardStrike","blackbeard:BlackbeardStrike","blackbeard:IntimidatingStrike","blackbeard:BlackbeardDefend","blackbeard:BlackbeardDefend","blackbeard:BlackbeardDefend","blackbeard:Cutlass+1","blackbeard:CloakAndCannonball+1","blackbeard:WiseDefense+1","blackbeard:CloakAndCannonball+1","blackbeard:Anchor","blackbeard:Spear","blackbeard:PirateStrength+1","blackbeard:Scrap","blackbeard:PirateEarring+1","blackbeard:InfiniteBarrage+1","blackbeard:PiratesWill"],"relics":["blackbeard:LoadTheCannons","aspiration:Nostalgia","Replay:M_SmolderingBlood","Ring of Hypnosis","Ring of Searing","Darkstone Periapt","blackbeard:Penknife","aspiration:FetidBarrel","energizedSpire:CursedPentagram","Medical Kit","MutagenicStrength","blackbeard:CannonballsOfSteel","Garlic"],"acts_visited":["Exordium","TheCity"],"potions_floor_usage":[16,33,33],"damage_taken":[{"damage":1,"enemies":"Jaw Worm","floor":1,"turns":3},{"damage":12,"enemies":"conspire:RoseBush","floor":5,"turns":3},{"damage":40,"enemies":"Lagavulin","floor":7,"turns":7},{"damage":7,"enemies":"Replay:BlueRogue","floor":11,"turns":7},{"damage":0,"enemies":"Cultist","floor":13,"turns":2},{"damage":0,"enemies":"3 Louse","floor":14,"turns":2},{"damage":13,"enemies":"Fading Forest","floor":16,"turns":11},{"damage":20,"enemies":"conspire:FuzzyDice","floor":18,"turns":5},{"damage":0,"enemies":"3 Byrds","floor":19,"turns":4},{"damage":0,"enemies":"3 Cultists","floor":22,"turns":3},{"damage":11,"enemies":"Book of Stabbing","floor":23,"turns":5},{"damage":0,"enemies":"Snake Plant","floor":28,"turns":3},{"damage":7,"enemies":"Snecko","floor":29,"turns":4},{"damage":26,"enemies":"Replay:Snechameleon","floor":30,"turns":4},{"damage":7,"enemies":"Sentry and Sphere","floor":31,"turns":4},{"damage":27,"enemies":"Automaton","floor":33,"turns":6}],"seed_played":"-6552879316353284398","potions_obtained":[{"floor":11,"key":"Block Potion"},{"floor":13,"key":"Languid Potion"},{"floor":16,"key":"LiquidMemories"},{"floor":19,"key":"Elixir"}],"is_trial":false,"path_per_floor":["M","?","$","?","M","R","E","R","T","R","E","R","M","M","R","B",null,"M","M","$","?","M","E","R","$","T","?","M","M","E","M","R","B"],"character_chosen":"BLACKBEARD_CLASS","items_purchased":["Medical Kit"],"campfire_rested":0,"item_purchase_floors":[20],"current_hp_per_floor":[74,74,74,74,62,62,22,22,22,22,15,15,15,15,15,28,75,55,55,55,55,55,44,44,44,44,44,44,37,11,4,4,0,0,0],"gold":142,"neow_bonus":"NOSTALGIA","is_daily":false,"chose_seed":false,"campfire_upgraded":6,"win_rate":0.0,"timestamp":1611936142,"path_taken":["M","?","$","?","?","R","E","R","T","R","E","R","M","M","R","BOSS","M","M","$","?","M","E","R","$","T","?","?","M","E","M","R","BOSS"],"items_purchased_type":["Relic"],"build_version":"2020-12-22","purchased_purges":2,"victory":false,"max_hp_per_floor":[75,75,75,75,75,75,75,75,75,75,75,75,75,75,75,75,75,75,75,75,75,75,75,75,75,75,75,75,75,75,75,75,75,75,75],"card_choices":[{"not_picked":["blackbeard:SwordDance","blackbeard:Rum"],"picked":"blackbeard:CloakAndCannonball","floor":1},{"not_picked":["blackbeard:Sharpening","blackbeard:GoldenStrike"],"picked":"blackbeard:WiseDefense","floor":5},{"not_picked":["blackbeard:GoldenRain","Whirlwind","blackbeard:GoldenDefense"],"picked":"SKIP","floor":7},{"not_picked":["blackbeard:DoubleBottom","blackbeard:Sword"],"picked":"blackbeard:CloakAndCannonball","floor":11},{"not_picked":["FlyingSleeves","blackbeard:DoubleBottom"],"picked":"blackbeard:Anchor","floor":13},{"not_picked":["blackbeard:TacticalRetreat","blackbeard:Recklessness"],"picked":"blackbeard:Spear","floor":14},{"not_picked":["Bludgeon","blackbeard:Intoxication"],"picked":"blackbeard:PirateStrength","floor":16},{"not_picked":["blackbeard:Spear","blackbeard:Sharpening","blackbeard:Toast"],"picked":"SKIP","floor":18},{"not_picked":["blackbeard:Boarding","blackbeard:FieryDefense"],"picked":"blackbeard:Scrap","floor":19},{"not_picked":["blackbeard:BlindAttacks","blackbeard:Recklessness+1"],"picked":"blackbeard:PirateEarring+1","floor":22},{"not_picked":["blackbeard:GoldenRain","blackbeard:RearmingStrike"],"picked":"blackbeard:InfiniteBarrage","floor":23},{"not_picked":["blackbeard:TacticalRetreat","blackbeard:RearmingStrike","blackbeard:Sharpening"],"picked":"SKIP","floor":28},{"not_picked":["blackbeard:Dagger","blackbeard:Spear"],"picked":"blackbeard:PiratesWill","floor":29},{"not_picked":["blackbeard:Fencing","blackbeard:SmithingHammer","blackbeard:ChaoticDefense"],"picked":"SKIP","floor":30},{"not_picked":["blackbeard:DeadlyArsenal+1","blackbeard:Lifeboat","blackbeard:BeatUp"],"picked":"SKIP","floor":31}],"player_experience":94427,"relics_obtained":[{"floor":2,"key":"Ring of Hypnosis"},{"floor":2,"key":"Ring of Searing"},{"floor":7,"key":"Darkstone Periapt"},{"floor":9,"key":"blackbeard:Penknife"},{"floor":11,"key":"aspiration:FetidBarrel"},{"floor":23,"key":"blackbeard:CannonballsOfSteel"},{"floor":30,"key":"Garlic"}],"event_choices":[{"cards_removed":["blackbeard:BlackbeardStrike"],"damage_healed":0,"gold_gain":0,"player_choice":"Offered Basic","damage_taken":0,"max_hp_gain":0,"max_hp_loss":0,"event_name":"Bonfire Elementals","floor":4,"gold_loss":0},{"damage_healed":0,"gold_gain":0,"player_choice":"Inject Mutagens","damage_taken":0,"relics_obtained":["MutagenicStrength"],"max_hp_gain":0,"max_hp_loss":0,"event_name":"Drug Dealer","floor":21,"gold_loss":0},{"damage_healed":0,"gold_gain":0,"player_choice":"Ignored","damage_taken":0,"max_hp_gain":0,"max_hp_loss":0,"event_name":"NoteForYourself","floor":27,"gold_loss":0}],"is_beta":false,"boss_relics":[{"not_picked":["energizedSpire:MagnifyingGlass","Snecko Eye"],"picked":"energizedSpire:CursedPentagram"}],"items_purged_floors":[3,20],"is_endless":false,"potions_floor_spawned":[11,13,16,19,23,28,30],"killed_by":"Automaton","ascension_level":0}}