{"host":"m6e09adb7fik7oct","time":1611884730,"event":{"mods":["AchievementEnabler","BaseMod","Better Altar","Better Note","Better Sensory Stone","Better Third Choice","BetterRewards","Block Reminder","Colored Map","Displayed Cursed Tome","Energized Spire","Evolution","Infinite Spire","Ironclad Rager","Key Reminder","Mad Scientist","Minty Spire (QoL Compilation)","Quick Restart","RNG Fix","Relic Stats","Reorder Act Four","Replay The Spire","StSLib","The Construct","The Jungle","The Marked","Trackpad","Transform Curses","Unceasing Turn Reminder","Wandering Minibosses","everything is the same but u backflip on backflip"],"gold_per_floor":[114,114,129,129,27,27,42,57,82,82,97,112,112,142,142,242,242,257,257,272,287,287,302,302,302],"floor_reached":24,"language":"ENG","playtime":2811,"items_purged":[],"score":275,"play_id":"8158f480-0747-4261-ae14-326a5bbe61f4","local_time":"20210128204530","daily_mods":["Shiny","Uncertain Future","Lethality"],"is_ascension_mode":false,"campfire_choices":[{"data":"Limit Break","floor":6.0,"key":"SMITH"},{"data":"Metallicize","floor":10.0,"key":"SMITH"},{"floor":15,"key":"REST"}],"circlet_count":0,"master_deck":["Double Tap","Fiend Fire","Eclipse","Demonic Infusion","Exhume","Bludgeon","Limit Break+1","Hemogenesis","Demon Form","Berserk","Impervious","Juggernaut","Brutality","Offering","Feed","Replay:Many Hands","Corruption+1","Barricade","ICR:VitalStrike","Reaper","Immolate","Headbutt","Self Repair+1","Inflame","Rampage","Havoc","Metallicize+1","Second Wind","Flame Barrier","Dramatic Entrance","Firewall","Thunderclap","theJungle:Gourd","theJungle:Gourd","theJungle:Gourd","theJungle:Gourd","theJungle:Gourd","ReplayTheSpireMod:Strike From Hell","Writhe","infinitespire:OneForAll"],"relics":["EVO:Axolotl","Iron Core","trackpad:IceCube","Magic Flower","Cursed Key","Shovel"],"acts_visited":["Exordium","Exordium"],"potions_floor_usage":[],"damage_taken":[{"damage":13.0,"enemies":"Cultist","floor":1.0,"turns":3.0},{"damage":0.0,"enemies":"Small Slimes","floor":3.0,"turns":2.0},{"damage":15.0,"enemies":"Jaw Worm","floor":7.0,"turns":3.0},{"damage":30.0,"enemies":"Blue Slaver","floor":8.0,"turns":6.0},{"damage":60.0,"enemies":"Gremlin Gang","floor":11.0,"turns":5.0},{"damage":24,"enemies":"Large Slime","floor":12,"turns":6},{"damage":30,"enemies":"Gremlin Nob","floor":14,"turns":4},{"damage":36,"enemies":"The Guardian","floor":16,"turns":8},{"damage":24,"enemies":"Shell Parasite","floor":18,"turns":3},{"damage":0,"enemies":"theJungle:GiantWrat","floor":20,"turns":3},{"damage":46,"enemies":"theJungle:2_Flameangoes","floor":21,"turns":4},{"damage":32,"enemies":"Snake Plant","floor":23,"turns":5},{"damage":56,"enemies":"Nightmare","floor":24,"turns":7}],"seed_played":"1138922244981197753","potions_obtained":[{"floor":8.0,"key":"CultistPotion"},{"floor":12,"key":"AttackPotion"},{"floor":14,"key":"Strength Potion"},{"floor":16,"key":"DistilledChaos"},{"floor":18,"key":"SneckoOil"}],"is_trial":false,"path_per_floor":["M","?","M","?","$","R","M","M","T","R","M","M","?","E","R","B",null,"M","?","M","M","?","M","NM"],"character_chosen":"IRONCLAD","items_purchased":["Rampage","Havoc"],"campfire_rested":1,"item_purchase_floors":[5,5],"current_hp_per_floor":[76,76,86,86,86,86,81,69,69,69,47,66,66,46,73,76,95,91,91,98,52,52,56,0,0],"gold":302,"neow_bonus":"","is_daily":true,"chose_seed":false,"campfire_upgraded":2,"win_rate":0.0,"timestamp":1611884730,"path_taken":["M","?","M","?","$","R","M","M","T","R","M","M","?","E","R","BOSS","M","?","M","M","?","M","NM"],"items_purchased_type":["Card","Card"],"build_version":"2020-12-22","purchased_purges":0,"victory":false,"max_hp_per_floor":[83,83,86,86,86,86,86,89,89,89,92,92,92,92,92,95,95,98,98,98,98,98,98,98,98],"relic_stats":{"Shovel":0,"counters":[13,59],"Magic Flower":[33],"Cursed Key":0,"obtain_stats":[{"Iron Core":2,"Shovel":22,"trackpad:IceCube":9,"Magic Flower":14,"EVO:Axolotl":0,"Cursed Key":17,"Burning Blood":0},{"Iron Core":1,"Shovel":11,"trackpad:IceCube":4,"Magic Flower":7,"EVO:Axolotl":0,"Cursed Key":8,"Burning Blood":0},{"Iron Core":3,"Shovel":47,"trackpad:IceCube":14,"Magic Flower":29,"EVO:Axolotl":0,"Cursed Key":37,"Burning Blood":0}]},"card_choices":[{"not_picked":["Reckless Charge","Bloodletting"],"picked":"Headbutt","floor":1.0},{"not_picked":["ReplayTheSpireMod:Repulse","ICR:Frenzy"],"picked":"Inflame","floor":3.0},{"not_picked":["Body Slam","Anger","Cold Snap"],"picked":"SKIP","floor":7.0},{"not_picked":["ReplayTheSpireMod:Corrosion Curse","Hologram"],"picked":"Metallicize","floor":8.0},{"not_picked":["Steam Power","Run Through"],"picked":"Second Wind","floor":11.0},{"not_picked":["Rupture","Beam Cell"],"picked":"Flame Barrier","floor":12},{"not_picked":["ReplayUltimateDefense","HandOfGreed"],"picked":"Dramatic Entrance","floor":13},{"not_picked":["Shockwave","WeaponsOverheat","Metallicize"],"picked":"SKIP","floor":14},{"not_picked":["Mirror Shield","Hemogenesis"],"picked":"Firewall","floor":16},{"not_picked":["Pommel Strike","Burning Pact"],"picked":"Thunderclap","floor":18},{"not_picked":["Replay:Undeath\u0027s Touch","Shrug It Off"],"picked":"ReplayTheSpireMod:Strike From Hell","floor":20},{"not_picked":["Perfected Strike","Rampage","Clothesline+1"],"picked":"SKIP","floor":21},{"not_picked":["Dropkick+1","Sentinel"],"picked":"infinitespire:OneForAll","floor":23}],"player_experience":339703,"relics_obtained":[{"floor":9.0,"key":"trackpad:IceCube"},{"floor":14,"key":"Magic Flower"}],"event_choices":[{"damage_healed":0.0,"max_hp_gain":0.0,"max_hp_loss":0.0,"gold_gain":0.0,"event_name":"Upgrade Shrine","player_choice":"Upgraded","floor":4.0,"gold_loss":0.0,"damage_taken":0.0,"cards_upgraded":["Corruption"]},{"damage_healed":0,"gold_gain":1,"player_choice":"1","damage_taken":0,"max_hp_gain":0,"max_hp_loss":0,"event_name":"betterStone:BetterStone","floor":13,"gold_loss":0}],"is_beta":false,"boss_relics":[{"not_picked":["energizedSpire:MagnifyingGlass","Philosopher\u0027s Stone"],"picked":"Cursed Key"}],"items_purged_floors":[],"is_endless":false,"potions_floor_spawned":[8,12,14,16,18],"killed_by":"Nightmare","ascension_level":0}}