{"host":"37r75cyug2ir6qa5","time":1611934698,"event":{"mods":["BaseMod","Colored Map","Downfall","Highlight Path","Minty Spire (QoL Compilation)","Replay The Spire","StSLib"],"gold_per_floor":[112,130,145,145,157,186,24,24,78,78,107,119,119,69,69,170,270,289,289,300,316,415,415,415,415],"floor_reached":24,"language":"ENG","playtime":1501,"items_purged":[],"score":323,"play_id":"5c8e02a4-3e4a-4804-b434-42fab8df4bad","local_time":"20210129233818","is_ascension_mode":true,"campfire_choices":[{"data":"Shrug It Off","floor":8,"key":"SMITH"},{"data":"Shockwave","floor":10,"key":"SMITH"},{"data":"Shrug It Off","floor":13,"key":"SMITH"},{"data":"Limit Break","floor":23,"key":"SMITH"}],"circlet_count":0,"master_deck":["Strike_R","Strike_R","Strike_R","Strike_R","Strike_R","Defend_R","Defend_R+1","Defend_R","Bash","Shrug It Off+1","Shockwave+1","Dropkick+1","Impervious+1","Barricade+1","Shrug It Off+1","Limit Break+1","Flex+1","Ghostly Armor+1"],"relics":["Burning Blood","Frozen Egg 2","Bag of Preparation","Replay:Wanted Poster","Pen Nib"],"acts_visited":["Exordium","TheCity"],"potions_floor_usage":[5,6,18],"damage_taken":[{"damage":1,"enemies":"2 Louse","floor":1,"turns":3},{"damage":4,"enemies":"Jaw Worm","floor":2,"turns":5},{"damage":5,"enemies":"Small Slimes","floor":3,"turns":4},{"damage":9,"enemies":"Gremlin Gang","floor":5,"turns":7},{"damage":24,"enemies":"Lagavulin","floor":6,"turns":10},{"damage":0,"enemies":"Replay:BlueRogue","floor":11,"turns":9},{"damage":0,"enemies":"2 Fungi Beasts","floor":12,"turns":6},{"damage":76,"enemies":"Fading Forest","floor":16,"turns":11},{"damage":13,"enemies":"Spheric Guardian","floor":18,"turns":10},{"damage":3,"enemies":"Chosen","floor":20,"turns":7},{"damage":0,"enemies":"Snecko","floor":21,"turns":6},{"damage":78,"enemies":"Gremlin Leader","floor":24,"turns":11}],"seed_played":"-8634859376053556169","potions_obtained":[{"floor":1,"key":"Dexterity Potion"},{"floor":2,"key":"bronze:BurnAndBuffPotion"},{"floor":3,"key":"sneckomod:MuddlingPotion"},{"floor":5,"key":"EssenceOfSteel"},{"floor":12,"key":"Milkshake"}],"is_trial":false,"path_per_floor":["M","M","M","?","M","E","$","R","T","R","E","M","R","?","R_BF","B",null,"M","?","M","M","?","R","E"],"character_chosen":"IRONCLAD","items_purchased":["Barricade+1"],"campfire_rested":0,"item_purchase_floors":[7],"current_hp_per_floor":[85,87,88,70,67,49,49,49,49,49,55,61,61,61,87,17,70,63,63,66,72,72,72,0,0],"gold":415,"neow_bonus":"TEN_PERCENT_HP_BONUS","is_daily":false,"chose_seed":false,"campfire_upgraded":4,"win_rate":0.0,"timestamp":1611934698,"path_taken":["M","M","M","?","M","E","$","R","T","R","E","M","R","?","R_BF","BOSS","M","?","M","?","?","R","E"],"items_purchased_type":["Card"],"build_version":"2020-12-22","purchased_purges":0,"victory":false,"max_hp_per_floor":[88,88,88,88,88,88,88,88,88,88,88,88,88,88,88,88,88,88,88,88,88,88,88,88,88],"card_choices":[{"not_picked":["Dual Wield","Warcry"],"picked":"Shrug It Off","floor":1},{"not_picked":["Sentinel","Rage"],"picked":"Shockwave","floor":2},{"not_picked":["Clothesline","Warcry"],"picked":"Dropkick","floor":3},{"not_picked":["Dropkick","Abandon","Wild Strike"],"picked":"SKIP","floor":5},{"not_picked":["True Grit","Flex"],"picked":"Impervious","floor":6},{"not_picked":["Flex","Body Slam"],"picked":"Shrug It Off","floor":11},{"not_picked":["Thunderclap","Heavy Blade","Massacre"],"picked":"SKIP","floor":12},{"not_picked":["Barricade+1","Fiend Fire"],"picked":"Limit Break","floor":16},{"not_picked":["ReplayTheSpireMod:Strike From Hell","Ghostly Armor","Perfected Strike"],"picked":"SKIP","floor":18},{"not_picked":["ReplayReversal+1","Life Link+1"],"picked":"Flex+1","floor":20},{"not_picked":["True Grit","Warcry+1"],"picked":"Ghostly Armor+1","floor":21}],"player_experience":182377,"relics_obtained":[{"floor":6,"key":"Frozen Egg 2"},{"floor":11,"key":"Bag of Preparation"}],"event_choices":[{"damage_healed":0,"gold_gain":0,"player_choice":"Entered Light","damage_taken":18,"max_hp_gain":0,"max_hp_loss":0,"event_name":"Shining Light","floor":4,"gold_loss":0,"cards_upgraded":["Defend_R","Dropkick"]},{"cards_removed":["Defend_R"],"damage_healed":0,"gold_gain":0,"player_choice":"Card Removal","damage_taken":0,"max_hp_gain":0,"max_hp_loss":0,"event_name":"The Cleric","floor":14,"gold_loss":50},{"damage_healed":0,"gold_gain":0,"player_choice":"Gave Potion","damage_taken":0,"relics_obtained":["Pen Nib"],"max_hp_gain":0,"max_hp_loss":0,"event_name":"WeMeetAgain","floor":19,"gold_loss":0},{"damage_healed":0,"gold_gain":99,"player_choice":"Stole From Cult","damage_taken":0,"max_hp_gain":0,"max_hp_loss":0,"event_name":"Nest","floor":22,"gold_loss":0}],"is_beta":false,"boss_relics":[{"not_picked":["Ooze Armor","ReplayTheSpireMod:DimensionalGlitch"],"picked":"Replay:Wanted Poster"}],"items_purged_floors":[],"is_endless":false,"potions_floor_spawned":[1,2,3,5,12,16],"killed_by":"Gremlin Leader","ascension_level":8}}