{"host":"9jkzatiwan7o33sr","time":1611949024,"event":{"mods":["AchievementEnabler","Act Like it!","Aspiration","BaseMod","Colored Map","Colored Powertips","Conspire","Downfall","GifTheSpireLib","Hallownest","Hermit","Hubris","Infinite Spire","Jorbs\u0027s Wanderer Trilogy","Mad Scientist","Mimic Mod","Minty Spire (QoL Compilation)","Permanent Neow","Shade Mod","StSLib","Stuff the Spire","Td1madao Mod","The Bladedancer","The Bug Knight","The Cursed","The Forsaken","The Hierophant","The Jungle","The Mystic","The Necromancer","The Poker Player","The Servant 0.9.4","The Witch","[IsaacMod]????"],"gold_per_floor":[113,128,17,29,48,48,67,97,120,136,162,5,5,20,20,119,119,133,145,145,145,37,37,50,50,50,68,68,78,97,97,97],"floor_reached":31,"language":"ENG","playtime":1687,"items_purged":["hubris:Disease"],"score":326,"play_id":"db1a9da9-2e38-4d6d-82ad-db68efadbf6c","local_time":"20210129203704","is_ascension_mode":true,"campfire_choices":[{"data":"Bone_Armor","floor":6,"key":"SMITH"},{"data":"Summon_Undead_Army","floor":13,"key":"SMITH"},{"data":"Bone_Wall","floor":15,"key":"SMITH"},{"floor":23,"key":"REST"},{"data":"Detonate_Bones","floor":25,"key":"SMITH"},{"data":"Spectral_Walk","floor":28,"key":"SMITH"}],"circlet_count":0,"master_deck":["Strike_W","Strike_W","Strike_W","Strike_W","Defend_W","Defend_W","Defend_W","Defend_W","Negative_Energy_Arrows","Bone_Wall+1","Acid_Javelin","Death_Knell","Summon_Lich","Summon_Lich","Bone_Armor+1","Death_Coil","Negative_Energy_Sphere","Blood_Magic","Necrotic_Claws","Bone_Shift","Summon_Undead_Army+1","Negative_Energy_Sphere","Detonate_Bones+1","Toxic_Smoke_Screen+1","Slay_Living","Spectral_Walk+1","Bone_Armory","Bone_Armory+1","Bone_Armor","Spectral_Walk","Bone_Armory+1"],"relics":["Vampire_Amulet","HushsDoor","D6","TheBible","hubris:BundleOfHerbs","Potion Belt","conspire:Dentures","conspire:RoyalGoblet","conspire:TopHat","Busted Crown","Pantograph"],"acts_visited":["Exordium","TheCity"],"potions_floor_usage":[8,27,29,31],"damage_taken":[{"damage":9,"enemies":"infinitespire:Voidling","floor":1,"turns":4},{"damage":0,"enemies":"Small Slimes","floor":2,"turns":4},{"damage":0,"enemies":"2 Louse","floor":4,"turns":3},{"damage":10,"enemies":"Large Slime","floor":5,"turns":5},{"damage":0,"enemies":"Red Slaver","floor":7,"turns":3},{"damage":6,"enemies":"Gremlin Nob","floor":8,"turns":4},{"damage":6,"enemies":"conspire:2 RoseBushes","floor":10,"turns":5},{"damage":33,"enemies":"3 Sentries","floor":11,"turns":5},{"damage":0,"enemies":"Exordium Wildlife","floor":14,"turns":3},{"damage":38,"enemies":"The Guardian","floor":16,"turns":9},{"damage":19,"enemies":"3 Byrds","floor":18,"turns":4},{"damage":0,"enemies":"2 Thieves","floor":19,"turns":1},{"damage":14,"enemies":"Snake Plant","floor":24,"turns":5},{"damage":8,"enemies":"Sentry and Sphere","floor":27,"turns":4},{"damage":31,"enemies":"Cultist and Chosen","floor":29,"turns":6},{"damage":15,"enemies":"Snake Plant","floor":30,"turns":5},{"damage":27,"enemies":"Book of Stabbing","floor":31,"turns":3}],"seed_played":"1525926242216183684","potions_obtained":[{"floor":2,"key":"infinitespire:BlackPotion"},{"floor":4,"key":"Weak Potion"},{"floor":8,"key":"SmokeBomb"},{"floor":10,"key":"EntropicBrew"},{"floor":18,"key":"AttackPotion"},{"floor":19,"key":"Dexterity Potion"},{"floor":27,"key":"EssenceOfSteel"},{"floor":29,"key":"SteroidPotion"}],"is_trial":false,"path_per_floor":["M","M","$","M","M","R","M","E","T","M","E","$","R","M","R","B",null,"M","M","AVR","?","$","R","M","R","T","M","R","M","M","E"],"character_chosen":"NECROMANCER","items_purchased":["Summon_Lich","Bone_Shift","Summon_Undead_Army","Negative_Energy_Sphere","Spectral_Walk","Bone_Armory"],"campfire_rested":1,"item_purchase_floors":[3,12,12,12,22,22],"current_hp_per_floor":[70,74,74,75,69,69,71,67,67,71,50,50,50,59,59,23,62,49,53,53,39,39,63,51,51,51,58,58,51,38,11,11],"gold":97,"neow_bonus":"ONE_RARE_RELIC","is_daily":false,"chose_seed":false,"campfire_upgraded":5,"win_rate":0.0,"timestamp":1611949024,"path_taken":["M","M","$","M","M","R","?","E","T","M","E","$","R","M","R","BOSS","M","M","AVR","?","$","R","M","R","T","M","R","M","?","E"],"items_purchased_type":["Card","Card","Card","Card","Card","Card"],"build_version":"2020-12-22","purchased_purges":1,"victory":false,"max_hp_per_floor":[75,75,75,75,75,75,75,75,75,75,75,75,75,75,75,75,75,75,75,75,80,80,80,80,80,80,80,80,80,80,80,80],"card_choices":[{"not_picked":["Bones_to_Steel","Necromantic_Selection"],"picked":"Acid_Javelin","floor":1},{"not_picked":["Bones_to_Steel","Shackles_Of_Pain"],"picked":"Death_Knell","floor":2},{"not_picked":["Thousand_Bone_Knives","Bomb"],"picked":"Summon_Lich","floor":4},{"not_picked":["Skeleton_Dragon","Death_March_Dance"],"picked":"Bone_Armor","floor":5},{"not_picked":["Bone_Spikes","Blood_Is_Power"],"picked":"Death_Coil","floor":7},{"not_picked":["Plague_Bolt","Negative_Energy_Mist"],"picked":"Negative_Energy_Sphere","floor":8},{"not_picked":["Negative_Energy_Mist","Bomb"],"picked":"Blood_Magic","floor":10},{"not_picked":["Shade_Step","Death_March_Dance"],"picked":"Necrotic_Claws","floor":11},{"not_picked":["Acid_Javelin","Negative_Energy_Burst"],"picked":"Bomb","floor":14},{"not_picked":["Blood_Magic","Negative_Energy_Bomb"],"picked":"Detonate_Bones","floor":16},{"not_picked":["Necromantic_Selection","Death_Coil"],"picked":"Toxic_Smoke_Screen+1","floor":18},{"not_picked":["Death_March_Dance","Blood_Curse"],"picked":"Slay_Living","floor":19},{"not_picked":[],"picked":"Bone_Armory+1","floor":24},{"not_picked":[],"picked":"Bone_Armor","floor":27},{"not_picked":[],"picked":"Spectral_Walk","floor":29},{"not_picked":[],"picked":"Bone_Armory+1","floor":30}],"player_experience":617195,"relics_obtained":[{"floor":8,"key":"hubris:BundleOfHerbs"},{"floor":9,"key":"Potion Belt"},{"floor":11,"key":"conspire:Dentures"},{"floor":26,"key":"Pantograph"}],"event_choices":[{"damage_healed":0,"gold_gain":0,"player_choice":"Shed Blood","damage_taken":19,"max_hp_gain":5,"max_hp_loss":0,"event_name":"Forgotten Altar","floor":21,"gold_loss":0}],"is_beta":false,"boss_relics":[{"not_picked":["conspire:SeveredTorchhead","hubris:TerracottaHorce"],"picked":"conspire:RoyalGoblet"},{"not_picked":[]}],"items_purged_floors":[3],"is_endless":false,"potions_floor_spawned":[2,4,8,10,18,19,27,29],"killed_by":"Book of Stabbing","ascension_level":6}}