{"host":"4kmvpqjeiacgn1pr","time":1611880138,"event":{"mods":["AchievementEnabler","BaseMod","Better Altar","Better Match","Better Note","Better Sensory Stone","Better Skull","Better Third Choice","Colored Map","Colored Powertips","Curses Come First","Highlight Path","Hubris","Infinite Spire","Minty Spire (QoL Compilation)","Permanent Neow","Quick Restart","Rare Cards Sparkle","Replay The Spire","Spicy Shops","StSLib","The Jungle"],"gold_per_floor":[114,128,128,148,35,62,18,29,29,29,29,304,320,353,353,458,458,471,552,552,569,585,585,585],"floor_reached":23,"language":"ENG","playtime":1220,"items_purged":["Sickly","Regret"],"score":286,"play_id":"73c154da-cbcb-4058-82ef-315b1a05e453","local_time":"20210128192858","is_ascension_mode":true,"campfire_choices":[{"data":"Feed","floor":10,"key":"SMITH"},{"floor":15,"key":"DIG"}],"circlet_count":0,"master_deck":["Strike_R","Strike_R","Strike_R","Defend_R","Defend_R","Defend_R","Bash","Feed+1","Sever Soul","Inflame","Spot Weakness","Corruption","Shrug It Off","hubris:ReadiedAction","Life Link","Inflame","Sentinel","Barricade+1","CurseOfTheBell","Combust+1","hubris:InfiniteBlow","infinitespire:OneForAll","Clash"],"relics":["Burning Blood","ReplayTheSpireMod:CursedCoin","hubris:OldNail","Smiling Mask","betterThird:SlimedRelic","Golden Egg","Ornamental Fan","Bag of Marbles","Replay:Grab Bag","Electric Blood","Coffee Dripper","Calling Bell","Art of War","Letter Opener","Replay:PocketPolymizer","infinitespire:BottledMercury","Turnip"],"acts_visited":["Exordium","Exordium"],"potions_floor_usage":[8,14,16,21,23],"damage_taken":[{"damage":12,"enemies":"Jaw Worm","floor":1,"turns":2},{"damage":1,"enemies":"Cultist","floor":2,"turns":3},{"damage":0,"enemies":"2 Louse","floor":4,"turns":2},{"damage":25,"enemies":"Lagavulin","floor":6,"turns":6},{"damage":10,"enemies":"2 Fungi Beasts","floor":8,"turns":4},{"damage":5,"enemies":"Large Slime","floor":13,"turns":3},{"damage":20,"enemies":"3 Sentries","floor":14,"turns":6},{"damage":37,"enemies":"Hexaghost","floor":16,"turns":8},{"damage":20,"enemies":"theJungle:5_Spyders","floor":18,"turns":7},{"damage":41,"enemies":"Shell Parasite","floor":21,"turns":5},{"damage":29,"enemies":"Snake Plant","floor":22,"turns":2},{"damage":8,"enemies":"theJungle:Cassacara","floor":23,"turns":3}],"seed_played":"-2929776514703215635","potions_obtained":[{"floor":6,"key":"Regen Potion"},{"floor":8,"key":"Adrenaline Potion"},{"floor":14,"key":"Dexterity Potion"},{"floor":18,"key":"ColorlessPotion"},{"floor":22,"key":"EssenceOfSteel"}],"is_trial":false,"path_per_floor":["M","M","?","M","$","E","?","M","T","R","?","?","M","E","R_BF","B",null,"M","T","AVR","M","M","E"],"character_chosen":"IRONCLAD","items_purchased":["ReplayTheSpireMod:CursedCoin","hubris:OldNail","Shrug It Off"],"campfire_rested":0,"item_purchase_floors":[5,5,5],"current_hp_per_floor":[69,77,77,86,86,70,59,64,64,64,57,57,62,52,52,25,84,74,74,74,39,16,8,8],"gold":585,"neow_bonus":"TRANSFORM_TWO_CARDS","is_daily":false,"chose_seed":false,"campfire_upgraded":1,"win_rate":0.0,"timestamp":1611880138,"path_taken":["M","M","?","?","?","E","?","M","T","R","?","?","M","E","R_BF","BOSS","M","?","AVR","M","M","E"],"items_purchased_type":["Relic","Relic","Card"],"build_version":"2020-12-22","purchased_purges":2,"victory":false,"max_hp_per_floor":[83,86,86,89,89,92,92,92,92,92,92,92,96,100,100,104,104,108,108,108,108,108,108,108],"card_choices":[{"not_picked":["Sword Boomerang","True Grit"],"picked":"Inflame","floor":1},{"not_picked":["Wild Strike","Heavy Blade"],"picked":"Spot Weakness","floor":2},{"not_picked":["Pommel Strike","Headbutt"],"picked":"Corruption","floor":4},{"not_picked":["Perfected Strike","Heavy Blade"],"picked":"hubris:ReadiedAction","floor":6},{"not_picked":["hubris:CleavingFinish","Carnage"],"picked":"Life Link","floor":8},{"not_picked":["Body Slam","True Grit"],"picked":"Inflame","floor":13},{"not_picked":["Pommel Strike","Dark Embrace"],"picked":"Sentinel","floor":14},{"not_picked":["Demon Form","Double Tap"],"picked":"Barricade","floor":16},{"not_picked":["True Grit","Heavy Blade"],"picked":"Combust+1","floor":18},{"not_picked":["Warcry+1","Second Wind"],"picked":"infinitespire:OneForAll","floor":21},{"not_picked":["Combust","Dual Wield"],"picked":"Clash","floor":22}],"player_experience":375382,"relics_obtained":[{"floor":6,"key":"Smiling Mask"},{"floor":9,"key":"Golden Egg"},{"floor":14,"key":"Ornamental Fan"},{"floor":15,"key":"Bag of Marbles"},{"floor":17,"key":"Art of War"},{"floor":17,"key":"Letter Opener"},{"floor":17,"key":"Replay:PocketPolymizer"},{"floor":19,"key":"infinitespire:BottledMercury"}],"event_choices":[{"cards_removed":["ReplayTheSpireMod:Restless Dread"],"damage_healed":0,"gold_gain":0,"player_choice":"Purged","damage_taken":0,"max_hp_gain":0,"max_hp_loss":0,"event_name":"Purifier","floor":3,"gold_loss":0},{"damage_healed":0,"gold_gain":0,"player_choice":"Slimed","damage_taken":11,"max_hp_gain":0,"max_hp_loss":0,"event_name":"betterThird:BetterGoop","floor":7,"gold_loss":44},{"cards_removed":["Strike_R"],"damage_healed":0,"gold_gain":0,"player_choice":"Card Removal","damage_taken":7,"max_hp_gain":0,"max_hp_loss":0,"event_name":"Golden Wing","floor":11,"gold_loss":0},{"damage_healed":0,"gold_gain":275,"player_choice":"Desecrate","damage_taken":0,"max_hp_gain":0,"max_hp_loss":0,"event_name":"Golden Shrine","floor":12,"gold_loss":0,"cards_obtained":["Regret"]}],"is_beta":false,"boss_relics":[{"not_picked":["Painkiller Herb","Busted Crown"],"picked":"Replay:Grab Bag"},{"not_picked":["infinitespire:Cupcake","ChewingGum"],"picked":"Electric Blood"},{"not_picked":["Mark of Pain","Replay:Bronze Core"],"picked":"Coffee Dripper"},{"not_picked":["infinitespire:Burning Sword","Empty Cage"],"picked":"Calling Bell"}],"items_purged_floors":[5,20],"is_endless":false,"potions_floor_spawned":[6,8,14,18,22],"killed_by":"theJungle:Cassacara","ascension_level":6}}