{"host":"m4pe905ae9bldoe7","time":1611945923,"event":{"mods":["BaseMod","Bestiary","Block Reminder","Downfall","Minty Spire (QoL Compilation)","StSLib"],"gold_per_floor":[99,119,119,119,29,104,104,104,104,41,41,74,85,115,115,126,126,126,126],"floor_reached":17,"language":"ENG","playtime":561,"items_purged":["Normality"],"score":111,"play_id":"be555d0b-bc67-4e16-b40f-fe7dd2ae1a54","local_time":"20210129194523","is_ascension_mode":false,"campfire_choices":[{"data":"Slimebound:CorrosiveSpit","floor":1,"key":"SMITH"},{"floor":9,"key":"RECALL"},{"data":"Slimebound:RollThrough","floor":11,"key":"SMITH"}],"circlet_count":0,"master_deck":["Slimebound:Strike_Slimebound+1","Slimebound:Strike_Slimebound","Slimebound:Strike_Slimebound+1","Slimebound:Tackle+1","Slimebound:Defend_Slimebound","Slimebound:Defend_Slimebound","Slimebound:Defend_Slimebound","Slimebound:Defend_Slimebound+1","Slimebound:Split","Slimebound:CorrosiveSpit+1","Slimebound:BestDefense+1","downfall:Malfunctioning","Slimebound:FinishingTackle","Slimebound:RollThrough+1","Slimebound:GoopTackle","Slimebound:RollThrough","Slimebound:Grow","Slimebound:GoopSpray"],"relics":["Slimebound:AbsorbEndCombat","WingedGreaves","downfall:BrokenWingStatue","Blue Candle","Happy Flower","Whetstone","Juzu Bracelet"],"acts_visited":["Exordium"],"potions_floor_usage":[17,17,17],"damage_taken":[{"damage":0,"enemies":"Small Slimes","floor":2,"turns":3},{"damage":4,"enemies":"downfall:FleeingMerchant","floor":5,"turns":4},{"damage":12,"enemies":"downfall:FleeingMerchant","floor":10,"turns":4},{"damage":28,"enemies":"Lagavulin","floor":12,"turns":4},{"damage":7,"enemies":"Jaw Worm","floor":13,"turns":2},{"damage":28,"enemies":"3 Sentries","floor":14,"turns":4},{"damage":2,"enemies":"2 Louse","floor":16,"turns":3},{"damage":8,"enemies":"IC_STATUS_ARCHETYPE","floor":17,"turns":2}],"seed_played":"-557923530395412710","potions_obtained":[{"floor":2,"key":"champ:CounterPotion"},{"floor":13,"key":"sneckomod:MuddlingPotion"},{"floor":14,"key":"bronze:BurnAndBuffPotion"}],"is_trial":false,"path_per_floor":["R","M","?","?","$","?","T","T","R","$","R","E","M","E","T","M","B"],"character_chosen":"SLIMEBOUND","items_purchased":["Slimebound:RollThrough"],"campfire_rested":0,"item_purchase_floors":[10],"current_hp_per_floor":[65,65,65,65,63,63,63,63,63,57,57,35,30,2,2,6,0,0,0],"gold":126,"neow_bonus":"ONE_RARE_RELIC","is_daily":false,"chose_seed":false,"campfire_upgraded":2,"win_rate":0.0,"timestamp":1611945923,"path_taken":["R","M","?","?","$","?","T","T","R","?","R","E","M","E","?","M","BOSS"],"items_purchased_type":["Card"],"build_version":"2020-12-22","purchased_purges":1,"victory":false,"max_hp_per_floor":[65,65,65,65,65,65,65,65,65,65,65,65,65,65,65,65,65,65,65],"card_choices":[{"not_picked":["Slimebound:SplitLeeching","Slimebound:DisruptingSlam"],"picked":"Slimebound:BestDefense","floor":2},{"not_picked":["Slimebound:LeadByExample","Slimebound:SamplingLick","Slimebound:Equalize"],"picked":"SKIP","floor":5},{"not_picked":["Slimebound:SlimeBarrage","Slimebound:Prepare"],"picked":"Slimebound:FinishingTackle","floor":10},{"not_picked":["Slimebound:SlimeSpikes","Slimebound:RainOfGoop"],"picked":"Slimebound:GoopTackle","floor":12},{"not_picked":["Slimebound:HauntingLick","Slimebound:SplitSpecialist"],"picked":"Slimebound:RollThrough","floor":13},{"not_picked":["Slimebound:SlimeBrawl","Slimebound:SplitMire"],"picked":"Slimebound:Grow","floor":14},{"not_picked":["Slimebound:SlimeBarrage","Slimebound:Equalize"],"picked":"Slimebound:GoopSpray","floor":16}],"player_experience":504557,"relics_obtained":[{"floor":7,"key":"Blue Candle"},{"floor":8,"key":"Happy Flower"},{"floor":12,"key":"Whetstone"},{"floor":14,"key":"Juzu Bracelet"}],"event_choices":[],"is_beta":false,"boss_relics":[],"items_purged_floors":[5],"is_endless":false,"potions_floor_spawned":[2,13,14],"killed_by":"IC_STATUS_ARCHETYPE","ascension_level":0}}