{"host":"1vfpjvae9xcvmh7u","time":1611898061,"event":{"mods":["BaseMod","Downfall","Hermit","Hubris","Minty Spire (QoL Compilation)","Robot Space Explorer","StSLib","The Cursed","The Forsaken","The Necromancer","The Servant 0.9.4"],"gold_per_floor":[99,119,119,134,134,51,77,91,91,102,102,136,36,36,46,46,46,46],"floor_reached":16,"language":"ENG","playtime":872,"items_purged":[],"score":100,"play_id":"20e6dfe0-f520-40e8-a676-c5e210eb1820","local_time":"20210128212741","is_ascension_mode":false,"campfire_choices":[{"data":"bronze:Allocate","floor":1,"key":"SMITH"},{"data":"bronze:BronzeOrb","floor":11,"key":"SMITH"},{"floor":13,"key":"RECALL"}],"circlet_count":0,"master_deck":["bronze:Strike","bronze:Strike","bronze:Strike","bronze:Strike","bronze:Defend","bronze:Defend","bronze:Defend","bronze:Defend","bronze:Replicate","bronze:Goto","bronze:Allocate+1","bronze:OilSpill","bronze:Repair","bronze:FindAndReplace","bronze:BronzeOrb+1","bronze:MaxOutput","bronze:FineTuning"],"relics":["bronze:BronzeCore","Smiling Mask","Potion Belt","downfall:HeartBlessingGreen"],"acts_visited":["Exordium"],"potions_floor_usage":[12,12],"damage_taken":[{"damage":6,"enemies":"Jaw Worm","floor":2,"turns":4},{"damage":0,"enemies":"2 Louse","floor":4,"turns":3},{"damage":0,"enemies":"downfall:FleeingMerchant","floor":6,"turns":4},{"damage":1,"enemies":"Cultist","floor":8,"turns":3},{"damage":1,"enemies":"Blue Slaver","floor":10,"turns":4},{"damage":15,"enemies":"Gremlin Nob","floor":12,"turns":4},{"damage":0,"enemies":"Exordium Wildlife","floor":15,"turns":3},{"damage":73,"enemies":"DF_ARCHETYPE_STREAMLINE","floor":16,"turns":12}],"seed_played":"7892898745881362370","potions_obtained":[{"floor":2,"key":"Block Potion"},{"floor":8,"key":"bronze:FreeFunctionsPotion"},{"floor":15,"key":"Explosive Potion"}],"is_trial":false,"path_per_floor":["R","M","?","M","?","$","T","M","?","M","R","E","R","?","M","B"],"character_chosen":"THE_AUTOMATON","items_purchased":["bronze:BronzeOrb"],"campfire_rested":0,"item_purchase_floors":[6],"current_hp_per_floor":[70,64,64,64,64,70,70,70,70,69,69,55,55,55,55,0,0,0],"gold":46,"neow_bonus":"THREE_CARDS","is_daily":false,"chose_seed":false,"campfire_upgraded":2,"win_rate":0.0,"timestamp":1611898061,"path_taken":["R","M","?","M","?","$","T","?","?","M","R","E","R","?","M","BOSS"],"items_purchased_type":["Card"],"build_version":"2020-12-22","purchased_purges":0,"victory":false,"max_hp_per_floor":[70,70,70,70,70,70,70,70,70,70,70,70,70,70,70,70,70,70],"card_choices":[{"not_picked":["bronze:Iterate","bronze:DelayedSlice"],"picked":"bronze:Allocate","floor":0},{"not_picked":["bronze:FollowUp","bronze:Terminator"],"picked":"bronze:OilSpill","floor":2},{"not_picked":["bronze:DelayedSlice","bronze:Deprecate"],"picked":"bronze:Repair","floor":4},{"not_picked":["bronze:Allocate","bronze:Shell"],"picked":"bronze:FindAndReplace","floor":6},{"not_picked":["bronze:Constructor","bronze:Turbo","bronze:Branch"],"picked":"SKIP","floor":8},{"not_picked":["bronze:Overload","bronze:WildBeam"],"picked":"bronze:MaxOutput","floor":10},{"not_picked":["bronze:CutThrough","bronze:Iterate","bronze:Constructor"],"picked":"SKIP","floor":12},{"not_picked":["bronze:WildBeam","bronze:BitShift"],"picked":"bronze:FineTuning","floor":15}],"player_experience":1823386,"relics_obtained":[{"floor":7,"key":"Smiling Mask"},{"floor":12,"key":"Potion Belt"}],"event_choices":[{"damage_healed":0,"gold_gain":0,"player_choice":"Ignored","damage_taken":0,"max_hp_gain":0,"max_hp_loss":0,"event_name":"NoteForYourself","floor":5,"gold_loss":0}],"is_beta":false,"boss_relics":[],"items_purged_floors":[],"is_endless":false,"potions_floor_spawned":[2,8,15],"killed_by":"DF_ARCHETYPE_STREAMLINE","ascension_level":0}}