{"host":"6152go0anyt7mc9e","time":1611912196,"event":{"mods":["BaseMod","Colored Map","Minty Spire (QoL Compilation)","StSLib"],"gold_per_floor":[114,129,129,229,244,274,274,49,49,64,64,64,64,79,79,179,179,194,194,194,209,224,254,254,284,309,324,339,364,394,409,409,509,509,533,83,98,113,113,113],"floor_reached":41,"language":"ZHT","playtime":1867,"items_purged":["Storm of Steel","Deflect"],"score":828,"play_id":"f218018f-42d1-49b1-9332-fc87d2dccc2c","local_time":"20210129172316","daily_mods":["Shiny","ControlledChaos","Lethality"],"is_ascension_mode":false,"campfire_choices":[{"data":"Wraith Form v2","floor":7.0,"key":"SMITH"},{"data":"Doppelganger","floor":12.0,"key":"SMITH"},{"data":"After Image","floor":15.0,"key":"SMITH"},{"data":"After Image","floor":24.0,"key":"SMITH"},{"data":"Burst","floor":32.0,"key":"SMITH"}],"circlet_count":0,"master_deck":["Venomology","Corpse Explosion","Phantasmal Killer","Die Die Die","Adrenaline","Envenom","Doppelganger+1","Burst+1","Wraith Form v2+1","Tools of the Trade","Unload","After Image+1","Bullet Time","Glass Knife","A Thousand Cuts","After Image+1","Bullet Time","Adrenaline","Acrobatics+1"],"relics":["Ring of the Serpent","Frozen Eye","Akabeko","Anchor","Nunchaku","Meat on the Bone","Enchiridion","Oddly Smooth Stone","CeramicFish","Regal Pillow","Toy Ornithopter","PreservedInsect","Runic Dome","Bird Faced Urn"],"acts_visited":["Exordium","TheCity","TheBeyond"],"potions_floor_usage":[40,40,40,40],"damage_taken":[{"damage":1.0,"enemies":"Jaw Worm","floor":1.0,"turns":3.0},{"damage":0.0,"enemies":"Small Slimes","floor":2.0,"turns":2.0},{"damage":0.0,"enemies":"Cultist","floor":5.0,"turns":2.0},{"damage":0.0,"enemies":"Gremlin Nob","floor":6.0,"turns":2.0},{"damage":1.0,"enemies":"Exordium Thugs","floor":10.0,"turns":3.0},{"damage":0.0,"enemies":"Large Slime","floor":14.0,"turns":2.0},{"damage":2.0,"enemies":"Hexaghost","floor":16.0,"turns":6.0},{"damage":0.0,"enemies":"2 Thieves","floor":18.0,"turns":4.0},{"damage":0.0,"enemies":"Spheric Guardian","floor":21.0,"turns":2.0},{"damage":0.0,"enemies":"Snecko","floor":22.0,"turns":2.0},{"damage":7.0,"enemies":"Slavers","floor":23.0,"turns":4.0},{"damage":0.0,"enemies":"Gremlin Leader","floor":25.0,"turns":3.0},{"damage":0.0,"enemies":"Cultist and Chosen","floor":27.0,"turns":2.0},{"damage":12.0,"enemies":"Shelled Parasite and Fungi","floor":28.0,"turns":3.0},{"damage":0.0,"enemies":"Slavers","floor":30.0,"turns":2.0},{"damage":0.0,"enemies":"Snake Plant","floor":31.0,"turns":4.0},{"damage":2.0,"enemies":"Champ","floor":33.0,"turns":4.0},{"damage":0.0,"enemies":"3 Darklings","floor":35.0,"turns":2.0},{"damage":0.0,"enemies":"3 Shapes","floor":37.0,"turns":3.0},{"damage":0,"enemies":"Spire Growth","floor":38,"turns":3},{"damage":0,"enemies":"Awakened One","floor":40,"turns":5}],"seed_played":"1138922244981197753","potions_obtained":[{"floor":2.0,"key":"Dexterity Potion"},{"floor":6.0,"key":"Fruit Juice"},{"floor":16.0,"key":"Ancient Potion"},{"floor":18.0,"key":"Energy Potion"},{"floor":27.0,"key":"LiquidMemories"},{"floor":33.0,"key":"Swift Potion"},{"floor":37.0,"key":"CultistPotion"}],"is_trial":false,"path_per_floor":["M","M","?","?","M","E","R","$","T","M","T","R","?","M","R","B",null,"M","?","?","M","M","E","R","E","T","M","M","T","E","M","R","B",null,"M","$","M","M","?","B",null],"character_chosen":"THE_SILENT","items_purchased":["Anchor","Bird Faced Urn","Swift Potion"],"campfire_rested":0,"item_purchase_floors":[8,36,36],"current_hp_per_floor":[69,69,62,62,62,67,67,67,67,66,66,66,71,71,71,69,80,80,80,64,64,64,57,57,57,57,57,45,45,50,55,55,63,80,80,80,80,80,80,80],"gold":113,"neow_bonus":"","is_daily":true,"chose_seed":false,"campfire_upgraded":5,"win_rate":0.0,"timestamp":1611912196,"path_taken":["M","M","?","?","?","E","R","?","T","M","?","R","?","M","R","BOSS","M","?","?","M","M","E","R","E","T","M","M","?","E","M","R","BOSS","M","$","M","M","?","BOSS"],"items_purchased_type":["Relic","Relic","Potion"],"build_version":"2020-12-22","purchased_purges":2,"victory":true,"max_hp_per_floor":[70,70,70,70,70,75,75,75,75,75,75,75,80,80,80,80,80,80,80,80,80,80,80,80,80,80,80,80,80,80,80,80,80,80,80,80,80,80,80,80],"card_choices":[{"not_picked":["Masterful Stab","Cloak And Dagger","Infinite Blades"],"picked":"SKIP","floor":1.0},{"not_picked":["Slice","Acrobatics","Endless Agony"],"picked":"SKIP","floor":2.0},{"not_picked":["Bane","Finisher","PiercingWail"],"picked":"SKIP","floor":5.0},{"not_picked":["Leg Sweep","Quick Slash","Dodge and Roll"],"picked":"SKIP","floor":6.0},{"not_picked":["Choke","Blade Dance","Bane"],"picked":"SKIP","floor":10.0},{"not_picked":["Acrobatics","Dagger Spray"],"picked":"After Image","floor":14.0},{"not_picked":["Grand Finale","Burst"],"picked":"Bullet Time","floor":16.0},{"not_picked":["Deadly Poison","Deflect","Predator"],"picked":"SKIP","floor":18.0},{"not_picked":["Cloak And Dagger+1","PiercingWail","Tactician"],"picked":"SKIP","floor":21.0},{"not_picked":["Blade Dance","Prepared+1","Finisher"],"picked":"SKIP","floor":22.0},{"not_picked":["Bane+1","Expertise","Terror"],"picked":"SKIP","floor":23.0},{"not_picked":["Terror","Catalyst","Distraction"],"picked":"SKIP","floor":25.0},{"not_picked":["Dagger Spray","Infinite Blades","Backstab"],"picked":"SKIP","floor":27.0},{"not_picked":["PiercingWail","Dagger Spray","Sucker Punch"],"picked":"SKIP","floor":28.0},{"not_picked":["Dash+1","Burst","Backstab"],"picked":"SKIP","floor":30.0},{"not_picked":["Bouncing Flask+1","Cloak And Dagger","Infinite Blades"],"picked":"SKIP","floor":31.0},{"not_picked":["Flying Knee+1","Sucker Punch"],"picked":"Acrobatics+1","floor":35.0},{"not_picked":["Dash","Deadly Poison+1","Flying Knee"],"picked":"SKIP","floor":37.0},{"not_picked":["Accuracy+1","Bouncing Flask+1","Storm of Steel"],"picked":"SKIP","floor":38}],"player_experience":1534603,"relics_obtained":[{"floor":6.0,"key":"Akabeko"},{"floor":9.0,"key":"Nunchaku"},{"floor":11.0,"key":"Meat on the Bone"},{"floor":20.0,"key":"Enchiridion"},{"floor":23.0,"key":"Oddly Smooth Stone"},{"floor":25.0,"key":"CeramicFish"},{"floor":26.0,"key":"Regal Pillow"},{"floor":29.0,"key":"Toy Ornithopter"},{"floor":30.0,"key":"PreservedInsect"}],"event_choices":[{"cards_removed":["Grand Finale"],"damage_healed":0.0,"max_hp_gain":0.0,"max_hp_loss":0.0,"gold_gain":0.0,"event_name":"Golden Wing","player_choice":"Card Removal","floor":3.0,"gold_loss":0.0,"damage_taken":7.0},{"damage_healed":0.0,"max_hp_gain":0.0,"max_hp_loss":0.0,"gold_gain":100.0,"event_name":"Wheel of Change","player_choice":"Gold","floor":4.0,"gold_loss":0.0,"damage_taken":0.0},{"damage_healed":0.0,"max_hp_gain":5.0,"max_hp_loss":0.0,"gold_gain":0.0,"event_name":"Big Fish","player_choice":"Donut","floor":13.0,"gold_loss":0.0,"damage_taken":0.0},{"damage_healed":0.0,"max_hp_gain":0.0,"max_hp_loss":0.0,"gold_gain":0.0,"cards_transformed":["Night Terror","Malaise"],"event_name":"Drug Dealer","player_choice":"Became Test Subject","floor":19.0,"gold_loss":0.0,"damage_taken":0.0,"cards_obtained":["Adrenaline","Deflect"]},{"damage_healed":0.0,"max_hp_gain":0.0,"max_hp_loss":0.0,"gold_gain":0.0,"event_name":"Cursed Tome","player_choice":"Obtained Book","floor":20.0,"gold_loss":0.0,"damage_taken":16.0},{"damage_healed":0,"gold_gain":0,"player_choice":"Took Portal","damage_taken":0,"max_hp_gain":0,"max_hp_loss":0,"event_name":"SecretPortal","floor":39,"gold_loss":0}],"is_beta":false,"boss_relics":[{"not_picked":["Calling Bell","WristBlade"],"picked":"Ring of the Serpent"},{"not_picked":["Empty Cage","Tiny House"],"picked":"Runic Dome"}],"items_purged_floors":[8,36],"is_endless":false,"potions_floor_spawned":[2,6,16,18,27,28,33,37,38],"ascension_level":0}}