{"host":"Arid","time":1611917700,"event":{"mods":["AchievementEnabler","BaseMod","Downfall","Hermit","Minty Spire (QoL Compilation)","StSLib"],"gold_per_floor":[99,109,121,178,189,215,215,315,115,25,39,65,65,92,111,212,212,112,132,23,42,42,58,58,58,70,70,4,15,15,15,29,130,130,130,142,155,255,272,272,272,272,298,381,381,412,412,432,450,450,450,450,450,450],"floor_reached":52,"language":"ENG","playtime":4999,"items_purged":["sneckomod:Strike","Parasite"],"score":984,"play_id":"f1c2464d-8039-490c-a070-cfdff3e9046e","local_time":"20210129055500","is_ascension_mode":true,"campfire_choices":[{"floor":1.0,"key":"RECALL"},{"data":"sneckomod:UnknownVulnerable","floor":9.0,"key":"SMITH"},{"data":"sneckomod:TailWhip","floor":25.0,"key":"SMITH"},{"data":"sneckomod:DangerNoodle","floor":35.0,"key":"SMITH"},{"data":"Secret Weapon","floor":45,"key":"SMITH"},{"data":"sneckomod:SoulDraw","floor":47,"key":"SMITH"}],"circlet_count":0,"master_deck":["sneckomod:Defend","sneckomod:Defend","sneckomod:Defend","sneckomod:TailWhip+1","sneckomod:SnekBite","sneckomod:Unknown","sneckomod:Unknown","sneckomod:IronFang","sneckomod:Unknown2Cost","sneckomod:SnakeSap","sneckomod:UnknownRareAttack","sneckomod:QuickMove","sneckomod:MorePower+1","Mayhem+1","sneckomod:DiceCrush+1","sneckomod:MorePower+1","sneckomod:UnlimitedRolls+1","sneckomod:UnknownBoss+1","sneckomod:SlitherStrike+1","Bite","Bite","Bite","Bite","Bite","sneckomod:Rotation+1","sneckomod:MasterEye+1","sneckomod:SnakeSap","sneckomod:Transmogrify+1","sneckomod:SoulDraw+1","hexamod:RainOfEmbers+1","sneckomod:SerpentMind+1","Slimebound:LivingWall","sneckomod:ImprovisedGuard+1","sneckomod:DangerNoodle+1","Slimebound:PrepareCrush","sneckomod:MasterEye+1","sneckomod:ImprovisedGuard+1","sneckomod:QuickBite+1","sneckomod:Mudshield+1","sneckomod:UnknownWeak+1","sneckomod:SoulDraw+1","sneckomod:UnknownBlock+1","sneckomod:UnknownStrength+1","sneckomod:SnekBeam+1","sneckomod:DangerNoodle+1","sneckomod:UnknownExhaust+1","Secret Weapon+1","Slimebound:Grow+1","bronze:SpaghettiCode+1","sneckomod:Cheat+1"],"relics":["sneckomod:SneckoSoul","downfall:HeartBlessingRed","downfall:HeartBlessingBlue","Frozen Egg 2","downfall:HeartBlessingGreen","Gremlin Horn","Oddly Smooth Stone","Sozu","White Beast Statue","Kunai","MealTicket","Blue Candle","Pear","sneckomod:SuperSneckoSoul","Shuriken","Mummified Hand","Mercury Hourglass"],"acts_visited":["Exordium","TheCity","TheBeyond","TheEnding"],"potions_floor_usage":[],"damage_taken":[{"damage":5.0,"enemies":"2 Louse","floor":2.0,"turns":3.0},{"damage":0.0,"enemies":"Small Slimes","floor":3.0,"turns":3.0},{"damage":26.0,"enemies":"Lagavulin Event","floor":4.0,"turns":5.0},{"damage":0.0,"enemies":"Cultist","floor":5.0,"turns":3.0},{"damage":8.0,"enemies":"3 Sentries","floor":6.0,"turns":5.0},{"damage":11.0,"enemies":"downfall:FleeingMerchant","floor":10.0,"turns":4.0},{"damage":12.0,"enemies":"2 Fungi Beasts","floor":11.0,"turns":2.0},{"damage":2.0,"enemies":"Lagavulin","floor":12.0,"turns":5.0},{"damage":0.0,"enemies":"Gremlin Nob","floor":14.0,"turns":2.0},{"damage":8.0,"enemies":"Exordium Thugs","floor":15.0,"turns":2.0},{"damage":29.0,"enemies":"IC_STATUS_ARCHETYPE","floor":16.0,"turns":7.0},{"damage":14.0,"enemies":"Shell Parasite","floor":19.0,"turns":4.0},{"damage":10.0,"enemies":"downfall:FleeingMerchant","floor":20.0,"turns":4.0},{"damage":26.0,"enemies":"3 Byrds","floor":21.0,"turns":5.0},{"damage":14.0,"enemies":"Centurion and Healer","floor":23.0,"turns":4.0},{"damage":24.0,"enemies":"Shelled Parasite and Fungi","floor":26.0,"turns":5.0},{"damage":15.0,"enemies":"downfall:FleeingMerchant","floor":28.0,"turns":4.0},{"damage":6.0,"enemies":"3 Cultists","floor":29.0,"turns":3.0},{"damage":15.0,"enemies":"Snecko","floor":32.0,"turns":4.0},{"damage":57.0,"enemies":"WA_ARCHETYPE_CALM","floor":33.0,"turns":9.0},{"damage":12.0,"enemies":"Orb Walker","floor":36.0,"turns":3.0},{"damage":20.0,"enemies":"3 Shapes","floor":37.0,"turns":4.0},{"damage":10.0,"enemies":"downfall:LadyInBlue","floor":38.0,"turns":7.0},{"damage":30.0,"enemies":"Writhing Mass","floor":39.0,"turns":6.0},{"damage":19.0,"enemies":"Giant Head","floor":43.0,"turns":6.0},{"damage":1,"enemies":"downfall:FleeingMerchant","floor":44,"turns":4},{"damage":26,"enemies":"Reptomancer","floor":46,"turns":3},{"damage":40,"enemies":"Transient","floor":48,"turns":5},{"damage":0,"enemies":"Spire Growth","floor":49,"turns":3},{"damage":35,"enemies":"DF_ARCHETYPE_ORBS","floor":50,"turns":9},{"damage":100,"enemies":"downfall:CharBossMerchant","floor":52,"turns":6}],"seed_played":"-6570615995077735609","potions_obtained":[{"floor":5.0,"key":"bronze:BurnAndBuffPotion"},{"floor":6.0,"key":"bronze:BurnAndBuffPotion"},{"floor":11.0,"key":"EssenceOfSteel"},{"floor":12.0,"key":"bronze:BurnAndBuffPotion"},{"floor":16.0,"key":"SkillPotion"},{"floor":29.0,"key":"SpeedPotion"},{"floor":33.0,"key":"EntropicBrew"}],"is_trial":false,"path_per_floor":["R","M","M","?","M","E","T","?","R","$","M","E","?","E","M","B",null,"R","M","$","M","?","M","T","R","M","?","$","M","R","?","M","B",null,"R","M","M","?","M","?","T","?","E","$","R","E","R","M","M","B",null,"E"],"character_chosen":"THE_SNECKO","items_purchased":["sneckomod:Memorize","sneckomod:UnknownBlock","sneckomod:SoulDraw","Secret Weapon"],"campfire_rested":0,"item_purchase_floors":[20,20,28,44],"current_hp_per_floor":[99,94,94,68,68,60,60,60,70,74,62,60,60,62,56,31,93,93,79,86,60,60,56,56,56,40,40,50,52,52,52,47,14,73,73,65,53,55,37,82,82,92,87,89,89,69,69,29,35,14,70,0,0,0],"gold":450,"neow_bonus":"TEN_PERCENT_HP_BONUS","is_daily":false,"chose_seed":false,"campfire_upgraded":5,"win_rate":0.0,"timestamp":1611917700,"path_taken":["R","M","M","?","M","E","T","?","R","$","M","E","?","E","M","BOSS","R","M","$","M","?","M","T","R","M","?","?","M","R","?","M","BOSS","R","M","M","?","?","?","T","?","E","$","R","E","R","M","M","BOSS","E"],"items_purchased_type":["Card","Card","Card","Card"],"build_version":"2020-12-18","purchased_purges":2,"victory":false,"max_hp_per_floor":[99,99,99,99,99,99,99,99,109,109,109,109,109,111,113,113,113,113,113,115,115,80,82,82,82,82,82,86,90,90,90,92,92,92,92,92,94,94,94,82,82,92,92,89,89,89,89,89,89,89,89,89,89,89],"card_choices":[{"not_picked":["sneckomod:Unknown1Cost","sneckomod:DiceBlock"],"picked":"sneckomod:IronFang","floor":2.0},{"not_picked":["sneckomod:IronFang","sneckomod:UnknownUncommonSkill"],"picked":"sneckomod:UnknownVulnerable","floor":3.0},{"not_picked":["sneckomod:UnknownCommonSkill","sneckomod:SoulCleanse"],"picked":"sneckomod:Unknown2Cost","floor":5.0},{"not_picked":["sneckomod:UnknownCommonAttack","sneckomod:SnekBeam"],"picked":"sneckomod:SnakeSap","floor":6.0},{"not_picked":["sneckomod:Nope","sneckomod:UnknownCommonSkill"],"picked":"sneckomod:UnknownRareAttack","floor":10.0},{"not_picked":["sneckomod:IronFang","sneckomod:WideSting"],"picked":"sneckomod:QuickMove","floor":11.0},{"not_picked":["sneckomod:Unknown1Cost","sneckomod:QuickMove"],"picked":"sneckomod:UnknownColorless","floor":12.0},{"not_picked":["sneckomod:UnknownBlock","sneckomod:Nope","sneckomod:IronFang"],"picked":"Singing Bowl","floor":14.0},{"not_picked":["sneckomod:IronFang","sneckomod:RainOfDice","sneckomod:UnknownCommonAttack"],"picked":"Singing Bowl","floor":15.0},{"not_picked":["sneckomod:SerpentMind+1","sneckomod:Cheat"],"picked":"sneckomod:MorePower+1","floor":16.0},{"not_picked":["sneckomod:Unknown2Cost+1","sneckomod:Unknown0Cost+1"],"picked":"sneckomod:DiceCrush+1","floor":19.0},{"not_picked":["sneckomod:SoulRoll+1","sneckomod:UnknownCommonSkill"],"picked":"sneckomod:UnknownStrength","floor":19.0},{"not_picked":["sneckomod:WideSting","sneckomod:RainOfDice","sneckomod:DiceCrush"],"picked":"Singing Bowl","floor":20.0},{"not_picked":["sneckomod:Unknown1Cost+1","sneckomod:IronFang+1"],"picked":"sneckomod:MorePower+1","floor":20.0},{"not_picked":["sneckomod:DiceCrush+1","sneckomod:UnknownClassTHE_BRONZE_AUTOMATON+1"],"picked":"sneckomod:UnlimitedRolls+1","floor":21.0},{"not_picked":["sneckomod:PureSnecko+1","sneckomod:SoulRoll+1"],"picked":"sneckomod:UnknownBoss+1","floor":21.0},{"not_picked":["sneckomod:RainOfDice+1","sneckomod:DiceBoulder+1"],"picked":"sneckomod:SlitherStrike+1","floor":21.0},{"not_picked":["sneckomod:CheapStock+1","sneckomod:SnekBeam+1"],"picked":"sneckomod:Rotation+1","floor":23.0},{"not_picked":["sneckomod:UnknownBoss+1","sneckomod:Cheat+1"],"picked":"sneckomod:MasterEye+1","floor":23.0},{"not_picked":["sneckomod:Unknown0Cost","sneckomod:UnknownCommonSkill","sneckomod:MixItUp+1"],"picked":"Singing Bowl","floor":23.0},{"not_picked":["sneckomod:UnknownColorless","sneckomod:PureSnecko"],"picked":"sneckomod:SnakeSap","floor":26.0},{"not_picked":["sneckomod:UnendingSupply+1","sneckomod:UnknownX+1"],"picked":"sneckomod:UnknownDexterity+1","floor":26.0},{"not_picked":["sneckomod:ImprovisedAttack+1","sneckomod:ImprovisedGuard+1"],"picked":"sneckomod:Transmogrify+1","floor":26.0},{"not_picked":["sneckomod:UnknownCommonSkill+1","sneckomod:CheapStock+1","sneckomod:SnakeSap+1"],"picked":"Singing Bowl","floor":28.0},{"not_picked":["sneckomod:UnknownCommonSkill","sneckomod:UnknownCommonAttack","sneckomod:DiceBoulder"],"picked":"Singing Bowl","floor":28.0},{"not_picked":["sneckomod:SoulRoll+1","sneckomod:UnknownUncommonAttack+1","sneckomod:Nope+1"],"picked":"Singing Bowl","floor":29.0},{"not_picked":["sneckomod:UnknownVulnerable","sneckomod:UnknownRareAttack","sneckomod:IronFang"],"picked":"Singing Bowl","floor":29.0},{"not_picked":["sneckomod:UnknownClassSLIMEBOUND+1","sneckomod:DefensiveFlair+1"],"picked":"sneckomod:SerpentMind+1","floor":32.0},{"not_picked":["sneckomod:UnknownBlock","sneckomod:ImprovisedGuard","sneckomod:TrashToTreasure"],"picked":"Singing Bowl","floor":32.0},{"not_picked":["sneckomod:UnknownDexterity+1","sneckomod:UnknownRareAttack+1"],"picked":"sneckomod:ImprovisedGuard+1","floor":33.0},{"not_picked":["sneckomod:UnknownBlock+1","sneckomod:GlitteringGambit+1"],"picked":"sneckomod:UnknownRareSkill+1","floor":33.0},{"not_picked":["sneckomod:SoulExchange","sneckomod:UnknownBoss"],"picked":"sneckomod:DangerNoodle","floor":33.0},{"not_picked":["sneckomod:Memorize+1","sneckomod:TrashToTreasure+1"],"picked":"sneckomod:MasterEye+1","floor":36.0},{"not_picked":["sneckomod:UnknownBlock","sneckomod:Unknown1Cost"],"picked":"sneckomod:ImprovisedGuard+1","floor":36.0},{"not_picked":["sneckomod:UnknownUncommonSkill+1","sneckomod:UnknownColorless+1","sneckomod:UnknownUncommonPower+1"],"picked":"Singing Bowl","floor":37.0},{"not_picked":["sneckomod:RainOfDice+1","sneckomod:UnknownCommonAttack"],"picked":"sneckomod:QuickBite+1","floor":37.0},{"not_picked":["sneckomod:DiceBoulder+1","sneckomod:UnknownUncommonAttack+1"],"picked":"sneckomod:Mudshield+1","floor":38.0},{"not_picked":["sneckomod:PureSnecko+1","sneckomod:SnakeSap+1"],"picked":"sneckomod:UnknownWeak+1","floor":38.0},{"not_picked":["sneckomod:Memorize+1","sneckomod:UnknownColorless+1"],"picked":"sneckomod:SoulDraw+1","floor":39.0},{"not_picked":["sneckomod:QuickBite","sneckomod:IronFang"],"picked":"sneckomod:UnknownBlock+1","floor":39.0},{"not_picked":["sneckomod:SlitherStrike","sneckomod:QuickMove"],"picked":"sneckomod:UnknownStrength+1","floor":43.0},{"not_picked":["sneckomod:UnknownDexterity+1","sneckomod:UnknownBoss+1"],"picked":"sneckomod:SnekBeam+1","floor":43.0},{"not_picked":["sneckomod:DiceCrush+1","sneckomod:RainOfDice+1"],"picked":"sneckomod:DangerNoodle+1","floor":43.0},{"not_picked":["sneckomod:UnknownCommonSkill+1","sneckomod:Unknown2Cost+1"],"picked":"sneckomod:UnknownExhaust+1","floor":44},{"not_picked":["sneckomod:UnknownStrike","sneckomod:UnknownBlock","sneckomod:Nope+1"],"picked":"SKIP","floor":44},{"not_picked":["sneckomod:UnknownCommonSkill+1","sneckomod:SoulRoll","sneckomod:UnknownStrike"],"picked":"SKIP","floor":46},{"not_picked":["sneckomod:UnknownUncommonPower+1","sneckomod:Unknown1Cost","sneckomod:SnakeSap+1"],"picked":"SKIP","floor":48},{"not_picked":["sneckomod:UnknownUncommonPower+1","sneckomod:ImprovisedGuard+1","sneckomod:DiceBlock"],"picked":"SKIP","floor":49},{"not_picked":["sneckomod:UnknownCommonSkill+1","sneckomod:UnknownVulnerable+1"],"picked":"sneckomod:Cheat+1","floor":49},{"not_picked":["sneckomod:UnknownUncommonPower+1","sneckomod:ImprovisedGuard+1","sneckomod:DiceBlock"],"picked":"SKIP","floor":49}],"player_experience":359856,"relics_obtained":[{"floor":6.0,"key":"Mercury Hourglass"},{"floor":12.0,"key":"Frozen Egg 2"},{"floor":13.0,"key":"Singing Bowl"},{"floor":14.0,"key":"Juzu Bracelet"},{"floor":24.0,"key":"Gremlin Horn"},{"floor":29.0,"key":"Oddly Smooth Stone"},{"floor":33.0,"key":"sneckomod:SuperSneckoSoul"},{"floor":38.0,"key":"White Beast Statue"},{"floor":38.0,"key":"Kunai"},{"floor":39.0,"key":"MealTicket"},{"floor":41.0,"key":"Blue Candle"},{"floor":42.0,"key":"Pear"},{"floor":43.0,"key":"sneckomod:SuperSneckoSoul"},{"floor":43.0,"key":"Shuriken"},{"floor":46,"key":"Mummified Hand"},{"floor":49,"key":"Mercury Hourglass"}],"event_choices":[{"damage_healed":0.0,"max_hp_gain":0.0,"max_hp_loss":0.0,"gold_gain":0.0,"event_name":"Wheel of Change","player_choice":"Relic","floor":13.0,"gold_loss":0.0,"damage_taken":0.0},{"damage_healed":0.0,"max_hp_gain":0.0,"max_hp_loss":35.0,"gold_gain":0.0,"event_name":"Vampires","player_choice":"Became a vampire","floor":22.0,"gold_loss":0.0,"damage_taken":0.0,"cards_obtained":["Bite","Bite","Bite","Bite","Bite"]},{"damage_healed":0.0,"max_hp_gain":0.0,"max_hp_loss":0.0,"gold_gain":0.0,"event_name":"Ghosts","player_choice":"Ignored","floor":31.0,"gold_loss":0.0,"damage_taken":0.0}],"is_beta":true,"boss_relics":[{"not_picked":["Coffee Dripper","Black Star"],"picked":"sneckomod:SneckoTalon"},{"not_picked":["Tiny House","Velvet Choker"],"picked":"Sozu"}],"items_purged_floors":[10,44],"is_endless":false,"potions_floor_spawned":[5,6,11,12,16,29,33,39,43,44,46,48,49],"killed_by":"downfall:CharBossMerchant","ascension_level":5}}