{"host":"sian7qp8a9pc9xwd","time":1611919477,"event":{"mods":["BaseMod","Minty Spire (QoL Compilation)","StSLib","SuperFastMode"],"gold_per_floor":[117,117,56,68,82,82,102,11,11,40,57,73,73,23,23,97,97,115,131,230,500,514,514,528,528,528,542,542,26,46,75,75,152,152,166,166,185,35,53,78,98,126,195,210,227,258,258,287,287,287,287,287,54,81,81],"floor_reached":56,"language":"ENG","playtime":4395,"items_purged":["Sadistic Nature"],"score":1985,"play_id":"fb07e037-210a-49db-879e-361da59b96c1","local_time":"20210129062437","is_ascension_mode":true,"campfire_choices":[{"data":"Fusion","floor":6.0,"key":"SMITH"},{"data":"Zap","floor":13.0,"key":"SMITH"},{"data":"Dualcast","floor":15.0,"key":"SMITH"},{"data":"Electrodynamics","floor":23.0,"key":"SMITH"},{"data":"Self Repair","floor":25.0,"key":"SMITH"},{"data":"Doom and Gloom","floor":32.0,"key":"SMITH"},{"data":"Storm","floor":47,"key":"SMITH"},{"floor":49,"key":"RECALL"},{"data":"Meteor Strike","floor":52,"key":"SMITH"}],"circlet_count":0,"master_deck":["AscendersBane","Zap+1","Dualcast+1","Fusion+1","Coolheaded+1","Hologram+1","Doom and Gloom+1","Dark Shackles+1","Consume+1","Electrodynamics+1","Force Field+1","Tempest+1","Self Repair+1","Reinforced Body+1","Self Repair","Amplify+1","Darkness+1","Conserve Battery+1","Steam Power+1","Ball Lightning","Redo+1","Multi-Cast+1","Consume+1","Conserve Battery+1","Glacier+1","Echo Form","Coolheaded+1","Redo+1","Seek+1","Storm+1","Fission+1","Meteor Strike+1","Echo Form","Capacitor","Defragment"],"relics":["Cracked Core","Toxic Egg 2","Oddly Smooth Stone","Eternal Feather","Pandora\u0027s Box","Nloth\u0027s Gift","FossilizedHelix","Runic Capacitor","Toy Ornithopter","Coffee Dripper","Shuriken","Vajra","Pen Nib","Art of War","DollysMirror","Mummified Hand"],"acts_visited":["Exordium","TheCity","TheBeyond","TheEnding"],"potions_floor_usage":[50,55,55],"damage_taken":[{"damage":0.0,"enemies":"2 Louse","floor":1.0,"turns":2.0},{"damage":1.0,"enemies":"Cultist","floor":4.0,"turns":3.0},{"damage":5.0,"enemies":"Small Slimes","floor":5.0,"turns":2.0},{"damage":7.0,"enemies":"Looter","floor":7.0,"turns":3.0},{"damage":32.0,"enemies":"Gremlin Nob","floor":10.0,"turns":5.0},{"damage":5.0,"enemies":"Blue Slaver","floor":11.0,"turns":4.0},{"damage":8.0,"enemies":"Red Slaver","floor":12.0,"turns":4.0},{"damage":24.0,"enemies":"The Guardian","floor":16.0,"turns":10.0},{"damage":28.0,"enemies":"2 Thieves","floor":18.0,"turns":3.0},{"damage":0.0,"enemies":"Chosen","floor":19.0,"turns":3.0},{"damage":0.0,"enemies":"Snake Plant","floor":22.0,"turns":3.0},{"damage":32.0,"enemies":"Centurion and Healer","floor":24.0,"turns":6.0},{"damage":0.0,"enemies":"3 Cultists","floor":27.0,"turns":2.0},{"damage":0.0,"enemies":"Snecko","floor":30.0,"turns":3.0},{"damage":28.0,"enemies":"Slavers","floor":31.0,"turns":4.0},{"damage":10.0,"enemies":"Collector","floor":33.0,"turns":8.0},{"damage":0.0,"enemies":"Orb Walker","floor":35.0,"turns":4.0},{"damage":0.0,"enemies":"3 Darklings","floor":37.0,"turns":4.0},{"damage":7.0,"enemies":"Sphere and 2 Shapes","floor":39.0,"turns":4.0},{"damage":7.0,"enemies":"Giant Head","floor":40.0,"turns":7.0},{"damage":0.0,"enemies":"4 Shapes","floor":41.0,"turns":2.0},{"damage":34.0,"enemies":"Reptomancer","floor":42.0,"turns":5.0},{"damage":11,"enemies":"3 Darklings","floor":44,"turns":2},{"damage":0,"enemies":"Maw","floor":45,"turns":5},{"damage":7,"enemies":"Nemesis","floor":46,"turns":7},{"damage":0,"enemies":"Giant Head","floor":48,"turns":7},{"damage":10,"enemies":"Awakened One","floor":50,"turns":8},{"damage":55,"enemies":"Shield and Spear","floor":54,"turns":7},{"damage":78,"enemies":"The Heart","floor":55,"turns":6}],"seed_played":"-5540324715561287595","potions_obtained":[{"floor":10.0,"key":"Regen Potion"},{"floor":11.0,"key":"Block Potion"},{"floor":16.0,"key":"BlessingOfTheForge"},{"floor":19.0,"key":"PowerPotion"},{"floor":22.0,"key":"DuplicationPotion"},{"floor":27.0,"key":"DuplicationPotion"},{"floor":31.0,"key":"Weak Potion"},{"floor":39.0,"key":"LiquidMemories"},{"floor":42.0,"key":"FearPotion"},{"floor":45,"key":"SkillPotion"},{"floor":54,"key":"Strength Potion"}],"is_trial":false,"path_per_floor":["M","?","?","M","M","R","M","$","T","E","M","M","R","?","R","B",null,"M","M","?","?","M","R","M","R","T","M","?","$","M","E","R","B",null,"M","?","M","$","M","E","M","E","T","M","M","E","R","E","R","B",null,"R","$","E","B",null],"character_chosen":"DEFECT","items_purchased":["Dark Shackles+1","FossilizedHelix","Runic Capacitor","Consume+1","Regen Potion","DollysMirror","Capacitor"],"campfire_rested":0,"item_purchase_floors":[8,29,29,29,38,53,53],"current_hp_per_floor":[64,69,69,68,63,63,56,56,56,24,19,11,20,20,29,5,58,50,50,50,23,23,35,24,36,36,46,46,46,56,47,62,69,74,76,76,76,76,76,76,76,42,42,31,38,58,76,76,76,73,75,76,76,55,29],"gold":81,"neow_bonus":"RANDOM_COLORLESS","is_daily":false,"chose_seed":false,"campfire_upgraded":8,"win_rate":0.0,"timestamp":1611919477,"path_taken":["M","?","?","M","?","R","M","?","T","E","M","M","R","?","R","BOSS","M","M","?","?","?","R","M","R","T","M","?","$","?","E","R","BOSS","M","?","M","$","?","E","M","E","T","M","M","E","R","E","R","BOSS","R","$","E","BOSS"],"items_purchased_type":["Card","Relic","Relic","Card","Potion","Relic","Card"],"build_version":"2020-12-22","purchased_purges":1,"victory":true,"max_hp_per_floor":[71,76,76,76,76,76,76,76,76,76,76,76,76,76,76,76,76,76,76,76,76,76,76,76,76,76,76,76,76,76,76,76,76,76,76,76,76,76,76,76,76,76,76,76,76,76,76,76,76,76,76,76,76,76,76],"card_choices":[{"not_picked":["Enlightenment","Mind Blast"],"picked":"Dramatic Entrance","floor":0.0},{"not_picked":["Beam Cell","Go for the Eyes"],"picked":"Fusion","floor":1.0},{"not_picked":["Go for the Eyes","Fusion+1"],"picked":"Coolheaded+1","floor":4.0},{"not_picked":["Reprogram+1","Recycle+1"],"picked":"Hologram+1","floor":5.0},{"not_picked":["Scrape","Beam Cell"],"picked":"Doom and Gloom","floor":7.0},{"not_picked":["Double Energy+1","Blizzard"],"picked":"Consume+1","floor":10.0},{"not_picked":["Gash","Streamline","Hologram+1"],"picked":"SKIP","floor":11.0},{"not_picked":["Beam Cell","Hologram+1","Fusion+1"],"picked":"SKIP","floor":12.0},{"not_picked":["All For One","Rainbow+1"],"picked":"Electrodynamics","floor":16.0},{"not_picked":["Hello World","Steam Power+1"],"picked":"Conserve Battery+1","floor":18.0},{"not_picked":["Cold Snap","Barrage"],"picked":"Steam Power+1","floor":19.0},{"not_picked":["Auto Shields+1","Gash"],"picked":"Ball Lightning","floor":22.0},{"not_picked":["Steam+1","Heatsinks"],"picked":"Redo+1","floor":24.0},{"not_picked":["Beam Cell","Consume+1"],"picked":"Multi-Cast+1","floor":27.0},{"not_picked":["BootSequence+1","Reprogram+1"],"picked":"Conserve Battery+1","floor":30.0},{"not_picked":["Hologram+1","Aggregate+1"],"picked":"Glacier+1","floor":31.0},{"not_picked":["Reboot+1","Rainbow+1"],"picked":"Echo Form","floor":33.0},{"not_picked":["Stack+1","Turbo+1"],"picked":"Coolheaded+1","floor":35.0},{"not_picked":["Steam+1","Hologram+1"],"picked":"Redo+1","floor":37.0},{"not_picked":["Gash","Doom and Gloom","Coolheaded+1"],"picked":"SKIP","floor":39.0},{"not_picked":["Gash","Ball Lightning+1","Rebound"],"picked":"SKIP","floor":40.0},{"not_picked":["Beam Cell","Fusion+1","Barrage"],"picked":"SKIP","floor":41.0},{"not_picked":["Compile Driver","Scrape+1"],"picked":"Seek+1","floor":42.0},{"not_picked":["Stack+1","Compile Driver","Go for the Eyes"],"picked":"SKIP","floor":44},{"not_picked":["Reinforced Body+1","Redo+1"],"picked":"Storm","floor":45},{"not_picked":["Core Surge","Streamline"],"picked":"Fission+1","floor":46},{"not_picked":["Ball Lightning","Electrodynamics"],"picked":"Meteor Strike","floor":48},{"not_picked":["Core Surge","Conserve Battery+1"],"picked":"Defragment","floor":54}],"player_experience":817103,"relics_obtained":[{"floor":9.0,"key":"Oddly Smooth Stone"},{"floor":10.0,"key":"Eternal Feather"},{"floor":26.0,"key":"Kunai"},{"floor":31.0,"key":"Toy Ornithopter"},{"floor":40.0,"key":"Shuriken"},{"floor":42.0,"key":"Vajra"},{"floor":46,"key":"Pen Nib"},{"floor":48,"key":"Art of War"},{"floor":54,"key":"Mummified Hand"}],"event_choices":[{"damage_healed":0.0,"max_hp_gain":5.0,"max_hp_loss":0.0,"gold_gain":0.0,"event_name":"Big Fish","player_choice":"Donut","floor":2.0,"gold_loss":0.0,"damage_taken":0.0},{"damage_healed":0.0,"max_hp_gain":0.0,"max_hp_loss":0.0,"gold_gain":0.0,"event_name":"WeMeetAgain","player_choice":"Paid Gold","floor":3.0,"gold_loss":61.0,"damage_taken":0.0,"relics_obtained":["Toxic Egg 2"]},{"cards_removed":["Defend_B"],"damage_healed":0.0,"max_hp_gain":0.0,"max_hp_loss":0.0,"gold_gain":0.0,"event_name":"The Cleric","player_choice":"Card Removal","floor":14.0,"gold_loss":50.0,"damage_taken":0.0},{"damage_healed":0.0,"max_hp_gain":0.0,"max_hp_loss":0.0,"gold_gain":99.0,"event_name":"Nest","player_choice":"Stole From Cult","floor":20.0,"gold_loss":0.0,"damage_taken":0.0},{"damage_healed":0.0,"max_hp_gain":0.0,"max_hp_loss":0.0,"gold_gain":270.0,"event_name":"Knowing Skull","player_choice":"GOLD GOLD GOLD ","floor":21.0,"potions_obtained":[],"gold_loss":0.0,"damage_taken":27.0,"cards_obtained":[]},{"damage_healed":0.0,"max_hp_gain":0.0,"max_hp_loss":0.0,"gold_gain":0.0,"event_name":"N\u0027loth","player_choice":"Traded Relic","floor":28.0,"relics_lost":["Kunai"],"gold_loss":0.0,"damage_taken":0.0,"relics_obtained":["Nloth\u0027s Gift"]},{"damage_healed":0.0,"max_hp_gain":0.0,"max_hp_loss":0.0,"gold_gain":0.0,"cards_transformed":["Dramatic Entrance"],"event_name":"Transmorgrifier","player_choice":"Transformed","floor":36.0,"gold_loss":0.0,"damage_taken":0.0,"cards_obtained":["Sadistic Nature"]}],"is_beta":false,"boss_relics":[{"not_picked":["Philosopher\u0027s Stone","Calling Bell"],"picked":"Pandora\u0027s Box"},{"not_picked":["Tiny House","Runic Dome"],"picked":"Coffee Dripper"}],"items_purged_floors":[38],"is_endless":false,"potions_floor_spawned":[10,11,16,19,22,27,30,31,39,42,44,45,48,54],"ascension_level":14}}