{"host":"tdto29i5jv2pd7jf","time":1611900851,"event":{"mods":["BaseMod","Minty Spire (QoL Compilation)"],"gold_per_floor":[109,109,109,125,146,190,190,213,240,260,301,325,325,341,341,434,434,455,455,455,475,485,485,518,518,518,518,538,588,604,284,284,361,361,372,419,419,429,48,48,373,384,384,88,88,88,88,115,115,115],"floor_reached":51,"language":"ENG","playtime":5383,"items_purged":["Clumsy","Injury"],"score":1317,"play_id":"8258453e-5a4d-4a6e-b1b7-1b7e1705f469","local_time":"20210129171411","is_ascension_mode":true,"campfire_choices":[{"data":"Deadly Poison","floor":7,"key":"SMITH"},{"data":"Flechettes","floor":13,"key":"SMITH"},{"data":"Quick Slash","floor":15,"key":"SMITH"},{"floor":23,"key":"REST"},{"data":"Die Die Die","floor":25,"key":"SMITH"},{"floor":27,"key":"REST"},{"data":"Chrysalis","floor":32,"key":"SMITH"},{"data":"Catalyst","floor":40,"key":"SMITH"},{"data":"Wraith Form v2","floor":46,"key":"SMITH"},{"floor":49,"key":"REST"}],"circlet_count":0,"master_deck":["AscendersBane","Strike_G+1","Strike_G+1","Strike_G+1","Strike_G+1","Strike_G+1","Defend_G+1","Defend_G+1","Defend_G+1","Defend_G+1","Defend_G+1","Survivor","Neutralize+1","Quick Slash+1","Deadly Poison+1","Backflip","Calculated Gamble","Flechettes+1","Backflip","Backflip","Deflect","Die Die Die+1","Catalyst+1","Crippling Poison","Dagger Spray+1","Crippling Poison","Deadly Poison","Chrysalis+1","Wraith Form v2+1","Footwork","Deadly Poison","PanicButton","PanicButton","Panacea"],"relics":["Ring of the Snake","Bloody Idol","Bag of Marbles","Art of War","MealTicket","Cursed Key","Paper Crane","Thread and Needle","Busted Crown","WingedGreaves","TwistedFunnel","Potion Belt","Old Coin","Centennial Puzzle","Happy Flower"],"acts_visited":["Exordium","TheCity","TheBeyond"],"potions_floor_usage":[6,6,16,24,24,33,35,36,50,50,50,50,50,50],"damage_taken":[{"damage":1,"enemies":"2 Louse","floor":1,"turns":4},{"damage":0,"enemies":"Jaw Worm","floor":4,"turns":5},{"damage":1,"enemies":"Cultist","floor":5,"turns":4},{"damage":18,"enemies":"Lagavulin","floor":6,"turns":10},{"damage":0,"enemies":"Exordium Wildlife","floor":8,"turns":6},{"damage":0,"enemies":"2 Fungi Beasts","floor":10,"turns":3},{"damage":23,"enemies":"3 Sentries","floor":11,"turns":11},{"damage":1,"enemies":"3 Louse","floor":12,"turns":5},{"damage":6,"enemies":"Gremlin Gang","floor":14,"turns":5},{"damage":10,"enemies":"The Guardian","floor":16,"turns":12},{"damage":21,"enemies":"Spheric Guardian","floor":18,"turns":6},{"damage":12,"enemies":"Chosen","floor":21,"turns":4},{"damage":11,"enemies":"3 Cultists","floor":22,"turns":6},{"damage":25,"enemies":"Slavers","floor":24,"turns":7},{"damage":8,"enemies":"Snake Plant","floor":28,"turns":3},{"damage":1,"enemies":"Centurion and Healer","floor":30,"turns":6},{"damage":16,"enemies":"Automaton","floor":33,"turns":9},{"damage":15,"enemies":"3 Darklings","floor":35,"turns":4},{"damage":30,"enemies":"2 Orb Walkers","floor":36,"turns":6},{"damage":0,"enemies":"Orb Walker","floor":38,"turns":2},{"damage":3,"enemies":"Mind Bloom Boss Battle","floor":41,"turns":5},{"damage":0,"enemies":"3 Darklings","floor":42,"turns":3},{"damage":16,"enemies":"Nemesis","floor":48,"turns":7},{"damage":44,"enemies":"Donu and Deca","floor":50,"turns":10}],"seed_played":"6042513820314082502","potions_obtained":[{"floor":1,"key":"ColorlessPotion"},{"floor":4,"key":"SpeedPotion"},{"floor":12,"key":"SteroidPotion"},{"floor":21,"key":"GamblersBrew"},{"floor":22,"key":"AttackPotion"},{"floor":28,"key":"DistilledChaos"},{"floor":33,"key":"Weak Potion"},{"floor":36,"key":"FairyPotion"},{"floor":38,"key":"EntropicBrew"}],"is_trial":false,"path_per_floor":["M","?","?","M","M","E","R","M","T","M","E","M","R","M","R","B",null,"M","?","?","M","M","R","E","R","T","R","M","?","M","$","R","B",null,"M","?","?","M","$","R","?","M","T","$","?","R","?","E","R","B",null],"character_chosen":"THE_SILENT","items_purchased":["Chrysalis","Dexterity Potion","TwistedFunnel","Potion Belt","Weak Potion","Dexterity Potion","Deadly Poison","PanicButton"],"campfire_rested":3,"item_purchase_floors":[31,31,39,39,39,44,44,44],"current_hp_per_floor":[58,58,63,63,62,44,44,44,44,44,21,20,20,14,14,4,50,29,29,29,22,16,35,15,15,15,34,31,36,40,55,55,44,60,50,25,25,30,45,45,52,57,57,65,55,55,55,44,63,34],"gold":115,"neow_bonus":"UPGRADE_CARD","is_daily":false,"chose_seed":false,"campfire_upgraded":7,"win_rate":0.0,"timestamp":1611900851,"path_taken":["M","?","?","M","M","E","R","M","T","M","E","M","R","M","R","BOSS","M","?","?","M","M","R","E","R","T","R","M","?","?","$","R","BOSS","M","?","?","M","$","R","?","M","T","$","?","R","?","E","R","BOSS"],"items_purchased_type":["Card","Potion","Relic","Relic","Potion","Potion","Card","Card"],"build_version":"2020-12-22","purchased_purges":2,"victory":true,"max_hp_per_floor":[66,60,65,65,65,65,65,65,65,65,65,65,65,65,65,65,65,65,65,65,65,65,65,65,65,65,65,65,65,65,65,65,65,65,65,65,65,65,65,65,65,65,65,65,65,65,65,65,65,65],"card_choices":[{"not_picked":["Concentrate","Bane"],"picked":"Quick Slash","floor":1},{"not_picked":["Slice","Dagger Throw"],"picked":"Deadly Poison","floor":4},{"not_picked":["Prepared","Outmaneuver"],"picked":"Backflip","floor":5},{"not_picked":["Underhanded Strike","Setup"],"picked":"Calculated Gamble","floor":6},{"not_picked":["Phantasmal Killer","Dodge and Roll"],"picked":"Flechettes","floor":8},{"not_picked":["Masterful Stab","Riddle With Holes"],"picked":"Backflip","floor":10},{"not_picked":["Slice","Distraction","Tactician"],"picked":"SKIP","floor":11},{"not_picked":["Riddle With Holes","Outmaneuver"],"picked":"Backflip","floor":12},{"not_picked":["Expertise","Prepared"],"picked":"Deflect","floor":14},{"not_picked":["Wraith Form v2","Unload"],"picked":"Die Die Die","floor":16},{"not_picked":["Acrobatics","Prepared"],"picked":"Catalyst","floor":18},{"not_picked":["Flying Knee","Deflect"],"picked":"Crippling Poison","floor":21},{"not_picked":["Dash","Flechettes"],"picked":"Dagger Spray+1","floor":22},{"not_picked":["Finisher","Setup"],"picked":"Crippling Poison","floor":24},{"not_picked":["Dodge and Roll","Distraction"],"picked":"Deadly Poison","floor":28},{"not_picked":["Catalyst","Tactician","Underhanded Strike"],"picked":"SKIP","floor":30},{"not_picked":["Unload","Night Terror"],"picked":"Wraith Form v2","floor":33},{"not_picked":["Slice"],"picked":"SKIP","floor":35},{"not_picked":[],"picked":"Expertise","floor":36},{"not_picked":["Slice+1"],"picked":"SKIP","floor":38},{"not_picked":[],"picked":"Footwork","floor":41},{"not_picked":["Blade Dance+1"],"picked":"SKIP","floor":42},{"not_picked":[],"picked":"PanicButton","floor":45},{"not_picked":[],"picked":"Panacea","floor":45},{"not_picked":["Skewer"],"picked":"SKIP","floor":48}],"player_experience":910959,"relics_obtained":[{"floor":6,"key":"Bag of Marbles"},{"floor":9,"key":"Art of War"},{"floor":11,"key":"MealTicket"},{"floor":24,"key":"Paper Crane"},{"floor":26,"key":"Thread and Needle"},{"floor":36,"key":"WingedGreaves"},{"floor":41,"key":"Old Coin"},{"floor":43,"key":"Centennial Puzzle"},{"floor":48,"key":"Happy Flower"}],"event_choices":[{"damage_healed":0,"gold_gain":0,"player_choice":"Lose Max HP","damage_taken":0,"relics_obtained":["Golden Idol"],"max_hp_gain":0,"max_hp_loss":6,"event_name":"Golden Idol","floor":2,"gold_loss":0},{"damage_healed":0,"gold_gain":0,"player_choice":"Donut","damage_taken":0,"max_hp_gain":5,"max_hp_loss":0,"event_name":"Big Fish","floor":3,"gold_loss":0},{"damage_healed":0,"gold_gain":0,"player_choice":"Simplicity","damage_taken":0,"max_hp_gain":0,"max_hp_loss":0,"event_name":"Back to Basics","floor":19,"gold_loss":0,"cards_upgraded":["Strike_G","Strike_G","Strike_G","Strike_G","Strike_G","Defend_G","Defend_G","Defend_G","Defend_G","Defend_G"]},{"damage_healed":0,"gold_gain":0,"player_choice":"Gave Idol","damage_taken":0,"relics_obtained":["Bloody Idol"],"max_hp_gain":0,"max_hp_loss":0,"event_name":"Forgotten Altar","floor":20,"relics_lost":["Golden Idol"],"gold_loss":0},{"damage_healed":0,"gold_gain":100,"player_choice":"Bet on Murderer","damage_taken":0,"max_hp_gain":0,"max_hp_loss":0,"event_name":"The Joust","floor":29,"gold_loss":50},{"damage_healed":0,"gold_gain":0,"player_choice":"Fight","damage_taken":0,"max_hp_gain":0,"max_hp_loss":0,"event_name":"Mysterious Sphere","floor":36,"gold_loss":0},{"damage_healed":0,"gold_gain":0,"player_choice":"Ignored","damage_taken":0,"max_hp_gain":0,"max_hp_loss":0,"event_name":"Tomb of Lord Red Mask","floor":37,"gold_loss":0},{"damage_healed":0,"gold_gain":0,"player_choice":"Fight","damage_taken":0,"max_hp_gain":0,"max_hp_loss":0,"event_name":"MindBloom","floor":41,"gold_loss":0},{"damage_healed":0,"gold_gain":0,"player_choice":"Memory 3","damage_taken":10,"max_hp_gain":0,"max_hp_loss":0,"event_name":"SensoryStone","floor":45,"gold_loss":0},{"cards_removed":["Expertise"],"damage_healed":0,"gold_gain":0,"player_choice":"Purged","damage_taken":0,"max_hp_gain":0,"max_hp_loss":0,"event_name":"Purifier","floor":47,"gold_loss":0}],"is_beta":false,"boss_relics":[{"not_picked":["Snecko Eye","HoveringKite"],"picked":"Cursed Key"},{"not_picked":["Coffee Dripper","Calling Bell"],"picked":"Busted Crown"}],"items_purged_floors":[31,44],"is_endless":false,"potions_floor_spawned":[1,4,12,21,22,28,33,36,38,48],"ascension_level":18}}