{"host":"4qkvkh7pd9qr2mca","time":1611939968,"event":{"mods":["AchievementEnabler","Act Like it!","BaseMod","Colored Map","Colored Powertips","Highlight Path","Minty Spire (QoL Compilation)","Pale of the Ancients","Permanent Neow","Quick Restart","Relic Stats","StSLib","SuperFastMode"],"gold_per_floor":[11,25,44,54,64,64,99,99,125,144,144,144,144,169,169,169,169],"floor_reached":16,"language":"ENG","playtime":708,"items_purged":[],"score":274,"play_id":"d2accab7-6ab2-49fb-af4b-2b50afac66c7","local_time":"20210129180608","is_ascension_mode":true,"campfire_choices":[{"floor":6.0,"key":"REST"},{"data":"After Image","floor":8,"key":"SMITH"},{"floor":12,"key":"REST"},{"data":"Predator","floor":15,"key":"SMITH"}],"circlet_count":0,"master_deck":["AscendersBane","Strike_G","Strike_G","Strike_G","Strike_G","Strike_G","Defend_G","Defend_G+1","Defend_G","Defend_G","Defend_G","Survivor","Neutralize","Adrenaline","Predator+1","Setup","All Out Attack+1","Blade Dance","After Image+1","Backflip","Backflip"],"relics":["Ring of the Snake","CaptainsWheel","Bag of Marbles","Potion Belt","Pen Nib"],"acts_visited":["Exordium"],"potions_floor_usage":[7,14,16],"damage_taken":[{"damage":0.0,"enemies":"2 Louse","floor":1.0,"turns":4.0},{"damage":0.0,"enemies":"Small Slimes","floor":2.0,"turns":3.0},{"damage":0.0,"enemies":"Jaw Worm","floor":3.0,"turns":4.0},{"damage":13.0,"enemies":"3 Louse","floor":4.0,"turns":3.0},{"damage":8.0,"enemies":"Lots of Slimes","floor":5.0,"turns":3.0},{"damage":22,"enemies":"3 Sentries","floor":7,"turns":7},{"damage":0,"enemies":"Large Slime","floor":10,"turns":4},{"damage":0,"enemies":"Lagavulin","floor":14,"turns":5},{"damage":28,"enemies":"Slime Boss","floor":16,"turns":10}],"seed_played":"-8172047077130335026","potions_obtained":[{"floor":3.0,"key":"Energy Potion"},{"floor":4.0,"key":"Ancient Potion"},{"floor":5.0,"key":"Strength Potion"},{"floor":7,"key":"DistilledChaos"},{"floor":14,"key":"Swift Potion"}],"is_trial":false,"path_per_floor":["M","M","M","M","M","R","E","R","T","M","?","R","?","E","R","B"],"character_chosen":"THE_SILENT","items_purchased":[],"campfire_rested":2,"item_purchase_floors":[],"current_hp_per_floor":[59,59,59,46,38,57,35,35,35,35,24,43,23,23,23,0,0],"gold":169,"neow_bonus":"THREE_RARE_CARDS","is_daily":false,"chose_seed":false,"campfire_upgraded":2,"win_rate":0.0,"timestamp":1611939968,"path_taken":["M","M","M","M","M","R","E","R","T","M","?","R","?","E","R","BOSS"],"items_purchased_type":[],"build_version":"2020-12-22","purchased_purges":0,"victory":false,"max_hp_per_floor":[66,66,66,66,66,66,66,66,66,66,66,66,66,66,66,66,66],"relic_stats":{"counters":[9,43],"Pen Nib":[1],"obtain_stats":[{"Potion Belt":11,"CaptainsWheel":7,"Pen Nib":14,"Bag of Marbles":9,"Ring of the Snake":0},{"Potion Belt":7,"CaptainsWheel":6,"Pen Nib":8,"Bag of Marbles":6,"Ring of the Snake":0},{"Potion Belt":28,"CaptainsWheel":24,"Pen Nib":33,"Bag of Marbles":24,"Ring of the Snake":0}],"Ring of the Snake":[18]},"card_choices":[{"not_picked":["Grand Finale","Envenom"],"picked":"Adrenaline","floor":0.0},{"not_picked":["Blade Dance","Crippling Poison"],"picked":"Predator","floor":1.0},{"not_picked":["Cloak And Dagger","Concentrate"],"picked":"Setup","floor":2.0},{"not_picked":["Sucker Punch","Poisoned Stab"],"picked":"All Out Attack","floor":3.0},{"not_picked":["Skewer","Cloak And Dagger"],"picked":"Blade Dance","floor":4.0},{"not_picked":["Flechettes","Heel Hook","Underhanded Strike"],"picked":"SKIP","floor":5.0},{"not_picked":["Reflex","Escape Plan"],"picked":"After Image","floor":7},{"not_picked":["Sucker Punch","Bane"],"picked":"Backflip","floor":10},{"not_picked":["Sucker Punch","Skewer"],"picked":"Backflip","floor":14}],"player_experience":584065,"relics_obtained":[{"floor":7,"key":"CaptainsWheel"},{"floor":9,"key":"Bag of Marbles"},{"floor":14,"key":"Pen Nib"}],"event_choices":[{"damage_healed":0,"gold_gain":0,"player_choice":"Success","damage_taken":11,"relics_obtained":["Potion Belt"],"max_hp_gain":0,"max_hp_loss":0,"event_name":"Scrap Ooze","floor":11,"gold_loss":0},{"damage_healed":0,"gold_gain":0,"player_choice":"Entered Light","damage_taken":20,"max_hp_gain":0,"max_hp_loss":0,"event_name":"Shining Light","floor":13,"gold_loss":0,"cards_upgraded":["All Out Attack","Defend_G"]}],"is_beta":false,"boss_relics":[],"items_purged_floors":[],"is_endless":false,"potions_floor_spawned":[3,4,5,7,14],"killed_by":"Slime Boss","ascension_level":20}}