{"host":"0fm1w3v00gid44jl","time":1611942961,"event":{"mods":["AchievementEnabler","BaseMod","Colored Map","Colored Powertips","Displayed Cursed Tome","Downfall","Googly Eyes","Highlight Path","Minty Spire (QoL Compilation)","Permanent Neow","Relic Stats","StSLib","SuperFastMode","slay the spire mod where everything is the same but ironclad has a cowboy hat"],"gold_per_floor":[99,117,117,144,244,270,270,720,720,720,520,533,533,566,579,579,579,579],"floor_reached":16,"language":"ENG","playtime":488,"items_purged":[],"score":122,"play_id":"3f9efdc6-e687-4cae-b514-79c4f0d654ca","local_time":"20210129115601","is_ascension_mode":true,"campfire_choices":[{"data":"bronze:OilSpill","floor":1.0,"key":"SMITH"},{"data":"bronze:Return","floor":11.0,"key":"SMITH"},{"data":"bronze:FineTuning","floor":13.0,"key":"SMITH"}],"circlet_count":0,"master_deck":["bronze:Strike","bronze:Strike","bronze:Strike","bronze:Defend","bronze:Defend","bronze:Defend","bronze:Replicate","bronze:Goto","bronze:OilSpill+1","bronze:Return+1","bronze:CloningBeam+1","bronze:ForLoop","downfall:Icky","downfall:Icky","bronze:FineTuning+1","bronze:Overload","bronze:FineTuning"],"relics":["bronze:BronzeCore","Strawberry","Juzu Bracelet","downfall:HeartBlessingGreen","downfall:HeartBlessingBlue","hexamod:CandleOfCauterizing"],"acts_visited":["Exordium"],"potions_floor_usage":[],"damage_taken":[{"damage":2.0,"enemies":"2 Louse","floor":2.0,"turns":2.0},{"damage":37.0,"enemies":"Gremlin Nob","floor":6.0,"turns":4.0},{"damage":1.0,"enemies":"Jaw Worm","floor":12.0,"turns":3.0},{"damage":22.0,"enemies":"Lagavulin","floor":14.0,"turns":5.0},{"damage":8,"enemies":"Small Slimes","floor":15,"turns":3},{"damage":24,"enemies":"DF_ARCHETYPE_STREAMLINE","floor":16,"turns":3}],"seed_played":"-6902600088677023893","potions_obtained":[{"floor":2.0,"key":"sneckomod:MuddlingPotion"},{"floor":12.0,"key":"Dexterity Potion"},{"floor":14,"key":"AttackPotion"}],"is_trial":false,"path_per_floor":["R","M","?","T","?","E","T","?","?","?","R","M","R","E","M","B"],"character_chosen":"THE_AUTOMATON","items_purchased":[],"campfire_rested":0,"item_purchase_floors":[],"current_hp_per_floor":[63,61,61,68,68,31,31,31,31,31,41,40,40,18,10,0,0,0],"gold":579,"neow_bonus":"TRANSFORM_TWO_CARDS","is_daily":false,"chose_seed":false,"campfire_upgraded":3,"win_rate":0.0,"timestamp":1611942961,"path_taken":["R","M","?","?","?","E","T","?","?","?","R","M","R","E","M","BOSS"],"items_purchased_type":[],"build_version":"2020-12-22","purchased_purges":0,"victory":false,"max_hp_per_floor":[63,63,63,70,70,70,70,70,70,70,80,80,80,80,80,80,80,80],"relic_stats":{"counters":[6,20],"Juzu Bracelet":1,"obtain_stats":[{"hexamod:CandleOfCauterizing":14,"bronze:BronzeCore":0,"downfall:HeartBlessingBlue":11,"Strawberry":4,"downfall:HeartBlessingGreen":11,"Juzu Bracelet":6},{"hexamod:CandleOfCauterizing":4,"bronze:BronzeCore":0,"downfall:HeartBlessingBlue":2,"Strawberry":1,"downfall:HeartBlessingGreen":2,"Juzu Bracelet":2},{"hexamod:CandleOfCauterizing":14,"bronze:BronzeCore":0,"downfall:HeartBlessingBlue":6,"Strawberry":2,"downfall:HeartBlessingGreen":6,"Juzu Bracelet":6}]},"card_choices":[{"not_picked":["bronze:ForLoop","bronze:Overload"],"picked":"bronze:CloningBeam","floor":2.0},{"not_picked":["bronze:Boost","bronze:ChildClass"],"picked":"bronze:ForLoop","floor":6.0},{"not_picked":["bronze:BuggyMess","bronze:Branch"],"picked":"bronze:FineTuning","floor":12.0},{"not_picked":["bronze:BronzeOrb","bronze:DarkDash"],"picked":"bronze:Overload","floor":14},{"not_picked":["bronze:Philosophize","bronze:DelayedGuard"],"picked":"bronze:FineTuning","floor":15}],"player_experience":1505422,"relics_obtained":[{"floor":4.0,"key":"Strawberry"},{"floor":6.0,"key":"Juzu Bracelet"},{"floor":14,"key":"hexamod:CandleOfCauterizing"}],"event_choices":[{"damage_healed":0.0,"max_hp_gain":0.0,"max_hp_loss":0.0,"gold_gain":0.0,"event_name":"Living Wall","player_choice":"Grow","floor":9.0,"gold_loss":0.0,"damage_taken":0.0,"cards_upgraded":["bronze:CloningBeam"]},{"cards_removed":["downfall:Icky"],"damage_healed":0.0,"max_hp_gain":0.0,"max_hp_loss":0.0,"gold_gain":0.0,"event_name":"The Cleric","player_choice":"Card Removal","floor":10.0,"gold_loss":0.0,"damage_taken":0.0}],"is_beta":false,"boss_relics":[],"items_purged_floors":[],"is_endless":false,"potions_floor_spawned":[2,12,14,15],"killed_by":"DF_ARCHETYPE_STREAMLINE","ascension_level":3}}