{"host":"kev6uqotw4tlyx8l","time":1611924828,"event":{"mods":["Act Like it!","Aspiration","BaseMod","Colored Powertips","Dota2Spire","Downfall","Hallownest","Infinite Spire","Marisa????????","Minty Spire (QoL Compilation)","Quick Restart","Remilia??????","Replay The Spire","StSLib","The Cursed","The Jungle","The Marked","The Mystic","The Servant 0.9.4","Yakumo Yukari mod"],"gold_per_floor":[116,131,9,25,25,25,59,59,59,77,92,124,124,141,141,238,238,250,450,460,476,401,401,401,401,401,401,412,422,435,454,454,454,454],"floor_reached":33,"language":"ENG","playtime":919,"items_purged":[],"score":274,"play_id":"cb0b11d5-d0a4-49f7-9365-04fd80f12822","local_time":"20210129195348","is_ascension_mode":true,"campfire_choices":[{"data":"theMarked:SoldierOfQuellstein","floor":6,"key":"SMITH"},{"data":"Panache","floor":8,"key":"SMITH"},{"floor":15,"key":"REST"},{"data":"Panache","floor":23,"key":"SMITH"},{"floor":25,"key":"REST"},{"data":"theMarked:Frustration","floor":27,"key":"SMITH"},{"floor":32,"key":"REST"}],"circlet_count":0,"master_deck":["theMarked:Strike+1","theMarked:Strike+1","theMarked:Strike+1","theMarked:Strike+1","theMarked:Strike+1","theMarked:Defend+1","theMarked:Defend+1","theMarked:Defend+1","theMarked:Defend+1","theMarked:BanishingStrike+1","theMarked:ElectricStrings","Panache+1","Mayhem+1","Panache+1","theMarked:ResourceFulStrike","theMarked:BanishingStrike","theMarked:Memento","theMarked:ResourceFulStrike","theMarked:ChainLightning","theMarked:UnarmedFury","theMarked:ResourceFulStrike","theMarked:ElectricStrings","theMarked:Frustration+1","theMarked:ChainLightning","theMarked:BanishingWave"],"relics":["theMarked:ArtifactOfAir","ReplayTheSpireMod:ShopPack","infinitespire:PuzzleCube","Dota2Spire:ShadowBlade","Lantern","aspiration:HummingbirdHeart","SlaversCollar","Bottled Flame"],"acts_visited":["Exordium","TheCity"],"potions_floor_usage":[7,12,16,31,31,31,33,33,33],"damage_taken":[{"damage":5,"enemies":"infinitespire:Voidling","floor":1,"turns":3},{"damage":1,"enemies":"Cultist","floor":2,"turns":3},{"damage":0,"enemies":"Small Slimes","floor":4,"turns":3},{"damage":15,"enemies":"3 Sentries","floor":7,"turns":4},{"damage":2,"enemies":"Blue Slaver","floor":10,"turns":2},{"damage":0,"enemies":"Exordium Wildlife","floor":11,"turns":3},{"damage":14,"enemies":"Gremlin Nob","floor":12,"turns":3},{"damage":0,"enemies":"Red Slaver","floor":14,"turns":2},{"damage":26,"enemies":"The Guardian","floor":16,"turns":5},{"damage":10,"enemies":"2 Thieves","floor":18,"turns":4},{"damage":4,"enemies":"Shell Parasite","floor":20,"turns":3},{"damage":24,"enemies":"Sentry and Sphere","floor":21,"turns":4},{"damage":7,"enemies":"Centurion and Healer","floor":28,"turns":4},{"damage":19,"enemies":"3 Cultists","floor":29,"turns":5},{"damage":13,"enemies":"Sentry and Sphere","floor":30,"turns":4},{"damage":10,"enemies":"Shelled Parasite and Fungi","floor":31,"turns":3},{"damage":37,"enemies":"Champ","floor":33,"turns":6}],"seed_played":"-8608597959083244683","potions_obtained":[{"floor":1,"key":"Block Potion"},{"floor":10,"key":"LiquidMemories"},{"floor":12,"key":"Dota2Spire:Clarity"},{"floor":16,"key":"Dexterity Potion"},{"floor":20,"key":"PanachePotion"},{"floor":21,"key":"EntropicBrew"}],"is_trial":false,"path_per_floor":["M","M","$","M","?","R","E","R","T","M","M","E","T","M","R","B",null,"M","?","M","M","?","R","?","R","T","R","M","M","M","M","R","B"],"character_chosen":"THE_DEFAULT","items_purchased":["ReplayTheSpireMod:ShopPack"],"campfire_rested":3,"item_purchase_floors":[3],"current_hp_per_floor":[65,64,64,64,50,50,35,35,35,33,33,19,19,19,40,14,70,60,60,56,32,32,32,32,53,53,53,46,27,14,4,25,0,0],"gold":454,"neow_bonus":"RANDOM_EVENT","is_daily":false,"chose_seed":false,"campfire_upgraded":4,"win_rate":0.0,"timestamp":1611924828,"path_taken":["M","?","?","M","?","R","E","R","T","M","M","E","?","M","R","BOSS","M","?","?","M","?","R","?","R","T","R","M","M","M","M","R","BOSS"],"items_purchased_type":["Relic"],"build_version":"2020-12-22","purchased_purges":0,"victory":false,"max_hp_per_floor":[70,70,70,70,70,70,70,70,70,70,70,70,70,70,70,70,70,70,70,70,70,70,70,70,70,70,70,70,70,70,70,70,70,70],"card_choices":[{"not_picked":["theMarked:Aftermath","theMarked:Convert"],"picked":"theMarked:BanishingStrike","floor":1},{"not_picked":["theMarked:RepellingDischarge","theMarked:WastefulAttack"],"picked":"theMarked:ElectricStrings","floor":2},{"not_picked":["Mayhem","Replay:Dark Deal"],"picked":"Panache","floor":3},{"not_picked":["Replay:Sssssssssstrike","Secret Technique"],"picked":"Mayhem","floor":3},{"not_picked":["Sadistic Nature","Finesse"],"picked":"Panache","floor":3},{"not_picked":["theMarked:Aftermath","theMarked:OneWithTheBlade"],"picked":"theMarked:ResourceFulStrike","floor":4},{"not_picked":["theMarked:TakeCover","theMarked:Memento"],"picked":"theMarked:BanishingStrike","floor":7},{"not_picked":["theMarked:EternalStudent","theMarked:Reabsorb"],"picked":"theMarked:Memento","floor":10},{"not_picked":["theMarked:ElectricStrings","theMarked:TunnelVision"],"picked":"theMarked:ResourceFulStrike","floor":11},{"not_picked":["theMarked:CreepingChasm","theMarked:Aftermath","theMarked:TakeCover"],"picked":"SKIP","floor":12},{"not_picked":["theMarked:ElectricStrings","theMarked:TwofoldDefense"],"picked":"theMarked:ChainLightning","floor":14},{"not_picked":["theMarked:FavorableWinds","theMarked:MagusForm"],"picked":"theMarked:UnarmedFury","floor":16},{"not_picked":["theMarked:WastefulAttack","theMarked:Polarize"],"picked":"theMarked:ResourceFulStrike","floor":18},{"not_picked":["theMarked:MuscleMemory","theMarked:Improvise"],"picked":"theMarked:ElectricStrings","floor":20},{"not_picked":["theMarked:TheMission","theMarked:EnhanceMovement"],"picked":"theMarked:Frustration","floor":21},{"not_picked":["theMarked:SwordAndMagic","theMarked:TwofoldDefense"],"picked":"theMarked:ChainLightning","floor":28},{"not_picked":["theMarked:Overcharge+1","theMarked:Parry+1","theMarked:WastefulAttack"],"picked":"SKIP","floor":29},{"not_picked":["theMarked:Improvise","theMarked:ShockingTouch","theMarked:TheMission"],"picked":"SKIP","floor":30},{"not_picked":["theMarked:Electrify","theMarked:Toughness"],"picked":"theMarked:BanishingWave","floor":31}],"player_experience":111584,"relics_obtained":[{"floor":7,"key":"infinitespire:PuzzleCube"},{"floor":9,"key":"Dota2Spire:ShadowBlade"},{"floor":12,"key":"Lantern"},{"floor":13,"key":"aspiration:HummingbirdHeart"},{"floor":26,"key":"Bottled Flame"}],"event_choices":[{"damage_healed":0,"gold_gain":0,"player_choice":"Entered Light","damage_taken":14,"max_hp_gain":0,"max_hp_loss":0,"event_name":"Shining Light","floor":5,"gold_loss":0,"cards_upgraded":["Mayhem","theMarked:BanishingStrike"]},{"damage_healed":0,"gold_gain":250,"player_choice":"Bet on Owner","damage_taken":0,"max_hp_gain":0,"max_hp_loss":0,"event_name":"The Joust","floor":19,"gold_loss":50},{"cards_removed":["theMarked:SoldierOfQuellstein"],"damage_healed":0,"gold_gain":0,"player_choice":"Gave Gold","damage_taken":0,"max_hp_gain":0,"max_hp_loss":0,"event_name":"Beggar","floor":22,"gold_loss":75},{"damage_healed":0,"gold_gain":0,"player_choice":"Simplicity","damage_taken":0,"max_hp_gain":0,"max_hp_loss":0,"event_name":"Back to Basics","floor":24,"gold_loss":0,"cards_upgraded":["theMarked:Strike","theMarked:Strike","theMarked:Strike","theMarked:Strike","theMarked:Strike","theMarked:Defend","theMarked:Defend","theMarked:Defend"]}],"is_beta":false,"boss_relics":[{"not_picked":["Ring of Chaos","Velvet Choker"],"picked":"SlaversCollar"}],"items_purged_floors":[],"is_endless":false,"potions_floor_spawned":[1,10,12,16,20,21,30,31],"killed_by":"Champ","ascension_level":1}}