{"host":"6xsbn6ynqlzwllfm","time":1611961845,"event":{"mods":["2.2 Compatiblity","BaseMod","Bestiary","Colored Map","Colored Powertips","Curses Come First","Highlight Path","Keyboard Shortcuts","Minty Spire (QoL Compilation)","Relic Stats","Slay the Relics Exporter","StSLib","SuperFastMode"],"gold_per_floor":[110,110,129,143,29,56,71,98,98,98,98,98,112,132,132,132,132],"floor_reached":16,"language":"ENG","playtime":467,"items_purged":["Strike_B"],"score":218,"play_id":"a395be81-4140-4a48-8624-ddc26931c01b","local_time":"20210129181045","is_ascension_mode":true,"campfire_choices":[{"floor":10,"key":"REST"},{"data":"Storm","floor":12,"key":"SMITH"},{"data":"Loop","floor":15,"key":"SMITH"}],"circlet_count":0,"master_deck":["AscendersBane","Strike_B","Strike_B","Defend_B","Defend_B","Defend_B","Defend_B","Zap","Dualcast","Storm+1","Sweeping Beam","Steam","Loop+1","Self Repair","Coolheaded","Echo Form","Rebound"],"relics":["Cracked Core","Regal Pillow","Potion Belt","Nunchaku"],"acts_visited":["Exordium"],"potions_floor_usage":[3,6,8,16],"damage_taken":[{"damage":7,"enemies":"Small Slimes","floor":1,"turns":3},{"damage":1,"enemies":"Cultist","floor":3,"turns":3},{"damage":4,"enemies":"Jaw Worm","floor":4,"turns":4},{"damage":24,"enemies":"Lagavulin","floor":6,"turns":7},{"damage":4,"enemies":"Red Slaver","floor":7,"turns":3},{"damage":34,"enemies":"Gremlin Nob","floor":8,"turns":4},{"damage":11,"enemies":"2 Fungi Beasts","floor":13,"turns":4},{"damage":16,"enemies":"Blue Slaver","floor":14,"turns":4},{"damage":51,"enemies":"Hexaghost","floor":16,"turns":9}],"seed_played":"-1319971938786505764","potions_obtained":[{"floor":1,"key":"DuplicationPotion"},{"floor":2,"key":"Energy Potion"},{"floor":2,"key":"DuplicationPotion"},{"floor":6,"key":"FearPotion"},{"floor":8,"key":"Weak Potion"},{"floor":13,"key":"Strength Potion"}],"is_trial":false,"path_per_floor":["M","?","M","M","$","E","M","E","T","R","?","R","M","M","R","B"],"character_chosen":"DEFECT","items_purchased":["Loop"],"campfire_rested":1,"item_purchase_floors":[5],"current_hp_per_floor":[64,64,63,59,59,35,38,11,11,49,49,49,52,50,50,0,0],"gold":132,"neow_bonus":"TEN_PERCENT_HP_BONUS","is_daily":false,"chose_seed":false,"campfire_upgraded":2,"win_rate":0.0,"timestamp":1611961845,"path_taken":["M","?","M","M","?","E","?","E","T","R","?","R","M","M","R","BOSS"],"items_purchased_type":["Card"],"build_version":"2020-12-22","purchased_purges":1,"victory":false,"max_hp_per_floor":[78,78,78,78,78,78,78,78,78,78,78,78,78,78,78,78,78],"relic_stats":{"Regal Pillow":15,"Nunchaku":[1],"counters":[9,40],"obtain_stats":[{"Potion Belt":8,"Regal Pillow":6,"Nunchaku":9,"Cracked Core":0},{"Potion Belt":6,"Regal Pillow":4,"Nunchaku":6,"Cracked Core":0},{"Potion Belt":23,"Regal Pillow":16,"Nunchaku":23,"Cracked Core":0}]},"card_choices":[{"not_picked":["Coolheaded","Conserve Battery"],"picked":"Storm","floor":1},{"not_picked":["Turbo","Hologram"],"picked":"Sweeping Beam","floor":3},{"not_picked":["Sweeping Beam","Fusion"],"picked":"Steam","floor":4},{"not_picked":["Hologram","Machine Learning"],"picked":"Self Repair","floor":6},{"not_picked":["Streamline","Gash"],"picked":"Coolheaded","floor":7},{"not_picked":["Barrage","Stack"],"picked":"Echo Form","floor":8}],"player_experience":1232280,"relics_obtained":[{"floor":6,"key":"Regal Pillow"},{"floor":8,"key":"Potion Belt"},{"floor":9,"key":"Nunchaku"}],"event_choices":[{"damage_healed":0,"gold_gain":0,"player_choice":"Got Potions","damage_taken":0,"max_hp_gain":0,"max_hp_loss":0,"event_name":"Lab","floor":2,"gold_loss":0},{"damage_healed":0,"gold_gain":0,"cards_transformed":["Strike_B"],"player_choice":"Transformed","damage_taken":0,"max_hp_gain":0,"max_hp_loss":0,"event_name":"Transmorgrifier","floor":11,"gold_loss":0,"cards_obtained":["Rebound"]}],"is_beta":false,"boss_relics":[],"items_purged_floors":[5],"is_endless":false,"potions_floor_spawned":[1,6,8,13],"killed_by":"Hexaghost","ascension_level":19}}