{"host":"sav7uxregyirlf69","time":1611926822,"event":{"mods":["AchievementEnabler","BaseMod","Colored Map","DeckTracker","Keyboard Shortcuts","Minty Spire (QoL Compilation)","READ ME - Guardian Mod","StSLib","SuperFastMode"],"gold_per_floor":[115,44,55,74,50,50,64,64,64,64,64,94,19,19,19,19,19],"floor_reached":16,"language":"KOR","playtime":293,"items_purged":["Defend_G"],"score":200,"play_id":"ed893f97-18ad-48f3-a8d3-89fecf458b4a","local_time":"20210129222702","is_ascension_mode":true,"campfire_choices":[{"data":"Terror","floor":6,"key":"SMITH"},{"data":"Footwork","floor":8,"key":"SMITH"},{"data":"Neutralize","floor":11,"key":"SMITH"},{"data":"Cloak And Dagger","floor":15,"key":"SMITH"}],"circlet_count":0,"master_deck":["AscendersBane","Strike_G","Strike_G","Strike_G","Defend_G","Defend_G","Defend_G","Defend_G","Survivor","Neutralize+1","Terror+1","Footwork+1","Cloak And Dagger+1","Cloak And Dagger","Calculated Gamble"],"relics":["Ring of the Snake","Oddly Smooth Stone","Mummified Hand","Question Card"],"acts_visited":["Exordium"],"potions_floor_usage":[5,16],"damage_taken":[{"damage":7,"enemies":"Small Slimes","floor":1,"turns":5},{"damage":3,"enemies":"Cultist","floor":3,"turns":5},{"damage":0,"enemies":"Jaw Worm","floor":4,"turns":4},{"damage":12,"enemies":"Exordium Thugs","floor":5,"turns":4},{"damage":0,"enemies":"2 Fungi Beasts","floor":7,"turns":6},{"damage":10,"enemies":"3 Sentries","floor":12,"turns":19},{"damage":67,"enemies":"Hexaghost","floor":16,"turns":14}],"seed_played":"7691508056851208070","potions_obtained":[{"floor":3,"key":"DistilledChaos"},{"floor":7,"key":"GamblersBrew"}],"is_trial":false,"path_per_floor":["M","?","M","M","M","R","M","R","T","?","R","E","$","?","R","B"],"character_chosen":"THE_SILENT","items_purchased":[],"campfire_rested":0,"item_purchase_floors":[],"current_hp_per_floor":[52,52,49,49,37,37,37,37,37,76,76,66,66,66,66,0,0],"gold":19,"neow_bonus":"TRANSFORM_CARD","is_daily":false,"chose_seed":false,"campfire_upgraded":4,"win_rate":0.0,"timestamp":1611926822,"path_taken":["M","?","?","M","?","R","M","R","T","?","R","E","?","?","R","BOSS"],"items_purchased_type":[],"build_version":"2020-12-22","purchased_purges":1,"victory":false,"max_hp_per_floor":[66,66,66,66,66,66,66,66,66,76,76,76,76,76,76,76,76],"card_choices":[{"not_picked":["Sucker Punch","Poisoned Stab"],"picked":"Footwork","floor":1},{"not_picked":["Calculated Gamble","Dodge and Roll"],"picked":"Cloak And Dagger","floor":3},{"not_picked":["Acrobatics","Underhanded Strike","Catalyst"],"picked":"SKIP","floor":4},{"not_picked":["Footwork","Deadly Poison"],"picked":"Cloak And Dagger","floor":5},{"not_picked":["Quick Slash","Setup"],"picked":"Die Die Die","floor":7},{"not_picked":["Cloak And Dagger","Deflect","PiercingWail"],"picked":"SKIP","floor":12}],"player_experience":1427951,"relics_obtained":[{"floor":9,"key":"Mummified Hand"},{"floor":12,"key":"Question Card"}],"event_choices":[{"damage_healed":0,"gold_gain":0,"player_choice":"Paid Gold","damage_taken":0,"relics_obtained":["Oddly Smooth Stone"],"max_hp_gain":0,"max_hp_loss":0,"event_name":"WeMeetAgain","floor":2,"gold_loss":71},{"cards_removed":["Die Die Die"],"damage_healed":29,"gold_gain":0,"player_choice":"Offered Rare","damage_taken":0,"max_hp_gain":10,"max_hp_loss":0,"event_name":"Bonfire Elementals","floor":10,"gold_loss":0},{"damage_healed":0,"gold_gain":0,"cards_transformed":["Strike_G"],"player_choice":"Change","damage_taken":0,"max_hp_gain":0,"max_hp_loss":0,"event_name":"Living Wall","floor":14,"gold_loss":0,"cards_obtained":["Calculated Gamble"]}],"is_beta":false,"boss_relics":[],"items_purged_floors":[13],"is_endless":false,"potions_floor_spawned":[3,7],"killed_by":"Hexaghost","ascension_level":20}}