{"host":"8srk5r1dwtmjotwd","time":1611948049,"event":{"mods":["AchievementEnabler","Act Like it!","BaseMod","Beaked The Cultist","Bestiary","Better Note","Better Third Choice","Colored Map","Colored Powertips","Friendly Minions","GifTheSpireLib","Halation","Hallownest","Hermit","Hubris","Minty Spire (QoL Compilation)","Quick Restart","Rare Cards Sparkle","Replay The Spire","Shop Mod","StSLib","SuperFastMode","Synergy Search","The Bug Knight","The Construct","The Cursed","The Jungle","Thieving Mod","Yohane!","everything is the same but u backflip on backflip","slay the spire mod where everything is the same but ironclad has a cowboy hat"],"gold_per_floor":[110,121,0,17,28,28,47,47,72,72,150,169,14,14,14,14,14],"floor_reached":16,"language":"ENG","playtime":855,"items_purged":[],"score":117,"play_id":"d3e20049-6c38-460d-a6da-8e181f5a656b","local_time":"20210129142049","is_ascension_mode":false,"campfire_choices":[{"data":"Hemogenesis","floor":6,"key":"SMITH"},{"data":"Limit Break","floor":8,"key":"SMITH"},{"data":"Enlightenment","floor":15,"key":"SMITH"}],"circlet_count":0,"master_deck":["Strike_R","Strike_R","Strike_R","Strike_R","Strike_R","Defend_R","Defend_R","Defend_R","Bash","Replay:Undeath\u0027s Touch+1","Seeing Red","Enlightenment+1","hubris:SharpeningStone+1","Limit Break+1"],"relics":["Burning Blood","Blue Doll","halation:TwoAmDonut","halation:Sosunser"],"acts_visited":["Exordium"],"potions_floor_usage":[12,16],"damage_taken":[{"damage":1,"enemies":"Cultist","floor":1,"turns":3},{"damage":9,"enemies":"Jaw Worm","floor":2,"turns":6},{"damage":0,"enemies":"Small Slimes","floor":4,"turns":3},{"damage":17,"enemies":"Looter","floor":5,"turns":4},{"damage":9,"enemies":"Blue Slaver","floor":7,"turns":4},{"damage":5,"enemies":"Gremlin Gang","floor":12,"turns":3},{"damage":98,"enemies":"Slime Boss","floor":16,"turns":12}],"seed_played":"-4343746501549917214","potions_obtained":[{"floor":2,"key":"SpeedPotion"},{"floor":4,"key":"ColorlessPotion"}],"is_trial":false,"path_per_floor":["M","M","?","M","M","R","M","R","T","?","T","M","$","?","R","B"],"character_chosen":"IRONCLAD","items_purchased":["halation:Sosunser"],"campfire_rested":0,"item_purchase_floors":[13],"current_hp_per_floor":[80,80,86,86,80,80,83,83,83,66,66,67,67,96,96,0,0],"gold":14,"neow_bonus":"TRANSFORM_CARD","is_daily":false,"chose_seed":false,"campfire_upgraded":3,"win_rate":0.0,"timestamp":1611948049,"path_taken":["M","?","?","M","M","R","M","R","T","?","?","M","$","?","R","BOSS"],"items_purchased_type":["Relic"],"build_version":"2020-12-22","purchased_purges":0,"victory":false,"max_hp_per_floor":[80,80,86,86,86,86,86,86,86,86,86,86,86,96,96,96,96],"card_choices":[{"not_picked":["True Grit","Feel No Pain"],"picked":"Replay:Undeath\u0027s Touch","floor":1},{"not_picked":["Evolve","Armaments"],"picked":"Seeing Red","floor":2},{"not_picked":["Pommel Strike","Armaments"],"picked":"hubris:SharpeningStone","floor":4},{"not_picked":["Clash","Clothesline","Run Through"],"picked":"SKIP","floor":5},{"not_picked":["ReplayTheSpireMod:LeadingStrike","hubris:SharpeningStone"],"picked":"Limit Break","floor":7},{"not_picked":["Havoc","Sword Boomerang","ReplayTheSpireMod:Strike From Hell"],"picked":"SKIP","floor":12}],"player_experience":77415,"relics_obtained":[{"floor":9,"key":"Blue Doll"},{"floor":11,"key":"halation:TwoAmDonut"}],"event_choices":[{"damage_healed":0,"gold_gain":0,"player_choice":"RENOUNCE","damage_taken":121,"max_hp_gain":0,"max_hp_loss":0,"event_name":"betterThird:BetterSerpent","floor":3,"gold_loss":121,"cards_obtained":["Enlightenment"]},{"damage_healed":83,"gold_gain":0,"player_choice":"Upgrade","damage_taken":17,"max_hp_gain":0,"max_hp_loss":86,"event_name":"betterThird:BetterShining","floor":10,"gold_loss":0,"cards_upgraded":["Replay:Undeath\u0027s Touch","hubris:SharpeningStone"]},{"cards_removed":["Hemogenesis"],"damage_healed":19,"gold_gain":0,"player_choice":"Offered Rare","damage_taken":0,"max_hp_gain":10,"max_hp_loss":0,"event_name":"Bonfire Elementals","floor":14,"gold_loss":0}],"is_beta":false,"boss_relics":[],"items_purged_floors":[],"is_endless":false,"potions_floor_spawned":[2,4],"killed_by":"Slime Boss","ascension_level":0}}