{"host":"Qube","time":1611891436,"event":{"mods":["AchievementEnabler","BaseMod","Colored Map","Colored Powertips","Highlight Path","Minty Spire (QoL Compilation)","Permanent Neow","Quick Restart","Random Character Button","StSLib"],"gold_per_floor":[366,49,65,65,80,80,111,111,164,179,179,248,258,291,291,390,390,404,454,504,516,69,97,97,132,132,162,180,194,221,3,3,99,99,112,162,212,262,22,22,40,140,140,174,194,221,271,305,305,305,305,305,25,60,60,60],"floor_reached":55,"language":"ENG","playtime":3901,"items_purged":["Clumsy","Strike_B","Strike_B"],"score":984,"play_id":"a7748b75-57e1-4b3c-b292-7477013611e9","local_time":"20210128193716","is_ascension_mode":true,"campfire_choices":[{"data":"Apotheosis","floor":6.0,"key":"SMITH"},{"data":"Zap","floor":8.0,"key":"SMITH"},{"data":"Hologram","floor":15.0,"key":"SMITH"},{"floor":24.0,"key":"RECALL"},{"data":"Ghostly","floor":32.0,"key":"SMITH"},{"data":"Secret Technique","floor":40.0,"key":"SMITH"},{"data":"Ghostly","floor":49.0,"key":"SMITH"},{"data":"Seek","floor":52.0,"key":"SMITH"}],"circlet_count":0,"master_deck":["Strike_B","Defend_B","Defend_B","Defend_B","Defend_B","Zap+1","Dualcast","Tempest","Apotheosis+1","Cold Snap","Conserve Battery","Cold Snap","Steam+1","Consume","Hologram+1","Go for the Eyes","Blizzard","Electrodynamics","Undo","Ghostly+1","Ghostly+1","Ghostly","Ghostly","Ghostly","Self Repair","Go for the Eyes","Auto Shields+1","FTL+1","Reinforced Body+1","Coolheaded","Seek+1","Secret Technique+1","Madness","Madness","Darkness+1","Double Energy","Chaos"],"relics":["Cracked Core","Boot","Potion Belt","SsserpentHead","Akabeko","Coffee Dripper","Vajra","OrangePellets","PreservedInsect","War Paint","Shuriken","Darkstone Periapt","Strawberry","Singing Bowl","Inserter","Bottled Lightning","Emotion Chip","Bottled Tornado","Symbiotic Virus","Ornamental Fan","Lizard Tail","Turnip"],"acts_visited":["Exordium","TheCity","TheBeyond","TheEnding"],"potions_floor_usage":[55,55],"damage_taken":[{"damage":2.0,"enemies":"2 Louse","floor":1.0,"turns":2.0},{"damage":0.0,"enemies":"Cultist","floor":3.0,"turns":3.0},{"damage":0.0,"enemies":"Small Slimes","floor":5.0,"turns":2.0},{"damage":13.0,"enemies":"3 Sentries","floor":7.0,"turns":7.0},{"damage":0.0,"enemies":"Blue Slaver","floor":10.0,"turns":3.0},{"damage":0.0,"enemies":"3 Louse","floor":12.0,"turns":2.0},{"damage":1.0,"enemies":"Exordium Wildlife","floor":13.0,"turns":3.0},{"damage":10.0,"enemies":"Gremlin Nob","floor":14.0,"turns":3.0},{"damage":6.0,"enemies":"The Guardian","floor":16.0,"turns":10.0},{"damage":5.0,"enemies":"Shell Parasite","floor":18.0,"turns":4.0},{"damage":0.0,"enemies":"Chosen","floor":21.0,"turns":3.0},{"damage":0.0,"enemies":"Gremlin Leader","floor":23.0,"turns":5.0},{"damage":3.0,"enemies":"Slavers","floor":25.0,"turns":5.0},{"damage":4.0,"enemies":"Book of Stabbing","floor":27.0,"turns":4.0},{"damage":0.0,"enemies":"Snake Plant","floor":28.0,"turns":4.0},{"damage":0.0,"enemies":"Centurion and Healer","floor":29.0,"turns":7.0},{"damage":4.0,"enemies":"Gremlin Leader","floor":30.0,"turns":5.0},{"damage":4.0,"enemies":"Champ","floor":33.0,"turns":18.0},{"damage":0.0,"enemies":"Orb Walker","floor":35.0,"turns":4.0},{"damage":0.0,"enemies":"3 Shapes","floor":41.0,"turns":4.0},{"damage":0.0,"enemies":"Mind Bloom Boss Battle","floor":42.0,"turns":7.0},{"damage":0.0,"enemies":"Reptomancer","floor":44.0,"turns":6.0},{"damage":10.0,"enemies":"Sphere and 2 Shapes","floor":45.0,"turns":3.0},{"damage":3.0,"enemies":"Nemesis","floor":46.0,"turns":8.0},{"damage":3.0,"enemies":"Giant Head","floor":48.0,"turns":10.0},{"damage":16.0,"enemies":"Awakened One","floor":50.0,"turns":15.0},{"damage":32.0,"enemies":"Shield and Spear","floor":54.0,"turns":4.0},{"damage":6,"enemies":"The Heart","floor":55,"turns":2}],"seed_played":"-3620200412956666577","potions_obtained":[{"floor":7.0,"key":"ColorlessPotion"},{"floor":10.0,"key":"Explosive Potion"},{"floor":12.0,"key":"DuplicationPotion"},{"floor":14.0,"key":"SkillPotion"},{"floor":18.0,"key":"Regen Potion"},{"floor":23.0,"key":"ColorlessPotion"},{"floor":25.0,"key":"Fruit Juice"},{"floor":33.0,"key":"DuplicationPotion"},{"floor":44.0,"key":"SpeedPotion"},{"floor":45.0,"key":"Fire Potion"},{"floor":48.0,"key":"Strength Potion"},{"floor":54.0,"key":"DistilledChaos"}],"is_trial":false,"path_per_floor":["M","$","M","?","M","R","E","R","T","M","?","M","M","E","R","B",null,"M","?","?","M","$","E","R","E","T","E","M","M","E","$","R","B",null,"M","?","?","?","$","R","M","?","T","E","M","E","T","E","R","B",null,"R","$","E","B"],"character_chosen":"DEFECT","items_purchased":["Apotheosis","Cold Snap","Vajra","OrangePellets","Explosive Potion","Singing Bowl","Coolheaded","Bottled Lightning","LiquidBronze","Chaos"],"campfire_rested":0,"item_purchase_floors":[2,2,22,22,22,31,31,39,53,53],"current_hp_per_floor":[73,73,73,66,66,66,53,53,53,53,53,53,52,42,42,36,75,70,37,37,37,37,37,37,37,37,37,37,37,40,40,40,44,44,51,51,51,45,45,45,51,53,53,55,47,59,59,59,59,53,59,59,59,29,23,23],"gold":60,"neow_bonus":"TWO_FIFTY_GOLD","is_daily":false,"chose_seed":false,"campfire_upgraded":7,"win_rate":0.0,"timestamp":1611891436,"path_taken":["M","$","M","?","M","R","E","R","T","M","?","?","M","E","R","BOSS","M","?","?","M","$","E","R","E","T","E","M","M","E","?","R","BOSS","M","?","?","?","$","R","M","?","T","E","M","E","?","E","R","BOSS","R","$","E","BOSS"],"items_purchased_type":["Card","Card","Relic","Relic","Potion","Relic","Card","Relic","Potion","Card"],"build_version":"2020-12-18","purchased_purges":3,"victory":false,"max_hp_per_floor":[75,75,75,75,75,75,75,75,75,75,75,75,75,75,75,75,75,75,37,37,37,37,37,37,37,37,37,37,37,44,44,44,44,44,51,51,51,51,51,51,51,53,53,55,57,59,59,59,59,59,59,59,59,61,61,61],"card_choices":[{"not_picked":["Recycle","Leap"],"picked":"Tempest","floor":1.0},{"not_picked":["Go for the Eyes","Capacitor"],"picked":"Conserve Battery","floor":3.0},{"not_picked":["Turbo","Leap"],"picked":"Cold Snap","floor":5.0},{"not_picked":["Recycle","Consume"],"picked":"Steam","floor":7.0},{"not_picked":["Turbo","Gash"],"picked":"Consume","floor":10.0},{"not_picked":["Steam","Leap"],"picked":"Hologram","floor":12.0},{"not_picked":["Redo","Rebound"],"picked":"Go for the Eyes","floor":13.0},{"not_picked":["Steam","Fusion"],"picked":"Blizzard","floor":14.0},{"not_picked":["Rainbow","Machine Learning"],"picked":"Electrodynamics","floor":16.0},{"not_picked":["Tempest","Gash"],"picked":"Undo","floor":18.0},{"not_picked":["Cold Snap","Sweeping Beam"],"picked":"Go for the Eyes","floor":21.0},{"not_picked":["Leap","Chaos"],"picked":"Auto Shields","floor":23.0},{"not_picked":["Consume","Aggregate","Lockon"],"picked":"SKIP","floor":25.0},{"not_picked":["Rebound+1","Chaos","Leap"],"picked":"SKIP","floor":27.0},{"not_picked":["Beam Cell","Darkness","Cold Snap"],"picked":"SKIP","floor":28.0},{"not_picked":["Barrage","Rip and Tear"],"picked":"FTL+1","floor":29.0},{"not_picked":["Rebound","Leap"],"picked":"Reinforced Body+1","floor":30.0},{"not_picked":["Electrodynamics","Reboot"],"picked":"Seek","floor":33.0},{"not_picked":["Ball Lightning","Sweeping Beam","Beam Cell"],"picked":"Singing Bowl","floor":35.0},{"not_picked":["Good Instincts","Magnetism"],"picked":"Secret Technique","floor":37.0},{"not_picked":["Ball Lightning","Cold Snap+1"],"picked":"Darkness+1","floor":41.0},{"not_picked":["Sweeping Beam","Turbo","Ball Lightning+1"],"picked":"Singing Bowl","floor":42.0},{"not_picked":["Doom and Gloom+1","Gash+1","Hologram+1"],"picked":"Singing Bowl","floor":44.0},{"not_picked":["Gash","Amplify","Steam+1"],"picked":"Singing Bowl","floor":45.0},{"not_picked":["Conserve Battery+1","Gash","Beam Cell"],"picked":"Singing Bowl","floor":46.0},{"not_picked":["Gash+1","Coolheaded"],"picked":"Double Energy","floor":48.0},{"not_picked":["Scrape","Compile Driver+1","Auto Shields"],"picked":"Singing Bowl","floor":54.0}],"player_experience":1007383,"relics_obtained":[{"floor":7.0,"key":"Boot"},{"floor":9.0,"key":"Potion Belt"},{"floor":14.0,"key":"Akabeko"},{"floor":23.0,"key":"PreservedInsect"},{"floor":25.0,"key":"War Paint"},{"floor":26.0,"key":"Shuriken"},{"floor":27.0,"key":"Darkstone Periapt"},{"floor":30.0,"key":"Strawberry"},{"floor":42.0,"key":"Emotion Chip"},{"floor":44.0,"key":"Bottled Tornado"},{"floor":46.0,"key":"Symbiotic Virus"},{"floor":47.0,"key":"Ornamental Fan"},{"floor":48.0,"key":"Lizard Tail"},{"floor":54.0,"key":"Turnip"}],"event_choices":[{"cards_removed":["Strike_B"],"damage_healed":0.0,"max_hp_gain":0.0,"max_hp_loss":0.0,"gold_gain":0.0,"event_name":"Golden Wing","player_choice":"Card Removal","floor":4.0,"gold_loss":0.0,"damage_taken":7.0},{"damage_healed":0.0,"max_hp_gain":0.0,"max_hp_loss":0.0,"gold_gain":0.0,"event_name":"FaceTrader","player_choice":"Trade","floor":11.0,"gold_loss":0.0,"damage_taken":0.0,"relics_obtained":["SsserpentHead"]},{"damage_healed":0.0,"max_hp_gain":0.0,"max_hp_loss":38.0,"gold_gain":0.0,"event_name":"Ghosts","player_choice":"Became a Ghost","floor":19.0,"gold_loss":0.0,"damage_taken":0.0,"cards_obtained":["Ghostly","Ghostly","Ghostly","Ghostly","Ghostly"]},{"damage_healed":0.0,"max_hp_gain":0.0,"max_hp_loss":0.0,"gold_gain":0.0,"event_name":"The Library","player_choice":"Read","floor":20.0,"gold_loss":0.0,"damage_taken":0.0,"cards_obtained":["Self Repair"]},{"damage_healed":0.0,"max_hp_gain":0.0,"max_hp_loss":0.0,"gold_gain":0.0,"event_name":"Tomb of Lord Red Mask","player_choice":"Ignored","floor":36.0,"gold_loss":0.0,"damage_taken":0.0},{"damage_healed":0.0,"max_hp_gain":0.0,"max_hp_loss":0.0,"gold_gain":0.0,"event_name":"SensoryStone","player_choice":"Memory 1","floor":37.0,"gold_loss":0.0,"damage_taken":0.0},{"damage_healed":0.0,"max_hp_gain":0.0,"max_hp_loss":0.0,"gold_gain":0.0,"event_name":"Winding Halls","player_choice":"Embrace Madness","floor":38.0,"gold_loss":0.0,"damage_taken":6.0,"cards_obtained":["Madness","Madness"]},{"damage_healed":0.0,"max_hp_gain":0.0,"max_hp_loss":0.0,"gold_gain":0.0,"event_name":"MindBloom","player_choice":"Fight","floor":42.0,"gold_loss":0.0,"damage_taken":0.0}],"is_beta":true,"boss_relics":[{"not_picked":["Snecko Eye","Nuclear Battery"],"picked":"Coffee Dripper"},{"not_picked":["Busted Crown","FrozenCore"],"picked":"Inserter"}],"items_purged_floors":[2,22,53],"is_endless":false,"potions_floor_spawned":[7,10,12,14,18,23,25,33,44,45,48,54],"killed_by":"The Heart","ascension_level":1}}