{"host":"qbvxbacgnxuisbbe","time":1611935226,"event":{"mods":["Act Like it!","Alarm Clock","Aya Shameimaru","BaseMod","Minty Spire (QoL Compilation)","Morshu Shopkeeper","StSLib","Sumireko Usami"],"gold_per_floor":[114,126,201,212,60,92,92,92,118,18,18,18,28,39,39,140,140,154,187,187,62,62,95,95,95,120,120,140,160,173,188,188,301,301,320,333,145,162,112,112,126,126,126,139,185,194,194,222,222,222],"floor_reached":51,"language":"ENG","playtime":1718,"items_purged":["Strike_P","Strike_P","Strike_P","Vigilance"],"score":770,"play_id":"d91e4341-8115-4132-b118-c39e77927f0f","local_time":"20210129154706","is_ascension_mode":false,"campfire_choices":[{"data":"SashWhip","floor":7.0,"key":"SMITH"},{"data":"Eruption","floor":11.0,"key":"SMITH"},{"data":"WheelKick","floor":15.0,"key":"SMITH"},{"data":"CrushJoints","floor":25.0,"key":"SMITH"},{"data":"SashWhip","floor":27.0,"key":"SMITH"},{"data":"Scrawl","floor":32.0,"key":"SMITH"},{"data":"Vault","floor":40.0,"key":"SMITH"},{"data":"Defend_P","floor":42.0,"key":"SMITH"},{"data":"EmptyFist","floor":47,"key":"SMITH"},{"data":"Defend_P","floor":49,"key":"SMITH"}],"circlet_count":0,"master_deck":["Defend_P+1","Defend_P","Defend_P","Defend_P+1","Eruption+1","SashWhip+1","SashWhip+1","WheelKick+1","CutThroughFate","CrushJoints+1","Scrawl+1","Vault+1","EmptyFist+1","Vault+1"],"relics":["PureWater","Toy Ornithopter","Lantern","Letter Opener","Velvet Choker","Red Mask","Calipers","CeramicFish","Cursed Key","Gambling Chip","Bird Faced Urn"],"acts_visited":["Exordium","TheCity","TheBeyond"],"potions_floor_usage":[45,50],"damage_taken":[{"damage":0.0,"enemies":"2 Louse","floor":1.0,"turns":2.0},{"damage":0.0,"enemies":"Cultist","floor":2.0,"turns":2.0},{"damage":0.0,"enemies":"Small Slimes","floor":4.0,"turns":3.0},{"damage":10.0,"enemies":"Gremlin Nob","floor":6.0,"turns":3.0},{"damage":15.0,"enemies":"Exordium Thugs","floor":13.0,"turns":2.0},{"damage":0.0,"enemies":"Exordium Wildlife","floor":14.0,"turns":2.0},{"damage":0.0,"enemies":"Slime Boss","floor":16.0,"turns":4.0},{"damage":0.0,"enemies":"Chosen","floor":18.0,"turns":1.0},{"damage":0.0,"enemies":"Masked Bandits","floor":19.0,"turns":2.0},{"damage":5.0,"enemies":"Slavers","floor":23.0,"turns":3.0},{"damage":2.0,"enemies":"2 Thieves","floor":28.0,"turns":2.0},{"damage":0.0,"enemies":"Sentry and Sphere","floor":29.0,"turns":2.0},{"damage":0.0,"enemies":"Snecko","floor":30.0,"turns":2.0},{"damage":0.0,"enemies":"3 Cultists","floor":31.0,"turns":2.0},{"damage":78.0,"enemies":"Champ","floor":33.0,"turns":6.0},{"damage":0.0,"enemies":"Orb Walker","floor":35.0,"turns":2.0},{"damage":0.0,"enemies":"3 Darklings","floor":36.0,"turns":3.0},{"damage":0.0,"enemies":"Jaw Worm Horde","floor":38.0,"turns":2.0},{"damage":0.0,"enemies":"Writhing Mass","floor":41.0,"turns":2.0},{"damage":2,"enemies":"3 Darklings","floor":44,"turns":3},{"damage":0,"enemies":"2 Orb Walkers","floor":45,"turns":2},{"damage":0,"enemies":"Giant Head","floor":48,"turns":3},{"damage":69,"enemies":"Time Eater","floor":50,"turns":8}],"seed_played":"4269497712280649256","potions_obtained":[{"floor":2.0,"key":"StancePotion"},{"floor":6.0,"key":"LiquidBronze"},{"floor":13.0,"key":"Block Potion"},{"floor":16.0,"key":"Block Potion"},{"floor":19.0,"key":"Weak Potion"},{"floor":23.0,"key":"Explosive Potion"},{"floor":28.0,"key":"Dexterity Potion"},{"floor":33.0,"key":"Strength Potion"},{"floor":38.0,"key":"DistilledChaos"},{"floor":41.0,"key":"SteroidPotion"}],"is_trial":false,"path_per_floor":["M","M","?","M","$","E","R","?","T","$","R","T","M","M","R","B",null,"M","?","?","$","?","E","?","R","T","R","M","M","M","M","R","B",null,"M","M","$","M","$","R","M","R","T","M","?","?","R","E","R","B",null],"character_chosen":"WATCHER","items_purchased":["WheelKick","EmptyFist","Weak Potion"],"campfire_rested":0,"item_purchase_floors":[5,37,39],"current_hp_per_floor":[79,79,72,72,72,62,62,62,62,62,62,62,47,47,47,47,79,79,79,79,79,79,74,74,74,74,74,72,72,72,72,72,1,79,79,79,79,79,79,79,79,79,79,77,79,79,79,79,79,10],"gold":222,"neow_bonus":"TEN_PERCENT_HP_BONUS","is_daily":false,"chose_seed":false,"campfire_upgraded":10,"win_rate":0.0,"timestamp":1611935226,"path_taken":["M","M","?","?","$","E","R","?","T","?","R","?","M","M","R","BOSS","M","?","?","$","?","E","?","R","T","R","M","M","?","M","R","BOSS","M","M","$","M","$","R","M","R","T","M","?","?","R","E","R","BOSS"],"items_purchased_type":["Card","Card","Potion"],"build_version":"2020-12-22","purchased_purges":4,"victory":true,"max_hp_per_floor":[79,79,79,79,79,79,79,79,79,79,79,79,79,79,79,79,79,79,79,79,79,79,79,79,79,79,79,79,79,79,79,79,79,79,79,79,79,79,79,79,79,79,79,79,79,79,79,79,79,79],"card_choices":[{"not_picked":["CutThroughFate","PathToVictory"],"picked":"SashWhip","floor":1.0},{"not_picked":["DeceiveReality","SignatureMove","Evaluate"],"picked":"SKIP","floor":2.0},{"not_picked":["ClearTheMind","JustLucky"],"picked":"SashWhip","floor":4.0},{"not_picked":["ClearTheMind","Collect"],"picked":"CutThroughFate","floor":6.0},{"not_picked":["Swivel","Halt","WreathOfFlame"],"picked":"SKIP","floor":13.0},{"not_picked":["Crescendo","PathToVictory","JustLucky"],"picked":"SKIP","floor":14.0},{"not_picked":["Halt","Protect","Evaluate"],"picked":"SKIP","floor":18.0},{"not_picked":["Evaluate","Prostrate"],"picked":"CrushJoints","floor":19.0},{"not_picked":["Wish","Protect","EmptyFist"],"picked":"SKIP","floor":23.0},{"not_picked":["SandsOfTime","SignatureMove","PathToVictory"],"picked":"SKIP","floor":28.0},{"not_picked":["ThirdEye+1","BowlingBash","Worship"],"picked":"SKIP","floor":29.0},{"not_picked":["Vengeance","CrushJoints+1","LikeWater"],"picked":"SKIP","floor":30.0},{"not_picked":["Consecrate+1","CarveReality+1","Indignation+1"],"picked":"SKIP","floor":31.0},{"not_picked":["ConjureBlade","Devotion"],"picked":"Vault","floor":33.0},{"not_picked":["FearNoEvil+1","CarveReality","BattleHymn"],"picked":"SKIP","floor":35.0},{"not_picked":["CutThroughFate+1","Consecrate+1","ClearTheMind+1"],"picked":"SKIP","floor":36.0},{"not_picked":["Consecrate","FlurryOfBlows","ThirdEye"],"picked":"SKIP","floor":38.0},{"not_picked":["Nirvana+1","EmptyFist","FollowUp+1"],"picked":"SKIP","floor":41.0},{"not_picked":["WaveOfTheHand+1","Brilliance","Consecrate"],"picked":"SKIP","floor":44},{"not_picked":["WaveOfTheHand","Brilliance","Swivel+1"],"picked":"SKIP","floor":48}],"player_experience":159052,"relics_obtained":[{"floor":6.0,"key":"Toy Ornithopter"},{"floor":9.0,"key":"Lantern"},{"floor":12.0,"key":"Letter Opener"},{"floor":19.0,"key":"Red Mask"},{"floor":23.0,"key":"Calipers"},{"floor":26.0,"key":"CeramicFish"},{"floor":45,"key":"Gambling Chip"},{"floor":48,"key":"Bird Faced Urn"}],"event_choices":[{"damage_healed":0.0,"max_hp_gain":0.0,"max_hp_loss":0.0,"gold_gain":75.0,"event_name":"FaceTrader","player_choice":"Touch","floor":3.0,"gold_loss":0.0,"damage_taken":7.0},{"damage_healed":0.0,"max_hp_gain":0.0,"max_hp_loss":0.0,"gold_gain":0.0,"event_name":"The Woman in Blue","player_choice":"Bought 0 Potions","floor":8.0,"gold_loss":0.0,"damage_taken":0.0},{"damage_healed":0.0,"max_hp_gain":0.0,"max_hp_loss":0.0,"gold_gain":0.0,"event_name":"Masked Bandits","player_choice":"Fought Bandits","floor":19.0,"gold_loss":0.0,"damage_taken":0.0},{"damage_healed":0.0,"max_hp_gain":0.0,"max_hp_loss":0.0,"gold_gain":0.0,"event_name":"The Mausoleum","player_choice":"Ignored","floor":20.0,"gold_loss":0.0,"damage_taken":0.0},{"damage_healed":0.0,"max_hp_gain":0.0,"max_hp_loss":0.0,"gold_gain":0.0,"event_name":"Ghosts","player_choice":"Ignored","floor":22.0,"gold_loss":0.0,"damage_taken":0.0},{"damage_healed":0.0,"max_hp_gain":0.0,"max_hp_loss":0.0,"gold_gain":0.0,"cards_transformed":["Strike_P"],"event_name":"Transmorgrifier","player_choice":"Transformed","floor":24.0,"gold_loss":0.0,"damage_taken":0.0,"cards_obtained":["Scrawl"]},{"damage_healed":0,"gold_gain":0,"player_choice":"Fight","damage_taken":0,"max_hp_gain":0,"max_hp_loss":0,"event_name":"Mysterious Sphere","floor":45,"gold_loss":0},{"damage_healed":0,"gold_gain":0,"player_choice":"Copied","damage_taken":0,"max_hp_gain":0,"max_hp_loss":0,"event_name":"Duplicator","floor":46,"gold_loss":0,"cards_obtained":["Vault"]}],"is_beta":false,"boss_relics":[{"not_picked":["Runic Pyramid","Runic Dome"],"picked":"Velvet Choker"},{"not_picked":["Fusion Hammer","Calling Bell"],"picked":"Cursed Key"}],"items_purged_floors":[5,10,21,37],"is_endless":false,"potions_floor_spawned":[2,6,13,16,19,23,28,33,38,41,44],"ascension_level":0}}