{"host":"eaiphzh066bwqdh7","time":1611884112,"event":{"mods":["BaseMod","Better Note","Halation","Hubris","Minty Spire (QoL Compilation)","Reliquary","Replay The Spire","StSLib"],"gold_per_floor":[117,217,231,231,231,231,231,6,30,30,62,81,81,100,100,203,203,213,213,224,224,224],"floor_reached":21,"language":"ENG","playtime":758,"items_purged":["Strike_B"],"score":195,"play_id":"f4e4f6b2-80b7-41d3-af70-7184458dfbb1","local_time":"20210128203512","is_ascension_mode":true,"campfire_choices":[{"data":"FIFO Queue","floor":6,"key":"SMITH"},{"data":"Zap","floor":10,"key":"SMITH"},{"floor":13,"key":"REST"},{"data":"White Noise","floor":15,"key":"SMITH"}],"circlet_count":0,"master_deck":["Strike_B","Strike_B","Defend_B","Defend_B","Defend_B","Defend_B","Zap+1","Dualcast","FIFO Queue+1","Cold Snap","White Noise+1","Self Repair","Redo","Rainbow","Ball Lightning","Self Repair"],"relics":["Cracked Core","Vajra","reliquary:JackalopeAntler","ReplayTheSpireMod:TigerMarble","Replay:Wax Seal","halation:LettersToHer","hubris:ScarierMask","halation:PinkSoulGem"],"acts_visited":["Exordium","TheCity"],"potions_floor_usage":[12,16,21,21],"damage_taken":[{"damage":4,"enemies":"Jaw Worm","floor":1,"turns":5},{"damage":0,"enemies":"Cultist","floor":3,"turns":3},{"damage":18,"enemies":"Gremlin Nob","floor":11,"turns":4},{"damage":0,"enemies":"2 Louse","floor":12,"turns":2},{"damage":2,"enemies":"Exordium Wildlife","floor":14,"turns":5},{"damage":40,"enemies":"The Guardian","floor":16,"turns":10},{"damage":40,"enemies":"Shell Parasite","floor":18,"turns":5},{"damage":22,"enemies":"Spheric Guardian","floor":20,"turns":4},{"damage":29,"enemies":"Snecko","floor":21,"turns":5}],"seed_played":"-9057626214607394624","potions_obtained":[{"floor":1,"key":"SkillPotion"},{"floor":11,"key":"CultistPotion"},{"floor":16,"key":"Dexterity Potion"},{"floor":20,"key":"Block Potion"}],"is_trial":false,"path_per_floor":["M","?","M","?","T","R","?","$","T","R","E","M","R","M","R","B",null,"M","?","M","M"],"character_chosen":"DEFECT","items_purchased":["ReplayTheSpireMod:TigerMarble"],"campfire_rested":1,"item_purchase_floors":[8],"current_hp_per_floor":[71,71,71,71,71,71,71,71,71,71,53,53,75,75,75,42,75,42,42,27,0,0],"gold":224,"neow_bonus":"RANDOM_COMMON_RELIC","is_daily":false,"chose_seed":false,"campfire_upgraded":3,"win_rate":0.0,"timestamp":1611884112,"path_taken":["M","?","?","?","?","R","?","?","T","R","E","M","R","?","R","BOSS","M","?","M","M"],"items_purchased_type":["Relic"],"build_version":"2020-12-22","purchased_purges":1,"victory":false,"max_hp_per_floor":[75,75,75,75,75,75,75,75,75,75,75,75,75,75,75,75,75,75,75,75,75,75],"card_choices":[{"not_picked":["Steam","Conserve Battery"],"picked":"FIFO Queue","floor":1},{"not_picked":["Reprogram","Ball Lightning"],"picked":"Cold Snap","floor":3},{"not_picked":["Auto Shields","hubris:PowerSurge"],"picked":"White Noise","floor":11},{"not_picked":["Streamline","Coolheaded"],"picked":"Self Repair","floor":12},{"not_picked":["Sweeping Beam","ReplaySort"],"picked":"Redo","floor":14},{"not_picked":["Buffer","Echo Form"],"picked":"Rainbow","floor":16},{"not_picked":["Go for the Eyes","Cold Snap"],"picked":"Ball Lightning","floor":18},{"not_picked":["Conserve Battery","Go for the Eyes"],"picked":"Self Repair","floor":20}],"player_experience":205493,"relics_obtained":[{"floor":5,"key":"reliquary:JackalopeAntler"},{"floor":9,"key":"Replay:Wax Seal"},{"floor":11,"key":"halation:LettersToHer"}],"event_choices":[{"damage_healed":0,"gold_gain":100,"player_choice":"Pray","damage_taken":0,"max_hp_gain":0,"max_hp_loss":0,"event_name":"Golden Shrine","floor":2,"gold_loss":0},{"damage_healed":0,"gold_gain":0,"player_choice":"Ignored","damage_taken":0,"max_hp_gain":0,"max_hp_loss":0,"event_name":"Liars Game","floor":4,"gold_loss":0},{"cards_removed":["Strike_B"],"damage_healed":0,"gold_gain":0,"player_choice":"Forget","damage_taken":0,"max_hp_gain":0,"max_hp_loss":0,"event_name":"Living Wall","floor":7,"gold_loss":0}],"is_beta":false,"boss_relics":[{"not_picked":["halation:Yufonium","ReplayTheSpireMod:DimensionalGlitch"],"picked":"hubris:ScarierMask"}],"items_purged_floors":[8],"is_endless":false,"potions_floor_spawned":[1,11,16,20],"killed_by":"Snecko","ascension_level":2}}