{"host":"63beink0jfv5ch5g","time":1611887760,"event":{"mods":["ATMod(∞¢Ë™Mod)","AchievementEnabler","Act Like it!","Aspiration","BaseMod","CapriCore","Conspire","Gensokyo","GungeonMod","Hallownest","Marisa£®ÏF”Í°°ƒß¿Ì…≥£©","Minty Spire (QoL Compilation)","MostiFishMod","Pale of the Ancients","Quick Restart","Reimu£®≤©¿ˆ¡È√Œ£©","Remilia£®¿Ÿ√◊¿Ú—«£©","Replay The Spire","SOS£®Àπ∞Õ¥Ô÷Æ◊”£©","Shop Mod","StSLib","The Bug Knight","The Servant 0.9.4","Waifu the Spire","Youmu£®ªÍ∆«—˝√Œ£©","ÛÙª÷∏ƒœ"],"gold_per_floor":[119,119,137,170,188,222,222,235,235,252,252,252,282,63,63,162,162,176,636,647,647,647,647,659,687,687,697,729,69,105,122,122,224,224,241,241,257,275,319,352,93,126,178,178,178,198,225,154,154,154,154,154],"floor_reached":51,"language":"ZHS","playtime":3817,"items_purged":["Defend_Lin:ReiMu"],"score":1202,"play_id":"9e99fb20-670c-4f1b-970f-2db0b47901d1","local_time":"20210129103600","is_ascension_mode":false,"campfire_choices":[{"data":"MikOfLucky:ReiMu","floor":7.0,"key":"SMITH"},{"data":"InherentArray:ReiMu","floor":11.0,"key":"SMITH"},{"data":"Gathering:ReiMu","floor":15.0,"key":"SMITH"},{"data":"CardOfSanctity:ReiMu","floor":23.0,"key":"SMITH"},{"data":"UniversalSpiritual:ReiMu","floor":32.0,"key":"SMITH"},{"floor":45.0,"key":"RECALL"},{"data":"OctopathBindingBorder2:ReiMu","floor":49.0,"key":"SMITH"}],"circlet_count":0,"master_deck":["Strike_Lin:ReiMu","Strike_Lin:ReiMu+1","Strike_Lin:ReiMu+1","Strike_Lin:ReiMu","Defend_Lin:ReiMu","Defend_Lin:ReiMu","Defend_Lin:ReiMu","NB:ReiMu","Stagnation:ReiMu","AT_FamilyPortrait","UniversalSpiritual:ReiMu+1","SpreadBorder2:ReiMu","MikOfLucky:ReiMu+1","Meditation:ReiMu","YinYangSange:ReiMu","InherentArray:ReiMu+1","Gathering:ReiMu+1","NineCharacters:ReiMu","DependentForm:ReiMu+1","WonderfulDomain:ReiMu","CardOfSanctity:ReiMu+1","Conquer:ReiMu+1","Shading:ReiMu","SubAcupoint:ReiMu","WonderfulDomain:ReiMu+1","Panache","SpreadBorder2:ReiMu","YinYang:ReiMu","RainPray2:ReiMu+1","AlertArray:ReiMu+1","CollectionFlower2:ReiMu+1","SpiritualOutbreak2:ReiMu+1","PhosphorusFlame:ReiMu","OctopathBindingBorder2:ReiMu+1"],"relics":["FlyPower:ReiMu","DaveBox","AT_ATBox","FeatherPendant","SynthV:TestCard","Pocketwatch","Regal Pillow","Replay:WaspNest","Hallownest:DreamNailRelic","Replay:Rubber Ducky","RhineCircuit","Hallownest:WatcherSealRelic","Replay:Kaleidoscope","AT_BellowingDragoncrestRing","AT_SilvercatRing","Lee\u0027s Waffle","AT_BladeRuinedKing","DemoMod:BlueGuonStone","CrazyTorch:ReiMu","Pen Nib","Whetstone","DemoMod:GlassGuonStoneRelic","Centennial Puzzle","paleoftheancients:Timepiece","paleoftheancients:KeyRelic","Ice Cream"],"acts_visited":["Exordium","Hallownest:Greenpath","Hallownest:CityofTears","Hallownest:KingdomsEdge"],"potions_floor_usage":[],"damage_taken":[{"damage":0.0,"enemies":"Hallownest:2_Baldur","floor":1.0,"turns":2.0},{"damage":0.0,"enemies":"Hallownest:2_MossCreeps","floor":3.0,"turns":1.0},{"damage":0.0,"enemies":"conspire:MimicChest","floor":4.0,"turns":2.0},{"damage":2.0,"enemies":"2_ Uuma","floor":5.0,"turns":4.0},{"damage":1.0,"enemies":"Hallownest:eliteVengeflyKing","floor":6.0,"turns":4.0},{"damage":1.0,"enemies":"Hallownest:monsterMossCharger","floor":8.0,"turns":3.0},{"damage":0.0,"enemies":"Hallownest:monsterAspidMother","floor":10.0,"turns":4.0},{"damage":5.0,"enemies":"Hallownest:2_Tiktiks_1_Baldur_1_Crawlid","floor":13.0,"turns":6.0},{"damage":3.0,"enemies":"Hallownest:BossHornet","floor":16.0,"turns":8.0},{"damage":1.0,"enemies":"Hallownest:2_Mistakes","floor":18.0,"turns":5.0},{"damage":0.0,"enemies":"Hallownest:Guard_and_Sentry","floor":20.0,"turns":4.0},{"damage":0.0,"enemies":"Hallownest:monsterShrumalOgre","floor":24.0,"turns":5.0},{"damage":1.0,"enemies":"Hallownest:eliteWatcherKnight","floor":25.0,"turns":10.0},{"damage":0.0,"enemies":"Hallownest:2_Flukemon","floor":27.0,"turns":5.0},{"damage":3.0,"enemies":"Hallownest:Nosk","floor":28.0,"turns":5.0},{"damage":7.0,"enemies":"Hallownest:Glutton_and_Coward","floor":30.0,"turns":2.0},{"damage":0.0,"enemies":"Hallownest:Master_and_Novice","floor":31.0,"turns":4.0},{"damage":0.0,"enemies":"Hallownest:BossGrimm","floor":33.0,"turns":4.0},{"damage":11.0,"enemies":"Hallownest:2_Littles","floor":35.0,"turns":4.0},{"damage":0.0,"enemies":"Hallownest:Shield_Heavy","floor":37.0,"turns":4.0},{"damage":0.0,"enemies":"Hallownest:2_Soldiers_and_1_Guardian","floor":38.0,"turns":4.0},{"damage":4.0,"enemies":"Hallownest:eliteHiveKnight","floor":40.0,"turns":4.0},{"damage":6.0,"enemies":"Hallownest:StalkingDevout","floor":42.0,"turns":4.0},{"damage":0.0,"enemies":"Hallownest:Shield_Sturdy","floor":46.0,"turns":2.0},{"damage":0.0,"enemies":"Hallownest:eliteCollector","floor":47.0,"turns":5.0},{"damage":0.0,"enemies":"Hallownest:Radiance","floor":50.0,"turns":5.0},{"damage":0,"enemies":"","floor":51,"turns":1}],"seed_played":"799883699147521565","potions_obtained":[{"floor":1.0,"key":"Elixir"},{"floor":5.0,"key":"LiquidBronze"},{"floor":8.0,"key":"Elixir"},{"floor":13.0,"key":"Adrenaline Potion"},{"floor":28.0,"key":"LiquidFlight:ReiMu"},{"floor":33.0,"key":"GrandPatriotsElixir:ReiMu"}],"is_trial":false,"path_per_floor":["M","?","M","?","M","E","R","M","T","M","R","?","M","$","R","B",null,"M","?","M","?","?","R","M","E","T","M","E","$","M","M","R","B",null,"M","?","M","M","?","E","$","E","T","?","R","M","E","$","R","B","M"],"character_chosen":"REIMU","items_purchased":["NineCharacters:ReiMu","Replay:Rubber Ducky","AT_SilvercatRing","Panache","Lee\u0027s Waffle","CrazyTorch:ReiMu","OctopathBindingBorder2:ReiMu"],"campfire_rested":0,"item_purchase_floors":[14,14,29,29,29,41,48],"current_hp_per_floor":[65,65,65,65,63,62,62,61,61,61,61,61,56,56,56,53,65,64,64,64,64,65,65,65,64,64,64,61,72,65,65,65,65,72,72,72,72,72,44,40,40,34,34,41,41,41,41,41,41,72,72,72],"gold":154,"neow_bonus":"THREE_ENEMY_KILL","is_daily":false,"chose_seed":false,"campfire_upgraded":6,"win_rate":0.0,"timestamp":1611887760,"path_taken":["M","?","?","?","M","E","R","M","T","M","R","?","?","$","R","BOSS","M","?","M","?","?","R","M","E","T","?","E","?","M","?","R","BOSS","M","?","M","M","?","E","$","E","T","?","R","?","E","?","R","BOSS","M"],"items_purchased_type":["Card","Relic","Relic","Card","Relic","Relic","Card"],"build_version":"2020-12-22","purchased_purges":1,"victory":false,"max_hp_per_floor":[65,65,65,65,65,65,65,65,65,65,65,65,65,65,65,65,65,65,65,65,65,65,65,65,65,65,65,65,72,72,72,72,72,72,72,72,72,72,72,72,72,72,72,72,72,72,72,72,72,72,72,72],"card_choices":[{"not_picked":["SubcavityInstant:ReiMu","ManaGlint:ReiMu"],"picked":"UniversalSpiritual:ReiMu","floor":1.0},{"not_picked":["Amulet:ReiMu","CareerPray:ReiMu","OrbThrow:ReiMu","SpringWay:ReiMu"],"picked":"SpreadBorder2:ReiMu","floor":3.0},{"not_picked":["Enchanting:ReiMu","CareerPray:ReiMu","SubAcupoint:ReiMu","BarrageOfMoneybags:ReiMu"],"picked":"MikOfLucky:ReiMu","floor":4.0},{"not_picked":["SubcavityInstant:ReiMu","CareerPray:ReiMu","SafetyPray:ReiMu","KyokaiOfKami:ReiMu"],"picked":"Meditation:ReiMu","floor":6.0},{"not_picked":["CareerPray:ReiMu","WonderfulDomain:ReiMu","Enchanting:ReiMu","SubAcupoint:ReiMu"],"picked":"YinYangSange:ReiMu","floor":8.0},{"not_picked":["RainPray2:ReiMu","BarrageOfMoneybags:ReiMu","SpringWay:ReiMu","SpreadBorder2:ReiMu"],"picked":"InherentArray:ReiMu","floor":10.0},{"not_picked":["Meditation:ReiMu","AlertArray:ReiMu","Intuition:ReiMu","TightArray:ReiMu"],"picked":"Gathering:ReiMu","floor":13.0},{"not_picked":["KamiRite:ReiMu","CleanRite:ReiMu","PrayRite:ReiMu","Shading:ReiMu"],"picked":"DependentForm:ReiMu","floor":16.0},{"not_picked":["EmergencyTakeOff:ReiMu","SubAcupoint:ReiMu+1","SubcavityInstant:ReiMu","NineCharacters:ReiMu"],"picked":"WonderfulDomain:ReiMu","floor":18.0},{"not_picked":["CareerPray:ReiMu","UniversalSpiritual:ReiMu","SubcavityInstant:ReiMu+1","EmergencyTakeOff:ReiMu"],"picked":"CardOfSanctity:ReiMu","floor":20.0},{"not_picked":["Crusade:ReiMu+1","ForcedLanding:ReiMu","SpringWay:ReiMu","Revelation:ReiMu"],"picked":"Conquer:ReiMu+1","floor":24.0},{"not_picked":["CollectionFlower2:ReiMu","InherentArray:ReiMu","Dreaming2:ReiMu","Amulet:ReiMu"],"picked":"Shading:ReiMu","floor":25.0},{"not_picked":["PrepareRite:ReiMu","SafetyPray:ReiMu","CardOfSanctity:ReiMu","UpKicking:ReiMu"],"picked":"SubAcupoint:ReiMu","floor":27.0},{"not_picked":["DoubleButterfly:ReiMu","SpreadBorder2:ReiMu","LearningPray:ReiMu","SubAcupoint:ReiMu"],"picked":"WonderfulDomain:ReiMu+1","floor":28.0},{"not_picked":["SafetyPray:ReiMu","EmergencyTakeOff:ReiMu+1","AirStrike:ReiMu","Intuition:ReiMu"],"picked":"SpreadBorder2:ReiMu","floor":30.0},{"not_picked":["UpKicking:ReiMu","Enchanting:ReiMu","NineCharacters:ReiMu","EmergencyTakeOff:ReiMu+1","BarrageOfMoneybags:ReiMu+1"],"picked":"SKIP","floor":31.0},{"not_picked":["KyokaiOfKami:ReiMu","DependentForm:ReiMu","OctopathSalyBorderN:ReiMu","CardOfSanctity:ReiMu"],"picked":"YinYang:ReiMu","floor":33.0},{"not_picked":["SubAcupoint:ReiMu","EmergencyTakeOff:ReiMu","TakeOff:ReiMu","Revelation:ReiMu+1"],"picked":"RainPray2:ReiMu+1","floor":35.0},{"not_picked":["SubAcupoint:ReiMu+1","WonderfulDomain:ReiMu+1","ManaGlint:ReiMu","EmergencyTakeOff:ReiMu"],"picked":"AlertArray:ReiMu+1","floor":37.0},{"not_picked":["FineLineFantasy:ReiMu","Meditation:ReiMu","Enchanting:ReiMu+1","WonderfulDomain:ReiMu+1","YinYangSign:ReiMu"],"picked":"SKIP","floor":38.0},{"not_picked":["WonderfulDomain:ReiMu+1","CeremonyResonance:ReiMu","FantasyMoon:ReiMu","SpringWay:ReiMu+1"],"picked":"CollectionFlower2:ReiMu+1","floor":39.0},{"not_picked":["TightArray:ReiMu+1","SafetyPray:ReiMu+1","AirManeuver:ReiMu+1","SealNeedle:ReiMu"],"picked":"SpiritualOutbreak2:ReiMu+1","floor":40.0},{"not_picked":["CareerPray:ReiMu","Enchanting:ReiMu+1","SubcavityInstant:ReiMu","Shading:ReiMu","CollectionFlower2:ReiMu"],"picked":"SKIP","floor":42.0},{"not_picked":["Meditation:ReiMu","Enchanting:ReiMu","CareerPray:ReiMu","UpKicking:ReiMu","SubAcupoint:ReiMu"],"picked":"SKIP","floor":46.0},{"not_picked":["Revelation:ReiMu","NineCharacters:ReiMu","ShadowOfCrow2:ReiMu+1","Gathering:ReiMu+1"],"picked":"PhosphorusFlame:ReiMu","floor":47.0}],"player_experience":153887,"relics_obtained":[{"floor":1.0,"key":"SynthV:TestCard"},{"floor":4.0,"key":"Pocketwatch"},{"floor":6.0,"key":"Regal Pillow"},{"floor":9.0,"key":"Replay:WaspNest"},{"floor":25.0,"key":"Replay:Kaleidoscope"},{"floor":28.0,"key":"AT_BellowingDragoncrestRing"},{"floor":39.0,"key":"AT_BladeRuinedKing"},{"floor":40.0,"key":"DemoMod:BlueGuonStone"},{"floor":42.0,"key":"Pen Nib"},{"floor":43.0,"key":"Whetstone"},{"floor":47.0,"key":"Centennial Puzzle"}],"event_choices":[],"is_beta":false,"boss_relics":[{"not_picked":["Fusion Hammer","conspire:SlowCooker"],"picked":"RhineCircuit"},{"not_picked":["GuanYuAspect","Kintsugi","Ring of Chaos"]}],"items_purged_floors":[29],"is_endless":false,"potions_floor_spawned":[1,5,8,13,24,25,28,33,35,38,47],"killed_by":"","ascension_level":0}}