{"host":"sy26bfguqtls01um","time":1611939513,"event":{"mods":["BaseMod","DeckTracker","Hermit","Minty Spire (QoL Compilation)","Random Character Button","StSLib","SuperFastMode","The Hierophant","The Necromancer","The Servant 0.9.4","The Wild Card"],"gold_per_floor":[111,130,130,180,194,194,211,171,196,230,230,158,123,148,148,225,225,244,84,84,98,111,111,111,111,135,170,181,206,206,216,216,216,216],"floor_reached":33,"language":"KOR","playtime":1091,"items_purged":["Defend_S"],"score":656,"play_id":"df33813d-5aa7-46f8-bfa7-4065fc743ef6","local_time":"20210130015833","is_ascension_mode":true,"campfire_choices":[{"data":"KidneyShot","floor":6.0,"key":"SMITH"},{"floor":11.0,"key":"REST"},{"data":"Luminosity","floor":15.0,"key":"SMITH"},{"floor":23.0,"key":"REST"},{"floor":25,"key":"REST"},{"floor":32,"key":"REST"}],"circlet_count":0,"master_deck":["AscendersBane","Strike_S","Strike_S","Strike_S","Strike_S","Defend_S","Defend_S","Defend_S","KidneyShot+1","Exchange","Defy","DancingSilver+1","Rearm","Luminosity+1","TheWorld","BottledTime+1","ShiftingGears","RitualDagger","TheWorld","BottledTime"],"relics":["Uniform","Strawberry","Akabeko","Bag of Preparation","Sozu","PreservedInsect","Broom","Vajra"],"acts_visited":["Exordium","TheCity"],"potions_floor_usage":[24,29],"damage_taken":[{"damage":6.0,"enemies":"Jaw Worm","floor":1.0,"turns":6.0},{"damage":0.0,"enemies":"2 Louse","floor":2.0,"turns":4.0},{"damage":0.0,"enemies":"Cultist","floor":5.0,"turns":4.0},{"damage":22.0,"enemies":"Large Slime","floor":7.0,"turns":9.0},{"damage":1.0,"enemies":"Looter","floor":8.0,"turns":4.0},{"damage":35.0,"enemies":"3 Sentries","floor":10.0,"turns":10.0},{"damage":35.0,"enemies":"The Guardian","floor":16.0,"turns":15.0},{"damage":26.0,"enemies":"2 Thieves","floor":18.0,"turns":5.0},{"damage":4.0,"enemies":"3 Byrds","floor":21.0,"turns":6.0},{"damage":8.0,"enemies":"Shelled Parasite and Fungi","floor":22.0,"turns":8.0},{"damage":0,"enemies":"Gremlin Leader","floor":24,"turns":1},{"damage":47,"enemies":"Slavers","floor":27,"turns":9},{"damage":0,"enemies":"Centurion and Healer","floor":28,"turns":6},{"damage":0,"enemies":"Book of Stabbing","floor":29,"turns":4},{"damage":8,"enemies":"Snake Plant","floor":31,"turns":3},{"damage":55,"enemies":"Champ","floor":33,"turns":17}],"seed_played":"-4858181529973971234","potions_obtained":[{"floor":2.0,"key":"SteroidPotion"},{"floor":7.0,"key":"LiquidMemories"},{"floor":10.0,"key":"SmokeBomb"},{"floor":16.0,"key":"Strength Potion"}],"is_trial":false,"path_per_floor":["M","M","?","?","M","R","M","M","T","E","R","?","?","T","R","B",null,"M","$","?","M","M","R","E","R","T","E","M","E","?","M","R","B"],"character_chosen":"THE_SERVANT","items_purchased":["ShiftingGears"],"campfire_rested":4,"item_purchase_floors":[19],"current_hp_per_floor":[54,54,54,54,54,54,32,31,38,3,24,24,42,42,42,7,57,31,31,25,21,13,34,34,55,55,8,8,8,23,15,36,0,0],"gold":216,"neow_bonus":"TEN_PERCENT_HP_BONUS","is_daily":false,"chose_seed":false,"campfire_upgraded":2,"win_rate":0.0,"timestamp":1611939513,"path_taken":["M","M","?","?","M","R","M","?","T","E","R","?","?","?","R","BOSS","M","$","?","M","M","R","E","R","T","E","M","E","?","M","R","BOSS"],"items_purchased_type":["Card"],"build_version":"2020-12-22","purchased_purges":1,"victory":false,"max_hp_per_floor":[66,66,66,66,66,66,66,66,73,73,73,73,73,73,73,73,73,73,73,73,73,73,73,73,73,73,73,73,73,73,73,73,73,73],"card_choices":[{"not_picked":["MoonPhase","Unruled"],"picked":"Defy","floor":1.0},{"not_picked":["Starlight","DoubleEdge"],"picked":"DancingSilver","floor":2.0},{"not_picked":["Sabotage","Ricochet","Unruled"],"picked":"SKIP","floor":5.0},{"not_picked":["Contraction","Barrier","Sabotage"],"picked":"SKIP","floor":7.0},{"not_picked":["Defy","MoonPhase"],"picked":"Rearm","floor":8.0},{"not_picked":["Collapse","Deny"],"picked":"Luminosity","floor":10.0},{"not_picked":["FloweringNight","ForgedInTime"],"picked":"TheWorld","floor":16.0},{"not_picked":["Ricochet","FastForward"],"picked":"BottledTime+1","floor":18.0},{"not_picked":["Rearm","Ricochet","BestPractice"],"picked":"SKIP","floor":21.0},{"not_picked":["Starlight","Ricochet","FastForward"],"picked":"SKIP","floor":22.0},{"not_picked":["Potential","Unruled"],"picked":"TheWorld","floor":27},{"not_picked":["FastForward+1","Rewind","Potential"],"picked":"SKIP","floor":28},{"not_picked":["Potential","Revamp"],"picked":"BottledTime","floor":29},{"not_picked":["TimeWarp","Potential","Spin"],"picked":"SKIP","floor":31}],"player_experience":1905657,"relics_obtained":[{"floor":9.0,"key":"Strawberry"},{"floor":10.0,"key":"Akabeko"},{"floor":14.0,"key":"Bag of Preparation"},{"floor":26,"key":"PreservedInsect"},{"floor":27,"key":"Broom"},{"floor":29,"key":"Vajra"}],"event_choices":[{"damage_healed":0.0,"max_hp_gain":0.0,"max_hp_loss":0.0,"gold_gain":0.0,"event_name":"Living Wall","player_choice":"Grow","floor":3.0,"gold_loss":0.0,"damage_taken":0.0,"cards_upgraded":["DancingSilver"]},{"damage_healed":0.0,"max_hp_gain":0.0,"max_hp_loss":0.0,"gold_gain":50.0,"event_name":"Golden Shrine","player_choice":"Pray","floor":4.0,"gold_loss":0.0,"damage_taken":0.0},{"damage_healed":0.0,"max_hp_gain":0.0,"max_hp_loss":0.0,"gold_gain":0.0,"event_name":"World of Goop","player_choice":"Left Gold","floor":12.0,"gold_loss":72.0,"damage_taken":0.0},{"damage_healed":18.0,"max_hp_gain":0.0,"max_hp_loss":0.0,"gold_gain":0.0,"event_name":"The Cleric","player_choice":"Healed","floor":13.0,"gold_loss":35.0,"damage_taken":0.0},{"damage_healed":0.0,"max_hp_gain":0.0,"max_hp_loss":0.0,"gold_gain":0.0,"event_name":"Nest","player_choice":"Joined the Cult","floor":20.0,"gold_loss":0.0,"damage_taken":6.0,"cards_obtained":["RitualDagger"]},{"damage_healed":15,"gold_gain":0,"player_choice":"Heal","damage_taken":0,"max_hp_gain":0,"max_hp_loss":0,"event_name":"The Library","floor":30,"gold_loss":0}],"is_beta":false,"boss_relics":[{"not_picked":["Runic Dome","Snecko Eye"],"picked":"Sozu"}],"items_purged_floors":[19],"is_endless":false,"potions_floor_spawned":[2,7,10,16,21,22,27,28],"killed_by":"Champ","ascension_level":20}}