{"host":"iy54rgx5egu9t31x","time":1611924620,"event":{"mods":["2.2 Compatiblity","Act Like it!","Always Whale","BaseMod","Gensokyo","Hallownest","Marisa（F雨　魔理沙）","Minty Spire (QoL Compilation)","Quick Restart","RumiaBox-露米娅的神秘盒子","StSLib","SuperFastMode"],"gold_per_floor":[360,376,376,394,413,413,438,37,83,83,94,24,24,51,51,130,142,165,197,228,240,272,284,296,296],"floor_reached":24,"language":"ZHS","playtime":633,"items_purged":[],"score":339,"play_id":"eb0f0241-9393-4903-bd76-25cc946238fd","local_time":"20210129205020","is_ascension_mode":true,"campfire_choices":[{"floor":6.0,"key":"REST"},{"floor":10.0,"key":"REST"},{"data":"Dualcast","floor":15.0,"key":"SMITH"},{"data":"Zap","floor":23.0,"key":"SMITH"}],"circlet_count":0,"master_deck":["AscendersBane","Strike_B","Strike_B+1","Strike_B","Strike_B","Defend_B","Defend_B","Defend_B","Defend_B","Zap+1","Dualcast+1","Genetic Algorithm","Gash","All For One+1","Static Discharge+1","Conserve Battery","Hyperbeam","Gensokyo:RustyChest","Gensokyo:BlemishedSteel","Gensokyo:DepletedGenerator","FTL","Creative AI","Hello World","Turbo","Hologram","Gensokyo:HAARP","Barrage"],"relics":["Cracked Core","Baka","GodSword5","Toolbox","PreservedInsect","Pen Nib","MawBank","Nuclear Battery","Akabeko"],"acts_visited":["Gensokyo:Gensokyo","Gensokyo:Gensokyoer"],"potions_floor_usage":[24],"damage_taken":[{"damage":0.0,"enemies":"Gensokyo:Python","floor":1.0,"turns":3.0},{"damage":6.0,"enemies":"Gensokyo:2_Kodama","floor":2.0,"turns":2.0},{"damage":18.0,"enemies":"Gensokyo:Gryphon","floor":4.0,"turns":3.0},{"damage":36.0,"enemies":"Gensokyo:3_Kodama","floor":5.0,"turns":6.0},{"damage":18.0,"enemies":"Gensokyo:Aya","floor":7.0,"turns":5.0},{"damage":9.0,"enemies":"Gensokyo:2_Rabbits","floor":11.0,"turns":4.0},{"damage":51.0,"enemies":"Gensokyo:Kokoro","floor":16.0,"turns":5.0},{"damage":91.0,"enemies":"Gensokyo:CosmicMonolith","floor":18.0,"turns":4.0},{"damage":0.0,"enemies":"Gensokyo:2_Gloops","floor":19.0,"turns":3.0},{"damage":0.0,"enemies":"Gensokyo:Monolith_and_Dog","floor":20.0,"turns":1.0},{"damage":0.0,"enemies":"Gensokyo:Swordslinger","floor":22.0,"turns":4.0},{"damage":13,"enemies":"Gensokyo:Mirror_and_Dog","floor":24,"turns":3}],"seed_played":"8943583890984697565","potions_obtained":[{"floor":1.0,"key":"SkillPotion"},{"floor":2.0,"key":"PotionOfCapacity"},{"floor":19.0,"key":"SpeedPotion"},{"floor":20.0,"key":"SteroidPotion"}],"is_trial":false,"path_per_floor":["M","M","?","M","M","R","E","COS","T","R","M","?","$","T","R","B",null,"M","M","M","?","M","R","M"],"character_chosen":"DEFECT","items_purchased":[],"campfire_rested":2,"item_purchase_floors":[],"current_hp_per_floor":[64,58,58,48,12,31,13,13,13,36,27,27,27,27,27,24,54,12,12,12,12,12,12,0,0],"gold":296,"neow_bonus":"TWO_FIFTY_GOLD","is_daily":false,"chose_seed":false,"campfire_upgraded":2,"win_rate":0.0,"timestamp":1611924620,"path_taken":["M","M","?","M","M","R","E","COS","T","R","M","?","?","?","R","BOSS","M","M","M","?","M","R","M"],"items_purchased_type":[],"build_version":"2020-12-22","purchased_purges":0,"victory":false,"max_hp_per_floor":[64,64,64,64,64,64,64,64,64,64,64,64,64,64,64,56,56,56,56,56,50,50,50,50,50],"card_choices":[{"not_picked":["Melter","Rebound"],"picked":"Genetic Algorithm","floor":1.0},{"not_picked":["Redo","Rebound"],"picked":"Gash","floor":2.0},{"not_picked":["Conserve Battery","Auto Shields"],"picked":"Static Discharge","floor":4.0},{"not_picked":["Turbo","Redo"],"picked":"Conserve Battery","floor":5.0},{"not_picked":["Ball Lightning","Sweeping Beam"],"picked":"Hyperbeam","floor":7.0},{"not_picked":["Glacier","Cold Snap"],"picked":"FTL","floor":11.0},{"not_picked":["Buffer","Hyperbeam"],"picked":"Creative AI","floor":16.0},{"not_picked":["Coolheaded","Force Field"],"picked":"Hello World","floor":18.0},{"not_picked":["Compile Driver","Loop"],"picked":"Turbo","floor":19.0},{"not_picked":["Loop","Cold Snap"],"picked":"Hologram","floor":20.0},{"not_picked":["Gensokyo:LochNessMonster","Gensokyo:TekeTeke"],"picked":"Gensokyo:HAARP","floor":21.0},{"not_picked":["Compile Driver","Steam Power"],"picked":"Barrage","floor":22.0}],"player_experience":1020761,"relics_obtained":[{"floor":1.0,"key":"Baka"},{"floor":7.0,"key":"GodSword5"},{"floor":9.0,"key":"PreservedInsect"},{"floor":14.0,"key":"Pen Nib"}],"event_choices":[],"is_beta":false,"boss_relics":[{"not_picked":["Velvet Choker","Sozu"],"picked":"Nuclear Battery"}],"items_purged_floors":[],"is_endless":false,"potions_floor_spawned":[1,2,19,20],"killed_by":"Gensokyo:Mirror_and_Dog","ascension_level":15}}