{"host":"nwd160me4iqdtr8u","time":1611916659,"event":{"mods":["AchievementEnabler","Act Like it!","BaseMod","Colored Map","DeckTracker","Minty Spire (QoL Compilation)","Quick Restart","Rare Cards Sparkle","StSLib","SuperFastMode","everything is the same but u backflip on backflip"],"gold_per_floor":[13,29,44,44,44,44,219,219,245,14,33,46,60,89,89,166,166,182,182,97,97,196,196,209,209,236,236,236,254,269,269,269,340,340,357,357,357,99,109,135,135,151,151,164,182,182,0,13,13,13],"floor_reached":51,"language":"KOR","playtime":3309,"items_purged":["Doubt","Poisoned Stab"],"score":1101,"play_id":"98df8e54-f93e-46cb-90d3-9597c2ea251f","local_time":"20210129193739","is_ascension_mode":true,"campfire_choices":[{"data":"Tactician","floor":6.0,"key":"SMITH"},{"data":"Crippling Poison","floor":8.0,"key":"SMITH"},{"floor":15.0,"key":"REST"},{"data":"Venomology","floor":23.0,"key":"SMITH"},{"data":"Acrobatics","floor":25.0,"key":"SMITH"},{"floor":27.0,"key":"REST"},{"floor":32.0,"key":"REST"},{"data":"Burst","floor":41.0,"key":"SMITH"},{"floor":46,"key":"REST"},{"floor":49,"key":"REST"}],"circlet_count":0,"master_deck":["AscendersBane","Survivor","Neutralize","Slice","Backflip","Crippling Poison+1","Tactician+1","Dagger Spray","Corpse Explosion","Leg Sweep","Venomology+1","Skewer","Bane","Underhanded Strike","Acrobatics+1","Poisoned Stab","Acrobatics","Reflex","Burst+1","Escape Plan","Purity","Backflip","Well Laid Plans","Escape Plan"],"relics":["Ring of the Snake","Art of War","HandDrill","Boot","Pandora\u0027s Box","Nunchaku","White Beast Statue","PreservedInsect","Cursed Key","Bag of Preparation","Red Mask"],"acts_visited":["Exordium","TheCity","TheBeyond"],"potions_floor_usage":[44,45,45,48,48,50],"damage_taken":[{"damage":4.0,"enemies":"Jaw Worm","floor":1.0,"turns":5.0},{"damage":6.0,"enemies":"2 Louse","floor":2.0,"turns":3.0},{"damage":4.0,"enemies":"Small Slimes","floor":3.0,"turns":4.0},{"damage":5.0,"enemies":"Exordium Wildlife","floor":11.0,"turns":4.0},{"damage":8.0,"enemies":"3 Louse","floor":12.0,"turns":3.0},{"damage":12.0,"enemies":"Large Slime","floor":13.0,"turns":6.0},{"damage":9.0,"enemies":"Gremlin Nob","floor":14.0,"turns":4.0},{"damage":27.0,"enemies":"Hexaghost","floor":16.0,"turns":11.0},{"damage":4.0,"enemies":"Chosen","floor":18.0,"turns":5.0},{"damage":17.0,"enemies":"Shell Parasite","floor":24.0,"turns":3.0},{"damage":19.0,"enemies":"Shelled Parasite and Fungi","floor":29.0,"turns":3.0},{"damage":12.0,"enemies":"Snake Plant","floor":30.0,"turns":3.0},{"damage":3.0,"enemies":"Colosseum Slavers","floor":31.0,"turns":3.0},{"damage":30.0,"enemies":"Collector","floor":33.0,"turns":10.0},{"damage":1.0,"enemies":"3 Darklings","floor":35.0,"turns":2.0},{"damage":4.0,"enemies":"Orb Walker","floor":39.0,"turns":4.0},{"damage":10.0,"enemies":"Nemesis","floor":40.0,"turns":7.0},{"damage":4.0,"enemies":"Sphere and 2 Shapes","floor":42.0,"turns":5.0},{"damage":14,"enemies":"Transient","floor":44,"turns":5},{"damage":5,"enemies":"Writhing Mass","floor":45,"turns":5},{"damage":0,"enemies":"Maw","floor":48,"turns":4},{"damage":9,"enemies":"Awakened One","floor":50,"turns":4}],"seed_played":"-3207405975102367774","potions_obtained":[{"floor":1.0,"key":"Poison Potion"},{"floor":2.0,"key":"Dexterity Potion"},{"floor":14.0,"key":"PowerPotion"},{"floor":24.0,"key":"Explosive Potion"},{"floor":29.0,"key":"Weak Potion"},{"floor":30.0,"key":"DistilledChaos"},{"floor":33.0,"key":"SpeedPotion"},{"floor":39.0,"key":"Strength Potion"},{"floor":40.0,"key":"DistilledChaos"},{"floor":42.0,"key":"SkillPotion"},{"floor":45,"key":"SpeedPotion"},{"floor":48,"key":"Block Potion"}],"is_trial":false,"path_per_floor":["M","M","M","?","$","R","?","R","T","$","M","M","M","E","R","B",null,"M","?","?","$","?","R","M","R","T","R","?","M","M","?","R","B",null,"M","?","?","$","M","E","R","M","T","M","M","R","?","M","R","B",null],"character_chosen":"THE_SILENT","items_purchased":["HandDrill","Escape Plan","Purity"],"campfire_rested":5,"item_purchase_floors":[10,38,38],"current_hp_per_floor":[59,53,49,49,49,49,49,49,49,49,44,36,24,15,36,9,55,51,51,51,51,51,51,34,34,34,55,42,23,16,13,35,5,58,57,57,57,57,53,43,43,39,39,25,20,41,41,41,62,53],"gold":13,"neow_bonus":"TRANSFORM_TWO_CARDS","is_daily":false,"chose_seed":false,"campfire_upgraded":5,"win_rate":0.0,"timestamp":1611916659,"path_taken":["M","M","M","?","$","R","?","R","T","$","M","M","M","E","R","BOSS","M","?","?","$","?","R","M","R","T","R","?","M","?","?","R","BOSS","M","?","?","$","M","E","R","M","T","M","M","R","?","M","R","BOSS"],"items_purchased_type":["Relic","Card","Card"],"build_version":"2020-12-22","purchased_purges":2,"victory":true,"max_hp_per_floor":[70,70,70,70,70,70,70,70,70,70,70,70,70,70,70,70,70,70,70,70,70,70,70,70,70,70,70,75,75,75,75,75,75,75,75,75,71,71,71,71,71,71,71,71,71,71,71,71,71,71],"card_choices":[{"not_picked":["Accuracy","PiercingWail"],"picked":"Crippling Poison","floor":1.0},{"not_picked":["Prepared","Deadly Poison"],"picked":"Tactician","floor":2.0},{"not_picked":["Deflect","Underhanded Strike"],"picked":"Dagger Spray","floor":3.0},{"not_picked":["Dagger Spray","Outmaneuver","Eviscerate"],"picked":"SKIP","floor":11.0},{"not_picked":["Sucker Punch","Flechettes"],"picked":"Leg Sweep","floor":12.0},{"not_picked":["Leg Sweep","Outmaneuver","Dash"],"picked":"SKIP","floor":13.0},{"not_picked":["Accuracy","Infinite Blades"],"picked":"Poisoned Stab","floor":14.0},{"not_picked":["Grand Finale","Tools of the Trade"],"picked":"Venomology","floor":16.0},{"not_picked":["Outmaneuver","Underhanded Strike+1","Slice"],"picked":"SKIP","floor":18.0},{"not_picked":["Deadly Poison","Dash","Dagger Spray"],"picked":"SKIP","floor":24.0},{"not_picked":["Dash","Deadly Poison","Caltrops"],"picked":"SKIP","floor":29.0},{"not_picked":["Acrobatics","Caltrops"],"picked":"Reflex","floor":30.0},{"not_picked":["Storm of Steel","Grand Finale"],"picked":"Burst","floor":33.0},{"not_picked":["Blade Dance+1","Dodge and Roll","Underhanded Strike"],"picked":"SKIP","floor":35.0},{"not_picked":["Finisher+1","Noxious Fumes"],"picked":"Backflip","floor":39.0},{"not_picked":["Crippling Poison","Poisoned Stab"],"picked":"Well Laid Plans","floor":40.0},{"not_picked":["Outmaneuver","Backstab","Blade Dance"],"picked":"SKIP","floor":42.0},{"not_picked":["Backflip","Predator","Well Laid Plans+1"],"picked":"SKIP","floor":44},{"not_picked":["Well Laid Plans","Prepared"],"picked":"Escape Plan","floor":45},{"not_picked":["Expertise","Blade Dance","Dagger Spray"],"picked":"SKIP","floor":48}],"player_experience":307081,"relics_obtained":[{"floor":9.0,"key":"Art of War"},{"floor":14.0,"key":"Boot"},{"floor":26.0,"key":"PreservedInsect"},{"floor":40.0,"key":"Bag of Preparation"}],"event_choices":[{"damage_healed":0.0,"max_hp_gain":0.0,"max_hp_loss":0.0,"gold_gain":0.0,"cards_transformed":["Strike_G"],"event_name":"Living Wall","player_choice":"Change","floor":4.0,"gold_loss":0.0,"damage_taken":0.0,"cards_obtained":["Corpse Explosion"]},{"damage_healed":0.0,"max_hp_gain":0.0,"max_hp_loss":0.0,"gold_gain":175.0,"event_name":"Liars Game","player_choice":"AGREE","floor":7.0,"gold_loss":0.0,"damage_taken":0.0,"cards_obtained":["Doubt"]},{"damage_healed":0.0,"max_hp_gain":0.0,"max_hp_loss":0.0,"gold_gain":0.0,"event_name":"The Mausoleum","player_choice":"Opened","floor":19.0,"gold_loss":0.0,"damage_taken":0.0,"relics_obtained":["Nunchaku"]},{"damage_healed":0.0,"max_hp_gain":0.0,"max_hp_loss":0.0,"gold_gain":0.0,"event_name":"Addict","player_choice":"Obtained Relic","floor":20.0,"gold_loss":85.0,"damage_taken":0.0,"relics_obtained":["White Beast Statue"]},{"damage_healed":0.0,"max_hp_gain":0.0,"max_hp_loss":0.0,"gold_gain":99.0,"event_name":"Nest","player_choice":"Stole From Cult","floor":22.0,"gold_loss":0.0,"damage_taken":0.0},{"damage_healed":0.0,"max_hp_gain":5.0,"max_hp_loss":0.0,"gold_gain":0.0,"event_name":"Forgotten Altar","player_choice":"Shed Blood","floor":28.0,"gold_loss":0.0,"damage_taken":18.0},{"damage_healed":0.0,"max_hp_gain":0.0,"max_hp_loss":0.0,"gold_gain":0.0,"event_name":"Colosseum","player_choice":"Fight","floor":31.0,"gold_loss":0.0,"damage_taken":0.0},{"damage_healed":0.0,"max_hp_gain":0.0,"max_hp_loss":0.0,"gold_gain":0.0,"event_name":"Colosseum","player_choice":"Fled From Nobs","floor":31.0,"gold_loss":0.0,"damage_taken":0.0},{"cards_removed":["Accuracy"],"damage_healed":0.0,"max_hp_gain":0.0,"max_hp_loss":0.0,"gold_gain":0.0,"event_name":"Falling","player_choice":"Removed Power","floor":36.0,"gold_loss":0.0,"damage_taken":0.0},{"damage_healed":0.0,"max_hp_gain":0.0,"max_hp_loss":4.0,"gold_gain":0.0,"event_name":"Winding Halls","player_choice":"Max HP","floor":37.0,"gold_loss":0.0,"damage_taken":0.0},{"damage_healed":0,"gold_gain":0,"player_choice":"Paid","damage_taken":0,"relics_obtained":["Red Mask"],"max_hp_gain":0,"max_hp_loss":0,"event_name":"Tomb of Lord Red Mask","floor":47,"gold_loss":182}],"is_beta":false,"boss_relics":[{"not_picked":["Coffee Dripper","Ring of the Serpent"],"picked":"Pandora\u0027s Box"},{"not_picked":["Snecko Eye","SlaversCollar"],"picked":"Cursed Key"}],"items_purged_floors":[10,38],"is_endless":false,"potions_floor_spawned":[1,2,14,24,29,30,31,33,35,39,40,42,44,45,48],"ascension_level":13}}