{"host":"sum4dy402bbv9y4o","time":1611948260,"event":{"mods":["Aspiration","BaseMod","Conspire","Highlight Path","Minty Spire (QoL Compilation)","StSLib"],"gold_per_floor":[115,5,5,20,20,20,46,46,71,71,81,100,100,100,100,100,100],"floor_reached":16,"language":"ENG","playtime":327,"items_purged":[],"score":221,"play_id":"7bfb8011-df0b-4891-8d56-19c201dab566","local_time":"20210129222420","is_ascension_mode":true,"campfire_choices":[{"data":"Eruption","floor":6,"key":"SMITH"},{"data":"Consecrate","floor":8,"key":"SMITH"},{"data":"FlyingSleeves","floor":10,"key":"SMITH"},{"data":"LikeWater","floor":15,"key":"SMITH"}],"circlet_count":0,"master_deck":["AscendersBane","conspire:GhostlyStrike","conspire:GhostlyStrike","conspire:GhostlyStrike","conspire:GhostlyDefend","conspire:GhostlyDefend","conspire:GhostlyDefend","conspire:GhostlyDefend","Eruption+1","Vigilance","ThirdEye","Consecrate+1","FlyingSleeves+1","Injury","TalkToTheHand+1","Consecrate+1","LikeWater+1"],"relics":["PureWater","aspiration:Nostalgia","Ring of the Snake","Molten Egg 2","Letter Opener","Lantern"],"acts_visited":["Exordium"],"potions_floor_usage":[7,16],"damage_taken":[{"damage":0,"enemies":"2 Louse","floor":1,"turns":4},{"damage":2,"enemies":"Jaw Worm","floor":4,"turns":4},{"damage":22,"enemies":"3 Sentries","floor":7,"turns":4},{"damage":0,"enemies":"Small Slimes","floor":11,"turns":2},{"damage":2,"enemies":"2 Fungi Beasts","floor":12,"turns":3},{"damage":32,"enemies":"The Guardian","floor":16,"turns":4}],"seed_played":"8155685935129159407","potions_obtained":[{"floor":4,"key":"Strength Potion"},{"floor":12,"key":"SkillPotion"}],"is_trial":false,"path_per_floor":["M","$","?","M","?","R","E","R","T","R","M","M","?","?","R","B"],"character_chosen":"WATCHER","items_purchased":["Consecrate","FlyingSleeves"],"campfire_rested":0,"item_purchase_floors":[2,2],"current_hp_per_floor":[61,61,54,52,52,52,30,30,30,30,30,28,28,28,28,0,0],"gold":100,"neow_bonus":"NOSTALGIA","is_daily":false,"chose_seed":false,"campfire_upgraded":4,"win_rate":0.0,"timestamp":1611948260,"path_taken":["M","$","?","M","?","R","E","R","T","R","?","M","?","?","R","BOSS"],"items_purchased_type":["Card","Card"],"build_version":"2020-12-22","purchased_purges":0,"victory":false,"max_hp_per_floor":[68,68,68,68,68,68,68,68,68,68,68,68,68,68,68,68,68],"card_choices":[{"not_picked":["ClearTheMind","WreathOfFlame"],"picked":"ThirdEye","floor":1},{"not_picked":["Fasting2","EmptyMind","Worship"],"picked":"SKIP","floor":4},{"not_picked":["WheelKick+1","Vengeance"],"picked":"TalkToTheHand+1","floor":7},{"not_picked":["ThirdEye","Crescendo"],"picked":"Consecrate+1","floor":11},{"not_picked":["PathToVictory","BowlingBash+1"],"picked":"LikeWater","floor":12}],"player_experience":3020199,"relics_obtained":[{"floor":7,"key":"Letter Opener"},{"floor":9,"key":"Lantern"}],"event_choices":[{"cards_removed":["Strike_P"],"damage_healed":0,"gold_gain":0,"player_choice":"Card Removal","damage_taken":7,"max_hp_gain":0,"max_hp_loss":0,"event_name":"Golden Wing","floor":3,"gold_loss":0},{"damage_healed":0,"gold_gain":0,"player_choice":"Ignored","damage_taken":0,"max_hp_gain":0,"max_hp_loss":0,"event_name":"Golden Idol","floor":13,"gold_loss":0},{"damage_healed":0,"gold_gain":0,"player_choice":"Agree","damage_taken":0,"max_hp_gain":0,"max_hp_loss":0,"event_name":"conspire:LoneGhost","floor":14,"gold_loss":0}],"is_beta":false,"boss_relics":[],"items_purged_floors":[],"is_endless":false,"potions_floor_spawned":[4,12],"killed_by":"The Guardian","ascension_level":20}}