{"host":"8ef2eyqaps3igadt","time":1611921223,"event":{"mods":["AchievementEnabler","Act Like it!","Aspiration","BaseMod","Better Altar","Better Match","Better Skull","Better Third Choice","Better Vampires","BetterRewards","Conspire","Curses Come First","Defuse TimeMaze Blight","Disable Question Mark Monsters","Displayed Cursed Tome","Energized Spire","Fox Events","GifTheSpireLib","Hallownest","Highlight Path","Hubris","Infinite Spire","Marked Mod","Mimic Mod","Minty Spire (QoL Compilation)","Quick Restart","Replay The Spire","Shop Mod","Spicy Shops","Spikes Relics","StS++","StSLib","Stuff the Spire","SuperFastMode","The Marked","Trackpad","Unceasing Turn Reminder","Virulent Crown","Wandering Minibosses"],"gold_per_floor":[118,118,118,118,118,153,153,187,227,267,282,302,337,337,337,337,337],"floor_reached":16,"language":"ENG","playtime":395,"items_purged":[],"score":185,"play_id":"15ba9a45-2de0-4de5-a3a4-a8b9ffe02d7d","local_time":"20210129125343","is_ascension_mode":true,"campfire_choices":[{"data":"Replay:Poison Smokescreen","floor":7.0,"key":"SMITH"},{"floor":15,"key":"REST"}],"circlet_count":0,"master_deck":["Strike_G","Strike_G","Strike_G","Strike_G","Strike_G","Defend_G","Defend_G","Defend_G","Defend_G","Defend_G","Survivor","Neutralize","Pain","Replay:Poison Smokescreen+1","ReplayTheSpireMod:Shiv Toss","Poisoned Stab","Caltrops","StuffTheSpire:BrimstoneBlast","Blade Dance","StuffTheSpire:DoubleShiv"],"relics":["Ring of the Snake","NeowsBlessing","WarpedTongs","hubris:Icosahedron","Golden Idol","Centennial Puzzle","Juzu Bracelet","Tiny Chest","Anchor","Bottled Lightning"],"acts_visited":["Exordium"],"potions_floor_usage":[10,13,13],"damage_taken":[{"damage":0.0,"enemies":"Small Slimes","floor":1.0,"turns":1.0},{"damage":0.0,"enemies":"Gremlin Nob","floor":6.0,"turns":1.0},{"damage":3,"enemies":"3 Sentries","floor":8,"turns":2},{"damage":6,"enemies":"Cultist","floor":9,"turns":11},{"damage":11,"enemies":"Lagavulin","floor":10,"turns":6},{"damage":1,"enemies":"Cultist","floor":11,"turns":5},{"damage":1,"enemies":"2 Louse","floor":12,"turns":3},{"damage":26,"enemies":"Gremlin Nob","floor":13,"turns":4},{"damage":50,"enemies":"Fading Forest","floor":16,"turns":7}],"seed_played":"3169978246996019655","potions_obtained":[{"floor":1.0,"key":"ColorlessPotion"},{"floor":8,"key":"Languid Potion"},{"floor":10,"key":"PowerPotion"}],"is_trial":false,"path_per_floor":["M","?","?","?","?","E","R","E","MIM","E","M","M","E","?","R","B"],"character_chosen":"THE_SILENT","items_purchased":[],"campfire_rested":1,"item_purchase_floors":[],"current_hp_per_floor":[70,70,73,73,55,55,55,52,46,35,34,33,7,28,49,0,0],"gold":337,"neow_bonus":"THREE_ENEMY_KILL","is_daily":false,"chose_seed":false,"campfire_upgraded":1,"win_rate":0.0,"timestamp":1611921223,"path_taken":["M","?","?","?","?","E","R","E","MIM","E","M","M","E","?","R","BOSS"],"items_purchased_type":[],"build_version":"2020-12-22","purchased_purges":0,"victory":false,"max_hp_per_floor":[70,70,73,73,73,73,73,73,73,73,73,73,73,73,73,73,73],"card_choices":[{"not_picked":["StuffTheSpire:Fury","StSpp:TimeParadox","Underhanded Strike"],"picked":"SKIP","floor":1.0},{"not_picked":["Choke","PiercingWail"],"picked":"Replay:Poison Smokescreen","floor":6.0},{"not_picked":["PiercingWail","Blade Dance"],"picked":"ReplayTheSpireMod:Shiv Toss","floor":8},{"not_picked":["Deflect","StSpp:Lure"],"picked":"Poisoned Stab","floor":9},{"not_picked":["Masterful Stab","Die Die Die"],"picked":"Caltrops","floor":10},{"not_picked":["Cloak And Dagger","Skewer"],"picked":"StuffTheSpire:BrimstoneBlast","floor":11},{"not_picked":["StuffTheSpire:Sprint","Bane"],"picked":"Blade Dance","floor":12},{"not_picked":["Adrenaline","Dagger Spray"],"picked":"StuffTheSpire:DoubleShiv","floor":13}],"player_experience":19169,"relics_obtained":[{"floor":6.0,"key":"Centennial Puzzle"},{"floor":8,"key":"Juzu Bracelet"},{"floor":9,"key":"Tiny Chest"},{"floor":10,"key":"Anchor"},{"floor":13,"key":"Bottled Lightning"}],"event_choices":[{"damage_healed":0.0,"max_hp_gain":0.0,"max_hp_loss":0.0,"gold_gain":0.0,"event_name":"Accursed Blacksmith","player_choice":"Rummage","floor":2.0,"gold_loss":0.0,"damage_taken":0.0,"relics_obtained":["WarpedTongs"],"cards_obtained":["Pain"]},{"damage_healed":0.0,"max_hp_gain":0.0,"max_hp_loss":0.0,"gold_gain":0.0,"event_name":"Golden Idol","player_choice":"Take Damage","floor":5.0,"gold_loss":0.0,"damage_taken":18.0,"relics_obtained":["Golden Idol"]}],"is_beta":false,"boss_relics":[],"items_purged_floors":[],"is_endless":false,"potions_floor_spawned":[1,8,10],"killed_by":"Fading Forest","ascension_level":1}}