{"host":"qswkx8hggytna0kc","time":1611911511,"event":{"mods":["Aspiration","BaseMod","BetterRewards","Colored Map","Colored Powertips","Highlight Path","Hubris","Mimic Mod","Minty Spire (QoL Compilation)","MostiFishMod","Quick Restart","Replay The Spire","StSLib","SuperFastMode"],"gold_per_floor":[-1281,-1270,-1256,-1256,-1256,-1221,-1201,-1201,-1201,-1172,-1160,-1113,-1101,-1077,-1065,-957,-945,-920,-908,11,42,54,66,105,135,172,196,233,261,289,331,343,458,470,492,549,616,639,661,708,720,747,790,814,861,873,915,947,959,971,983,995,1132,1162,1162],"floor_reached":56,"language":"ZHS","playtime":1330,"items_purged":["Defend_R","Defend_R"],"score":2402,"play_id":"0370a5f1-8d7d-4c49-9dd6-839de79a46aa","local_time":"20210129171151","is_ascension_mode":true,"campfire_choices":[{"data":"Pommel Strike","floor":8.0,"key":"SMITH"},{"data":"ReplayTheSpireMod:Strike From Hell","floor":11.0,"key":"SMITH"},{"floor":15.0,"key":"DIG"},{"floor":23.0,"key":"DIG"},{"floor":32.0,"key":"DIG"},{"floor":41.0,"key":"DIG"},{"floor":49.0,"key":"RECALL"},{"floor":52.0,"key":"DIG"}],"circlet_count":0,"master_deck":["Strike_R","Strike_R+1","Strike_R","Strike_R","Bash","Pommel Strike+1","Twin Strike","Pommel Strike+1","ReplayTheSpireMod:Strike From Hell+1","Clash","Shrug It Off","Sword Boomerang","MostiFishMod:RacingGame","Anger","Burning Pact+1","Pummel+1","Heavy Blade","Pommel Strike","Pot Of Greed","Pot Of Greed","ReplayTheSpireMod:LeadingStrike+1","Pummel","Pot Of Greed","Anger","MostiFishMod:RainCloud","MostiFishMod:PerfectStrikeMKII","Perfected Strike+1","Perfected Strike+1","Havoc+1","Perfected Strike+1","ReplayTheSpireMod:Limb From Limb+1","Perfected Strike+1","MostiFishMod:ChineseTea","MostiFishMod:SupremeArchaeology"],"relics":["Burning Blood","DaveBox","SynthV:MejaisSoulstealer","Durian","SynthV:TestCard","Kunai","Garlic","MawBank","Shovel","InkBottle","aspiration:PoetsPen_weak","Bronze Scales","ReplayTheSpireMod:Spearhead","Grinning Jar","Replay:Rubber Ducky","BionicSphere","Paper Frog","Empty Cage","Counterbalance","Molten Egg 2","Singing Bowl","Pen Nib","hubris:TinFlute","Replay:Bottled Flurry","hubris:PeanutButter","hubris:NiceRug","Pantograph","Blood Vial","ReplayFunnel"],"acts_visited":[],"potions_floor_usage":[],"damage_taken":[{"damage":0.0,"enemies":"Jaw Worm","floor":1.0,"turns":4.0},{"damage":0.0,"enemies":"2 Louse","floor":2.0,"turns":2.0},{"damage":0.0,"enemies":"Cultist","floor":3.0,"turns":1.0},{"damage":40.0,"enemies":"3 Sentries","floor":6.0,"turns":10.0},{"damage":5.0,"enemies":"Exordium Wildlife","floor":7.0,"turns":2.0},{"damage":0.0,"enemies":"Gremlin Nob","floor":10.0,"turns":2.0},{"damage":0.0,"enemies":"Replay:BlueRogue","floor":12.0,"turns":2.0},{"damage":0.0,"enemies":"Exordium Thugs","floor":14.0,"turns":2.0},{"damage":0.0,"enemies":"Hexaghost","floor":16.0,"turns":4.0},{"damage":0.0,"enemies":"Chosen","floor":18.0,"turns":2.0},{"damage":0.0,"enemies":"2 Thieves","floor":20.0,"turns":2.0},{"damage":0.0,"enemies":"Snecko","floor":21.0,"turns":1.0},{"damage":0.0,"enemies":"Slavers","floor":24.0,"turns":1.0},{"damage":0.0,"enemies":"Sentry and Sphere","floor":25.0,"turns":1.0},{"damage":0.0,"enemies":"Shelled Parasite and Fungi","floor":27.0,"turns":2.0},{"damage":8.0,"enemies":"Gremlin Leader","floor":28.0,"turns":3.0},{"damage":0.0,"enemies":"Snecko","floor":29.0,"turns":1.0},{"damage":0.0,"enemies":"Chosen and Byrds","floor":30.0,"turns":2.0},{"damage":0.0,"enemies":"Book of Stabbing","floor":31.0,"turns":2.0},{"damage":3.0,"enemies":"hubris:MusketHawk","floor":33.0,"turns":2.0},{"damage":0.0,"enemies":"3 Shapes","floor":35.0,"turns":1.0},{"damage":0.0,"enemies":"2 Orb Walkers","floor":36.0,"turns":1.0},{"damage":0.0,"enemies":"Orb Walker","floor":38.0,"turns":1.0},{"damage":0.0,"enemies":"Transient","floor":39.0,"turns":2.0},{"damage":0.0,"enemies":"R_Hoarder","floor":40.0,"turns":1.0},{"damage":0.0,"enemies":"4 Shapes","floor":42.0,"turns":2.0},{"damage":0.0,"enemies":"Sphere and 2 Shapes","floor":43.0,"turns":2.0},{"damage":0.0,"enemies":"Sphere and 2 Shapes","floor":44.0,"turns":1.0},{"damage":0.0,"enemies":"Giant Head","floor":45.0,"turns":1.0},{"damage":0.0,"enemies":"Nemesis","floor":47.0,"turns":1.0},{"damage":0.0,"enemies":"Writhing Mass","floor":48.0,"turns":2.0},{"damage":0.0,"enemies":"hubris:GrandSnecko","floor":50.0,"turns":1.0},{"damage":0.0,"enemies":"hubris:Merchant","floor":53.0,"turns":2.0},{"damage":0.0,"enemies":"Shield and Spear","floor":54.0,"turns":1.0},{"damage":24,"enemies":"The Heart","floor":55,"turns":4}],"seed_played":"-346567561962274173","potions_obtained":[{"floor":1.0,"key":"LiquidBronze"},{"floor":14.0,"key":"SteroidPotion"},{"floor":16.0,"key":"Adrenaline Potion"}],"is_trial":false,"path_per_floor":["M","M","M","?","?","E","M","R","T","E","R","E","$","M","R","B",null,"M","?","M","M","?","R","E","M","T","M","E","M","M","E","R","B",null,"M","?","?","M","M","E","R","M","MIM","M","E","?","E","M","R","B",null,"R","$","E","B",null],"character_chosen":"IRONCLAD","items_purchased":[],"campfire_rested":0,"item_purchase_floors":[],"current_hp_per_floor":[62,68,74,57,50,16,17,17,17,23,23,29,29,35,35,41,74,80,64,70,76,76,76,82,88,88,90,88,90,90,90,90,90,90,90,90,68,74,80,86,86,92,92,94,96,96,98,98,98,98,98,98,110,112,105],"gold":1162,"neow_bonus":"ONE_RARE_RELIC","is_daily":false,"chose_seed":false,"campfire_upgraded":2,"win_rate":0.0,"timestamp":1611911511,"path_taken":["M","M","M","?","?","E","M","R","T","E","R","E","?","M","R","BOSS","M","?","M","M","?","R","E","?","T","M","E","M","M","E","R","BOSS","M","?","?","?","M","E","R","M","MIM","?","E","?","E","M","R","BOSS","R","$","E","BOSS"],"items_purchased_type":[],"build_version":"2020-12-22","purchased_purges":2,"victory":true,"max_hp_per_floor":[85,85,85,85,85,85,85,85,85,85,85,85,85,85,85,85,85,85,90,90,90,90,90,90,90,90,90,90,90,90,90,90,90,90,90,90,90,90,90,90,90,92,92,94,96,96,98,98,98,98,98,98,110,112,112],"card_choices":[{"not_picked":["Bloodletting","Havoc"],"picked":"Pommel Strike","floor":1.0},{"not_picked":["Warcry","Whirlwind","Rupture","Power Through"],"picked":"Twin Strike","floor":2.0},{"not_picked":["Dropkick","Hemokinesis","Havoc","Dark Embrace"],"picked":"Pommel Strike","floor":3.0},{"not_picked":["True Grit","Armaments","Combust","Seeing Red","Heavy Blade"],"picked":"SKIP","floor":6.0},{"not_picked":["Sentinel","Berserk","True Grit","ReplayReversal"],"picked":"ReplayTheSpireMod:Strike From Hell","floor":7.0},{"not_picked":["Havoc","ReplayTheSpireMod:Corrosion Curse","Flame Barrier","Flex"],"picked":"Clash","floor":10.0},{"not_picked":["Life Link","Power Through","ReplayTheSpireMod:Strike From Hell","Hemokinesis"],"picked":"Shrug It Off","floor":12.0},{"not_picked":["ReplayReversal","Dual Wield","Havoc","Wild Strike"],"picked":"Sword Boomerang","floor":14.0},{"not_picked":["Fiend Fire","Brutality","MostiFishMod:TemporaryOutbreak","Juggernaut"],"picked":"MostiFishMod:RacingGame","floor":16.0},{"not_picked":["Dropkick","Replay:Undeath\u0027s Touch","ReplayTheSpireMod:Strike From Hell","hubris:SharpeningStone"],"picked":"Anger","floor":18.0},{"not_picked":["ReplayTheSpireMod:Strike From Hell","Armaments","Clash+1","Shrug It Off"],"picked":"Burning Pact+1","floor":20.0},{"not_picked":["Blood for Blood+1","Replay:Undeath\u0027s Touch","Bloodletting","Massacre"],"picked":"Pummel+1","floor":21.0},{"not_picked":["hubris:ReadiedAction+1","Burning Pact","Havoc","Second Wind"],"picked":"Heavy Blade","floor":24.0},{"not_picked":["Life Link","Rupture+1","Flex","True Grit"],"picked":"Pommel Strike","floor":25.0},{"not_picked":["Heavy Blade","Havoc","Blood for Blood","ReplayReversal+1"],"picked":"ReplayTheSpireMod:LeadingStrike+1","floor":27.0},{"not_picked":["Rupture","Massacre","Iron Wave","Abandon"],"picked":"Pummel","floor":28.0},{"not_picked":["MostiFishMod:HellRitual","Body Slam","Uppercut","Flex","Disarm"],"picked":"SKIP","floor":29.0},{"not_picked":["MostiFishMod:BrandingRite+1","Wild Strike","ReplayTheSpireMod:Stacked","Replay:Undeath\u0027s Touch"],"picked":"Anger","floor":30.0},{"not_picked":["Heavy Blade","Anger+1","Warcry","Pummel"],"picked":"MostiFishMod:RainCloud","floor":31.0},{"not_picked":["hubris:StunningStrike","MostiFishMod:TemporaryOutbreak","Brutality","MostiFishMod:WingOfPhoenix"],"picked":"MostiFishMod:PerfectStrikeMKII","floor":33.0},{"not_picked":["Iron Wave","Body Slam","Replay:Undeath\u0027s Touch","Warcry"],"picked":"Perfected Strike+1","floor":35.0},{"not_picked":["Whirlwind+1","Dropkick+1","Reckless Charge+1","Run Through+1"],"picked":"Perfected Strike+1","floor":37.0},{"not_picked":["Shrug It Off","MostiFishMod:Mania","Flex","True Grit+1"],"picked":"Havoc+1","floor":37.0},{"not_picked":["Disarm+1","Clothesline+1","Wild Strike+1","Flex"],"picked":"Perfected Strike+1","floor":38.0},{"not_picked":["Heavy Blade+1","Flex+1","Impervious","Abandon+1","Clash+1"],"picked":"SKIP","floor":39.0},{"not_picked":["Warcry","Massacre+1","Twin Strike+1","Juggernaut"],"picked":"ReplayTheSpireMod:Limb From Limb+1","floor":40.0},{"not_picked":["Feel No Pain+1","Bloodletting","Iron Wave+1","Dark Embrace","Fire Breathing"],"picked":"Singing Bowl","floor":42.0},{"not_picked":["Power Through+1","MostiFishMod:BrandingRite+1","Run Through+1","Clash+1"],"picked":"Perfected Strike+1","floor":43.0},{"not_picked":["Flex+1","Headbutt+1","Warcry","Shockwave+1","Run Through+1"],"picked":"Singing Bowl","floor":44.0},{"not_picked":["MostiFishMod:Chiaki","Headbutt+1","Cleave+1","Heavy Blade+1","Iron Wave+1"],"picked":"Singing Bowl","floor":45.0},{"not_picked":["Flex+1","Warcry+1","Disarm+1","Spot Weakness","Headbutt+1"],"picked":"Singing Bowl","floor":47.0},{"not_picked":["Rupture","Shrug It Off","hubris:ReadiedAction","ReplayTheSpireMod:Strike From Hell+1"],"picked":"MostiFishMod:ChineseTea","floor":48.0},{"not_picked":["Hemokinesis+1"],"picked":"Singing Bowl","floor":53.0},{"not_picked":["Searing Blow+1"],"picked":"Singing Bowl","floor":53.0},{"not_picked":["Intimidate"],"picked":"Singing Bowl","floor":53.0},{"not_picked":["Mayhem"],"picked":"Singing Bowl","floor":53.0},{"not_picked":[],"picked":"MostiFishMod:SupremeArchaeology","floor":53.0},{"not_picked":["Life Link"],"picked":"Singing Bowl","floor":53.0},{"not_picked":["Warcry"],"picked":"Singing Bowl","floor":53.0},{"not_picked":["True Grit+1","Havoc","Exhume","Replay:Undeath\u0027s Touch+1","Clash+1"],"picked":"Singing Bowl","floor":54.0}],"player_experience":381497,"relics_obtained":[{"floor":1.0,"key":"SynthV:TestCard"},{"floor":6.0,"key":"Kunai"},{"floor":9.0,"key":"Garlic"},{"floor":10.0,"key":"MawBank"},{"floor":12.0,"key":"Shovel"},{"floor":15.0,"key":"InkBottle"},{"floor":23.0,"key":"Bronze Scales"},{"floor":24.0,"key":"ReplayTheSpireMod:Spearhead"},{"floor":26.0,"key":"Grinning Jar"},{"floor":28.0,"key":"Replay:Rubber Ducky"},{"floor":31.0,"key":"BionicSphere"},{"floor":32.0,"key":"Paper Frog"},{"floor":36.0,"key":"Counterbalance"},{"floor":37.0,"key":"Molten Egg 2"},{"floor":40.0,"key":"Singing Bowl"},{"floor":41.0,"key":"Pen Nib"},{"floor":45.0,"key":"hubris:TinFlute"},{"floor":47.0,"key":"Replay:Bottled Flurry"},{"floor":52.0,"key":"hubris:PeanutButter"},{"floor":53.0,"key":"Pantograph"},{"floor":53.0,"key":"Blood Vial"},{"floor":54.0,"key":"ReplayFunnel"}],"event_choices":[{"damage_healed":0.0,"max_hp_gain":0.0,"max_hp_loss":0.0,"gold_gain":0.0,"event_name":"Shining Light","player_choice":"Entered Light","floor":4.0,"gold_loss":0.0,"damage_taken":17.0,"cards_upgraded":["Strike_R","Pommel Strike"]},{"cards_removed":["Strike_R"],"damage_healed":0.0,"max_hp_gain":0.0,"max_hp_loss":0.0,"gold_gain":0.0,"event_name":"Golden Wing","player_choice":"Card Removal","floor":5.0,"gold_loss":0.0,"damage_taken":7.0},{"damage_healed":0.0,"max_hp_gain":5.0,"max_hp_loss":0.0,"gold_gain":0.0,"event_name":"Forgotten Altar","player_choice":"Shed Blood","floor":19.0,"gold_loss":0.0,"damage_taken":21.0},{"damage_healed":0.0,"max_hp_gain":0.0,"max_hp_loss":0.0,"gold_gain":0.0,"event_name":"Cursed Tome","player_choice":"Ignored","floor":22.0,"gold_loss":0.0,"damage_taken":0.0},{"damage_healed":0.0,"max_hp_gain":0.0,"max_hp_loss":0.0,"gold_gain":0.0,"event_name":"Mysterious Sphere","player_choice":"Fight","floor":36.0,"gold_loss":0.0,"damage_taken":0.0}],"is_beta":false,"boss_relics":[{"not_picked":["hubris:RunicObelisk","SlaversCollar"],"picked":"aspiration:PoetsPen_weak"},{"not_picked":["Tiny House","Kintsugi"],"picked":"Empty Cage"}],"items_purged_floors":[53,53],"is_endless":false,"potions_floor_spawned":[1,14,16,18,21,25,27,29,39,44,45,48],"ascension_level":7}}