{"host":"2qstd83ou5jzlfqv","time":1611893330,"event":{"mods":["BaseMod","Colored Powertips","Minty Spire (QoL Compilation)","Relic Stats"],"gold_per_floor":[165,5,80,34,45,45,77,77,77,98,98,73,73,73],"floor_reached":13,"language":"ENG","playtime":548,"items_purged":[],"score":115,"play_id":"f1424488-f61b-427c-a45b-f205f3005052","local_time":"20210128200850","is_ascension_mode":true,"campfire_choices":[{"data":"CutThroughFate","floor":6,"key":"SMITH"}],"circlet_count":0,"master_deck":["Strike_P","Strike_P","Strike_P+1","Strike_P","Defend_P","Defend_P+1","Defend_P","Defend_P","Eruption","Vigilance","CutThroughFate+1","Halt+1","Devotion","Protect","JustLucky","SandsOfTime","ThirdEye"],"relics":["Tiny House","Singing Bowl","InkBottle","Odd Mushroom"],"acts_visited":["Exordium"],"potions_floor_usage":[7,10,13],"damage_taken":[{"damage":0,"enemies":"2 Louse","floor":1,"turns":2},{"damage":4,"enemies":"Jaw Worm","floor":5,"turns":3},{"damage":11,"enemies":"Gremlin Nob","floor":7,"turns":4},{"damage":19,"enemies":"The Mushroom Lair","floor":10,"turns":6},{"damage":15,"enemies":"Lagavulin","floor":13,"turns":7}],"seed_played":"4966630872362597751","potions_obtained":[{"floor":0,"key":"BlessingOfTheForge"},{"floor":1,"key":"Ancient Potion"},{"floor":7,"key":"Weak Potion"},{"floor":10,"key":"PowerPotion"}],"is_trial":false,"path_per_floor":["M","$","?","$","M","R","E","?","T","?","?","$","E"],"character_chosen":"WATCHER","items_purchased":["Devotion","Protect","ThirdEye"],"campfire_rested":0,"item_purchase_floors":[2,4,12],"current_hp_per_floor":[70,70,59,59,55,55,46,30,30,11,11,11,0,0],"gold":73,"neow_bonus":"BOSS_RELIC","is_daily":false,"chose_seed":false,"campfire_upgraded":1,"win_rate":0.0,"timestamp":1611893330,"path_taken":["M","$","?","?","?","R","E","?","T","?","?","?","E"],"items_purchased_type":["Card","Card","Card"],"build_version":"2020-12-22","purchased_purges":0,"victory":false,"max_hp_per_floor":[77,77,77,77,77,77,79,79,79,79,79,79,79,79],"relic_stats":{"Singing Bowl":2,"counters":[5,22],"obtain_stats":[{"Tiny House":0,"Singing Bowl":7,"PureWater":0,"Odd Mushroom":10,"InkBottle":9},{"Tiny House":0,"Singing Bowl":3,"PureWater":0,"Odd Mushroom":4,"InkBottle":3},{"Tiny House":0,"Singing Bowl":9,"PureWater":0,"Odd Mushroom":15,"InkBottle":9}],"InkBottle":[2]},"card_choices":[{"not_picked":["BattleHymn","ThirdEye"],"picked":"CutThroughFate","floor":0},{"not_picked":["CutThroughFate","CrushJoints"],"picked":"Halt","floor":1},{"not_picked":["Halt","ClearTheMind"],"picked":"JustLucky","floor":5},{"not_picked":["Wish","InnerPeace","PathToVictory"],"picked":"Singing Bowl","floor":7},{"not_picked":["Protect","FollowUp"],"picked":"SandsOfTime","floor":10}],"player_experience":383527,"relics_obtained":[{"floor":7,"key":"Singing Bowl"},{"floor":9,"key":"InkBottle"},{"floor":10,"key":"Odd Mushroom"}],"event_choices":[{"damage_healed":0,"gold_gain":75,"player_choice":"Gather Gold","damage_taken":11,"max_hp_gain":0,"max_hp_loss":0,"event_name":"World of Goop","floor":3,"gold_loss":0},{"damage_healed":0,"gold_gain":0,"player_choice":"Entered Light","damage_taken":16,"max_hp_gain":0,"max_hp_loss":0,"event_name":"Shining Light","floor":8,"gold_loss":0,"cards_upgraded":["Defend_P","Halt"]},{"damage_healed":0,"gold_gain":0,"player_choice":"Fought Mushrooms","damage_taken":0,"max_hp_gain":0,"max_hp_loss":0,"event_name":"Mushrooms","floor":10,"gold_loss":0},{"damage_healed":0,"gold_gain":0,"player_choice":"Fled","damage_taken":0,"max_hp_gain":0,"max_hp_loss":0,"event_name":"Scrap Ooze","floor":11,"gold_loss":0}],"is_beta":false,"boss_relics":[],"items_purged_floors":[],"is_endless":false,"potions_floor_spawned":[1,7,10],"killed_by":"Lagavulin","ascension_level":9}}