{"host":"jm9833yuloeli2yd","time":1611932289,"event":{"mods":["BaseMod","Better Altar","Better Match","Better Note","Better Sensory Stone","Better Skull","Better Third Choice","Better Vampires","BetterRewards","Colored Map","Colored Powertips","DeckTracker","Minty Spire (QoL Compilation)","Permanent Neow","Quick Restart","Slay-I","StSLib","SuperFastMode"],"gold_per_floor":[110,127,127,127,148,148,179,179,179,179,179,215,2,17,17,116,116,129,129,35,74,74,107,7,30,30,30,30,30],"floor_reached":28,"language":"ENG","playtime":607,"items_purged":["Strike_B","Strike_B"],"score":684,"play_id":"b26b527c-286d-4159-9ba9-cd304ad36ab5","local_time":"20210129095809","is_ascension_mode":true,"campfire_choices":[{"data":"Static Discharge","floor":6,"key":"SMITH"},{"data":"Dualcast","floor":8,"key":"SMITH"},{"floor":11,"key":"REST"},{"floor":15,"key":"REST"}],"circlet_count":0,"master_deck":["AscendersBane","Strike_B+1","Defend_B+1","Defend_B","Defend_B","Zap","Dualcast+1","Cold Snap","Beam Cell+1","Static Discharge+1","Ball Lightning","Force Field","Glacier","Conserve Battery","Coolheaded","Seek","White Noise","Auto Shields","Conserve Battery","Echo Form","Coolheaded+1","Reprogram+1"],"relics":["Cracked Core","Emotion Chip","Sling","Golden Idol","Mercury Hourglass","Gambling Chip","Du-Vu Doll","Toy Ornithopter","Philosopher\u0027s Stone","Red Mask","Juzu Bracelet","Toxic Egg 2"],"acts_visited":["Exordium","TheCity"],"potions_floor_usage":[16,21,23],"damage_taken":[{"damage":4,"enemies":"2 Louse","floor":1,"turns":2},{"damage":3,"enemies":"Small Slimes","floor":2,"turns":3},{"damage":7,"enemies":"Jaw Worm","floor":5,"turns":2},{"damage":6,"enemies":"Gremlin Nob","floor":7,"turns":3},{"damage":13,"enemies":"Lagavulin","floor":12,"turns":4},{"damage":0,"enemies":"Looter","floor":14,"turns":3},{"damage":1,"enemies":"Slime Boss","floor":16,"turns":7},{"damage":19,"enemies":"2 Thieves","floor":18,"turns":3},{"damage":19,"enemies":"Masked Bandits","floor":21,"turns":3},{"damage":15,"enemies":"Book of Stabbing","floor":23,"turns":4},{"damage":2,"enemies":"Chosen","floor":25,"turns":5},{"damage":15,"enemies":"Snake Plant","floor":28,"turns":2}],"seed_played":"-73330843610744195","potions_obtained":[{"floor":7,"key":"ColorlessPotion"},{"floor":12,"key":"Dexterity Potion"},{"floor":21,"key":"FearPotion"},{"floor":23,"key":"SteroidPotion"}],"is_trial":false,"path_per_floor":["M","M","?","?","M","R","E","R","T","?","R","E","$","M","R","B",null,"M","?","$","?","$","E","$","M","T","?","M"],"character_chosen":"DEFECT","items_purchased":["Cold Snap","Sling","Toy Ornithopter","Conserve Battery","Auto Shields","SteroidPotion"],"campfire_rested":2,"item_purchase_floors":[0,0,13,13,20,20],"current_hp_per_floor":[45,42,42,42,35,35,29,29,29,10,29,16,16,16,35,39,58,39,39,39,25,25,15,15,13,13,13,0,0],"gold":30,"neow_bonus":"","is_daily":false,"chose_seed":false,"campfire_upgraded":2,"win_rate":0.0,"timestamp":1611932289,"path_taken":["M","M","?","?","M","R","E","R","T","?","R","E","$","M","R","BOSS","M","?","$","?","?","E","$","M","T","?","M"],"items_purchased_type":["Card","Relic","Relic","Card","Card","Potion"],"build_version":"2020-12-22","purchased_purges":2,"victory":false,"max_hp_per_floor":[71,71,71,64,64,64,64,64,64,64,64,64,64,64,64,64,64,64,64,64,64,64,64,64,64,64,64,64,64],"card_choices":[{"not_picked":["Turbo","Coolheaded"],"picked":"Beam Cell","floor":1},{"not_picked":["Reinforced Body","Hologram"],"picked":"Static Discharge","floor":2},{"not_picked":["Rebound","Steam"],"picked":"Ball Lightning","floor":5},{"not_picked":["Amplify","Tempest"],"picked":"Force Field","floor":7},{"not_picked":["Redo","Beam Cell"],"picked":"Glacier","floor":12},{"not_picked":["Rebound","Compile Driver"],"picked":"Coolheaded","floor":14},{"not_picked":["Amplify","Hyperbeam"],"picked":"Seek","floor":16},{"not_picked":["Go for the Eyes","Turbo"],"picked":"White Noise","floor":18},{"not_picked":["Redo","Coolheaded+1"],"picked":"Conserve Battery","floor":23},{"not_picked":["Steam+1","Turbo"],"picked":"Echo Form","floor":25}],"player_experience":1337686,"relics_obtained":[{"floor":7,"key":"Mercury Hourglass"},{"floor":9,"key":"Gambling Chip"},{"floor":12,"key":"Du-Vu Doll"},{"floor":21,"key":"Red Mask"},{"floor":23,"key":"Juzu Bracelet"},{"floor":26,"key":"Toxic Egg 2"}],"event_choices":[{"damage_healed":0,"gold_gain":0,"player_choice":"Grow","damage_taken":0,"max_hp_gain":0,"max_hp_loss":0,"event_name":"Living Wall","floor":3,"gold_loss":0,"cards_upgraded":["Beam Cell"]},{"damage_healed":0,"gold_gain":0,"player_choice":"Lose Max HP","damage_taken":0,"relics_obtained":["Golden Idol"],"max_hp_gain":0,"max_hp_loss":7,"event_name":"Golden Idol","floor":4,"gold_loss":0},{"damage_healed":29,"gold_gain":0,"player_choice":"Upgrade","damage_taken":19,"max_hp_gain":0,"max_hp_loss":64,"event_name":"betterThird:BetterShining","floor":10,"gold_loss":0,"cards_upgraded":["Strike_B","Defend_B"]},{"damage_healed":0,"gold_gain":0,"player_choice":"Adaptability","damage_taken":0,"max_hp_gain":0,"max_hp_loss":0,"event_name":"betterThird:BetterWriting","floor":19,"gold_loss":0},{"damage_healed":0,"gold_gain":0,"player_choice":"Fought Bandits","damage_taken":0,"max_hp_gain":0,"max_hp_loss":0,"event_name":"Masked Bandits","floor":21,"gold_loss":0},{"damage_healed":0,"gold_gain":0,"cards_transformed":["Strike_B","Defend_B"],"player_choice":"Became Test Subject","damage_taken":0,"max_hp_gain":0,"max_hp_loss":0,"event_name":"Drug Dealer","floor":27,"gold_loss":0,"cards_obtained":["Coolheaded","Reprogram"]}],"is_beta":false,"boss_relics":[{"not_picked":["FrozenCore","Pandora\u0027s Box"],"picked":"Philosopher\u0027s Stone"}],"items_purged_floors":[0,24],"is_endless":false,"potions_floor_spawned":[7,12,21,23],"killed_by":"Snake Plant","ascension_level":20}}