{"host":"6affnl2vk6en9o4b","time":1611923856,"event":{"mods":["2.2 Compatiblity","AchievementEnabler","Aspiration","BaseMod","BetterRewards","Colored Powertips","Conspire","Downfall","Friendly Minions","Googly Eyes","Highlight Path","Hubris","Minty Spire (QoL Compilation)","Replay The Spire","StSLib","Trackpad","Unceasing Turn Reminder"],"gold_per_floor":[99,99,114,65,77,94,119,19,31,41,70,70,70,70,87,183,183,83,96,141,141,141,159,211,211,224,244,144,154,154,179,196,299,299,299,409,425,425,391,391,437,460,572,572,605,206,206,394,412,412,412,412],"floor_reached":50,"language":"ENG","playtime":2552,"items_purged":["downfall:Bewildered"],"score":569,"play_id":"f8436cc1-0c9a-4e3a-978e-6644ec085eb5","local_time":"20210129123736","is_ascension_mode":false,"campfire_choices":[{"floor":1.0,"key":"RECALL"},{"data":"Guardian:Preprogram","floor":8.0,"key":"SMITH"},{"floor":13.0,"key":"REST"},{"floor":18.0,"key":"DIG"},{"floor":25.0,"key":"REST"},{"floor":28.0,"key":"REST"},{"floor":30.0,"key":"REST"},{"data":"Guardian:PrismaticBarrier","floor":40.0,"key":"SMITH"}],"circlet_count":0,"master_deck":["Guardian:Strike_Guardian","Guardian:Strike_Guardian","Guardian:Strike_Guardian","Guardian:Strike_Guardian","Guardian:Defend_Guardian+1","Guardian:Defend_Guardian","Guardian:Defend_Guardian","Guardian:Defend_Guardian","Guardian:CurlUp","Guardian:TwinSlam","Guardian:BronzeArmor","Guardian:Preprogram+1","Guardian:FloatingOrbs","Guardian:AncientConstruct","Guardian:Incinerate","Guardian:SpikerProtocol","Guardian:ChargeCore","Guardian:ShieldCharger","Guardian:ShieldCharger+1","Guardian:TimeCapacitor+1","Guardian:Suspension","Guardian:PrismaticBarrier+1","Guardian:Repulse","Guardian:RollAttack+1","Guardian:FloatingOrbs+1","Guardian:StasisStrike","Guardian:Gem_Purple","Guardian:Gem_Red","Guardian:WalkerClaw+1","expansioncontent:AwakenDeath","Guardian:StasisStrike","Guardian:TemporalStrike"],"relics":["Guardian:ModeShifter","aspiration:ChemicalBlood","downfall:HeartBlessingRed","Vajra","hubris:Icosahedron","Philosopher\u0027s Stone","downfall:HeartBlessingGreen","hubris:ToyBattleship","Bronze Scales","sneckomod:BabySnecko","Enchiridion","trackpad:CultistFigurine","downfall:HeartBlessingBlue","War Paint","bronze:MakeshiftBattery","Omamori","Guardian:PickAxe","Ring of Hypnosis","ReplayTheSpireMod:Ring of Exchange","aspiration:SeaSaltIceCream","aspiration:Nostalgia","champ:ChampionCrown","Blood Vial","Orichalcum"],"acts_visited":["Exordium","TheCity","TheBeyond"],"potions_floor_usage":[50,50,50,50,50],"damage_taken":[{"damage":8.0,"enemies":"2 Louse","floor":3.0,"turns":3.0},{"damage":0.0,"enemies":"downfall:FleeingMerchant","floor":4.0,"turns":4.0},{"damage":5.0,"enemies":"Small Slimes","floor":5.0,"turns":5.0},{"damage":6.0,"enemies":"Jaw Worm","floor":6.0,"turns":6.0},{"damage":0.0,"enemies":"3 Louse","floor":9.0,"turns":1.0},{"damage":9.0,"enemies":"2 Fungi Beasts","floor":10.0,"turns":4.0},{"damage":8.0,"enemies":"Gremlin Nob","floor":11.0,"turns":5.0},{"damage":16.0,"enemies":"Blue Slaver","floor":15.0,"turns":3.0},{"damage":20.0,"enemies":"SI_SHIV_ARCHETYPE","floor":16.0,"turns":6.0},{"damage":0.0,"enemies":"Spheric Guardian","floor":19.0,"turns":5.0},{"damage":37.0,"enemies":"conspire:MimicChest","floor":20.0,"turns":9.0},{"damage":9.0,"enemies":"Shell Parasite","floor":23.0,"turns":4.0},{"damage":9.0,"enemies":"Snake Plant","floor":26.0,"turns":3.0},{"damage":13.0,"enemies":"Shelled Parasite and Fungi","floor":27.0,"turns":4.0},{"damage":21.0,"enemies":"3 Cultists","floor":29.0,"turns":5.0},{"damage":9.0,"enemies":"Replay:Snechameleon","floor":31.0,"turns":4.0},{"damage":16.0,"enemies":"Snake Plant","floor":32.0,"turns":4.0},{"damage":73.0,"enemies":"DF_ARCHETYPE_CLAW","floor":33.0,"turns":11.0},{"damage":6.0,"enemies":"3 Shapes","floor":36.0,"turns":3.0},{"damage":12.0,"enemies":"Orb Walker","floor":37.0,"turns":4.0},{"damage":7.0,"enemies":"Sphere and 2 Shapes","floor":39.0,"turns":5.0},{"damage":3.0,"enemies":"3 Darklings","floor":43.0,"turns":6.0},{"damage":0.0,"enemies":"R_Hoarder","floor":45.0,"turns":8.0},{"damage":0.0,"enemies":"downfall:FleeingMerchant","floor":46.0,"turns":4.0},{"damage":0.0,"enemies":"downfall:FleeingMerchant","floor":48.0,"turns":4.0},{"damage":29.0,"enemies":"Jaw Worm Horde","floor":49.0,"turns":5.0},{"damage":140,"enemies":"IC_BLOCK_ARCHETYPE","floor":50,"turns":10}],"seed_played":"-1420254812141991478","potions_obtained":[{"floor":6.0,"key":"Explosive Potion"},{"floor":9.0,"key":"Languid Potion"},{"floor":15.0,"key":"Weak Potion"},{"floor":16.0,"key":"Adrenaline Potion"},{"floor":16.0,"key":"Guardian:BlockOnCardUsePotion"},{"floor":29.0,"key":"SteroidPotion"},{"floor":32.0,"key":"PowerPotion"},{"floor":35.0,"key":"Venom Potion"},{"floor":35.0,"key":"DuplicationPotion"},{"floor":43.0,"key":"AttackPotion"}],"is_trial":false,"path_per_floor":["R","?","M","$","M","M","T","R","M","M","E","?","R","?","M","B",null,"R","M","?","?","?","M","T","R","M","M","R","M","R","E","M","B",null,"R","M","M","?","M","R","T","?","M","?","E","$","R","$","M","B"],"character_chosen":"GUARDIAN","items_purchased":["Guardian:FloatingOrbs","Blood Vial","Orichalcum","expansioncontent:AwakenDeath","Guardian:StasisStrike"],"campfire_rested":4,"item_purchase_floors":[4,46,46,48,48],"current_hp_per_floor":[88,70,62,62,57,51,51,51,51,42,34,34,60,60,44,24,88,88,88,51,51,35,26,26,52,43,30,66,45,74,65,49,12,98,98,92,80,80,73,73,73,73,70,70,70,70,70,72,45,0,0,0],"gold":412,"neow_bonus":"TEN_PERCENT_HP_BONUS","is_daily":false,"chose_seed":false,"campfire_upgraded":2,"win_rate":0.0,"timestamp":1611923856,"path_taken":["R","?","M","$","M","M","T","R","M","M","E","?","R","?","M","BOSS","R","M","?","?","?","M","T","R","M","M","R","M","R","E","M","BOSS","R","M","M","?","M","R","T","?","M","?","E","$","R","?","M","BOSS"],"items_purchased_type":["Card","Relic","Relic","Card","Card"],"build_version":"2020-12-22","purchased_purges":1,"victory":false,"max_hp_per_floor":[88,88,88,88,88,88,88,88,88,88,88,88,88,88,88,88,88,88,88,88,88,88,88,88,88,88,88,98,98,98,98,98,98,98,98,98,98,98,98,98,98,98,98,98,98,98,98,98,98,98,98,98],"card_choices":[{"not_picked":["Guardian:Gem_Lightblue","Guardian:WalkerClaw"],"picked":"Guardian:BronzeArmor","floor":3.0},{"not_picked":["Guardian:TemporalShield","Guardian:Gem_Fragmented"],"picked":"Guardian:Preprogram","floor":4.0},{"not_picked":["Guardian:Emergency","Guardian:TemporalShield"],"picked":"Guardian:AncientConstruct","floor":5.0},{"not_picked":["Guardian:Gem_Lightblue","Guardian:Gem_Red"],"picked":"Guardian:Incinerate","floor":6.0},{"not_picked":["Guardian:MultiBeam","Guardian:Gem_Cyan"],"picked":"Guardian:SpikerProtocol","floor":9.0},{"not_picked":["Guardian:TimeCapacitor","Guardian:MultiBeam"],"picked":"Guardian:Gem_White","floor":10.0},{"not_picked":["Guardian:RollAttack","Guardian:ShieldSpikes"],"picked":"Guardian:ChargeCore","floor":11.0},{"not_picked":["Guardian:GatlingBeam","Guardian:ChargeCore"],"picked":"Guardian:ShieldCharger","floor":15.0},{"not_picked":["Guardian:BaubleBeam","Guardian:ConstructionForm"],"picked":"Guardian:Gem_Synthetic","floor":16.0},{"not_picked":["Guardian:Gem_Green","Guardian:TemporalShield"],"picked":"Guardian:Gem_Blue","floor":19.0},{"not_picked":["Guardian:Gem_Green","Guardian:TemporalShield"],"picked":"Guardian:ShieldCharger","floor":20.0},{"not_picked":["Guardian:Recover","Guardian:TemporalStrike"],"picked":"Guardian:TimeCapacitor+1","floor":23.0},{"not_picked":["Guardian:Gem_Green","Guardian:Recover"],"picked":"Guardian:Suspension","floor":26.0},{"not_picked":["Guardian:FloatingOrbs","Guardian:TimeCapacitor","Guardian:ChargeCore"],"picked":"SKIP","floor":27.0},{"not_picked":["Guardian:TimeCapacitor","Guardian:VentSteam"],"picked":"Guardian:Gem_Lightblue","floor":29.0},{"not_picked":["Guardian:Reroute","Guardian:ChargeCore"],"picked":"Guardian:PrismaticBarrier","floor":31.0},{"not_picked":["Guardian:Reroute","Guardian:ShieldCharger+1"],"picked":"Guardian:Repulse","floor":32.0},{"not_picked":["Guardian:FastForward","Guardian:ExploitGems"],"picked":"Guardian:Gem_Orange","floor":33.0},{"not_picked":["Guardian:Suspension+1","Guardian:Planning+1"],"picked":"Guardian:RollAttack+1","floor":36.0},{"not_picked":["Guardian:Recover","Guardian:TemporalShield+1"],"picked":"Guardian:Gem_Yellow","floor":37.0},{"not_picked":["Guardian:ChargeCore","Guardian:Gem_Red"],"picked":"Guardian:Gem_Lightblue","floor":39.0},{"not_picked":["Guardian:Gem_Yellow","Guardian:GemFinder"],"picked":"Guardian:FloatingOrbs+1","floor":43.0},{"not_picked":["Guardian:Gem_White","Guardian:DecasProtection+1"],"picked":"Guardian:StasisStrike","floor":45.0},{"not_picked":["Guardian:FastForward","Guardian:Gem_Green","Guardian:Planning"],"picked":"SKIP","floor":46.0},{"not_picked":["Guardian:Recover+1","Guardian:Suspension+1"],"picked":"Guardian:WalkerClaw+1","floor":48.0},{"not_picked":["Guardian:Gem_Yellow","Guardian:GuardianWhirl"],"picked":"Guardian:TemporalStrike","floor":49.0}],"player_experience":204843,"relics_obtained":[{"floor":11.0,"key":"Vajra"},{"floor":18.0,"key":"hubris:ToyBattleship"},{"floor":20.0,"key":"Bronze Scales"},{"floor":22.0,"key":"Enchiridion"},{"floor":24.0,"key":"trackpad:CultistFigurine"},{"floor":31.0,"key":"War Paint"},{"floor":41.0,"key":"Omamori"},{"floor":42.0,"key":"Guardian:PickAxe"},{"floor":44.0,"key":"Ring of Hypnosis"},{"floor":44.0,"key":"ReplayTheSpireMod:Ring of Exchange"},{"floor":45.0,"key":"aspiration:SeaSaltIceCream"}],"event_choices":[{"damage_healed":0.0,"max_hp_gain":0.0,"max_hp_loss":0.0,"gold_gain":0.0,"event_name":"Scrap Ooze","player_choice":"Success","floor":2.0,"gold_loss":0.0,"damage_taken":18.0,"relics_obtained":["aspiration:ChemicalBlood"]},{"damage_healed":0.0,"max_hp_gain":0.0,"max_hp_loss":0.0,"gold_gain":0.0,"event_name":"conspire:Investor","player_choice":"Leave","floor":38.0,"gold_loss":0.0,"damage_taken":0.0}],"is_beta":false,"boss_relics":[{"not_picked":["Kintsugi","ChewingGum"],"picked":"Philosopher\u0027s Stone"},{"not_picked":["Tiny House","Empty Cage"],"picked":"bronze:MakeshiftBattery"}],"items_purged_floors":[46],"is_endless":false,"potions_floor_spawned":[6,9,15,16,23,27,29,43,45],"killed_by":"IC_BLOCK_ARCHETYPE","ascension_level":0}}