{"host":"snjtcuf7krqplf70","time":1611955489,"event":{"mods":["AchievementEnabler","BaseMod","Colored Map","Colored Powertips","Minty Spire (QoL Compilation)","StSLib"],"gold_per_floor":[13,28,47,63,78,78,103,103,150,168,93,123,123,143,143,238,238,249,249,269,284,34,34,54,54,54],"floor_reached":25,"language":"ENG","playtime":1968,"items_purged":["Strike_P","Defend_P"],"score":359,"play_id":"722c57e6-e573-42ac-bbb3-9f7d7f7e5cc2","local_time":"20210129132449","is_ascension_mode":true,"campfire_choices":[{"data":"ForeignInfluence","floor":6,"key":"SMITH"},{"data":"Eruption","floor":8,"key":"SMITH"},{"data":"Alpha","floor":13,"key":"SMITH"},{"data":"EmptyMind","floor":15,"key":"SMITH"},{"data":"MasterReality","floor":23,"key":"SMITH"}],"circlet_count":0,"master_deck":["Defend_P","Defend_P","Defend_P","Eruption+1","Vigilance","CutThroughFate","ThirdEye","ReachHeaven","ForeignInfluence+1","CutThroughFate","Tantrum","Tantrum","DeusExMachina","Wireheading","EmptyMind+1","Alpha+1","MasterReality+1","InnerPeace","ThirdEye+1"],"relics":["PureWater","Prayer Wheel","Strawberry","Omamori","Shuriken","Empty Cage","Art of War"],"acts_visited":["Exordium","TheCity"],"potions_floor_usage":[5,7,12,16,21,24],"damage_taken":[{"damage":1,"enemies":"Cultist","floor":1,"turns":4},{"damage":0,"enemies":"Jaw Worm","floor":2,"turns":6},{"damage":0,"enemies":"2 Louse","floor":3,"turns":4},{"damage":0,"enemies":"Blue Slaver","floor":4,"turns":6},{"damage":0,"enemies":"2 Fungi Beasts","floor":5,"turns":2},{"damage":0,"enemies":"Lagavulin","floor":7,"turns":3},{"damage":1,"enemies":"Red Slaver","floor":10,"turns":2},{"damage":7,"enemies":"3 Sentries","floor":12,"turns":4},{"damage":7,"enemies":"3 Louse","floor":14,"turns":3},{"damage":34,"enemies":"Hexaghost","floor":16,"turns":4},{"damage":25,"enemies":"2 Thieves","floor":18,"turns":3},{"damage":5,"enemies":"3 Byrds","floor":20,"turns":3},{"damage":7,"enemies":"Centurion and Healer","floor":21,"turns":4},{"damage":17,"enemies":"Sentry and Sphere","floor":24,"turns":5},{"damage":32,"enemies":"Shelled Parasite and Fungi","floor":25,"turns":4}],"seed_played":"8635032210463593744","potions_obtained":[{"floor":3,"key":"SteroidPotion"},{"floor":4,"key":"AttackPotion"},{"floor":10,"key":"AttackPotion"},{"floor":12,"key":"StancePotion"},{"floor":18,"key":"AttackPotion"},{"floor":21,"key":"Fire Potion"}],"is_trial":false,"path_per_floor":["M","M","M","M","M","R","E","R","T","M","$","E","R","M","R","B",null,"M","?","M","M","$","R","M","M"],"character_chosen":"WATCHER","items_purchased":["Art of War"],"campfire_rested":0,"item_purchase_floors":[22],"current_hp_per_floor":[71,71,71,71,71,71,78,78,78,77,77,70,70,63,63,29,79,54,54,49,42,42,42,25,0,0],"gold":54,"neow_bonus":"ONE_RARE_RELIC","is_daily":false,"chose_seed":false,"campfire_upgraded":5,"win_rate":0.0,"timestamp":1611955489,"path_taken":["M","M","M","M","M","R","E","R","T","?","$","E","R","M","R","BOSS","M","?","M","?","$","R","M","M"],"items_purchased_type":["Relic"],"build_version":"2020-12-22","purchased_purges":2,"victory":false,"max_hp_per_floor":[72,72,72,72,72,72,79,79,79,79,79,79,79,79,79,79,79,79,79,79,79,79,79,79,79,79],"card_choices":[{"not_picked":["TalkToTheHand","Consecrate"],"picked":"CutThroughFate","floor":1},{"not_picked":["Sanctity","Consecrate"],"picked":"ThirdEye","floor":1},{"not_picked":["EmptyBody","Collect"],"picked":"ReachHeaven","floor":2},{"not_picked":["Crescendo","EmptyFist"],"picked":"ForeignInfluence","floor":2},{"not_picked":["LikeWater","FlurryOfBlows"],"picked":"CutThroughFate","floor":3},{"not_picked":["EmptyFist","Consecrate","BattleHymn"],"picked":"SKIP","floor":3},{"not_picked":["Consecrate","Protect"],"picked":"Tantrum","floor":4},{"not_picked":["Halt","FlyingSleeves"],"picked":"Tantrum","floor":4},{"not_picked":["CutThroughFate","Evaluate"],"picked":"DeusExMachina","floor":5},{"not_picked":["Prostrate","Perseverance"],"picked":"Wireheading","floor":5},{"not_picked":["Nirvana","Wallop","CutThroughFate"],"picked":"SKIP","floor":7},{"not_picked":["Vengeance","ThirdEye"],"picked":"EmptyMind","floor":10},{"not_picked":["Evaluate","SashWhip","Worship"],"picked":"SKIP","floor":10},{"not_picked":["InnerPeace","WaveOfTheHand"],"picked":"Alpha","floor":12},{"not_picked":["BowlingBash","EmptyFist","EmptyMind"],"picked":"SKIP","floor":14},{"not_picked":["ThirdEye","Prostrate","Crescendo"],"picked":"SKIP","floor":14},{"not_picked":["ConjureBlade","DevaForm"],"picked":"MasterReality","floor":16},{"not_picked":["Conclude","Consecrate"],"picked":"InnerPeace","floor":18},{"not_picked":["SashWhip","FearNoEvil","FlurryOfBlows"],"picked":"SKIP","floor":18},{"not_picked":["SignatureMove","Fasting2"],"picked":"ThirdEye+1","floor":20},{"not_picked":["Protect","Conclude","FollowUp"],"picked":"SKIP","floor":20},{"not_picked":["CrushJoints","EmptyFist+1","EmptyBody"],"picked":"SKIP","floor":21},{"not_picked":["Collect","WheelKick","FlyingSleeves"],"picked":"SKIP","floor":21},{"not_picked":["Tantrum","MasterReality","EmptyMind"],"picked":"SKIP","floor":24},{"not_picked":["Crescendo","ClearTheMind","ThirdEye"],"picked":"SKIP","floor":24}],"player_experience":145800,"relics_obtained":[{"floor":7,"key":"Strawberry"},{"floor":9,"key":"Omamori"},{"floor":12,"key":"Shuriken"}],"event_choices":[{"cards_removed":["Strike_P"],"damage_healed":0,"gold_gain":0,"player_choice":"Purged","damage_taken":0,"max_hp_gain":0,"max_hp_loss":0,"event_name":"Purifier","floor":19,"gold_loss":0}],"is_beta":false,"boss_relics":[{"not_picked":["VioletLotus","Cursed Key"],"picked":"Empty Cage"}],"items_purged_floors":[11,22],"is_endless":false,"potions_floor_spawned":[3,4,10,12,18,21],"killed_by":"Shelled Parasite and Fungi","ascension_level":1}}