{"host":"bvp2uifzy1c463d9","time":1611896767,"event":{"mods":["AchievementEnabler","BaseMod","Block Reminder","ChefMod","Colored Map","Colored Powertips","Hermit","Highlight Path","Infinite Spire","Minty Spire (QoL Compilation)","Random Character Button","Relic Stats","Reliquary","Replay The Spire","StSLib","The Jungle","The Servant 0.9.4"],"gold_per_floor":[118,134,147,158,258,285,57,76,76,93,93,105,125,139,139,238,238,256,274,285,285,285],"floor_reached":21,"language":"ENG","playtime":2785,"items_purged":[],"score":189,"play_id":"b820f48d-1d1f-4b3e-a9d1-0ac6a634e0ce","local_time":"20210128230607","is_ascension_mode":false,"campfire_choices":[{"floor":11,"key":"REST"}],"circlet_count":0,"master_deck":["chefmod:Strike","chefmod:Strike","chefmod:Strike","chefmod:Strike","chefmod:QuickThaw","chefmod:Defend","chefmod:Defend","chefmod:Defend","chefmod:Defend","chefmod:TodaysSpecial","chefmod:IcePick","chefmod:DoubleChop","chefmod:SpaghettiCarbonara","chefmod:FreezerBurn+1","chefmod:Chop","chefmod:TwoForOne","chefmod:LiquidNitrogen","chefmod:VegetableTart","chefmod:Puree","chefmod:Fillet","chefmod:Granita","chefmod:FarmersMarket","chefmod:TastyDistraction","chefmod:Gelato+1","chefmod:ZaruSoba","chefmod:ColdSteel"],"relics":["chefmod:OldKettle","Potion Belt","Shuriken","Replay:Grab Bag","reliquary:Ember","ChewingGum"],"acts_visited":["Exordium","TheCity"],"potions_floor_usage":[6,18,18],"damage_taken":[{"damage":1,"enemies":"Jaw Worm","floor":1,"turns":4},{"damage":0,"enemies":"Cultist","floor":2,"turns":4},{"damage":0,"enemies":"2 Louse","floor":3,"turns":3},{"damage":17,"enemies":"Gremlin Gang","floor":4,"turns":8},{"damage":15,"enemies":"Replay:BlueRogue","floor":6,"turns":8},{"damage":8,"enemies":"Blue Slaver","floor":8,"turns":4},{"damage":10,"enemies":"Looter","floor":10,"turns":4},{"damage":13,"enemies":"Large Slime","floor":12,"turns":5},{"damage":0,"enemies":"2 Fungi Beasts","floor":13,"turns":2},{"damage":14,"enemies":"3 Louse","floor":14,"turns":3},{"damage":39,"enemies":"Fading Forest","floor":16,"turns":11},{"damage":33,"enemies":"Shell Parasite","floor":18,"turns":7},{"damage":8,"enemies":"Spheric Guardian","floor":19,"turns":4},{"damage":33,"enemies":"Centurion and Healer","floor":20,"turns":7},{"damage":14,"enemies":"Chosen and Byrds","floor":21,"turns":5}],"seed_played":"-4791883692277476649","potions_obtained":[{"floor":2,"key":"chefmod:PotionOfPlenty"},{"floor":8,"key":"DuplicationPotion"},{"floor":10,"key":"chefmod:PotionOfPlenty"},{"floor":13,"key":"Reflective Coating"},{"floor":16,"key":"Fruit Juice"},{"floor":20,"key":"Toxic Potion"}],"is_trial":false,"path_per_floor":["M","M","M","M","?","E","$","M","T","M","R","M","M","M","R_BF","B",null,"M","M","M","M"],"character_chosen":"THE_CHEF","items_purchased":["chefmod:TwoForOne","chefmod:LiquidNitrogen"],"campfire_rested":1,"item_purchase_floors":[7,7],"current_hp_per_floor":[82,82,82,65,65,50,50,42,42,32,56,43,43,29,53,14,83,55,47,14,0,0],"gold":285,"neow_bonus":"TEN_PERCENT_HP_BONUS","is_daily":false,"chose_seed":false,"campfire_upgraded":0,"win_rate":0.0,"timestamp":1611896767,"path_taken":["M","M","M","M","?","E","?","M","T","M","R","M","M","M","R_BF","BOSS","M","M","M","M"],"items_purchased_type":["Card","Card"],"build_version":"2020-12-22","purchased_purges":0,"victory":false,"max_hp_per_floor":[83,83,83,83,83,83,83,83,83,83,83,83,83,83,83,83,83,88,88,88,88,88],"relic_stats":{"counters":[15,79],"Shuriken":[22],"obtain_stats":[{"Potion Belt":6,"chefmod:TrustyPot":0,"Shuriken":9,"chefmod:OldKettle":17,"Replay:Grab Bag":17,"ChewingGum":17,"reliquary:Ember":17},{"Potion Belt":5,"chefmod:TrustyPot":0,"Shuriken":6,"chefmod:OldKettle":11,"Replay:Grab Bag":11,"ChewingGum":11,"reliquary:Ember":11},{"Potion Belt":27,"chefmod:TrustyPot":0,"Shuriken":31,"chefmod:OldKettle":56,"Replay:Grab Bag":56,"ChewingGum":56,"reliquary:Ember":56}]},"card_choices":[{"not_picked":["chefmod:ZaruSoba","chefmod:Bruschetta"],"picked":"chefmod:IcePick","floor":1},{"not_picked":["chefmod:AllYouCanEat","chefmod:GroceryDelivery"],"picked":"chefmod:DoubleChop","floor":2},{"not_picked":["chefmod:FreezerBurn","chefmod:ColdSteel"],"picked":"chefmod:SpaghettiCarbonara","floor":3},{"not_picked":["chefmod:GroceryDelivery","chefmod:IcePick"],"picked":"chefmod:FreezerBurn","floor":4},{"not_picked":["chefmod:DinoKale","chefmod:ZaruSoba"],"picked":"chefmod:Chop","floor":6},{"not_picked":["chefmod:Fillet","chefmod:Chop"],"picked":"chefmod:VegetableTart","floor":8},{"not_picked":["chefmod:LocoMoco","chefmod:Mince"],"picked":"chefmod:Puree","floor":10},{"not_picked":["chefmod:NewMenu","chefmod:Sorbet"],"picked":"chefmod:Fillet","floor":12},{"not_picked":["chefmod:FireUp","chefmod:BananaSplit"],"picked":"chefmod:Granita","floor":13},{"not_picked":["chefmod:PotatoGratin","chefmod:Chop"],"picked":"chefmod:FarmersMarket","floor":14},{"not_picked":["chefmod:CandyBowl","chefmod:FrozenTuna"],"picked":"chefmod:TastyDistraction","floor":16},{"not_picked":["chefmod:FireUp","chefmod:Julienne+1"],"picked":"chefmod:Gelato+1","floor":18},{"not_picked":["chefmod:Defrost","chefmod:Puree"],"picked":"chefmod:ZaruSoba","floor":19},{"not_picked":["chefmod:DeepFreeze","chefmod:LocoMoco"],"picked":"chefmod:ColdSteel","floor":20}],"player_experience":207010,"relics_obtained":[{"floor":6,"key":"Potion Belt"},{"floor":9,"key":"Shuriken"}],"event_choices":[{"damage_healed":0,"gold_gain":100,"player_choice":"Pray","damage_taken":0,"max_hp_gain":0,"max_hp_loss":0,"event_name":"Golden Shrine","floor":5,"gold_loss":0}],"is_beta":false,"boss_relics":[{"not_picked":["Painkiller Herb","Fusion Hammer"],"picked":"Replay:Grab Bag"},{"not_picked":["Velvet Choker","reliquary:WritOfMandamus"],"picked":"reliquary:Ember"},{"not_picked":["reliquary:RedCape","Cursed Key"],"picked":"ChewingGum"},{"not_picked":["Snecko Eye","Replay:Drink Me"],"picked":"chefmod:OldKettle"}],"items_purged_floors":[],"is_endless":false,"potions_floor_spawned":[2,8,10,13,16,20],"killed_by":"Chosen and Byrds","ascension_level":0}}