{"host":"jfbo3eu2ui08ej1u","time":1611881208,"event":{"mods":["2.2 Compatiblity","AchievementEnabler","Act Like it!","Aspiration","BaseMod","Better Altar","Better Match","Better Note","Better Sensory Stone","Better Skull","Better Third Choice","Block Reminder","Colored Map","Colored Powertips","Conspire","DeckTracker","Displayed Cursed Tome","Energized Spire","Fox Events","GifTheSpireLib","Hubris","Infinite Spire","Marked Mod","Minty Spire (QoL Compilation)","Pale of the Ancients","Poor People Problems","Quick Restart","Relic Filter","Reliquary","Reorder Act Four","Replay The Spire","Shop Mod","Spicy Shops","Spire Arcade","StSLib","Stuff the Spire","The Blue Laboratory","The Disciple","The Forsaken","The Hierophant","The Marked","Uncapped","Unceasing Turn Reminder","Wandering Minibosses"],"gold_per_floor":[115,125,137,137,151,180,198,198,198,198,198,198,224,65,65,139,139,155,155,22,39,51,51,77,77,77,110,128,128,128,128],"floor_reached":30,"language":"ENG","playtime":1143,"items_purged":["Injury"],"score":656,"play_id":"e98b7e79-fd72-4849-be6f-255d8e6d8c12","local_time":"20210128194648","is_ascension_mode":true,"campfire_choices":[{"floor":11.0,"key":"REST"},{"floor":15.0,"key":"REST"},{"floor":23.0,"key":"REST"},{"floor":25,"key":"REST"}],"circlet_count":0,"master_deck":["AscendersBane","Strike_P","Strike_P","Strike_P","Strike_P","Defend_P+1","Defend_P","Defend_P","Defend_P","Eruption+1","Vigilance+1","BowlingBash","Replay:ManipulateFuture","ReachHeaven","CutThroughFate","Replay:LoomingThreat","Protect+1","Evaluate+1","PathToVictory+1","MarkedMod:GracefulMovements","MarkedMod:ChiBlock+1","MarkedMod:Acupuncture","MarkedMod:ChiBlock+1","Replay:Anticipation+1","PathToVictory+1","MarkedMod:OneThousandNeedles+1"],"relics":["PureWater","Toxic Egg 2","Ancient Tea Set","Bag of Preparation","Replay:Mystery Machine","energizedSpire:BlackCloud","Gremlin Food","Pantograph","infinitespire:CheckeredPen","Oddly Smooth Stone"],"acts_visited":["Exordium","TheCity"],"potions_floor_usage":[24,24],"damage_taken":[{"damage":1.0,"enemies":"conspire:RoseBush","floor":1.0,"turns":2.0},{"damage":7.0,"enemies":"Jaw Worm","floor":2.0,"turns":4.0},{"damage":0.0,"enemies":"2 Louse","floor":3.0,"turns":2.0},{"damage":16.0,"enemies":"Blue Slaver","floor":5.0,"turns":5.0},{"damage":15.0,"enemies":"Lagavulin","floor":6.0,"turns":5.0},{"damage":18.0,"enemies":"Exordium Wildlife","floor":7.0,"turns":6.0},{"damage":12.0,"enemies":"Gremlin Nob","floor":13.0,"turns":3.0},{"damage":0.0,"enemies":"Slime Boss","floor":16.0,"turns":6.0},{"damage":10.0,"enemies":"Chosen","floor":18.0,"turns":6.0},{"damage":22.0,"enemies":"Spheric Guardian","floor":21.0,"turns":6.0},{"damage":21.0,"enemies":"Snake Plant","floor":22.0,"turns":6.0},{"damage":30,"enemies":"Book of Stabbing","floor":24,"turns":7},{"damage":27,"enemies":"conspire:Head Lice","floor":27,"turns":13},{"damage":11,"enemies":"Snecko","floor":28,"turns":7},{"damage":9,"enemies":"3 Cultists","floor":30,"turns":4}],"seed_played":"4843623278115259556","potions_obtained":[{"floor":2.0,"key":"LiquidMemories"},{"floor":3.0,"key":"Reflective Coating"},{"floor":13.0,"key":"AttackPotion"},{"floor":16.0,"key":"blueLaboratory:FruitPreserves"},{"floor":21.0,"key":"Strength Potion"},{"floor":22.0,"key":"Block Potion"}],"is_trial":false,"path_per_floor":["M","M","M","?","M","E","M","?","T","?","R","T","E","$","R","B",null,"M","?","$","M","M","R","E","R","T","E","M","?","M"],"character_chosen":"WATCHER","items_purchased":["PathToVictory+1","MarkedMod:GracefulMovements","MarkedMod:Acupuncture"],"campfire_rested":4,"item_purchase_floors":[14,14,20],"current_hp_per_floor":[60,53,53,53,37,22,4,4,4,4,24,24,12,12,32,32,59,49,49,49,27,34,54,24,44,44,17,6,6,0,0],"gold":128,"neow_bonus":"UPGRADE_CARD","is_daily":false,"chose_seed":false,"campfire_upgraded":0,"win_rate":0.0,"timestamp":1611881208,"path_taken":["M","M","M","?","M","E","M","?","T","?","R","?","E","$","R","BOSS","M","?","$","M","?","R","E","R","T","E","M","?","M"],"items_purchased_type":["Card","Card","Card"],"build_version":"2020-12-22","purchased_purges":1,"victory":false,"max_hp_per_floor":[68,68,68,68,68,68,68,68,68,68,68,68,68,68,68,68,68,68,68,68,68,68,68,68,68,68,68,68,68,68,68],"card_choices":[{"not_picked":["TalkToTheHand","Halt"],"picked":"BowlingBash","floor":1.0},{"not_picked":["BowlingBash","Replay:AtTheReady"],"picked":"Replay:ManipulateFuture","floor":2.0},{"not_picked":["Halt","Pray"],"picked":"ReachHeaven","floor":3.0},{"not_picked":["MarkedMod:Acupuncture","Tantrum"],"picked":"CutThroughFate","floor":5.0},{"not_picked":["Replay:Battleflow+1","Replay:ManipulateFuture+1"],"picked":"Replay:LoomingThreat","floor":6.0},{"not_picked":["Adaptation","Halt+1"],"picked":"Protect+1","floor":7.0},{"not_picked":["Consecrate","ReachHeaven"],"picked":"Evaluate+1","floor":13.0},{"not_picked":["Replay:LoomingThreat","LessonLearned"],"picked":"MarkedMod:ChiBlock+1","floor":16.0},{"not_picked":["Prostrate+1","FlyingSleeves","Replay:Hum+1"],"picked":"SKIP","floor":18.0},{"not_picked":["Replay:Battleflow+1","BowlingBash+1"],"picked":"MarkedMod:ChiBlock+1","floor":21.0},{"not_picked":["MarkedMod:Acupuncture","FlyingSleeves","FollowUp"],"picked":"SKIP","floor":22.0},{"not_picked":["CarveReality","ClearTheMind+1"],"picked":"Replay:Anticipation+1","floor":24},{"not_picked":["ClearTheMind+1","MarkedMod:Acupuncture"],"picked":"PathToVictory+1","floor":27},{"not_picked":["Nirvana","FlurryOfBlows"],"picked":"MarkedMod:OneThousandNeedles+1","floor":28}],"player_experience":1247946,"relics_obtained":[{"floor":6.0,"key":"Ancient Tea Set"},{"floor":12.0,"key":"Bag of Preparation"},{"floor":13.0,"key":"Replay:Mystery Machine"},{"floor":19.0,"key":"Gremlin Food"},{"floor":24,"key":"Pantograph"},{"floor":26,"key":"infinitespire:CheckeredPen"},{"floor":27,"key":"Oddly Smooth Stone"}],"event_choices":[{"damage_healed":0.0,"max_hp_gain":0.0,"max_hp_loss":0.0,"gold_gain":0.0,"event_name":"Wheel of Change","player_choice":"Relic","floor":19.0,"gold_loss":0.0,"damage_taken":0.0}],"is_beta":false,"boss_relics":[{"not_picked":["energizedSpire:DeadBattery","Black Star"],"picked":"energizedSpire:BlackCloud"}],"items_purged_floors":[20],"is_endless":false,"potions_floor_spawned":[2,3,13,16,21,22],"killed_by":"3 Cultists","ascension_level":20}}