{"host":"75zx7uhsgygk98v8","time":1611956011,"event":{"mods":["BaseMod","Colored Map","Colored Powertips","Downfall","Googly Eyes","Highlight Path","Minty Spire (QoL Compilation)","StSLib"],"gold_per_floor":[117,117,117,128,140,169,169,169,169,197,208,224,78,91,91,188,188,207,170,170,170],"floor_reached":20,"language":"ENG","playtime":930,"items_purged":[],"score":218,"play_id":"b35e4fc1-8f55-45ec-8ad5-ab66fd453c35","local_time":"20210129153331","is_ascension_mode":true,"campfire_choices":[{"data":"Dualcast","floor":7.0,"key":"SMITH"},{"floor":15.0,"key":"RECALL"}],"circlet_count":0,"master_deck":["Strike_B","Strike_B+1","Strike_B","Strike_B+1","Defend_B","Defend_B","Defend_B","Defend_B","Zap","Dualcast+1","Steam","Static Discharge","Ball Lightning","Conserve Battery","Genetic Algorithm","Self Repair","White Noise","Go for the Eyes","Buffer","Stack+1","Loop"],"relics":["Cracked Core","Pear","Meat on the Bone","Vajra","Inserter"],"acts_visited":[],"potions_floor_usage":[],"damage_taken":[{"damage":1.0,"enemies":"Jaw Worm","floor":1.0,"turns":3.0},{"damage":0.0,"enemies":"Small Slimes","floor":4.0,"turns":3.0},{"damage":2.0,"enemies":"2 Louse","floor":5.0,"turns":2.0},{"damage":19.0,"enemies":"Gremlin Nob","floor":6.0,"turns":4.0},{"damage":18.0,"enemies":"3 Sentries","floor":10.0,"turns":5.0},{"damage":22.0,"enemies":"Gremlin Gang","floor":11.0,"turns":3.0},{"damage":5.0,"enemies":"3 Louse","floor":12.0,"turns":3.0},{"damage":0.0,"enemies":"Looter","floor":14.0,"turns":3.0},{"damage":38.0,"enemies":"The Guardian","floor":16.0,"turns":9.0},{"damage":16.0,"enemies":"3 Byrds","floor":18.0,"turns":5.0},{"damage":0,"enemies":"Shell Parasite","floor":20,"turns":1}],"seed_played":"-2068011094703399000","potions_obtained":[{"floor":4.0,"key":"Weak Potion"},{"floor":5.0,"key":"DuplicationPotion"},{"floor":8.0,"key":"ColorlessPotion"}],"is_trial":false,"path_per_floor":["M","?","?","M","M","E","R","?","T","E","M","M","$","M","R","B",null,"M","$","M"],"character_chosen":"DEFECT","items_purchased":["Self Repair","White Noise","Loop"],"campfire_rested":0,"item_purchase_floors":[13,13,19],"current_hp_per_floor":[81,86,69,69,67,58,58,58,58,52,42,49,49,56,56,37,97,88,88,88,88],"gold":170,"neow_bonus":"TEN_PERCENT_HP_BONUS","is_daily":false,"chose_seed":false,"campfire_upgraded":1,"win_rate":0.0,"timestamp":1611956011,"path_taken":["M","?","?","M","M","E","R","?","T","E","?","M","$","?","R","BOSS","M","$","M"],"items_purchased_type":["Card","Card","Card"],"build_version":"2020-12-22","purchased_purges":0,"victory":false,"max_hp_per_floor":[82,87,87,87,87,97,97,97,97,97,97,97,97,97,97,97,97,97,97,97,97],"card_choices":[{"not_picked":["Melter","Undo"],"picked":"Steam","floor":1.0},{"not_picked":["Cold Snap","Hello World"],"picked":"Static Discharge","floor":4.0},{"not_picked":["Redo","Rebound"],"picked":"Ball Lightning","floor":5.0},{"not_picked":["Multi-Cast","Compile Driver"],"picked":"Conserve Battery","floor":6.0},{"not_picked":["Rip and Tear","Steam","Barrage"],"picked":"SKIP","floor":10.0},{"not_picked":["Barrage","Compile Driver"],"picked":"Genetic Algorithm","floor":11.0},{"not_picked":["Aggregate","Rebound","Barrage"],"picked":"SKIP","floor":12.0},{"not_picked":["Ball Lightning","Barrage"],"picked":"Go for the Eyes","floor":14.0},{"not_picked":["Fission","Reboot"],"picked":"Buffer","floor":16.0},{"not_picked":["Leap+1","Compile Driver+1"],"picked":"Stack+1","floor":18.0}],"player_experience":1269469,"relics_obtained":[{"floor":6.0,"key":"Pear"},{"floor":9.0,"key":"Meat on the Bone"},{"floor":10.0,"key":"Vajra"}],"event_choices":[{"damage_healed":0.0,"max_hp_gain":5.0,"max_hp_loss":0.0,"gold_gain":0.0,"event_name":"Big Fish","player_choice":"Donut","floor":2.0,"gold_loss":0.0,"damage_taken":0.0},{"damage_healed":0.0,"max_hp_gain":0.0,"max_hp_loss":0.0,"gold_gain":0.0,"event_name":"Shining Light","player_choice":"Entered Light","floor":3.0,"gold_loss":0.0,"damage_taken":17.0,"cards_upgraded":["Strike_B","Strike_B"]},{"damage_healed":0.0,"max_hp_gain":0.0,"max_hp_loss":0.0,"gold_gain":0.0,"event_name":"Lab","player_choice":"Got Potions","floor":8.0,"gold_loss":0.0,"damage_taken":0.0}],"is_beta":false,"boss_relics":[{"not_picked":["Nuclear Battery","Runic Pyramid"],"picked":"Inserter"}],"items_purged_floors":[],"is_endless":false,"potions_floor_spawned":[4,5,14],"killed_by":"Shell Parasite","ascension_level":1}}