{"host":"2wp95sdfrgw3k439","time":1611892555,"event":{"mods":["BaseMod","Better Altar","Better Skull","Better Third Choice","Curses Come First","Minty Spire (QoL Compilation)","Permanent Neow","StSLib"],"gold_per_floor":[116,191,210,228,247,247,264,296,296,2,2,2,2,19,19,117,117,131,131,150,150,165,165,165],"floor_reached":23,"language":"ENG","playtime":942,"items_purged":["Strike_G"],"score":270,"play_id":"f11af6a7-213c-41eb-baca-f50b91a86cbb","local_time":"20210128205555","is_ascension_mode":true,"campfire_choices":[{"floor":6,"key":"REST"},{"floor":11,"key":"REST"},{"floor":15,"key":"REST"}],"circlet_count":0,"master_deck":["Strike_G","Strike_G","Strike_G","Defend_G","Defend_G","Defend_G","Defend_G","Defend_G","Survivor","Neutralize","Endless Agony","Flying Knee","Heel Hook","Caltrops","Flying Knee","Backstab","PiercingWail","Corpse Explosion","Pain","Dash","Backstab","Distraction+1"],"relics":["Runic Dome","Boot","HornCleat","Oddly Smooth Stone","Tough Bandages","Philosopher\u0027s Stone","WarpedTongs"],"acts_visited":["Exordium","TheCity"],"potions_floor_usage":[8,16,22,23],"damage_taken":[{"damage":0,"enemies":"Cultist","floor":1,"turns":4},{"damage":4,"enemies":"Jaw Worm","floor":3,"turns":4},{"damage":0,"enemies":"2 Louse","floor":4,"turns":3},{"damage":6,"enemies":"Exordium Thugs","floor":5,"turns":5},{"damage":0,"enemies":"Large Slime","floor":7,"turns":6},{"damage":27,"enemies":"Lagavulin","floor":8,"turns":9},{"damage":8,"enemies":"Red Slaver","floor":14,"turns":4},{"damage":27,"enemies":"The Guardian","floor":16,"turns":12},{"damage":25,"enemies":"2 Thieves","floor":18,"turns":4},{"damage":0,"enemies":"3 Byrds","floor":20,"turns":2},{"damage":22,"enemies":"Snecko","floor":22,"turns":7},{"damage":17,"enemies":"Slavers","floor":23,"turns":1}],"seed_played":"-2463804930580822742","potions_obtained":[{"floor":1,"key":"SmokeBomb"},{"floor":4,"key":"DuplicationPotion"},{"floor":14,"key":"Strength Potion"},{"floor":18,"key":"GamblersBrew"},{"floor":20,"key":"SteroidPotion"}],"is_trial":false,"path_per_floor":["M","?","M","M","M","R","M","E","T","$","R","?","?","M","R","B",null,"M","?","M","?","M","E"],"character_chosen":"THE_SILENT","items_purchased":["Oddly Smooth Stone","Backstab"],"campfire_rested":3,"item_purchase_floors":[10,10],"current_hp_per_floor":[63,52,48,48,42,63,63,36,36,36,57,57,57,49,70,43,63,38,38,38,38,16,0,0],"gold":165,"neow_bonus":"BOSS_RELIC","is_daily":false,"chose_seed":false,"campfire_upgraded":0,"win_rate":0.0,"timestamp":1611892555,"path_taken":["M","?","M","M","M","R","M","E","T","$","R","?","?","?","R","BOSS","M","?","?","?","?","E"],"items_purchased_type":["Relic","Card"],"build_version":"2020-12-22","purchased_purges":1,"victory":false,"max_hp_per_floor":[70,70,70,70,70,70,70,70,70,70,70,70,70,70,70,70,70,70,70,70,70,70,70,70],"card_choices":[{"not_picked":["Cloak And Dagger","Backflip"],"picked":"Endless Agony","floor":1},{"not_picked":["Quick Slash","Underhanded Strike"],"picked":"Flying Knee","floor":3},{"not_picked":["Underhanded Strike","Flying Knee"],"picked":"Heel Hook","floor":4},{"not_picked":["Adrenaline","PiercingWail"],"picked":"Caltrops","floor":5},{"not_picked":["Endless Agony","Acrobatics","Deadly Poison"],"picked":"SKIP","floor":7},{"not_picked":["Outmaneuver","Quick Slash"],"picked":"Flying Knee","floor":8},{"not_picked":["Underhanded Strike","Bouncing Flask"],"picked":"PiercingWail","floor":14},{"not_picked":["Unload","Malaise"],"picked":"Corpse Explosion","floor":16},{"not_picked":["Flying Knee","Deflect","Slice"],"picked":"SKIP","floor":18},{"not_picked":["Deflect+1","Backflip"],"picked":"Dash","floor":20},{"not_picked":["Blade Dance+1","Outmaneuver"],"picked":"Distraction+1","floor":22}],"player_experience":488675,"relics_obtained":[{"floor":8,"key":"Boot"},{"floor":9,"key":"HornCleat"}],"event_choices":[{"damage_healed":0,"gold_gain":75,"player_choice":"Gold","damage_taken":11,"max_hp_gain":0,"max_hp_loss":0,"event_name":"betterThird:BetterGoop","floor":2,"gold_loss":0},{"cards_removed":["Strike_G"],"damage_healed":0,"gold_gain":0,"player_choice":"Forget","damage_taken":0,"max_hp_gain":0,"max_hp_loss":0,"event_name":"Living Wall","floor":12,"gold_loss":0},{"damage_healed":0,"gold_gain":0,"player_choice":"Gave Potion","damage_taken":0,"relics_obtained":["Tough Bandages"],"max_hp_gain":0,"max_hp_loss":0,"event_name":"WeMeetAgain","floor":13,"gold_loss":0},{"damage_healed":0,"gold_gain":0,"player_choice":"Rummage","damage_taken":0,"relics_obtained":["WarpedTongs"],"max_hp_gain":0,"max_hp_loss":0,"event_name":"Accursed Blacksmith","floor":19,"gold_loss":0,"cards_obtained":["Pain"]},{"damage_healed":0,"gold_gain":0,"player_choice":"Copied","damage_taken":0,"max_hp_gain":0,"max_hp_loss":0,"event_name":"Duplicator","floor":21,"gold_loss":0,"cards_obtained":["Backstab"]}],"is_beta":false,"boss_relics":[{"not_picked":["Black Star","Tiny House"],"picked":"Philosopher\u0027s Stone"}],"items_purged_floors":[10],"is_endless":false,"potions_floor_spawned":[1,4,14,18,20],"killed_by":"Slavers","ascension_level":8}}