{"host":"ziko4uwynam20dv9","time":1611960213,"event":{"mods":["Aspiration","BaseMod","BetterRewards","Downfall","Hubris","Infinite Spire","Minty Spire (QoL Compilation)","Remilia??????","Replay The Spire","Shop Mod","StSLib","The Animator","The Jungle"],"gold_per_floor":[109,122,140,157,167,201,201,232,232,232,244,306,306,333,333,410,410,425,436,452,552,565,565,333,350,424,435,451,451,100,112,112,186,186,199,209,227,237,10,10,10,10,10,25,38,48,48,48,48,48],"floor_reached":51,"language":"FRA","playtime":1819,"items_purged":[],"score":1293,"play_id":"37fa9151-544e-47d5-8c8c-1d1c6b2f615b","local_time":"20210129234333","is_ascension_mode":true,"campfire_choices":[{"data":"Perfected Strike","floor":10,"key":"SMITH"},{"floor":13,"key":"REST"},{"floor":15,"key":"REST"},{"data":"Limit Break","floor":23,"key":"SMITH"},{"floor":29,"key":"REST"},{"data":"Heavy Blade","floor":32,"key":"SMITH"},{"data":"Inflame","floor":40,"key":"SMITH"},{"data":"Heavy Blade","floor":42,"key":"SMITH"},{"data":"Flex","floor":47,"key":"SMITH"},{"floor":49,"key":"REST"}],"circlet_count":0,"master_deck":["AscendersBane","Strike_R+1","Strike_R","Strike_R","Strike_R","Defend_R","Defend_R","Defend_R","Defend_R","Bash","Battle Trance","Heavy Blade+1","Twin Strike","Shrug It Off","Rampage","Perfected Strike+1","Headbutt","Flex+1","Iron Wave","Limit Break+1","hubris:Wrath","infinitespire:Starlight","Forethought","sneckomod:SnekBite","Perfected Strike+1","Twin Strike","Infernal Blade","Perfected Strike","Armaments+1","Heavy Blade+1","Perfected Strike","Perfected Strike","Ghostly Armor","Berserk","Heavy Blade+1","Bludgeon","ReplayTheSpireMod:Muscle Training","Blood for Blood","Inflame+1","Parasite","Sword Boomerang","hubris:NaturalOne"],"relics":["Burning Blood","hubris:GlazedTorus","infinitespire:CheckeredPen","Lantern","infinitespire:EmpoweringShard","hubris:PeanutButter","hubris:ToyBattleship","ReplayTheSpireMod:SealedPack","Replay:Lucky Slots","infinitespire:Bottled Soul","ClockworkSouvenir","Gremlin Food","infinitespire:Cupcake","hubris:ChampionShield","hubris:Icosahedron","Akabeko","hubris:Spice"],"acts_visited":["Exordium","Exordium","TheBeyond"],"potions_floor_usage":[6,6,6,14,18,46,50],"damage_taken":[{"damage":2,"enemies":"Jaw Worm","floor":1,"turns":4},{"damage":9,"enemies":"2 Louse","floor":2,"turns":4},{"damage":0,"enemies":"Cultist","floor":3,"turns":2},{"damage":0,"enemies":"Exordium Wildlife","floor":4,"turns":3},{"damage":16,"enemies":"3 Louse","floor":5,"turns":5},{"damage":20,"enemies":"Replay:BlueRogue","floor":6,"turns":7},{"damage":16,"enemies":"Gremlin Nob","floor":8,"turns":3},{"damage":0,"enemies":"Blue Slaver","floor":11,"turns":2},{"damage":4,"enemies":"Lagavulin","floor":14,"turns":5},{"damage":0,"enemies":"Slime Boss","floor":16,"turns":8},{"damage":8,"enemies":"Shell Parasite","floor":18,"turns":3},{"damage":5,"enemies":"theJungle:5_Spyders","floor":19,"turns":5},{"damage":17,"enemies":"theJungle:2_Snecko_Cultists","floor":20,"turns":4},{"damage":32,"enemies":"theJungle:Lyon","floor":22,"turns":5},{"damage":42,"enemies":"theJungle:2_Flameangoes","floor":25,"turns":5},{"damage":0,"enemies":"Snake Plant","floor":27,"turns":2},{"damage":4,"enemies":"theJungle:SlimyTreeVines","floor":28,"turns":4},{"damage":2,"enemies":"theJungle:2_Snecko_Cultists","floor":31,"turns":3},{"damage":8,"enemies":"theJungle:QueenSpyder","floor":33,"turns":6},{"damage":3,"enemies":"Orb Walker","floor":35,"turns":2},{"damage":11,"enemies":"3 Shapes","floor":36,"turns":2},{"damage":34,"enemies":"Maw","floor":37,"turns":6},{"damage":0,"enemies":"Sphere and 2 Shapes","floor":38,"turns":3},{"damage":0,"enemies":"Transient","floor":44,"turns":5},{"damage":0,"enemies":"Writhing Mass","floor":45,"turns":3},{"damage":13,"enemies":"Jaw Worm Horde","floor":46,"turns":3},{"damage":76,"enemies":"infinitespire:MassOfShapes","floor":50,"turns":7}],"seed_played":"3753178514768451033","potions_obtained":[{"floor":1,"key":"Dexterity Potion"},{"floor":2,"key":"EntropicBrew"},{"floor":11,"key":"Weak Potion"},{"floor":25,"key":"Regen Potion"},{"floor":27,"key":"Strength Potion"},{"floor":35,"key":"Block Potion"}],"is_trial":false,"path_per_floor":["M","M","M","M","M","E","?","E","T","R","M","?","R","E","R","B",null,"M","M","M","?","M","R","$","M","T","M","M","R","$","M","R","B",null,"M","M","M","M","$","R","?","R","T","M","M","M","R","T","R","B",null],"character_chosen":"IRONCLAD","items_purchased":["Perfected Strike","Replay:Lucky Slots","ClockworkSouvenir","Perfected Strike","Gremlin Food","hubris:ChampionShield","Inflame"],"campfire_rested":4,"item_purchase_floors":[24,24,30,30,30,39,39],"current_hp_per_floor":[72,69,75,75,65,51,51,41,41,41,47,17,39,41,63,69,74,75,75,64,64,48,48,48,22,22,28,35,57,57,61,61,69,74,75,75,47,53,53,53,53,53,53,69,75,68,68,76,83,13],"gold":48,"neow_bonus":"","is_daily":false,"chose_seed":false,"campfire_upgraded":6,"win_rate":0.0,"timestamp":1611960213,"path_taken":["M","M","M","M","M","E","?","E","T","R","M","?","R","E","R","BOSS","M","M","M","?","M","R","$","M","T","M","M","R","?","M","R","BOSS","M","M","M","M","$","R","?","R","T","M","M","M","R","?","R","BOSS"],"items_purchased_type":["Card","Relic","Relic","Card","Relic","Relic","Card"],"build_version":"2020-12-22","purchased_purges":0,"victory":true,"max_hp_per_floor":[75,75,75,75,75,75,75,75,75,75,75,75,75,75,75,75,75,75,75,75,75,75,75,75,75,75,75,75,75,75,75,75,75,75,75,75,75,75,75,75,75,75,75,75,75,75,75,83,83,83],"card_choices":[{"not_picked":["Pommel Strike","Evolve"],"picked":"Battle Trance","floor":1},{"not_picked":["Replay:Undeath\u0027s Touch","Intimidate"],"picked":"Heavy Blade","floor":2},{"not_picked":["Armaments","Clash"],"picked":"Twin Strike","floor":3},{"not_picked":["Twin Strike","Perfected Strike"],"picked":"Shrug It Off","floor":4},{"not_picked":["Clothesline","Pommel Strike"],"picked":"Rampage","floor":5},{"not_picked":["Dual Wield","infinitespire:OneForAll"],"picked":"Perfected Strike","floor":6},{"not_picked":["hubris:ReadiedAction","Life Link"],"picked":"Headbutt","floor":8},{"not_picked":["Bludgeon","Pommel Strike"],"picked":"Flex","floor":11},{"not_picked":["Run Through","Wild Strike"],"picked":"Iron Wave","floor":12},{"not_picked":["ReplayReversal","hubris:CleavingFinish","Combust"],"picked":"SKIP","floor":14},{"not_picked":["Eclipse","Corruption"],"picked":"Limit Break","floor":16},{"not_picked":["infinitespire:DeathsTouch","infinitespire:Collect"],"picked":"infinitespire:Starlight","floor":17},{"not_picked":["hubris:Insight","Replay:Sssssssssshield"],"picked":"Forethought","floor":17},{"not_picked":["Slimebound:Split","Vigilance"],"picked":"sneckomod:SnekBite","floor":17},{"not_picked":["Headbutt","Clash+1"],"picked":"Perfected Strike+1","floor":18},{"not_picked":["ReplayTheSpireMod:Corrosion Curse+1","Iron Wave+1","Carnage"],"picked":"SKIP","floor":19},{"not_picked":["Pommel Strike","Sword Boomerang"],"picked":"Twin Strike","floor":20},{"not_picked":["Clothesline","hubris:SharpeningStone"],"picked":"Infernal Blade","floor":22},{"not_picked":["Massacre","True Grit"],"picked":"Armaments+1","floor":25},{"not_picked":["ReplayTheSpireMod:LeadingStrike","Pommel Strike"],"picked":"Heavy Blade","floor":27},{"not_picked":["Run Through","Thunderclap"],"picked":"Perfected Strike","floor":28},{"not_picked":["Feed","Sever Soul+1"],"picked":"Ghostly Armor","floor":31},{"not_picked":["Brutality","Offering"],"picked":"Berserk","floor":33},{"not_picked":["Replay:Undeath\u0027s Touch","Sword Boomerang+1"],"picked":"Heavy Blade","floor":35},{"not_picked":["Headbutt+1","Thunderclap"],"picked":"Bludgeon","floor":36},{"not_picked":["Combust","ReplayTheSpireMod:LeadingStrike"],"picked":"ReplayTheSpireMod:Muscle Training","floor":37},{"not_picked":["Thunderclap+1","Flex+1"],"picked":"Blood for Blood","floor":38},{"not_picked":["Headbutt","Entrench","Clash"],"picked":"SKIP","floor":44},{"not_picked":["Run Through+1","Disarm","Replay:Undeath\u0027s Touch"],"picked":"SKIP","floor":45},{"not_picked":["Power Through","hubris:CleavingFinish"],"picked":"Sword Boomerang","floor":46}],"player_experience":964490,"relics_obtained":[{"floor":6,"key":"infinitespire:CheckeredPen"},{"floor":8,"key":"Lantern"},{"floor":9,"key":"infinitespire:EmpoweringShard"},{"floor":12,"key":"hubris:PeanutButter"},{"floor":14,"key":"hubris:ToyBattleship"},{"floor":26,"key":"infinitespire:Bottled Soul"},{"floor":43,"key":"Akabeko"},{"floor":48,"key":"hubris:Spice"}],"event_choices":[{"damage_healed":0,"gold_gain":100,"player_choice":"Pray","damage_taken":0,"max_hp_gain":0,"max_hp_loss":0,"event_name":"Golden Shrine","floor":21,"gold_loss":0}],"is_beta":false,"boss_relics":[{"not_picked":["Runic Dome","bronze:MakeshiftBattery"],"picked":"ReplayTheSpireMod:SealedPack"},{"not_picked":["hubris:GrandSneckoEye","hubris:BlackHole"],"picked":"infinitespire:Cupcake"}],"items_purged_floors":[],"is_endless":false,"potions_floor_spawned":[1,2,5,11,25,27,28,31,35,37,45],"ascension_level":14}}