{"host":"qc8p2flj7wsy3zpg","time":1611953704,"event":{"mods":["BaseMod","Highlight Path","Minty Spire (QoL Compilation)","Monster List Patch","Relic Stats","StSLib"],"gold_per_floor":[110,127,144,144,155,190,190,215,239,270,287,302,320,338,338,414,414,431,431,431,457,469,469,495,29,29,29,56,76,109,109,109,186,186,253,253,271,271,346,396,431,431,513,27,70,70,94,94,94,94,94,94,94,38,96,96,96],"floor_reached":56,"language":"ENG","playtime":3159,"items_purged":["Strike_P"],"score":2185,"play_id":"36df19db-b058-49eb-ac92-90dc9fa4e872","local_time":"20210129145504","is_ascension_mode":true,"campfire_choices":[{"floor":7.0,"key":"REST"},{"data":"WheelKick","floor":15.0,"key":"SMITH"},{"floor":23.0,"key":"REST"},{"data":"Blasphemy","floor":27.0,"key":"SMITH"},{"floor":32.0,"key":"REST"},{"floor":42,"key":"REST"},{"floor":46,"key":"RECALL"},{"data":"Alpha","floor":49,"key":"SMITH"},{"data":"Meditate","floor":53,"key":"SMITH"}],"circlet_count":0,"master_deck":["AscendersBane","Strike_P","Strike_P","Strike_P","Defend_P+1","Defend_P","Defend_P","Eruption","Vigilance","FearNoEvil","FollowUp","Swivel","Protect+1","Establishment","CarveReality","WheelKick+1","Blasphemy+1","RitualDagger","EmptyMind+1","Omniscience","EmptyFist+1","Meditate+1","Wish","Meditate","Alpha+1","Wallop","Wish"],"relics":["Snecko Eye","Centennial Puzzle","Boot","Toy Ornithopter","War Paint","Juzu Bracelet","VioletLotus","Red Mask","FossilizedHelix","Anchor","Melange","CaptainsWheel","StrikeDummy","Darkstone Periapt","Nilry\u0027s Codex","Philosopher\u0027s Stone","Strawberry","Ice Cream","Bronze Scales","Lizard Tail","Oddly Smooth Stone","Pantograph"],"acts_visited":["Exordium","TheCity","TheBeyond","TheEnding"],"potions_floor_usage":[33,40,45,50,55],"damage_taken":[{"damage":0.0,"enemies":"2 Louse","floor":1.0,"turns":2.0},{"damage":0.0,"enemies":"Jaw Worm","floor":2.0,"turns":1.0},{"damage":5.0,"enemies":"Small Slimes","floor":3.0,"turns":2.0},{"damage":0.0,"enemies":"Blue Slaver","floor":5.0,"turns":2.0},{"damage":7.0,"enemies":"Lagavulin","floor":6.0,"turns":3.0},{"damage":20.0,"enemies":"3 Sentries","floor":8.0,"turns":7.0},{"damage":4.0,"enemies":"Lagavulin","floor":10.0,"turns":5.0},{"damage":4.0,"enemies":"Gremlin Gang","floor":11.0,"turns":4.0},{"damage":1.0,"enemies":"3 Louse","floor":12.0,"turns":2.0},{"damage":0.0,"enemies":"Blue Slaver","floor":13.0,"turns":4.0},{"damage":0.0,"enemies":"2 Fungi Beasts","floor":14.0,"turns":3.0},{"damage":0.0,"enemies":"The Guardian","floor":16.0,"turns":9.0},{"damage":0.0,"enemies":"3 Byrds","floor":18.0,"turns":4.0},{"damage":20.0,"enemies":"Masked Bandits","floor":21.0,"turns":4.0},{"damage":0.0,"enemies":"Chosen","floor":22.0,"turns":2.0},{"damage":5.0,"enemies":"Book of Stabbing","floor":24.0,"turns":3.0},{"damage":20.0,"enemies":"Slavers","floor":28.0,"turns":6.0},{"damage":0.0,"enemies":"Snake Plant","floor":29.0,"turns":1.0},{"damage":0.0,"enemies":"Book of Stabbing","floor":30.0,"turns":4.0},{"damage":35,"enemies":"Collector","floor":33,"turns":9},{"damage":0,"enemies":"3 Shapes","floor":35,"turns":10},{"damage":0,"enemies":"Orb Walker","floor":37,"turns":2},{"damage":0,"enemies":"Mind Bloom Boss Battle","floor":39,"turns":2},{"damage":10,"enemies":"Reptomancer","floor":40,"turns":4},{"damage":21,"enemies":"Maw","floor":41,"turns":5},{"damage":0,"enemies":"3 Darklings","floor":45,"turns":2},{"damage":27,"enemies":"Awakened One","floor":50,"turns":5},{"damage":0,"enemies":"Donu and Deca","floor":51,"turns":4},{"damage":56,"enemies":"Shield and Spear","floor":55,"turns":5},{"damage":78,"enemies":"The Heart","floor":56,"turns":6}],"seed_played":"-8146548414400505579","potions_obtained":[{"floor":2.0,"key":"FearPotion"},{"floor":3.0,"key":"PowerPotion"},{"floor":10.0,"key":"Fire Potion"},{"floor":11.0,"key":"EssenceOfSteel"},{"floor":14.0,"key":"Block Potion"},{"floor":16.0,"key":"FearPotion"},{"floor":18.0,"key":"LiquidBronze"},{"floor":24.0,"key":"DuplicationPotion"},{"floor":39,"key":"Weak Potion"},{"floor":40,"key":"Explosive Potion"}],"is_trial":false,"path_per_floor":["M","M","M","?","M","E","R","E","T","E","M","M","M","M","R","B",null,"M","?","?","?","M","R","E","$","T","R","E","M","E","?","R","B",null,"M","?","M","?","?","E","M","R","T","$","M","R","T","?","R","B","B",null,"R","$","E","B"],"character_chosen":"WATCHER","items_purchased":["Anchor","Melange","Weak Potion","Lizard Tail","Wish","PowerPotion"],"campfire_rested":4,"item_purchase_floors":[25,25,25,44,44,54],"current_hp_per_floor":[61,61,56,38,38,31,51,31,31,32,33,32,32,32,32,32,59,64,58,58,38,38,58,63,63,63,63,43,43,43,22,42,12,54,54,61,61,61,61,56,35,56,56,56,61,61,61,61,61,39,39,63,63,63,12,0,0],"gold":96,"neow_bonus":"BOSS_RELIC","is_daily":false,"chose_seed":false,"campfire_upgraded":4,"win_rate":0.0,"timestamp":1611953704,"path_taken":["M","M","M","?","M","E","R","E","T","E","M","M","M","M","R","BOSS","M","?","?","?","M","R","E","$","T","R","E","M","E","?","R","BOSS","M","?","M","?","?","E","M","R","T","$","M","R","?","?","R","BOSS","BOSS","R","$","E","BOSS"],"items_purchased_type":["Relic","Relic","Potion","Relic","Card","Potion"],"build_version":"2020-12-22","purchased_purges":1,"victory":false,"max_hp_per_floor":[68,68,68,68,68,68,68,68,68,68,68,68,68,68,68,68,68,68,68,68,68,68,68,68,68,68,68,68,68,68,68,68,68,68,68,75,75,71,71,71,71,71,71,71,71,71,71,71,71,71,71,71,71,71,71,71,71],"relic_stats":{"Darkstone Periapt":0,"counters":[30,122],"Melange":[48],"Juzu Bracelet":1,"War Paint":["Defend_P","Protect"],"Boot":[59],"Centennial Puzzle":[42],"Lizard Tail":35,"Bronze Scales":[123],"Pantograph":25,"Snecko Eye":[230,210,224,234],"VioletLotus":[32],"obtain_stats":[{"Darkstone Periapt":30,"Ice Cream":39,"Nilry\u0027s Codex":31,"Melange":25,"Oddly Smooth Stone":47,"Juzu Bracelet":10,"War Paint":9,"Boot":6,"Centennial Puzzle":4,"Anchor":25,"CaptainsWheel":26,"Lizard Tail":44,"Strawberry":36,"Bronze Scales":40,"Pantograph":55,"Snecko Eye":0,"Philosopher\u0027s Stone":34,"VioletLotus":17,"Red Mask":21,"PureWater":0,"StrikeDummy":28,"Toy Ornithopter":8,"FossilizedHelix":24},{"Darkstone Periapt":19,"Ice Cream":23,"Nilry\u0027s Codex":19,"Melange":16,"Oddly Smooth Stone":26,"Juzu Bracelet":7,"War Paint":6,"Boot":5,"Centennial Puzzle":3,"Anchor":16,"CaptainsWheel":16,"Lizard Tail":25,"Strawberry":21,"Bronze Scales":24,"Pantograph":29,"Snecko Eye":0,"Philosopher\u0027s Stone":20,"VioletLotus":12,"Red Mask":14,"PureWater":0,"StrikeDummy":17,"Toy Ornithopter":6,"FossilizedHelix":16},{"Darkstone Periapt":68,"Ice Cream":91,"Nilry\u0027s Codex":68,"Melange":57,"Oddly Smooth Stone":102,"Juzu Bracelet":22,"War Paint":17,"Boot":10,"Centennial Puzzle":5,"Anchor":57,"CaptainsWheel":57,"Lizard Tail":100,"Strawberry":87,"Bronze Scales":95,"Pantograph":116,"Snecko Eye":0,"Philosopher\u0027s Stone":77,"VioletLotus":44,"Red Mask":52,"PureWater":0,"StrikeDummy":63,"Toy Ornithopter":17,"FossilizedHelix":57}],"Toy Ornithopter":50},"card_choices":[{"not_picked":["PathToVictory","DeceiveReality"],"picked":"FearNoEvil","floor":1.0},{"not_picked":["ThirdEye","Consecrate"],"picked":"FollowUp","floor":2.0},{"not_picked":["Indignation","WreathOfFlame"],"picked":"Swivel","floor":5.0},{"not_picked":["MentalFortress","BowlingBash"],"picked":"Protect","floor":8.0},{"not_picked":["FearNoEvil","SignatureMove"],"picked":"Establishment","floor":10.0},{"not_picked":["EmptyFist","CrushJoints"],"picked":"CarveReality","floor":11.0},{"not_picked":["Prostrate","JustLucky"],"picked":"WheelKick","floor":14.0},{"not_picked":["Judgement","DeusExMachina"],"picked":"Blasphemy","floor":16.0},{"not_picked":["EmptyFist","Evaluate"],"picked":"EmptyMind+1","floor":22.0},{"not_picked":["FlurryOfBlows","ForeignInfluence"],"picked":"Omniscience","floor":24.0},{"not_picked":["JustLucky","CutThroughFate"],"picked":"EmptyFist+1","floor":28.0},{"not_picked":["PathToVictory","SignatureMove","FlurryOfBlows"],"picked":"SKIP","floor":29.0},{"not_picked":["FollowUp","CutThroughFate"],"picked":"Meditate","floor":30.0},{"not_picked":["LessonLearned","Alpha"],"picked":"Wish","floor":33},{"not_picked":["Consecrate+1","PathToVictory"],"picked":"Meditate","floor":35},{"not_picked":["Halt","Prostrate"],"picked":"Alpha","floor":39},{"not_picked":["SashWhip+1","Protect"],"picked":"Wallop","floor":40},{"not_picked":["CrushJoints","Crescendo","ThirdEye"],"picked":"SKIP","floor":45},{"not_picked":["SashWhip","ThirdEye","FollowUp"],"picked":"SKIP","floor":55}],"player_experience":2301133,"relics_obtained":[{"floor":6.0,"key":"Boot"},{"floor":8.0,"key":"Toy Ornithopter"},{"floor":9.0,"key":"War Paint"},{"floor":10.0,"key":"Juzu Bracelet"},{"floor":21.0,"key":"Red Mask"},{"floor":24.0,"key":"FossilizedHelix"},{"floor":26.0,"key":"CaptainsWheel"},{"floor":28.0,"key":"StrikeDummy"},{"floor":30.0,"key":"Darkstone Periapt"},{"floor":31.0,"key":"Nilry\u0027s Codex"},{"floor":36,"key":"Strawberry"},{"floor":39,"key":"Ice Cream"},{"floor":40,"key":"Bronze Scales"},{"floor":47,"key":"Oddly Smooth Stone"},{"floor":55,"key":"Pantograph"}],"event_choices":[{"damage_healed":0.0,"max_hp_gain":0.0,"max_hp_loss":0.0,"gold_gain":0.0,"event_name":"Scrap Ooze","player_choice":"Success","floor":4.0,"gold_loss":0.0,"damage_taken":18.0,"relics_obtained":["Centennial Puzzle"]},{"damage_healed":0.0,"max_hp_gain":0.0,"max_hp_loss":0.0,"gold_gain":0.0,"event_name":"Nest","player_choice":"Joined the Cult","floor":19.0,"gold_loss":0.0,"damage_taken":6.0,"cards_obtained":["RitualDagger"]},{"damage_healed":0.0,"max_hp_gain":0.0,"max_hp_loss":0.0,"gold_gain":0.0,"event_name":"Vampires","player_choice":"Ignored","floor":20.0,"gold_loss":0.0,"damage_taken":0.0},{"damage_healed":0.0,"max_hp_gain":0.0,"max_hp_loss":0.0,"gold_gain":0.0,"event_name":"Masked Bandits","player_choice":"Fought Bandits","floor":21.0,"gold_loss":0.0,"damage_taken":0.0},{"damage_healed":0.0,"max_hp_gain":0.0,"max_hp_loss":0.0,"gold_gain":0.0,"event_name":"Cursed Tome","player_choice":"Obtained Book","floor":31.0,"gold_loss":0.0,"damage_taken":21.0},{"damage_healed":0,"gold_gain":0,"player_choice":"Relic","damage_taken":0,"max_hp_gain":0,"max_hp_loss":0,"event_name":"Wheel of Change","floor":36,"gold_loss":0},{"damage_healed":0,"gold_gain":0,"player_choice":"Max HP","damage_taken":0,"max_hp_gain":0,"max_hp_loss":4,"event_name":"Winding Halls","floor":38,"gold_loss":0},{"damage_healed":0,"gold_gain":0,"player_choice":"Fight","damage_taken":0,"max_hp_gain":0,"max_hp_loss":0,"event_name":"MindBloom","floor":39,"gold_loss":0},{"cards_removed":["Defend_P"],"damage_healed":0,"gold_gain":0,"player_choice":"Removed Skill","damage_taken":0,"max_hp_gain":0,"max_hp_loss":0,"event_name":"Falling","floor":48,"gold_loss":0}],"is_beta":false,"boss_relics":[{"not_picked":["Astrolabe","Velvet Choker"],"picked":"VioletLotus"},{"not_picked":["Tiny House","Runic Pyramid"],"picked":"Philosopher\u0027s Stone"}],"items_purged_floors":[25],"is_endless":false,"potions_floor_spawned":[2,3,10,11,14,16,18,22,24,30,39,40],"killed_by":"The Heart","ascension_level":20}}