{"host":"9j472d1lqxyi8fmj","time":1611938822,"event":{"mods":["AchievementEnabler","Aspiration","BaseMod","Better Note","BetterRewards","Block Reminder","Colored Powertips","Downfall","Hermit","Hubris","Infinite Spire","Minty Spire (QoL Compilation)","Potion Indicator Mod","Rare Cards Sparkle","Relic Filter","Reliquary","Spicy Shops","StSLib","The Runesmith","Virulent Crown"],"gold_per_floor":[118,54,73,73,31,50,77,103,103,116,116,33,33,48,48,148,148,166,178,178,190,204,204,204,220,0,12,12,31,31,31,31,132,132,149,149,163,163,163,163,163,174,174,174,174,174,189,17,17,17,17,17],"floor_reached":50,"language":"ENG","playtime":2653,"items_purged":[],"score":567,"play_id":"1697fa65-9704-4272-89be-95005ad2fffd","local_time":"20210129114702","is_ascension_mode":false,"campfire_choices":[{"data":"hexamod:FastForward","floor":9,"key":"SMITH"},{"floor":11,"key":"REST"},{"data":"hexamod:FastForward","floor":13,"key":"SMITH"},{"data":"hexamod:FastForward","floor":15,"key":"SMITH"},{"data":"hexamod:CatchUp","floor":23,"key":"SMITH"},{"data":"hexamod:CatchUp","floor":28,"key":"SMITH"},{"data":"hexamod:FastForward","floor":30,"key":"SMITH"},{"data":"hexamod:FastForward","floor":32,"key":"SMITH"},{"data":"hexamod:GhostOfSpireFuture","floor":40,"key":"SMITH"},{"data":"hexamod:RadiantFlame","floor":43,"key":"SMITH"},{"data":"hexamod:FlameSwitch","floor":46,"key":"SMITH"},{"data":"hexamod:UnlimitedPower","floor":49,"key":"SMITH"}],"circlet_count":0,"master_deck":["hexamod:Strike+1","hexamod:Strike","hexamod:Strike","hexamod:Strike","hexamod:Defend+1","hexamod:Defend+1","hexamod:Defend+1","hexamod:Defend","hexamod:Sear","hexamod:Float","hexamod:GhostOfSpireFuture+1","hexamod:SwordOfDarkness","hexamod:FastForward+1","hexamod:AdvancingGuard","hexamod:VolcanoVisage","hexamod:GhostShield","hexamod:FastForward+1","hexamod:FastForward+1","hexamod:DynamicBlow","hexamod:FastForward+1","hexamod:FirstSeal","hexamod:SkipABeat","hexamod:GhostShield+1","hexamod:SpectersWail+1","hexamod:ThirdSeal","hexamod:SoulSteal","hexamod:EmpoweredFlame","hexamod:FirstSeal","hexamod:SwordOfDarkness+1","hexamod:WildfireWeapon","hexamod:TimeOfNeed","hexamod:EtherealExpedition+1","hexamod:FirstSeal","hexamod:GhostOfSpireFuture+1","hexamod:Firestarter+1","hexamod:CatchUp+1","hexamod:CatchUp+1","hexamod:FastForward+1","hexamod:NightmareGuise+1","hexamod:RecurringNightmare","hexamod:SixthSeal","Shame","hexamod:StepThrough","hexamod:NecessarySacrifice+1","hexamod:FastForward+1","hexamod:FlameSwitch+1","hexamod:SwordOfDarkness+1","hexamod:EtherealExpedition+1","hexamod:RadiantFlame+1","Parasite","hexamod:ExtraCrispy+1","hexamod:SpectralSpark","hexamod:InspiringFlames","hexamod:UnlimitedPower+1"],"relics":["hexamod:SpiritBrand","reliquary:RedPaperclip","hexamod:TheBrokenSeal","hexamod:InflammatoryLetter","reliquary:PorcupineQuills","Oddly Smooth Stone","downfall:KnowingSkull","bronze:MakeshiftBattery","hubris:PeanutButter","hubris:Metronome","Lee\u0027s Waffle"],"acts_visited":["Exordium","TheCity","TheBeyond"],"potions_floor_usage":[10,16,16,42],"damage_taken":[{"damage":0,"enemies":"Cultist","floor":1,"turns":3},{"damage":0,"enemies":"downfall:FleeingMerchant","floor":2,"turns":4},{"damage":0,"enemies":"Small Slimes","floor":3,"turns":5},{"damage":2,"enemies":"downfall:FleeingMerchant","floor":5,"turns":4},{"damage":0,"enemies":"2 Louse","floor":6,"turns":5},{"damage":12,"enemies":"Lagavulin","floor":8,"turns":9},{"damage":45,"enemies":"Gremlin Gang","floor":10,"turns":7},{"damage":0,"enemies":"downfall:FleeingMerchant","floor":12,"turns":4},{"damage":10,"enemies":"Blue Slaver","floor":14,"turns":5},{"damage":36,"enemies":"IC_STATUS_ARCHETYPE","floor":16,"turns":8},{"damage":19,"enemies":"Spheric Guardian","floor":18,"turns":6},{"damage":0,"enemies":"Chosen","floor":19,"turns":3},{"damage":13,"enemies":"Snake Plant","floor":21,"turns":3},{"damage":12,"enemies":"Centurion and Healer","floor":22,"turns":6},{"damage":13,"enemies":"Sentry and Sphere","floor":25,"turns":5},{"damage":0,"enemies":"downfall:FleeingMerchant","floor":26,"turns":4},{"damage":1,"enemies":"Chosen and Byrds","floor":27,"turns":5},{"damage":4,"enemies":"Centurion and Healer","floor":29,"turns":8},{"damage":45,"enemies":"SI_MIRROR_ARCHETYPE","floor":33,"turns":13},{"damage":6,"enemies":"Orb Walker","floor":35,"turns":3},{"damage":66,"enemies":"3 Darklings","floor":37,"turns":6},{"damage":20,"enemies":"Writhing Mass","floor":42,"turns":4},{"damage":33,"enemies":"Jaw Worm Horde","floor":47,"turns":4},{"damage":1,"enemies":"downfall:FleeingMerchant","floor":48,"turns":4},{"damage":91,"enemies":"DF_ARCHETYPE_ORBS","floor":50,"turns":6}],"seed_played":"7593513538896967022","potions_obtained":[{"floor":3,"key":"hexamod:EctoCoolerPotion"},{"floor":10,"key":"champ:CounterPotion"},{"floor":14,"key":"Explosive Potion"},{"floor":16,"key":"sneckomod:MuddlingPotion"},{"floor":21,"key":"SkillPotion"},{"floor":27,"key":"EssenceOfSteel"}],"is_trial":false,"path_per_floor":["M","$","M","?","$","M","T","E","R","M","R","$","R","M","R","B",null,"M","M","?","M","M","R","T","M","$","M","R","M","R","?","R","B",null,"M","?","M","?","?","R","T","M","R","?","?","R","M","$","R","B"],"character_chosen":"THE_SPIRIT","items_purchased":["hexamod:SwordOfDarkness","hexamod:GhostShield","hexamod:EmpoweredFlame","reliquary:PorcupineQuills","Oddly Smooth Stone","hexamod:StepThrough","Lee\u0027s Waffle"],"campfire_rested":1,"item_purchase_floors":[2,5,12,26,26,26,48],"current_hp_per_floor":[77,77,77,77,75,75,75,70,70,32,55,55,55,59,59,30,77,85,85,85,79,87,87,87,87,87,87,87,87,87,80,80,49,87,87,87,42,42,76,76,76,56,56,59,67,67,41,86,86,0,0,0],"gold":17,"neow_bonus":"TEN_PERCENT_HP_BONUS","is_daily":false,"chose_seed":false,"campfire_upgraded":11,"win_rate":0.0,"timestamp":1611938822,"path_taken":["M","?","M","?","$","?","T","E","R","M","R","?","R","M","R","BOSS","M","M","?","M","M","R","T","M","$","M","R","?","R","?","R","BOSS","M","?","?","?","?","R","T","M","R","?","?","R","M","$","R","BOSS"],"items_purchased_type":["Card","Card","Card","Relic","Relic","Card","Relic"],"build_version":"2020-12-22","purchased_purges":0,"victory":false,"max_hp_per_floor":[77,77,77,77,77,77,77,77,77,77,77,77,77,77,77,77,77,87,87,87,87,87,87,87,87,87,87,87,87,87,87,87,87,87,87,87,87,87,76,76,76,76,76,79,79,79,79,86,86,86,86,86],"card_choices":[{"not_picked":["hexamod:Hexaguard","hexamod:GhostLash"],"picked":"hexamod:GhostOfSpireFuture","floor":1},{"not_picked":["hexamod:Hexaguard","hexamod:SpectersWail"],"picked":"hexamod:FifthSeal","floor":2},{"not_picked":["hexamod:SecondSeal","hexamod:FirstSeal"],"picked":"hexamod:ThirdSeal","floor":3},{"not_picked":["hexamod:SpectralSpark","hexamod:Firestarter"],"picked":"hexamod:FastForward","floor":3},{"not_picked":["hexamod:Firestarter","hexamod:InspiringFlames"],"picked":"hexamod:AdvancingGuard","floor":5},{"not_picked":["hexamod:FirstSeal","hexamod:FourthSeal"],"picked":"hexamod:SixthSeal","floor":5},{"not_picked":["hexamod:GhostShield","hexamod:NightmareGuise"],"picked":"hexamod:VolcanoVisage","floor":5},{"not_picked":["hexamod:RetreatToShadows","hexamod:SwordOfDarkness"],"picked":"hexamod:FastForward","floor":6},{"not_picked":["hexamod:ThirdSeal","hexamod:SixthSeal"],"picked":"hexamod:FirstSeal","floor":6},{"not_picked":["hexamod:WildfireWeapon","hexamod:HeatCrush"],"picked":"hexamod:FastForward","floor":6},{"not_picked":["hexamod:ThirdSeal","hexamod:SixthSeal"],"picked":"hexamod:FourthSeal","floor":8},{"not_picked":["hexamod:PhantomCloak","hexamod:Hexaguard"],"picked":"hexamod:DynamicBlow","floor":8},{"not_picked":["hexamod:GhostflameBarrier","hexamod:FlameSwitch"],"picked":"hexamod:FastForward","floor":8},{"not_picked":["hexamod:ThirdSeal","hexamod:FourthSeal"],"picked":"hexamod:FirstSeal","floor":10},{"not_picked":["hexamod:Hexaguard","hexamod:ShieldOfDarkness"],"picked":"hexamod:SkipABeat","floor":10},{"not_picked":["hexamod:ThermalTransfer","hexamod:NightmareGuise"],"picked":"hexamod:GhostShield","floor":10},{"not_picked":["hexamod:GhostOfSpirePresent","hexamod:Firestarter"],"picked":"hexamod:SpectersWail","floor":12},{"not_picked":["hexamod:FourthSeal","hexamod:SixthSeal"],"picked":"hexamod:ThirdSeal","floor":12},{"not_picked":["hexamod:FirstSeal","hexamod:PowerFromBeyond"],"picked":"hexamod:SoulSteal","floor":12},{"not_picked":["hexamod:SixthSeal","hexamod:FourthSeal"],"picked":"hexamod:FirstSeal","floor":14},{"not_picked":["hexamod:HeatCrush","hexamod:Hexaguard"],"picked":"hexamod:SwordOfDarkness","floor":14},{"not_picked":["hexamod:FourthSeal","hexamod:HeatCrush","hexamod:Rewind"],"picked":"SKIP","floor":14},{"not_picked":["hexamod:SixthSeal","hexamod:FourthSeal"],"picked":"hexamod:SecondSeal","floor":16},{"not_picked":["hexamod:FifthSeal","hexamod:Toasty"],"picked":"hexamod:WildfireWeapon","floor":16},{"not_picked":["hexamod:ApocalypseNow","hexamod:ParanormalForm"],"picked":"hexamod:TimeOfNeed","floor":16},{"not_picked":["hexamod:ShieldOfDarkness","hexamod:SuperheatedStrike"],"picked":"hexamod:EtherealExpedition+1","floor":18},{"not_picked":["hexamod:SecondSeal","hexamod:SixthSeal"],"picked":"hexamod:FirstSeal","floor":18},{"not_picked":["hexamod:DynamicBlow","hexamod:Hexaguard+1"],"picked":"hexamod:GhostOfSpireFuture","floor":18},{"not_picked":["hexamod:PhantomFireball","hexamod:SoulSteal","hexamod:ThermalTransfer"],"picked":"SKIP","floor":19},{"not_picked":["hexamod:GhostLash","hexamod:GhostShield"],"picked":"hexamod:Firestarter+1","floor":21},{"not_picked":["hexamod:AdvancingGuard","hexamod:DynamicBlow"],"picked":"hexamod:CatchUp","floor":22},{"not_picked":["hexamod:SuperheatedStrike+1","hexamod:InspiringFlames"],"picked":"hexamod:CatchUp","floor":22},{"not_picked":["hexamod:RadiantFlame","hexamod:Firestarter"],"picked":"hexamod:FastForward","floor":25},{"not_picked":["hexamod:HeatMetal","hexamod:PhantomFireball"],"picked":"hexamod:NightmareGuise+1","floor":25},{"not_picked":["hexamod:ThermalTransfer+1","hexamod:Haunt"],"picked":"hexamod:RecurringNightmare","floor":26},{"not_picked":["hexamod:BurningTouch+1","hexamod:AdvancingGuard"],"picked":"hexamod:SixthSeal","floor":26},{"not_picked":["hexamod:GhostflameBarrier","hexamod:NightmareStrike"],"picked":"hexamod:NecessarySacrifice+1","floor":27},{"not_picked":["hexamod:Firestarter","hexamod:SwordOfDarkness+1"],"picked":"hexamod:FastForward","floor":29},{"not_picked":["hexamod:Haunt","hexamod:Hexaguard","hexamod:ExtraCrispy+1"],"picked":"SKIP","floor":29},{"not_picked":["hexamod:FifthSeal","hexamod:VolcanoVisage"],"picked":"hexamod:FlameSwitch","floor":33},{"not_picked":["hexamod:StepThrough+1","hexamod:SpectersWail"],"picked":"hexamod:SwordOfDarkness+1","floor":35},{"not_picked":["hexamod:SuperheatedStrike","hexamod:RainOfEmbers"],"picked":"hexamod:EtherealExpedition+1","floor":35},{"not_picked":["hexamod:NightmareGuise","hexamod:HeatMetal"],"picked":"hexamod:RadiantFlame","floor":37},{"not_picked":["hexamod:GhostLash+1","hexamod:InspiringFlames"],"picked":"hexamod:ExtraCrispy+1","floor":42},{"not_picked":["hexamod:HeatShield+1","hexamod:SwordOfDarkness+1","hexamod:ThermalTransfer+1"],"picked":"SKIP","floor":42},{"not_picked":["hexamod:SuperheatedStrike","hexamod:HauntingEcho"],"picked":"hexamod:SpectralSpark","floor":47},{"not_picked":["hexamod:ThermalTransfer+1","hexamod:NecessarySacrifice+1"],"picked":"hexamod:InspiringFlames","floor":47},{"not_picked":["hexamod:Rewind+1","hexamod:ExtraCrispy"],"picked":"hexamod:UnlimitedPower","floor":48},{"not_picked":["hexamod:GhostShield","hexamod:FourthSeal","hexamod:BurningTouch"],"picked":"SKIP","floor":48}],"player_experience":363717,"relics_obtained":[{"floor":7,"key":"reliquary:SharkskinSheath"},{"floor":8,"key":"hubris:SlimyHat"},{"floor":24,"key":"hexamod:InflammatoryLetter"},{"floor":38,"key":"hubris:PeanutButter"},{"floor":41,"key":"hubris:Metronome"}],"event_choices":[{"cards_removed":["hexamod:Strike"],"damage_healed":0,"gold_gain":0,"player_choice":"Give","damage_taken":0,"max_hp_gain":0,"max_hp_loss":0,"event_name":"betterNote:BetterNote","floor":36,"gold_loss":0,"cards_obtained":["Strike_G"]}],"is_beta":false,"boss_relics":[{"not_picked":["aspiration:RunicSpoon","expansioncontent:StudyCardRelic"],"picked":"reliquary:RedPaperclip"},{"not_picked":["Runic Pyramid","Cursed Key"],"picked":"bronze:MakeshiftBattery"}],"items_purged_floors":[],"is_endless":false,"potions_floor_spawned":[3,10,16,21,27,29,37],"killed_by":"DF_ARCHETYPE_ORBS","ascension_level":0}}