{"host":"i29s15dsg0c43zmx","time":1611948517,"event":{"mods":["AchievementEnabler","BaseMod","Colored Map","Minty Spire (QoL Compilation)","StSLib"],"gold_per_floor":[109,59,72,72,72,108,131,146,146,146,187,25,25,25,25,149,149,170,195,218,242,242,242,88,88,88],"floor_reached":25,"language":"ENG","playtime":976,"items_purged":[],"score":236,"play_id":"b283905b-de8c-4d93-a53b-e69cdd7df1e7","local_time":"20210129202837","is_ascension_mode":false,"campfire_choices":[{"floor":10,"key":"DIG"},{"data":"Apotheosis","floor":13,"key":"SMITH"},{"floor":15,"key":"DIG"},{"floor":23,"key":"DIG"}],"circlet_count":0,"master_deck":["Strike_P","Strike_P","Strike_P","Defend_P","Defend_P","Defend_P","Defend_P","Eruption","Vigilance","Consecrate","EmptyBody","Injury","Vault","FlurryOfBlows","CutThroughFate","Apotheosis+1","Alpha","Consecrate","CutThroughFate+1","Chrysalis"],"relics":["HolyWater","NeowsBlessing","Golden Idol","Incense Burner","Shovel","Mummified Hand","MealTicket","Ornamental Fan","Orichalcum","The Courier"],"acts_visited":["Exordium","TheCity"],"potions_floor_usage":[16,21,21],"damage_taken":[{"damage":0,"enemies":"Jaw Worm","floor":1,"turns":1},{"damage":0,"enemies":"Small Slimes","floor":3,"turns":1},{"damage":0,"enemies":"Lagavulin","floor":6,"turns":1},{"damage":3,"enemies":"2 Louse","floor":7,"turns":3},{"damage":12,"enemies":"Blue Slaver","floor":8,"turns":4},{"damage":46,"enemies":"Gremlin Nob","floor":11,"turns":7},{"damage":15,"enemies":"The Guardian","floor":16,"turns":10},{"damage":3,"enemies":"Chosen","floor":18,"turns":4},{"damage":11,"enemies":"Shell Parasite","floor":19,"turns":6},{"damage":0,"enemies":"Cultist and Chosen","floor":20,"turns":4},{"damage":10,"enemies":"Centurion and Healer","floor":21,"turns":5},{"damage":72,"enemies":"Snake Plant","floor":25,"turns":4}],"seed_played":"7526941263741469637","potions_obtained":[{"floor":3,"key":"Strength Potion"},{"floor":8,"key":"BottledMiracle"},{"floor":11,"key":"DistilledChaos"},{"floor":19,"key":"SneckoOil"}],"is_trial":false,"path_per_floor":["M","?","M","?","$","E","M","M","T","R","E","$","R","?","R","B",null,"M","M","M","M","?","R","$","M"],"character_chosen":"WATCHER","items_purchased":["Apotheosis","Chrysalis"],"campfire_rested":0,"item_purchase_floors":[12,24],"current_hp_per_floor":[72,72,72,72,72,72,69,57,57,57,11,26,26,50,50,35,72,69,58,58,48,48,48,63,0,0],"gold":88,"neow_bonus":"THREE_ENEMY_KILL","is_daily":false,"chose_seed":false,"campfire_upgraded":1,"win_rate":0.0,"timestamp":1611948517,"path_taken":["M","?","M","?","$","E","M","M","T","R","E","$","R","?","R","BOSS","M","M","M","M","?","R","$","M"],"items_purchased_type":["Card","Card"],"build_version":"2020-12-22","purchased_purges":0,"victory":false,"max_hp_per_floor":[72,72,72,72,72,72,72,72,72,72,72,72,72,72,72,72,72,72,72,72,72,72,72,72,72,72],"card_choices":[{"not_picked":["Protect","Evaluate"],"picked":"Consecrate","floor":1},{"not_picked":["FlyingSleeves","Meditate"],"picked":"EmptyBody","floor":3},{"not_picked":["FlurryOfBlows","ReachHeaven"],"picked":"Vault","floor":6},{"not_picked":["Halt","Indignation"],"picked":"FlurryOfBlows","floor":7},{"not_picked":["FlurryOfBlows","EmptyBody"],"picked":"CutThroughFate","floor":8},{"not_picked":["Crescendo","SashWhip","Collect"],"picked":"SKIP","floor":11},{"not_picked":["ConjureBlade","SpiritShield"],"picked":"Alpha","floor":16},{"not_picked":["InnerPeace","Vengeance"],"picked":"Consecrate","floor":18},{"not_picked":["WaveOfTheHand+1","Crescendo"],"picked":"CutThroughFate+1","floor":19},{"not_picked":["SashWhip","Vengeance","Halt+1"],"picked":"SKIP","floor":20},{"not_picked":["Brilliance","SashWhip+1","Sanctity+1"],"picked":"SKIP","floor":21}],"player_experience":101181,"relics_obtained":[{"floor":6,"key":"Incense Burner"},{"floor":9,"key":"Shovel"},{"floor":10,"key":"Mummified Hand"},{"floor":11,"key":"MealTicket"},{"floor":15,"key":"Ornamental Fan"},{"floor":23,"key":"The Courier"}],"event_choices":[{"cards_removed":["Strike_P"],"damage_healed":0,"gold_gain":0,"player_choice":"Card Removal","damage_taken":0,"max_hp_gain":0,"max_hp_loss":0,"event_name":"The Cleric","floor":2,"gold_loss":50},{"damage_healed":0,"gold_gain":0,"player_choice":"Take Wound","damage_taken":0,"relics_obtained":["Golden Idol"],"max_hp_gain":0,"max_hp_loss":0,"event_name":"Golden Idol","floor":4,"gold_loss":0,"cards_obtained":["Injury"]},{"damage_healed":24,"gold_gain":0,"player_choice":"Banana","damage_taken":0,"max_hp_gain":0,"max_hp_loss":0,"event_name":"Big Fish","floor":14,"gold_loss":0},{"damage_healed":0,"gold_gain":0,"player_choice":"Opened","damage_taken":0,"relics_obtained":["Orichalcum"],"max_hp_gain":0,"max_hp_loss":0,"event_name":"The Mausoleum","floor":22,"gold_loss":0}],"is_beta":false,"boss_relics":[{"not_picked":["SacredBark","Calling Bell"],"picked":"HolyWater"}],"items_purged_floors":[],"is_endless":false,"potions_floor_spawned":[3,8,11,19,20],"killed_by":"Snake Plant","ascension_level":0}}