{"host":"ty2cix8xj6r3ad26","time":1611940184,"event":{"mods":["AchievementEnabler","BaseMod","BetterRewards","Hubris","Infinite Spire","Minty Spire (QoL Compilation)","Quick Restart","StSLib","SuperFastMode"],"gold_per_floor":[109,184,209,223,223,223,223,241,241,241,141,157,32,49,49,126,126,136,136,136,153,153,153,78,78,78,104,123,134,134,150,150,227,227,246,246,246,261,273,273,307,307,307,334,354,354,354,354],"floor_reached":47,"language":"ENG","playtime":3295,"items_purged":["Strike_G","Defend_G","Strike_G","Strike_G"],"score":872,"play_id":"994b30e1-7a7d-49c5-b4c8-6cf1ee45ca11","local_time":"20210129190944","is_ascension_mode":true,"campfire_choices":[{"data":"Footwork","floor":6.0,"key":"SMITH"},{"data":"Neutralize","floor":10.0,"key":"SMITH"},{"data":"Dagger Spray","floor":15,"key":"SMITH"},{"data":"infinitespire:Neurotoxin","floor":23,"key":"SMITH"},{"data":"Survivor","floor":25,"key":"SMITH"},{"data":"Terror","floor":32,"key":"SMITH"},{"floor":40,"key":"RECALL"},{"floor":46,"key":"REST"}],"circlet_count":0,"master_deck":["AscendersBane","Defend_G","Survivor+1","Neutralize+1","Dagger Spray+1","Footwork+1","Terror+1","infinitespire:Neurotoxin+1","hubris:Sniper+1","Eviscerate+1","Flechettes+1","Dodge and Roll","Cloak And Dagger","Unload","infinitespire:Fortify","infinitespire:Collect","Burst","hubris:InfiniteBlow","Acrobatics","Caltrops+1","Backstab+1","Footwork+1"],"relics":["Ring of the Snake","Oddly Smooth Stone","infinitespire:PuzzleCube","hubris:CuriousFeather","Tiny Chest","Pantograph","Astrolabe","Turnip","hubris:Icosahedron","Paper Crane","OrangePellets","hubris:GrandSneckoEye","Bird Faced Urn","Potion Belt","HornCleat","MealTicket"],"acts_visited":["Exordium","TheCity","TheBeyond"],"potions_floor_usage":[16,29,35],"damage_taken":[{"damage":8.0,"enemies":"2 Louse","floor":1.0,"turns":2.0},{"damage":0.0,"enemies":"Jaw Worm","floor":4.0,"turns":7.0},{"damage":0.0,"enemies":"Small Slimes","floor":8.0,"turns":4.0},{"damage":0.0,"enemies":"Blue Slaver","floor":12.0,"turns":4.0},{"damage":1,"enemies":"2 Fungi Beasts","floor":14,"turns":4},{"damage":11,"enemies":"Slime Boss","floor":16,"turns":15},{"damage":24,"enemies":"2 Thieves","floor":18,"turns":5},{"damage":10,"enemies":"3 Byrds","floor":21,"turns":7},{"damage":30,"enemies":"Snecko","floor":28,"turns":5},{"damage":27,"enemies":"Centurion and Healer","floor":29,"turns":7},{"damage":23,"enemies":"Sentry and Sphere","floor":31,"turns":6},{"damage":12,"enemies":"Automaton","floor":33,"turns":11},{"damage":16,"enemies":"3 Darklings","floor":35,"turns":3},{"damage":0,"enemies":"3 Shapes","floor":38,"turns":3},{"damage":1,"enemies":"Transient","floor":39,"turns":5},{"damage":0,"enemies":"Giant Head","floor":41,"turns":7},{"damage":11,"enemies":"Nemesis","floor":44,"turns":7},{"damage":11,"enemies":"3 Darklings","floor":45,"turns":3},{"damage":19,"enemies":"infinitespire:Three Voidlings","floor":47,"turns":3},{"damage":34,"enemies":"Nightmare_Alpha","floor":47,"turns":6}],"seed_played":"1176312231454219429","potions_obtained":[{"floor":4.0,"key":"SkillPotion"},{"floor":12.0,"key":"FairyPotion"},{"floor":16,"key":"Regen Potion"},{"floor":33,"key":"ColorlessPotion"}],"is_trial":false,"path_per_floor":["M","?","T","M","?","R","?","M","T","R","$","M","$","M","R","B",null,"M","T","?","M","?","R","?","R","T","T","M","M","AVR","M","R","B",null,"M","?","?","M","M","R","E","T","T","E","M","R","?"],"character_chosen":"THE_SILENT","items_purchased":["Dagger Spray","Footwork","Oddly Smooth Stone","infinitespire:PuzzleCube","Regen Potion"],"campfire_rested":1,"item_purchase_floors":[0,0,0,0,0],"current_hp_per_floor":[20,9,9,24,24,24,29,29,29,29,29,29,29,28,28,42,64,40,40,40,30,53,53,53,53,53,53,23,11,11,26,26,39,63,47,30,30,30,29,29,29,29,29,24,19,40,0,0],"gold":354,"neow_bonus":"","is_daily":false,"chose_seed":false,"campfire_upgraded":6,"win_rate":0.0,"timestamp":1611940184,"path_taken":["M","?","?","M","?","R","?","M","T","R","$","?","$","M","R","BOSS","M","?","?","M","?","R","?","R","T","?","M","M","AVR","M","R","BOSS","M","?","?","?","M","R","E","?","T","E","M","R","?"],"items_purchased_type":["Card","Card","Relic","Relic","Potion"],"build_version":"2020-12-22","purchased_purges":4,"victory":false,"max_hp_per_floor":[66,66,66,66,66,66,71,71,71,71,71,71,71,71,71,71,71,71,71,71,71,71,71,71,71,71,71,71,71,71,71,71,71,71,71,71,71,71,71,71,71,71,71,71,71,71,71,71],"card_choices":[{"not_picked":["Bane","Skewer","PiercingWail"],"picked":"SKIP","floor":1.0},{"not_picked":["Concentrate","Blade Dance","Deflect"],"picked":"SKIP","floor":4.0},{"not_picked":["Crippling Poison","Slice","Prepared"],"picked":"SKIP","floor":8.0},{"not_picked":["Escape Plan","hubris:SlightOfHand","Dagger Throw"],"picked":"SKIP","floor":12.0},{"not_picked":["hubris:Sniper","PiercingWail"],"picked":"Terror","floor":14},{"not_picked":["Wraith Form v2","Storm of Steel"],"picked":"infinitespire:Neurotoxin","floor":16},{"not_picked":["Finisher","Acrobatics+1"],"picked":"Dodge and Roll","floor":18},{"not_picked":["Flying Knee","Deflect"],"picked":"Cloak And Dagger","floor":21},{"not_picked":["Setup","Sucker Punch"],"picked":"Unload","floor":28},{"not_picked":["Reflex","Riddle With Holes","PiercingWail"],"picked":"SKIP","floor":29},{"not_picked":["Dagger Spray","Poisoned Stab","Choke"],"picked":"SKIP","floor":31},{"not_picked":["Die Die Die","Corpse Explosion"],"picked":"Burst","floor":33},{"not_picked":["Well Laid Plans","Sucker Punch","Distraction+1"],"picked":"SKIP","floor":35},{"not_picked":["infinitespire:SealOfDarkness+","infinitespire:UltimateForm"],"picked":"hubris:InfiniteBlow","floor":36},{"not_picked":["Well Laid Plans","Dodge and Roll"],"picked":"Caltrops+1","floor":38},{"not_picked":["Dagger Throw","Cloak And Dagger","Backflip"],"picked":"SKIP","floor":39},{"not_picked":["Doppelganger","Cloak And Dagger","PiercingWail+1"],"picked":"SKIP","floor":41},{"not_picked":["Dagger Throw","Finisher+1"],"picked":"Backstab+1","floor":44},{"not_picked":["Quick Slash+1","Slice"],"picked":"Footwork+1","floor":45}],"player_experience":507675,"relics_obtained":[{"floor":3.0,"key":"Tiny Chest"},{"floor":9.0,"key":"Pantograph"},{"floor":19,"key":"Turnip"},{"floor":26,"key":"Paper Crane"},{"floor":41,"key":"Bird Faced Urn"},{"floor":42,"key":"Potion Belt"},{"floor":43,"key":"HornCleat"},{"floor":44,"key":"MealTicket"}],"event_choices":[{"damage_healed":0.0,"max_hp_gain":0.0,"max_hp_loss":0.0,"gold_gain":75.0,"event_name":"World of Goop","player_choice":"Gather Gold","floor":2.0,"gold_loss":0.0,"damage_taken":11.0},{"damage_healed":0.0,"max_hp_gain":5.0,"max_hp_loss":0.0,"gold_gain":0.0,"event_name":"Big Fish","player_choice":"Donut","floor":7.0,"gold_loss":0.0,"damage_taken":0.0},{"damage_healed":23,"gold_gain":0,"player_choice":"Heal","damage_taken":0,"max_hp_gain":0,"max_hp_loss":0,"event_name":"The Library","floor":22,"gold_loss":0},{"cards_removed":["Defend_G"],"damage_healed":0,"gold_gain":0,"player_choice":"Gave Gold","damage_taken":0,"max_hp_gain":0,"max_hp_loss":0,"event_name":"Beggar","floor":24,"gold_loss":75},{"damage_healed":0,"gold_gain":0,"cards_transformed":["Strike_G"],"player_choice":"Transformed","damage_taken":0,"max_hp_gain":0,"max_hp_loss":0,"event_name":"Transmorgrifier","floor":37,"gold_loss":0,"cards_obtained":["Acrobatics"]}],"is_beta":false,"boss_relics":[{"not_picked":["SlaversCollar","Runic Dome"],"picked":"Astrolabe"},{"not_picked":["SacredBark","hubris:ScarierMask"],"picked":"hubris:GrandSneckoEye"}],"items_purged_floors":[0,11,13,30],"is_endless":false,"potions_floor_spawned":[4,12,16,21,28,33,47],"killed_by":"Nightmare_Alpha","ascension_level":14}}