{"host":"kg61lsvem4dxoat8","time":1611888098,"event":{"mods":["AchievementEnabler","BaseMod","Better Altar","Better Match","Better Sensory Stone","Highlight Path","Minty Spire (QoL Compilation)","Quick Restart","Relic Sorter","Relic Stats","StSLib","Synergy Search","slay the spire mod where everything is the same but ironclad has a cowboy hat"],"gold_per_floor":[111,111,123,123,10,43,43,53,53,53,53,53,63,89,89,89,89],"floor_reached":16,"language":"ENG","playtime":575,"items_purged":["Strike_R"],"score":186,"play_id":"b10ab212-c77a-4eac-a9f5-438928d17098","local_time":"20210129104138","is_ascension_mode":true,"campfire_choices":[{"data":"Flame Barrier","floor":7,"key":"SMITH"},{"data":"Metallicize","floor":11,"key":"SMITH"},{"data":"Bash","floor":15,"key":"SMITH"}],"circlet_count":0,"master_deck":["Strike_R","Strike_R","Strike_R","Strike_R","Defend_R","Defend_R","Defend_R","Defend_R","Bash+1","Shrug It Off","Flame Barrier+1","Metallicize+1","Shrug It Off"],"relics":["Burning Blood","NeowsBlessing","HornCleat","Paper Frog","Orichalcum","Sundial"],"acts_visited":["Exordium"],"potions_floor_usage":[13,14],"damage_taken":[{"damage":0,"enemies":"Jaw Worm","floor":1,"turns":1},{"damage":0,"enemies":"Small Slimes","floor":3,"turns":1},{"damage":0,"enemies":"Lagavulin","floor":6,"turns":1},{"damage":0,"enemies":"2 Louse","floor":8,"turns":3},{"damage":3,"enemies":"Exordium Wildlife","floor":13,"turns":5},{"damage":18,"enemies":"Gremlin Nob","floor":14,"turns":7},{"damage":16,"enemies":"Hexaghost","floor":16,"turns":9}],"seed_played":"6299325425492464127","potions_obtained":[{"floor":1,"key":"EssenceOfSteel"},{"floor":3,"key":"GamblersBrew"},{"floor":8,"key":"FairyPotion"},{"floor":13,"key":"Ancient Potion"}],"is_trial":false,"path_per_floor":["M","?","M","?","$","E","R","M","T","$","R","?","M","E","R","B"],"character_chosen":"IRONCLAD","items_purchased":["Flame Barrier"],"campfire_rested":0,"item_purchase_floors":[5],"current_hp_per_floor":[78,83,85,85,85,85,85,85,85,85,85,85,85,73,73,57,57],"gold":89,"neow_bonus":"THREE_ENEMY_KILL","is_daily":false,"chose_seed":false,"campfire_upgraded":3,"win_rate":0.0,"timestamp":1611888098,"path_taken":["M","?","M","?","$","E","R","M","T","?","R","?","?","E","R","BOSS"],"items_purchased_type":["Card"],"build_version":"2020-12-22","purchased_purges":1,"victory":false,"max_hp_per_floor":[80,85,85,85,85,85,85,85,85,85,85,85,85,85,85,85,85],"relic_stats":{"counters":[7,27],"Sundial":[2],"Orichalcum":[30],"obtain_stats":[{"HornCleat":6,"NeowsBlessing":0,"Sundial":14,"Orichalcum":12,"Burning Blood":0,"Paper Frog":9},{"HornCleat":3,"NeowsBlessing":0,"Sundial":6,"Orichalcum":4,"Burning Blood":0,"Paper Frog":4},{"HornCleat":3,"NeowsBlessing":0,"Sundial":18,"Orichalcum":6,"Burning Blood":0,"Paper Frog":6}],"Burning Blood":17},"card_choices":[{"not_picked":["Blood for Blood","Clash","Headbutt"],"picked":"SKIP","floor":1},{"not_picked":["Ghostly Armor","Seeing Red"],"picked":"Shrug It Off","floor":3},{"not_picked":["Entrench","Reaper"],"picked":"Metallicize","floor":6},{"not_picked":["Wild Strike","Iron Wave","Clash"],"picked":"SKIP","floor":8},{"not_picked":["Cleave","Evolve"],"picked":"Shrug It Off","floor":13},{"not_picked":["Searing Blow","Reckless Charge","Headbutt"],"picked":"SKIP","floor":14}],"player_experience":1419661,"relics_obtained":[{"floor":6,"key":"HornCleat"},{"floor":9,"key":"Paper Frog"},{"floor":14,"key":"Sundial"}],"event_choices":[{"damage_healed":0,"gold_gain":0,"player_choice":"Donut","damage_taken":0,"max_hp_gain":5,"max_hp_loss":0,"event_name":"Big Fish","floor":2,"gold_loss":0},{"damage_healed":0,"gold_gain":1,"player_choice":"1","damage_taken":0,"max_hp_gain":0,"max_hp_loss":0,"event_name":"betterStone:BetterStone","floor":4,"gold_loss":0},{"damage_healed":0,"gold_gain":0,"player_choice":"Searched \u00272\u0027 times","damage_taken":0,"relics_obtained":["Orichalcum"],"max_hp_gain":0,"max_hp_loss":0,"event_name":"Dead Adventurer","floor":12,"gold_loss":0}],"is_beta":false,"boss_relics":[],"items_purged_floors":[5],"is_endless":false,"potions_floor_spawned":[1,3,8,13],"killed_by":"Hexaghost","ascension_level":8}}