{"host":"nwd160me4iqdtr8u","time":1611939307,"event":{"mods":["AchievementEnabler","Act Like it!","BaseMod","Colored Map","DeckTracker","Keyboard Shortcuts","Minty Spire (QoL Compilation)","Quick Restart","Rare Cards Sparkle","StSLib","SuperFastMode","everything is the same but u backflip on backflip"],"gold_per_floor":[15,15,15,28,48,82,102,102,102,27,38,53,53,53,53,131,131],"floor_reached":16,"language":"KOR","playtime":1108,"items_purged":[],"score":266,"play_id":"35bd0dca-0ca2-4513-8ec5-0e5f6968da9a","local_time":"20210130015507","is_ascension_mode":true,"campfire_choices":[{"floor":8,"key":"REST"},{"data":"Night Terror","floor":13,"key":"SMITH"},{"data":"Terror","floor":15,"key":"SMITH"}],"circlet_count":0,"master_deck":["AscendersBane","Strike_G","Strike_G","Strike_G","Defend_G","Defend_G","Defend_G","Defend_G","Survivor","Neutralize","Reflex","Terror+1","All Out Attack","Quick Slash","Night Terror+1","Deadly Poison","Endless Agony","Dagger Throw"],"relics":["Ring of the Snake","Gambling Chip","Dead Branch","Toxic Egg 2"],"acts_visited":["Exordium"],"potions_floor_usage":[16],"damage_taken":[{"damage":0.0,"enemies":"2 Louse","floor":1.0,"turns":3.0},{"damage":2.0,"enemies":"Small Slimes","floor":4.0,"turns":6.0},{"damage":1.0,"enemies":"Jaw Worm","floor":5.0,"turns":3.0},{"damage":12.0,"enemies":"Gremlin Nob","floor":6.0,"turns":4.0},{"damage":28,"enemies":"Exordium Thugs","floor":7,"turns":5},{"damage":0,"enemies":"Lots of Slimes","floor":11,"turns":3},{"damage":0,"enemies":"3 Louse","floor":12,"turns":4},{"damage":24,"enemies":"The Guardian","floor":16,"turns":14}],"seed_played":"-4049468809913260371","potions_obtained":[{"floor":5.0,"key":"Weak Potion"},{"floor":12,"key":"SteroidPotion"},{"floor":16,"key":"BlessingOfTheForge"}],"is_trial":false,"path_per_floor":["M","?","?","M","M","E","M","R","T","?","M","M","R","$","R","B"],"character_chosen":"THE_SILENT","items_purchased":[],"campfire_rested":1,"item_purchase_floors":[],"current_hp_per_floor":[59,59,52,50,49,37,9,28,28,28,28,28,28,28,28,4,4],"gold":131,"neow_bonus":"ONE_RARE_RELIC","is_daily":false,"chose_seed":false,"campfire_upgraded":2,"win_rate":0.0,"timestamp":1611939307,"path_taken":["M","?","?","M","M","E","M","R","T","?","?","M","R","?","R","BOSS"],"items_purchased_type":[],"build_version":"2020-12-22","purchased_purges":0,"victory":false,"max_hp_per_floor":[66,66,66,66,66,66,66,66,66,66,66,66,66,66,66,66,66],"card_choices":[{"not_picked":["Prepared","Flying Knee"],"picked":"Reflex","floor":1.0},{"not_picked":["Catalyst","Bane"],"picked":"All Out Attack","floor":4.0},{"not_picked":["Cloak And Dagger","Deflect"],"picked":"Quick Slash","floor":5.0},{"not_picked":["A Thousand Cuts","Dagger Spray"],"picked":"Night Terror","floor":6.0},{"not_picked":["Flying Knee","Blur"],"picked":"Deadly Poison","floor":7},{"not_picked":["Dagger Spray","Poisoned Stab"],"picked":"Endless Agony","floor":11},{"not_picked":["Dagger Spray","Well Laid Plans"],"picked":"Dagger Throw","floor":12}],"player_experience":319686,"relics_obtained":[{"floor":6.0,"key":"Dead Branch"},{"floor":9,"key":"Toxic Egg 2"}],"event_choices":[{"damage_healed":0.0,"max_hp_gain":0.0,"max_hp_loss":0.0,"gold_gain":0.0,"cards_transformed":["Strike_G"],"event_name":"Living Wall","player_choice":"Change","floor":2.0,"gold_loss":0.0,"damage_taken":0.0,"cards_obtained":["Terror"]},{"cards_removed":["Strike_G"],"damage_healed":0.0,"max_hp_gain":0.0,"max_hp_loss":0.0,"gold_gain":0.0,"event_name":"Golden Wing","player_choice":"Card Removal","floor":3.0,"gold_loss":0.0,"damage_taken":7.0},{"cards_removed":["Defend_G"],"damage_healed":0,"gold_gain":0,"player_choice":"Card Removal","damage_taken":0,"max_hp_gain":0,"max_hp_loss":0,"event_name":"The Cleric","floor":10,"gold_loss":75}],"is_beta":false,"boss_relics":[],"items_purged_floors":[],"is_endless":false,"potions_floor_spawned":[5,12,16],"killed_by":"The Guardian","ascension_level":15}}