{"host":"dvpvhz1t6etneyb3","time":1611963207,"event":{"mods":["AchievementEnabler","BaseMod","Colored Map","Highlight Path","Minty Spire (QoL Compilation)","Permanent Neow","Quick Restart"],"gold_per_floor":[114,114,135,135,135,148,148,148,175,198,198,198,198],"floor_reached":12,"language":"ENG","playtime":380,"items_purged":[],"score":136,"play_id":"7decd833-8833-4132-9c1f-5fd86373e6a9","local_time":"20210129183327","is_ascension_mode":true,"campfire_choices":[{"data":"Protect","floor":7.0,"key":"SMITH"},{"floor":11,"key":"REST"}],"circlet_count":0,"master_deck":["AscendersBane","Strike_P","Strike_P","Strike_P","Strike_P","Defend_P","Defend_P","Defend_P","Defend_P","Eruption+1","Vigilance","Protect","Protect+1","Wireheading","Meditate"],"relics":["PureWater","Smiling Mask","Golden Idol","Tiny Chest","Ancient Tea Set"],"acts_visited":["Exordium"],"potions_floor_usage":[],"damage_taken":[{"damage":7.0,"enemies":"Jaw Worm","floor":1.0,"turns":5.0},{"damage":1.0,"enemies":"Small Slimes","floor":3.0,"turns":3.0},{"damage":2.0,"enemies":"2 Louse","floor":6.0,"turns":2.0},{"damage":10,"enemies":"Large Slime","floor":10,"turns":8},{"damage":105,"enemies":"Gremlin Nob","floor":12,"turns":4}],"seed_played":"-7793964249677051484","potions_obtained":[{"floor":3.0,"key":"SpeedPotion"}],"is_trial":false,"path_per_floor":["M","?","M","?","?","M","R","?","T","M","R","E"],"character_chosen":"WATCHER","items_purchased":[],"campfire_rested":1,"item_purchase_floors":[],"current_hp_per_floor":[54,54,53,58,58,56,56,38,38,28,48,0,0],"gold":198,"neow_bonus":"RANDOM_COMMON_RELIC","is_daily":false,"chose_seed":false,"campfire_upgraded":1,"win_rate":0.0,"timestamp":1611963207,"path_taken":["M","?","M","?","?","M","R","?","T","M","R","E"],"items_purchased_type":[],"build_version":"2020-12-22","purchased_purges":0,"victory":false,"max_hp_per_floor":[68,62,62,67,67,67,67,67,67,67,67,67,67],"card_choices":[{"not_picked":["JustLucky","Consecrate"],"picked":"Protect","floor":1.0},{"not_picked":["Vengeance","ThirdEye"],"picked":"Protect","floor":3.0},{"not_picked":["InnerPeace","Weave"],"picked":"Wireheading","floor":6.0},{"not_picked":["ClearTheMind","Prostrate"],"picked":"Meditate","floor":10}],"player_experience":2113294,"relics_obtained":[{"floor":9.0,"key":"Ancient Tea Set"}],"event_choices":[{"damage_healed":0.0,"max_hp_gain":0.0,"max_hp_loss":6.0,"gold_gain":0.0,"event_name":"Golden Idol","player_choice":"Lose Max HP","floor":2.0,"gold_loss":0.0,"damage_taken":0.0,"relics_obtained":["Golden Idol"]},{"damage_healed":0.0,"max_hp_gain":5.0,"max_hp_loss":0.0,"gold_gain":0.0,"event_name":"Big Fish","player_choice":"Donut","floor":4.0,"gold_loss":0.0,"damage_taken":0.0},{"damage_healed":0.0,"max_hp_gain":0.0,"max_hp_loss":0.0,"gold_gain":0.0,"event_name":"Living Wall","player_choice":"Grow","floor":5.0,"gold_loss":0.0,"damage_taken":0.0,"cards_upgraded":["Eruption"]},{"damage_healed":0.0,"max_hp_gain":0.0,"max_hp_loss":0.0,"gold_gain":0.0,"event_name":"Scrap Ooze","player_choice":"Success","floor":8.0,"gold_loss":0.0,"damage_taken":18.0,"relics_obtained":["Tiny Chest"]}],"is_beta":false,"boss_relics":[],"items_purged_floors":[],"is_endless":false,"potions_floor_spawned":[3],"killed_by":"Gremlin Nob","ascension_level":20}}