{"host":"yx6un74hqn8d53n4","time":1611906495,"event":{"mods":["ATMod(°¢èªMod)","Act Like it!","Aspiration","BaseMod","CapriCore","GifTheSpireLib","Minty Spire (QoL Compilation)","Quick Restart","Rare Cards Sparkle","Replay The Spire","RumiaBox-Â¶Ã×æ«µÄÉñÃØºÐ×Ó","Shop Mod","StSLib","[IsaacMod]ÒÔÈö¼âËþ","¡¾ÒÅÎï¿¨ÅÆ¡¿REMEMod"],"gold_per_floor":[117,195,212,232,532,558,578,578,578,578,618,90,165,207,207,338,338,379,126,41,57,94,94,131,175,201,6,39,138,160,266,266,395,395,417,717,717,750,766,766,470,470,538,563,669,691,717,204,204,216],"floor_reached":51,"language":"ZHS","playtime":2250,"items_purged":["Strike_B","Strike_B","Defend_B","AT_EMC2","Madness"],"score":777,"play_id":"45a8ce31-a5f6-4ef4-add9-25dc4613496b","local_time":"20210129154815","is_ascension_mode":false,"campfire_choices":[{"data":"FIFO Queue","floor":8.0,"key":"SMITH"},{"data":"Zap","floor":10.0,"key":"SMITH"},{"data":"White Noise","floor":15.0,"key":"SMITH"},{"data":"Coolheaded","floor":23.0,"key":"SMITH"},{"data":"Blizzard","floor":32.0,"key":"SMITH"},{"floor":40,"key":"REST"},{"data":"Madness","floor":42,"key":"SMITH"},{"data":"Consume","floor":49,"key":"SMITH"}],"circlet_count":0,"master_deck":["Strike_B+1","Strike_B+2","Defend_B+1","Defend_B","Defend_B","Zap+1","Dualcast","Glacier","FIFO Queue+1","White Noise+1","AT_WaterDrop","Ball Lightning","Barrage","Coolheaded+1","ReplayTheSpireMod:Calculation Training","BootSequence","Blizzard+1","Madness+1","Seek","Consume+1","Madness+1","REME_WheelOfFate","AT_StudyProgram+1","AT_StudyProgram+1"],"relics":["Cracked Core","HushsDoor","AT_ATBox","REME_ComplimentaryCards","DoctorsRemote","NeowsBlessing","Pocketwatch","REME_ArchaeologicalTools","REME_IWantAll","Toy Ornithopter","Whetstone","Inserter","Prayer Wheel","Blue Doll","Frozen Egg 2","Replay:Baseball","Red Mask","aspiration:AnachronicSnailShell","GodSword5","REME_LowDesire","Ancient Tea Set","Bronze Scales","aspiration:Nostalgia","Sizzling Blood","Replay:Bottled Snecko","Simple Rune","Gambling Chip"],"acts_visited":["Exordium","TheCity","TheBeyond"],"potions_floor_usage":[44,45,50],"damage_taken":[{"damage":0.0,"enemies":"2 Louse","floor":1.0,"turns":1.0},{"damage":0.0,"enemies":"Small Slimes","floor":3.0,"turns":1.0},{"damage":0.0,"enemies":"Cultist","floor":4.0,"turns":1.0},{"damage":1.0,"enemies":"3 Sentries","floor":6.0,"turns":12.0},{"damage":6.0,"enemies":"3 Louse","floor":7.0,"turns":5.0},{"damage":0.0,"enemies":"Red Slaver","floor":11.0,"turns":3.0},{"damage":6.0,"enemies":"Replay:BlueRogue","floor":14.0,"turns":7.0},{"damage":4.0,"enemies":"Hexaghost","floor":16.0,"turns":9.0},{"damage":24.0,"enemies":"Chosen","floor":18.0,"turns":6.0},{"damage":7.0,"enemies":"2 Thieves","floor":21.0,"turns":3.0},{"damage":25.0,"enemies":"Cultist and Chosen","floor":22.0,"turns":6.0},{"damage":7.0,"enemies":"Snecko","floor":24.0,"turns":6.0},{"damage":4.0,"enemies":"Gremlin Leader","floor":25.0,"turns":7.0},{"damage":7.0,"enemies":"Masked Bandits","floor":28.0,"turns":3.0},{"damage":0.0,"enemies":"Snake Plant","floor":30.0,"turns":5.0},{"damage":6.0,"enemies":"Colosseum Slavers","floor":31.0,"turns":4.0},{"damage":6.0,"enemies":"Colosseum Nobs","floor":31.0,"turns":3.0},{"damage":15,"enemies":"Automaton","floor":33,"turns":10},{"damage":18,"enemies":"3 Darklings","floor":35,"turns":5},{"damage":11,"enemies":"3 Shapes","floor":38,"turns":5},{"damage":24,"enemies":"3 Darklings","floor":39,"turns":7},{"damage":5,"enemies":"Sphere and 2 Shapes","floor":44,"turns":5},{"damage":5,"enemies":"4 Shapes","floor":45,"turns":7},{"damage":0,"enemies":"Maw","floor":46,"turns":8},{"damage":27,"enemies":"Time Eater","floor":50,"turns":8}],"seed_played":"-2393932180279703462","potions_obtained":[{"floor":1.0,"key":"FocusPotion"},{"floor":2.0,"key":"REME_GoldPotion"},{"floor":2.0,"key":"Ancient Potion"},{"floor":2.0,"key":"Fire Potion"},{"floor":4.0,"key":"EntropicBrew"},{"floor":11.0,"key":"FearPotion"},{"floor":14.0,"key":"Dexterity Potion"},{"floor":16.0,"key":"Strength Potion"},{"floor":21.0,"key":"DuplicationPotion"},{"floor":22.0,"key":"FocusPotion"},{"floor":24.0,"key":"Regen Potion"},{"floor":33,"key":"SteroidPotion"},{"floor":38,"key":"Energy Potion"},{"floor":44,"key":"REME_GoldPotion"},{"floor":45,"key":"PowerPotion"}],"is_trial":false,"path_per_floor":["M","?","M","M","?","E","M","R","T","R","M","$","?","E","R","B",null,"M","$","?","M","M","R","M","E","T","$","?","?","M","?","R","B",null,"M","?","?","M","M","R","$","R","T","M","M","M","T","$","R","B",null],"character_chosen":"DEFECT","items_purchased":["REME_IWantAll","Toy Ornithopter","Blue Doll","Blizzard","aspiration:Nostalgia","Gambling Chip","AT_StudyProgram+1"],"campfire_rested":1,"item_purchase_floors":[12,12,19,27,41,48,48],"current_hp_per_floor":[75,57,57,57,57,56,50,50,50,50,50,50,39,33,33,34,75,51,51,51,44,37,37,35,56,56,56,49,49,49,42,42,27,78,60,60,50,39,15,43,48,48,48,54,60,65,65,65,65,49],"gold":216,"neow_bonus":"THREE_ENEMY_KILL","is_daily":false,"chose_seed":false,"campfire_upgraded":7,"win_rate":0.0,"timestamp":1611906495,"path_taken":["M","?","M","M","?","E","M","R","T","R","M","$","?","E","R","BOSS","M","$","?","M","M","R","M","E","T","$","?","?","M","?","R","BOSS","M","?","?","M","?","R","$","R","T","M","M","M","?","$","R","BOSS"],"items_purchased_type":["Relic","Relic","Relic","Card","Relic","Relic","Card"],"build_version":"2020-12-22","purchased_purges":5,"victory":true,"max_hp_per_floor":[75,75,75,75,75,75,75,75,75,75,75,75,75,75,75,75,75,75,75,75,75,78,78,78,78,78,78,78,78,78,78,78,78,78,78,78,78,78,78,78,82,82,82,82,82,82,82,82,82,82],"card_choices":[{"not_picked":[],"picked":"ChaosCard","floor":0.0},{"not_picked":["Skim","Sweeping Beam"],"picked":"Glacier","floor":1.0},{"not_picked":["Capacitor","AT_HeatAcrobatics"],"picked":"FIFO Queue","floor":2.0},{"not_picked":["aspiration:Polymerization","Mirror Shield"],"picked":"White Noise","floor":3.0},{"not_picked":["Stack","AT_ThunderBolt","Hologram"],"picked":"SKIP","floor":4.0},{"not_picked":["Turbo","Bomb","Self Repair"],"picked":"AT_WaterDrop","floor":6.0},{"not_picked":["Redo","Tempest","ReplayTheSpireMod:System Scan"],"picked":"SKIP","floor":7.0},{"not_picked":["BasicCrystalCard","REME_Whirling","Crystallizer"],"picked":"SKIP","floor":11.0},{"not_picked":["Darkness","ReplayTheSpireMod:Repulse"],"picked":"Ball Lightning","floor":14.0},{"not_picked":["Meteor Strike","Buffer"],"picked":"ReplayTheSpireMod:Fabricate Wheel","floor":16.0},{"not_picked":["AT_DarkMatter","Storm","Coolheaded"],"picked":"SKIP","floor":18.0},{"not_picked":["Rebound","Sweeping Beam+1","Beam Cell"],"picked":"SKIP","floor":18.0},{"not_picked":["aspiration:Polymerization","Capacitor+1","REME_Whirling"],"picked":"SKIP","floor":21.0},{"not_picked":["Redo","Panic Button+1","Conserve Battery"],"picked":"SKIP","floor":21.0},{"not_picked":["Barrage","Coolheaded","ReplayTheSpireMod:Calculation Training"],"picked":"Singing Bowl","floor":22.0},{"not_picked":["Electrodynamics+1","Steam Power","Stack"],"picked":"SKIP","floor":22.0},{"not_picked":["Chaos+1","Beam Cell"],"picked":"BootSequence","floor":24.0},{"not_picked":["Coolheaded","ReplayTheSpireMod:Reroute Power","Stack"],"picked":"SKIP","floor":24.0},{"not_picked":["Conserve Battery","Fission","Hologram"],"picked":"SKIP","floor":25.0},{"not_picked":["Go for the Eyes","Compile Driver+1","aspiration:Polymerization"],"picked":"SKIP","floor":30.0},{"not_picked":["Conserve Battery","Rebound+1","AT_StudyProgram+1"],"picked":"SKIP","floor":30.0},{"not_picked":["Coolheaded+1","Ball Lightning","Double Energy+1","REME_TwoStrings"],"picked":"SKIP","floor":35},{"not_picked":["Steam","Static Discharge+1","Gash+1","AT_LightSaberMaster+1"],"picked":"SKIP","floor":35},{"not_picked":["Turbo+1","Leap","Compile Driver+1","Midas Touch"],"picked":"SKIP","floor":38},{"not_picked":["Chaos+1","AT_RobotInSpace","Turbo","REME_WheelOfFate"],"picked":"SKIP","floor":38},{"not_picked":["BasicCrystalCard","Scrape+1","Redo","REME_HeartOfCthun"],"picked":"SKIP","floor":39},{"not_picked":["Pulse+1","Gash+1","Steam+1","Poisoned Strike"],"picked":"SKIP","floor":39},{"not_picked":["Hologram","ReplayTheSpireMod:System Scan+1","REME_BattleFury+1"],"picked":"Seek","floor":44},{"not_picked":["AT_DarkMatter+1","BasicCrystalCard","Crow Ritual+1"],"picked":"Consume","floor":44},{"not_picked":["BootSequence","Gash+1","Steam","REME_MagicPocketWatch+1"],"picked":"SKIP","floor":45},{"not_picked":["BootSequence+1","Turbo","BasicCrystalCard","Survey Options"],"picked":"SKIP","floor":45},{"not_picked":["Compile Driver+1","Go for the Eyes+1","Tempest"],"picked":"REME_WheelOfFate","floor":46},{"not_picked":["Cold Snap+1","Hologram+1","Go for the Eyes","DoctorFetus+1"],"picked":"SKIP","floor":46}],"player_experience":5934,"relics_obtained":[{"floor":6.0,"key":"Pocketwatch"},{"floor":9.0,"key":"REME_ArchaeologicalTools"},{"floor":14.0,"key":"Whetstone"},{"floor":25.0,"key":"Replay:Baseball"},{"floor":28.0,"key":"Red Mask"},{"floor":31.0,"key":"aspiration:AnachronicSnailShell"},{"floor":31.0,"key":"GodSword5"},{"floor":34,"key":"Ancient Tea Set"},{"floor":34,"key":"Bronze Scales"},{"floor":43,"key":"Replay:Bottled Snecko"},{"floor":47,"key":"Simple Rune"}],"event_choices":[{"damage_healed":0.0,"max_hp_gain":0.0,"max_hp_loss":0.0,"gold_gain":75.0,"event_name":"World of Goop","player_choice":"Gather Gold","floor":13.0,"gold_loss":0.0,"damage_taken":11.0},{"damage_healed":0.0,"max_hp_gain":0.0,"max_hp_loss":0.0,"gold_gain":0.0,"event_name":"Addict","player_choice":"Obtained Relic","floor":20.0,"gold_loss":85.0,"damage_taken":0.0,"relics_obtained":["Frozen Egg 2"]},{"damage_healed":0.0,"max_hp_gain":0.0,"max_hp_loss":0.0,"gold_gain":0.0,"event_name":"Masked Bandits","player_choice":"Fought Bandits","floor":28.0,"gold_loss":0.0,"damage_taken":0.0},{"damage_healed":0.0,"max_hp_gain":0.0,"max_hp_loss":0.0,"gold_gain":99.0,"event_name":"Nest","player_choice":"Stole From Cult","floor":29.0,"gold_loss":0.0,"damage_taken":0.0},{"damage_healed":0.0,"max_hp_gain":0.0,"max_hp_loss":0.0,"gold_gain":0.0,"event_name":"Colosseum","player_choice":"Fight","floor":31.0,"gold_loss":0.0,"damage_taken":0.0},{"damage_healed":0.0,"max_hp_gain":0.0,"max_hp_loss":0.0,"gold_gain":0.0,"event_name":"Colosseum","player_choice":"Fought Nobs","floor":31.0,"gold_loss":0.0,"damage_taken":0.0},{"damage_healed":0,"gold_gain":0,"player_choice":"Embrace Madness","damage_taken":10,"max_hp_gain":0,"max_hp_loss":0,"event_name":"Winding Halls","floor":37,"gold_loss":0,"cards_obtained":["Madness","Madness"]}],"is_beta":false,"boss_relics":[{"not_picked":["Tiny House","Ectoplasm"],"picked":"Inserter"},{"not_picked":[]},{"not_picked":["Replay:Grab Bag","Abe\u0027s Treasure"],"picked":"REME_LowDesire"},{"not_picked":[]}],"items_purged_floors":[12,19,27,41,48],"is_endless":false,"potions_floor_spawned":[1,4,11,14,16,18,21,22,24,33,38,44,45],"ascension_level":0}}