{"host":"0qlrtuw7bw78ucw4","time":1611882408,"event":{"mods":["BaseMod","Downfall","Minty Spire (QoL Compilation)","StSLib"],"gold_per_floor":[99,113,133,133,148,148,148,148,162,174,205,219,247,322,338,439,439,439,455,468,254,271,301,327,356,256,256,256,256,587,597,609,609,609,609],"floor_reached":33,"language":"ENG","playtime":2714,"items_purged":["Slimebound:Strike_Slimebound"],"score":550,"play_id":"84f6eff8-75a1-4857-a94b-749b02de1e3f","local_time":"20210129120648","is_ascension_mode":true,"campfire_choices":[{"data":"Slimebound:CorrosiveSpit","floor":1.0,"key":"SMITH"},{"data":"Slimebound:Split","floor":6.0,"key":"SMITH"},{"data":"Slimebound:PressTheAttack","floor":8.0,"key":"SMITH"},{"data":"Slimebound:DouseInSlime","floor":18.0,"key":"SMITH"},{"floor":26,"key":"REST"},{"data":"Slimebound:SlimeBrawl","floor":29,"key":"SMITH"}],"circlet_count":0,"master_deck":["AscendersBane","Slimebound:Defend_Slimebound","Slimebound:Defend_Slimebound","Slimebound:Defend_Slimebound+1","Slimebound:Defend_Slimebound","Slimebound:Split+1","Slimebound:CorrosiveSpit+1","Slimebound:FinishingTackle+1","Slimebound:PressTheAttack+1","Slimebound:Prepare","Slimebound:Split","Slimebound:SplitSpecialist","Slimebound:PrepareCrush+1","Slimebound:SlimeSpikes","Slimebound:RollThrough","Slimebound:SlimeBrawl+1","Slimebound:DouseInSlime+1","Slimebound:GoopSpray","Slimebound:ComboTackle","Slimebound:SpikyOuterGoop","Slimebound:RollThrough"],"relics":["Slimebound:AbsorbEndCombat","Letter Opener","Smiling Mask","War Paint","Busted Crown","Whetstone","Ancient Tea Set","Strawberry","Bottled Tornado","downfall:HeartBlessingGreen","Old Coin"],"acts_visited":["Exordium","TheCity"],"potions_floor_usage":[25,25,32],"damage_taken":[{"damage":5.0,"enemies":"2 Louse","floor":2.0,"turns":2.0},{"damage":4.0,"enemies":"Cultist","floor":3.0,"turns":3.0},{"damage":1.0,"enemies":"Small Slimes","floor":5.0,"turns":4.0},{"damage":3.0,"enemies":"Blue Slaver","floor":9.0,"turns":3.0},{"damage":0.0,"enemies":"Red Slaver","floor":10.0,"turns":3.0},{"damage":20.0,"enemies":"3 Sentries","floor":11.0,"turns":6.0},{"damage":9.0,"enemies":"Exordium Wildlife","floor":12.0,"turns":4.0},{"damage":0.0,"enemies":"Lagavulin","floor":13.0,"turns":4.0},{"damage":0.0,"enemies":"2 Fungi Beasts","floor":15.0,"turns":3.0},{"damage":34.0,"enemies":"IC_STATUS_ARCHETYPE","floor":16.0,"turns":7.0},{"damage":1.0,"enemies":"3 Byrds","floor":19.0,"turns":2.0},{"damage":5.0,"enemies":"Shell Parasite","floor":20.0,"turns":2.0},{"damage":3.0,"enemies":"downfall:FleeingMerchant","floor":21.0,"turns":4.0},{"damage":20.0,"enemies":"Snake Plant","floor":22.0,"turns":4.0},{"damage":23.0,"enemies":"Book of Stabbing","floor":23.0,"turns":5.0},{"damage":32,"enemies":"Slavers","floor":25,"turns":4},{"damage":1,"enemies":"Book of Stabbing","floor":30,"turns":5},{"damage":6,"enemies":"Centurion and Healer","floor":31,"turns":5},{"damage":0,"enemies":"Sentry and Sphere","floor":32,"turns":4},{"damage":50,"enemies":"WA_ARCHETYPE_CALM","floor":33,"turns":5}],"seed_played":"3310486303962220733","potions_obtained":[{"floor":3.0,"key":"GamblersBrew"},{"floor":12.0,"key":"Slimebound:SpawnSlimePotion"},{"floor":13.0,"key":"GamblersBrew"},{"floor":15.0,"key":"Regen Potion"},{"floor":16.0,"key":"AttackPotion"},{"floor":30,"key":"AttackPotion"},{"floor":32,"key":"LiquidBronze"}],"is_trial":false,"path_per_floor":["R","M","M","?","M","R","T","R","M","M","E","M","E","?","M","B",null,"R","M","M","$","M","E","T","E","R","?","?","R","E","M","M","B"],"character_chosen":"SLIMEBOUND","items_purchased":["Whetstone"],"campfire_rested":1,"item_purchase_floors":[21],"current_hp_per_floor":[59,56,56,56,59,59,59,59,58,62,44,37,41,41,43,32,57,57,58,57,60,44,29,36,6,27,27,27,27,34,36,36,0,0,0],"gold":609,"neow_bonus":"TRANSFORM_CARD","is_daily":false,"chose_seed":false,"campfire_upgraded":5,"win_rate":0.0,"timestamp":1611882408,"path_taken":["R","M","M","?","?","R","T","R","M","M","E","M","E","?","M","BOSS","R","M","M","$","M","E","T","E","R","?","?","R","E","?","M","BOSS"],"items_purchased_type":["Relic"],"build_version":"2020-12-22","purchased_purges":1,"victory":false,"max_hp_per_floor":[65,65,65,65,65,65,65,65,65,65,65,65,65,65,65,65,65,65,65,65,65,65,65,72,72,72,72,72,72,72,72,72,72,72,72],"card_choices":[{"not_picked":["Slimebound:SamplingLick","Slimebound:SplitMire"],"picked":"Slimebound:PressTheAttack","floor":2.0},{"not_picked":["Slimebound:Schlurp","Slimebound:SamplingLick"],"picked":"Slimebound:Prepare","floor":3.0},{"not_picked":["Slimebound:GoopTackle","Slimebound:SplitLeeching","Slimebound:AcidTongue"],"picked":"SKIP","floor":5.0},{"not_picked":["Slimebound:Nibble","Slimebound:ComboTackle"],"picked":"Slimebound:SplitSpecialist","floor":9.0},{"not_picked":["Slimebound:SplitAcid","Slimebound:ComboTackle","Slimebound:FinishingTackle"],"picked":"SKIP","floor":10.0},{"not_picked":["Slimebound:ViciousTackle","Slimebound:SamplingLick"],"picked":"Slimebound:PrepareCrush","floor":11.0},{"not_picked":["Slimebound:AcidTongue","Slimebound:ViciousTackle"],"picked":"Slimebound:SlimeSpikes","floor":12.0},{"not_picked":["Slimebound:PressTheAttack","Slimebound:Chomp"],"picked":"Slimebound:RollThrough","floor":13.0},{"not_picked":["Slimebound:Dissolve","Slimebound:RollThrough"],"picked":"Slimebound:SlimeBrawl","floor":15.0},{"not_picked":["Slimebound:MassRepurpose","Slimebound:RallyTheTroops"],"picked":"Slimebound:DouseInSlime","floor":16.0},{"not_picked":[],"picked":"Slimebound:GoopSpray","floor":19.0},{"not_picked":["Slimebound:Repurpose"],"picked":"SKIP","floor":20.0},{"not_picked":[],"picked":"Slimebound:ComboTackle","floor":21.0},{"not_picked":["Slimebound:SplitMire"],"picked":"SKIP","floor":22.0},{"not_picked":[],"picked":"Slimebound:SpikyOuterGoop","floor":23.0},{"not_picked":["Slimebound:GoopSpray"],"picked":"SKIP","floor":25},{"not_picked":["Slimebound:SlimeSpikes"],"picked":"SKIP","floor":30},{"not_picked":["Slimebound:SplitAcid"],"picked":"SKIP","floor":31},{"not_picked":["Slimebound:SamplingLick"],"picked":"SKIP","floor":32}],"player_experience":913969,"relics_obtained":[{"floor":7.0,"key":"Letter Opener"},{"floor":11.0,"key":"Smiling Mask"},{"floor":13.0,"key":"War Paint"},{"floor":23.0,"key":"Ancient Tea Set"},{"floor":24.0,"key":"Strawberry"},{"floor":25,"key":"Bottled Tornado"},{"floor":30,"key":"Old Coin"}],"event_choices":[],"is_beta":false,"boss_relics":[{"not_picked":["Tiny House","Sozu"],"picked":"Busted Crown"}],"items_purged_floors":[21],"is_endless":false,"potions_floor_spawned":[3,12,13,15,16,20,22,30,32],"killed_by":"WA_ARCHETYPE_CALM","ascension_level":12}}