{"host":"w3q5ijqu8eoknil3","time":1611928993,"event":{"mods":["AchievementEnabler","BaseMod","Block Reminder","Colored Map","Colored Powertips","Curses Come First","Dark Map","Minty Spire (QoL Compilation)","Quick Restart","Relic Stats","StSLib","ojb\u0027s Better Paths Mod","ojb\u0027s Info Mod","slay the spire mod where everything is the same but ironclad has a cowboy hat"],"gold_per_floor":[119,137,156,156,170,199,215,215,239,239,256,316,336,336,336,336,336],"floor_reached":16,"language":"ENG","playtime":391,"items_purged":[],"score":203,"play_id":"d431402d-a0e6-493f-930b-db72534b1ebe","local_time":"20210129140313","is_ascension_mode":true,"campfire_choices":[{"data":"Poisoned Stab","floor":8,"key":"SMITH"},{"data":"Masterful Stab","floor":10,"key":"SMITH"},{"floor":15,"key":"REST"}],"circlet_count":0,"master_deck":["AscendersBane","Strike_G","Strike_G","Strike_G","Strike_G","Defend_G","Defend_G","Defend_G","Defend_G","Defend_G","Survivor","Neutralize","Poisoned Stab+1","Predator","Poisoned Stab","Backstab","Storm of Steel","Catalyst","Eviscerate","Masterful Stab+1","Cloak And Dagger"],"relics":["Ring of the Snake","NeowsBlessing","MealTicket","Potion Belt"],"acts_visited":["Exordium"],"potions_floor_usage":[16,16,16],"damage_taken":[{"damage":0,"enemies":"Jaw Worm","floor":1,"turns":1},{"damage":0,"enemies":"Cultist","floor":2,"turns":1},{"damage":0,"enemies":"2 Louse","floor":3,"turns":1},{"damage":9,"enemies":"Blue Slaver","floor":5,"turns":2},{"damage":30,"enemies":"3 Sentries","floor":6,"turns":9},{"damage":4,"enemies":"Red Slaver","floor":7,"turns":3},{"damage":6,"enemies":"Exordium Wildlife","floor":11,"turns":3},{"damage":1,"enemies":"Blue Slaver","floor":13,"turns":3},{"damage":44,"enemies":"The Guardian","floor":16,"turns":10}],"seed_played":"-6195804713106599700","potions_obtained":[{"floor":2,"key":"LiquidMemories"},{"floor":3,"key":"Strength Potion"},{"floor":13,"key":"Explosive Potion"}],"is_trial":false,"path_per_floor":["M","M","M","?","M","E","M","R","T","R","M","?","M","?","R","B"],"character_chosen":"THE_SILENT","items_purchased":[],"campfire_rested":1,"item_purchase_floors":[],"current_hp_per_floor":[59,59,59,59,50,20,16,16,16,16,10,10,9,9,28,0,0],"gold":336,"neow_bonus":"THREE_ENEMY_KILL","is_daily":false,"chose_seed":false,"campfire_upgraded":2,"win_rate":0.0,"timestamp":1611928993,"path_taken":["M","M","M","?","M","E","?","R","T","R","M","?","M","?","R","BOSS"],"items_purchased_type":[],"build_version":"2020-12-22","purchased_purges":0,"victory":false,"max_hp_per_floor":[66,66,66,66,66,66,66,66,66,66,66,66,66,66,66,66,66],"relic_stats":{"counters":[9,33],"MealTicket":0,"obtain_stats":[{"Potion Belt":9,"NeowsBlessing":0,"MealTicket":6,"Ring of the Snake":0},{"Potion Belt":6,"NeowsBlessing":0,"MealTicket":5,"Ring of the Snake":0},{"Potion Belt":17,"NeowsBlessing":0,"MealTicket":14,"Ring of the Snake":0}],"Ring of the Snake":[18]},"card_choices":[{"not_picked":["Backflip","Outmaneuver"],"picked":"Poisoned Stab","floor":1},{"not_picked":["Dodge and Roll","Riddle With Holes"],"picked":"Predator","floor":2},{"not_picked":["Underhanded Strike","Cloak And Dagger"],"picked":"Poisoned Stab","floor":3},{"not_picked":["Sucker Punch","Quick Slash"],"picked":"Catalyst","floor":5},{"not_picked":["Cloak And Dagger","Caltrops"],"picked":"Eviscerate","floor":6},{"not_picked":["Dagger Throw","Infinite Blades"],"picked":"Masterful Stab","floor":7},{"not_picked":["Underhanded Strike","A Thousand Cuts","Expertise"],"picked":"SKIP","floor":11},{"not_picked":["Setup","Accuracy"],"picked":"Cloak And Dagger","floor":13}],"player_experience":1019736,"relics_obtained":[{"floor":6,"key":"MealTicket"},{"floor":9,"key":"Potion Belt"}],"event_choices":[{"damage_healed":0,"gold_gain":0,"player_choice":"2 cards matched","damage_taken":0,"max_hp_gain":0,"max_hp_loss":0,"event_name":"Match and Keep!","floor":4,"gold_loss":0,"cards_obtained":["Backstab","Storm of Steel"]},{"damage_healed":0,"gold_gain":60,"player_choice":"Gained Gold","damage_taken":0,"max_hp_gain":0,"max_hp_loss":0,"event_name":"Golden Wing","floor":12,"gold_loss":0},{"cards_removed":["Strike_G"],"damage_healed":0,"gold_gain":0,"player_choice":"Offered Basic","damage_taken":0,"max_hp_gain":0,"max_hp_loss":0,"event_name":"Bonfire Elementals","floor":14,"gold_loss":0}],"is_beta":false,"boss_relics":[],"items_purged_floors":[],"is_endless":false,"potions_floor_spawned":[2,3,5,13],"killed_by":"The Guardian","ascension_level":19}}