{"host":"59jh88lrys5rvd4j","time":1611901715,"event":{"mods":["2.2 Compatiblity","A Magickal Journey","Aspiration","Astrologer","BaseMod","Beaked The Cultist","Conspire","Energized Spire","Gremlin Mod","Kalas","Magitek Elite","Minty Spire (QoL Compilation)","Reliquary","StSLib","The Animator","The Cursed","The Necromancer"],"gold_per_floor":[165,165,213,75,75,75,150,150,150,244,289,133,133,166,166,466,416,446,446],"floor_reached":18,"language":"ENG","playtime":1686,"items_purged":[],"score":210,"play_id":"c2ca39d1-3884-4058-9dd7-f0d60c0077b7","local_time":"20210129012835","daily_mods":["Heirloom","Time Dilation","Flight","Midas"],"is_ascension_mode":false,"campfire_choices":[{"floor":6,"key":"REST"},{"floor":13,"key":"REST"},{"floor":15,"key":"REST"}],"circlet_count":0,"master_deck":["conspire:GhostlyStrike","conspire:GhostlyDefend","conspire:GhostlyStrike","conspire:GhostlyStrike","conspire:GhostlyStrike","conspire:GhostlyDefend","conspire:GhostlyDefend","conspire:GhostlyDefend","animator:Aqua","animator:Verdia","animator:Mitsuba","animator:Cirno","animator:Millim","animator:Elsword","animator:MetalKnight","animator:Eve","animator:Sora","animator:Strike","animator:MetalKnight"],"relics":["animator:LivingPicture","animator:TheMissingPiece","animator:PurgingStone","Gambling Chip","reliquary:PorcupineQuills","animator:AlchemistGlove","aspiration:FrozenJewel","TwistedFunnel","energizedSpire:HugeHouse"],"acts_visited":["Exordium","TheCity"],"potions_floor_usage":[7,10,16],"damage_taken":[{"damage":15,"enemies":"Jaw Worm","floor":1,"turns":8},{"damage":5,"enemies":"Cultist","floor":3,"turns":7},{"damage":9,"enemies":"Lagavulin","floor":7,"turns":19},{"damage":39,"enemies":"conspire:MimicChest","floor":10,"turns":11},{"damage":0,"enemies":"Small Slimes","floor":11,"turns":3},{"damage":4,"enemies":"3 Louse","floor":14,"turns":2},{"damage":22,"enemies":"Hexaghost","floor":16,"turns":9},{"damage":0,"enemies":"Chosen","floor":18,"turns":4}],"seed_played":"1267339147029058544","potions_obtained":[{"floor":2,"key":"SmokeBomb"},{"floor":2,"key":"Block Potion"},{"floor":2,"key":"FearPotion"},{"floor":10,"key":"animator:FalseLifePotion"},{"floor":14,"key":"SkillPotion"},{"floor":18,"key":"Block Potion"}],"is_trial":true,"path_per_floor":["M","?","M","$","?","R","E","?","T","?","M","$","R","M","R","B",null,"M"],"character_chosen":"THE_ANIMATOR","items_purchased":["PowerPotion","animator:Cirno","TwistedFunnel"],"campfire_rested":3,"item_purchase_floors":[4,4,12],"current_hp_per_floor":[52,52,49,49,49,66,59,59,59,22,24,24,43,41,60,40,61,61,61],"gold":446,"neow_bonus":"","is_daily":false,"chose_seed":false,"campfire_upgraded":0,"win_rate":0.0,"timestamp":1611901715,"path_taken":["M","?","?","$","?","R","E","?","T","?","M","$","R","M","R","BOSS","M"],"items_purchased_type":["Potion","Card","Relic"],"build_version":"2020-12-22","purchased_purges":0,"victory":false,"max_hp_per_floor":[66,66,66,66,66,66,66,66,66,66,66,66,66,66,66,66,61,61,61],"card_choices":[{"not_picked":["animator:Tyuule","animator:TukaLunaMarceau"],"picked":"animator:Verdia","floor":1},{"not_picked":["animator:Yuuichirou","animator:ZankiKiguchi"],"picked":"animator:Mitsuba","floor":3},{"not_picked":["animator:Kazuma","animator:GuildGirl"],"picked":"animator:Millim","floor":7},{"not_picked":["animator:Melzalgald","animator:OrikoMikuni"],"picked":"animator:Elsword","floor":10},{"not_picked":["animator:Tatsumaki","animator:SilverFang"],"picked":"animator:MetalKnight","floor":11},{"not_picked":["animator:Konayuki","animator:Jibril"],"picked":"animator:Eve","floor":14},{"not_picked":["animator:Elesis","animator:ChaikaTrabant"],"picked":"animator:Sora","floor":16}],"player_experience":515549,"relics_obtained":[{"floor":7,"key":"reliquary:PorcupineQuills"},{"floor":9,"key":"animator:AlchemistGlove"},{"floor":10,"key":"aspiration:FrozenJewel"}],"event_choices":[{"damage_healed":0,"gold_gain":0,"player_choice":"Got Potions","damage_taken":0,"max_hp_gain":0,"max_hp_loss":0,"event_name":"Lab","floor":2,"gold_loss":0},{"damage_healed":0,"gold_gain":0,"player_choice":"Agree","damage_taken":0,"max_hp_gain":0,"max_hp_loss":0,"event_name":"conspire:LoneGhost","floor":5,"gold_loss":0},{"damage_healed":0,"gold_gain":0,"player_choice":"Fled","damage_taken":0,"max_hp_gain":0,"max_hp_loss":0,"event_name":"Scrap Ooze","floor":8,"gold_loss":0}],"is_beta":false,"boss_relics":[{"not_picked":["Cursed Key","energizedSpire:OgreHead"],"picked":"energizedSpire:HugeHouse"}],"items_purged_floors":[],"is_endless":true,"potions_floor_spawned":[10,14,18],"killed_by":"Chosen","ascension_level":0}}