{"host":"yajbwjoofeeg2olc","time":1611941229,"event":{"mods":["AchievementEnabler","Aspiration","Bard","BaseMod","Beaked The Cultist","Better Altar","Better Match","Better Note","Better Sensory Stone","Better Skull","Better Third Choice","BetterRewards","CCEM2","Clockwork Mod","Colored Map","Colored Powertips","Conspire","GifTheSpireLib","Gremlin Mod","Halation","Hermit","Highlight Path","Hubris","Hunter ??","Jedi Mod","Jorbs\u0027s Wanderer Trilogy","Mad Scientist","Marisa????????","Mimic Mod","Minty Spire (QoL Compilation)","Permanent Neow","Replay The Spire","Shade Mod","Shop Mod","Spicy Shops","StSLib","Stuff the Spire","The Administrix","The Alterego","The Animator","The Blackbeard","The Bug Knight","The Construct","The Cursed","The Death Knight","The Disciple","The Exalted","The Forsaken","The Mystic","The Necromancer","The Problem Sleuth","The Runesmith","The Servant 0.9.4","The Spell Scribe","The Witch","TheHero"],"gold_per_floor":[115,82,157,172,172,172,191,204,284,284,52,90,90,90,90,102,102],"floor_reached":16,"language":"ENG","playtime":1488,"items_purged":["Clockwork:Strike"],"score":98,"play_id":"aa2e1c2d-d4d2-44cd-b015-1fee91dd47a2","local_time":"20210129172709","is_ascension_mode":false,"campfire_choices":[{"floor":6,"key":"RECALL"},{"data":"Clockwork:Improve","floor":10,"key":"SMITH"},{"data":"Clockwork:Tinker","floor":13,"key":"SMITH"},{"floor":15,"key":"REST"}],"circlet_count":0,"master_deck":["Clockwork:Strike","Clockwork:Shield","Clockwork:Shield","Clockwork:Tinker+1","Clockwork:WarmUp","Clockwork:Improve+1","Clockwork:RevUp","Clockwork:AdaptiveCannon","Clockwork:Efficiency+1","Clockwork:AdaptiveShield"],"relics":["Clockwork:MomentumEngine","Clockwork:QuicksilverHourglass","Runesmith:Nanobots","halation:IllGainedPizza","Bromod:ArcaneMomentum"],"acts_visited":["Exordium"],"potions_floor_usage":[12,16],"damage_taken":[{"damage":3,"enemies":"2 Louse","floor":1,"turns":8},{"damage":6,"enemies":"Cultist","floor":4,"turns":6},{"damage":0,"enemies":"conspire:RoseBush","floor":7,"turns":5},{"damage":29,"enemies":"Exordium Wildlife","floor":8,"turns":8},{"damage":19,"enemies":"Lagavulin","floor":12,"turns":8},{"damage":53,"enemies":"Fading Forest","floor":16,"turns":8}],"seed_played":"-3065478460186698471","potions_obtained":[{"floor":1,"key":"Death Potion"},{"floor":4,"key":"DeathKnight:RimePotion"},{"floor":12,"key":"AttackPotion"}],"is_trial":false,"path_per_floor":["M","$","?","M","?","R","M","M","T","R","$","E","R","?","R","B"],"character_chosen":"CLOCKWORK","items_purchased":["Clockwork:RevUp","halation:IllGainedPizza"],"campfire_rested":1,"item_purchase_floors":[2,11],"current_hp_per_floor":[82,82,74,68,68,68,68,39,39,39,39,20,20,20,45,0,0],"gold":102,"neow_bonus":"TRANSFORM_CARD","is_daily":false,"chose_seed":false,"campfire_upgraded":2,"win_rate":0.0,"timestamp":1611941229,"path_taken":["M","$","?","?","?","R","M","M","T","R","$","E","R","?","R","BOSS"],"items_purchased_type":["Card","Relic"],"build_version":"2020-12-22","purchased_purges":1,"victory":false,"max_hp_per_floor":[85,85,85,85,85,85,85,85,85,85,85,85,85,85,85,85,85],"card_choices":[{"not_picked":["Clockwork:AdaptiveCannon","Clockwork:AdaptiveShield"],"picked":"Clockwork:Improve","floor":1},{"not_picked":["Clockwork:Clone","Clockwork:SnapKeep"],"picked":"Clockwork:AdaptiveCannon","floor":4},{"not_picked":["Clockwork:Pluck","Clockwork:AssemblyLine"],"picked":"Clockwork:CraftQuicksilverHourglass","floor":7},{"not_picked":["Clockwork:Improve","Clockwork:SystemScan"],"picked":"Clockwork:Efficiency","floor":8},{"not_picked":["Clockwork:FalseStart","Clockwork:CraftSomewhatSmoothStone"],"picked":"Clockwork:AdaptiveShield","floor":12}],"player_experience":268805,"relics_obtained":[{"floor":9,"key":"Runesmith:Nanobots"},{"floor":12,"key":"Bromod:ArcaneMomentum"}],"event_choices":[{"damage_healed":0,"gold_gain":75,"player_choice":"Touch","damage_taken":8,"max_hp_gain":0,"max_hp_loss":0,"event_name":"FaceTrader","floor":3,"gold_loss":0},{"damage_healed":0,"gold_gain":0,"player_choice":"Disagree","damage_taken":0,"max_hp_gain":0,"max_hp_loss":0,"event_name":"conspire:LoneGhost","floor":5,"gold_loss":0},{"damage_healed":0,"gold_gain":0,"player_choice":"Upgraded","damage_taken":0,"max_hp_gain":0,"max_hp_loss":0,"event_name":"Upgrade Shrine","floor":14,"gold_loss":0,"cards_upgraded":["Clockwork:Efficiency"]}],"is_beta":false,"boss_relics":[],"items_purged_floors":[11],"is_endless":false,"potions_floor_spawned":[1,4,12],"killed_by":"Fading Forest","ascension_level":0}}