{"host":"h3lcturju8jctp44","time":1611926162,"event":{"mods":["BaseMod","Bestiary","Better Third Choice","Highlight Path","Minty Spire (QoL Compilation)","Relic Stats","Reliquary","Replay The Spire","StSLib"],"gold_per_floor":[119,130,130,148,214,214,245,45,45,70,139,164,164,181,181,256,256,269,282,302,60,290,290,354,381,406,132,165,177,227,277,277,353,353,368,381,456,466,304,304,337,347,397,422,435,435,464,480,480,480,480,480,44,70,70],"floor_reached":56,"language":"ENG","playtime":5238,"items_purged":["Defend_B","Reprogram+1","Defend_B","Dualcast"],"score":2248,"play_id":"6f2a89bc-5615-4c4e-b892-1c47cacd8cb1","local_time":"20210129141602","is_ascension_mode":true,"campfire_choices":[{"data":"Doom and Gloom","floor":6.0,"key":"SMITH"},{"data":"Zap","floor":13.0,"key":"SMITH"},{"data":"Strike_B","floor":15.0,"key":"PURGE"},{"floor":23.0,"key":"REST"},{"floor":32.0,"key":"REST"},{"data":"Defragment","floor":40.0,"key":"SMITH"},{"floor":46.0,"key":"RECALL"},{"data":"ReplayTheSpireMod:Calculation Training","floor":49.0,"key":"SMITH"},{"data":"Capacitor","floor":52.0,"key":"SMITH"}],"circlet_count":0,"master_deck":["AscendersBane","Defend_B","Defend_B","Zap+1","Doom and Gloom+1","Glacier+1","Compile Driver","Go for the Eyes","Genetic Algorithm+1","Sweeping Beam","All For One+1","Barrage","Mirror Shield+1","ReplayTheSpireMod:Reroute Power+1","Compile Driver+1","BootSequence","Capacitor+1","Coolheaded+1","Panic Button","FTL","Hologram+1","Defragment+1","Fission+1","Voices","Ghostly","Ghostly","Ghostly","All For One+1","Hologram+1","Hologram+1","Defragment+1","ReplayTheSpireMod:Calculation Training+1","Hologram","Static Discharge+1","Thunder Strike+1"],"relics":["Cracked Core","TungstenRod","SsserpentHead","Kunai","ClockworkSouvenir","Golden Egg","HornCleat","Smiling Mask","Astrolabe","Guide Book","Letter Opener","reliquary:Bookmark","Replay:Accelerometer","Ring of Misfortune","ReplayTheSpireMod:Ring of Exchange","reliquary:Ember","Bird Faced Urn","Symbiotic Virus","Boot","Replay:Bottled Flurry","Centennial Puzzle","reliquary:Boomerang","ReplayTheSpireMod:Lightbulb","reliquary:PartyBalloon"],"acts_visited":["Exordium","TheCity","TheBeyond","TheEnding"],"potions_floor_usage":[],"damage_taken":[{"damage":6.0,"enemies":"2 Louse","floor":1.0,"turns":3.0},{"damage":0.0,"enemies":"Cultist","floor":2.0,"turns":3.0},{"damage":6.0,"enemies":"Small Slimes","floor":4.0,"turns":3.0},{"damage":4.0,"enemies":"3 Louse","floor":5.0,"turns":2.0},{"damage":6.0,"enemies":"Lagavulin","floor":7.0,"turns":7.0},{"damage":3.0,"enemies":"3 Sentries","floor":10.0,"turns":4.0},{"damage":4.0,"enemies":"Looter","floor":11.0,"turns":3.0},{"damage":11.0,"enemies":"Lagavulin","floor":12.0,"turns":7.0},{"damage":0.0,"enemies":"2 Fungi Beasts","floor":14.0,"turns":3.0},{"damage":13.0,"enemies":"Hexaghost","floor":16.0,"turns":12.0},{"damage":11.0,"enemies":"Chosen","floor":18.0,"turns":5.0},{"damage":0.0,"enemies":"Shell Parasite","floor":19.0,"turns":6.0},{"damage":18.0,"enemies":"3 Cultists","floor":20.0,"turns":5.0},{"damage":7.0,"enemies":"Cultist and Chosen","floor":24.0,"turns":7.0},{"damage":17.0,"enemies":"Slavers","floor":25.0,"turns":5.0},{"damage":0.0,"enemies":"Book of Stabbing","floor":28.0,"turns":5.0},{"damage":0.0,"enemies":"Snake Plant","floor":29.0,"turns":4.0},{"damage":0.0,"enemies":"Collector","floor":33.0,"turns":13.0},{"damage":0.0,"enemies":"3 Darklings","floor":35.0,"turns":4.0},{"damage":0.0,"enemies":"Orb Walker","floor":36.0,"turns":3.0},{"damage":0.0,"enemies":"Mind Bloom Boss Battle","floor":37.0,"turns":7.0},{"damage":0.0,"enemies":"3 Darklings","floor":38.0,"turns":4.0},{"damage":18.0,"enemies":"R_Hoarder","floor":41.0,"turns":8.0},{"damage":0.0,"enemies":"Jaw Worm Horde","floor":42.0,"turns":4.0},{"damage":2.0,"enemies":"Reptomancer","floor":44.0,"turns":6.0},{"damage":0.0,"enemies":"Transient","floor":45.0,"turns":5.0},{"damage":16.0,"enemies":"Nemesis","floor":47.0,"turns":7.0},{"damage":1.0,"enemies":"Maw","floor":48.0,"turns":5.0},{"damage":0.0,"enemies":"Awakened One","floor":50.0,"turns":15.0},{"damage":1.0,"enemies":"Shield and Spear","floor":54.0,"turns":5.0},{"damage":20,"enemies":"The Heart","floor":55,"turns":8}],"seed_played":"693813177825113388","potions_obtained":[{"floor":1.0,"key":"DuplicationPotion"},{"floor":7.0,"key":"Languid Potion"},{"floor":11.0,"key":"Weak Potion"},{"floor":14.0,"key":"SteroidPotion"},{"floor":18.0,"key":"PotionOfCapacity"},{"floor":29.0,"key":"Swift Potion"},{"floor":37.0,"key":"PowerPotion"},{"floor":45.0,"key":"Dexterity Potion"}],"is_trial":false,"path_per_floor":["M","M","?","M","M","R","E","$","T","E","M","E","R","M","R","B",null,"M","M","M","$","?","R","M","E","T","$","E","M","?","?","R","B",null,"M","M","?","M","$","R","E","M","T","E","M","R","E","M","R","B",null,"R","$","E","B",null],"character_chosen":"DEFECT","items_purchased":["ClockworkSouvenir","Block Potion","Guide Book","Coolheaded","Hologram","reliquary:Bookmark","Fire Potion","Hologram","Defragment","reliquary:Boomerang","Static Discharge","ReplayTheSpireMod:Lightbulb"],"campfire_rested":2,"item_purchase_floors":[8,8,21,21,27,27,27,39,39,53,53,53],"current_hp_per_floor":[58,58,58,52,48,48,42,42,42,39,35,24,24,24,24,11,51,40,40,22,22,6,25,18,1,1,1,1,1,1,1,10,10,27,27,27,27,29,29,29,16,22,22,26,32,32,17,22,22,28,31,31,31,32,13],"gold":70,"neow_bonus":"ONE_RARE_RELIC","is_daily":false,"chose_seed":false,"campfire_upgraded":5,"win_rate":0.0,"timestamp":1611926162,"path_taken":["M","M","?","M","?","R","E","$","T","E","?","E","R","M","R","BOSS","M","M","M","$","?","R","?","E","T","$","E","M","?","?","R","BOSS","M","M","?","M","$","R","E","M","T","E","M","R","E","M","R","BOSS","R","$","E","BOSS"],"items_purchased_type":["Relic","Potion","Relic","Card","Card","Relic","Potion","Card","Card","Relic","Card","Relic"],"build_version":"2020-12-22","purchased_purges":4,"victory":true,"max_hp_per_floor":[64,64,64,64,64,64,64,64,64,64,64,64,64,64,64,64,64,64,64,64,64,64,64,64,64,64,64,64,64,64,32,32,32,32,32,32,32,32,32,32,32,32,32,32,32,32,32,32,32,32,32,32,32,32,32],"relic_stats":{"SsserpentHead":350,"Centennial Puzzle":[9],"counters":[31,178],"Astrolabe":["ReplayTheSpireMod:Reroute Power","Reprogram","Compile Driver"],"Bird Faced Urn":[41],"Kunai":[46],"Letter Opener":[441],"Smiling Mask":250,"Boot":[77],"obtain_stats":[{"Golden Egg":9,"Replay:Accelerometer":28,"ReplayTheSpireMod:Ring of Exchange":30,"reliquary:Boomerang":53,"reliquary:PartyBalloon":54,"Astrolabe":17,"Guide Book":21,"Letter Opener":25,"Smiling Mask":12,"Boot":43,"ClockworkSouvenir":8,"reliquary:Bookmark":27,"SsserpentHead":3,"Centennial Puzzle":47,"HornCleat":10,"Ring of Misfortune":30,"Bird Faced Urn":37,"reliquary:Ember":34,"Replay:Bottled Flurry":44,"Kunai":7,"Cracked Core":0,"Symbiotic Virus":41,"ReplayTheSpireMod:Lightbulb":53,"TungstenRod":0},{"Golden Egg":5,"Replay:Accelerometer":16,"ReplayTheSpireMod:Ring of Exchange":17,"reliquary:Boomerang":29,"reliquary:PartyBalloon":30,"Astrolabe":10,"Guide Book":13,"Letter Opener":15,"Smiling Mask":8,"Boot":24,"ClockworkSouvenir":5,"reliquary:Bookmark":15,"SsserpentHead":2,"Centennial Puzzle":27,"HornCleat":6,"Ring of Misfortune":17,"Bird Faced Urn":21,"reliquary:Ember":18,"Replay:Bottled Flurry":25,"Kunai":5,"Cracked Core":0,"Symbiotic Virus":23,"ReplayTheSpireMod:Lightbulb":29,"TungstenRod":0},{"Golden Egg":18,"Replay:Accelerometer":80,"ReplayTheSpireMod:Ring of Exchange":84,"reliquary:Boomerang":165,"reliquary:PartyBalloon":170,"Astrolabe":47,"Guide Book":63,"Letter Opener":75,"Smiling Mask":32,"Boot":127,"ClockworkSouvenir":18,"reliquary:Bookmark":75,"SsserpentHead":6,"Centennial Puzzle":145,"HornCleat":22,"Ring of Misfortune":84,"Bird Faced Urn":111,"reliquary:Ember":97,"Replay:Bottled Flurry":133,"Kunai":18,"Cracked Core":0,"Symbiotic Virus":123,"ReplayTheSpireMod:Lightbulb":165,"TungstenRod":0}],"TungstenRod":79},"card_choices":[{"not_picked":["Barrage","Stack"],"picked":"Doom and Gloom","floor":1.0},{"not_picked":["Conserve Battery","Stack"],"picked":"Glacier","floor":2.0},{"not_picked":["Heatsinks","Beam Cell","Turbo"],"picked":"SKIP","floor":4.0},{"not_picked":["ReplayTheSpireMod:System Scan","Amplify"],"picked":"Compile Driver","floor":5.0},{"not_picked":["Meteor Strike","Blizzard"],"picked":"Go for the Eyes","floor":7.0},{"not_picked":["Cold Snap","Beam Cell"],"picked":"Genetic Algorithm","floor":10.0},{"not_picked":["Compile Driver","Reprogram"],"picked":"Sweeping Beam","floor":11.0},{"not_picked":["ReplaySort","Rip and Tear"],"picked":"All For One","floor":12.0},{"not_picked":["Cold Snap","Ball Lightning"],"picked":"Barrage","floor":14.0},{"not_picked":["All For One","Thunder Strike"],"picked":"Mirror Shield","floor":16.0},{"not_picked":["Steam","Sunder"],"picked":"BootSequence","floor":18.0},{"not_picked":["Recycle","Storm"],"picked":"Capacitor","floor":19.0},{"not_picked":["Steam","ReplayTheSpireMod:GoodbyeWorld","ReplayGash"],"picked":"SKIP","floor":20.0},{"not_picked":["Blizzard","Stack"],"picked":"Panic Button","floor":24.0},{"not_picked":["Ball Lightning","Recycle"],"picked":"FTL","floor":25.0},{"not_picked":["BasicCrystalCard","Redo"],"picked":"Defragment","floor":28.0},{"not_picked":["Coolheaded","Rip and Tear"],"picked":"Fission","floor":29.0},{"not_picked":["Reboot","Multi-Cast"],"picked":"All For One","floor":33.0},{"not_picked":["Steam","Leap","Melter+1"],"picked":"SKIP","floor":35.0},{"not_picked":["Compile Driver","Steam","Doom and Gloom"],"picked":"SKIP","floor":36.0},{"not_picked":["Sweeping Beam","Panic Button","Time Bomb"],"picked":"SKIP","floor":38.0},{"not_picked":["Doom and Gloom","Darkness","Stack"],"picked":"SKIP","floor":41.0},{"not_picked":["Reboot","Recycle"],"picked":"ReplayTheSpireMod:Calculation Training","floor":42.0},{"not_picked":["Cold Snap+1","Reinforced Body","Barrage+1"],"picked":"SKIP","floor":44.0},{"not_picked":["Streamline","Redo"],"picked":"Hologram","floor":45.0},{"not_picked":["Heatsinks","Time Bomb","Turbo+1"],"picked":"SKIP","floor":47.0},{"not_picked":["Hologram","Darkness","Stack"],"picked":"SKIP","floor":48.0},{"not_picked":["Self Repair+1","Turbo"],"picked":"Thunder Strike","floor":54.0}],"player_experience":639213,"relics_obtained":[{"floor":7.0,"key":"Kunai"},{"floor":9.0,"key":"Golden Egg"},{"floor":10.0,"key":"HornCleat"},{"floor":12.0,"key":"Smiling Mask"},{"floor":25.0,"key":"Letter Opener"},{"floor":28.0,"key":"Replay:Accelerometer"},{"floor":30.0,"key":"Ring of Misfortune"},{"floor":30.0,"key":"ReplayTheSpireMod:Ring of Exchange"},{"floor":37.0,"key":"Bird Faced Urn"},{"floor":41.0,"key":"Symbiotic Virus"},{"floor":43.0,"key":"Boot"},{"floor":44.0,"key":"Replay:Bottled Flurry"},{"floor":47.0,"key":"Centennial Puzzle"},{"floor":54.0,"key":"reliquary:PartyBalloon"}],"event_choices":[{"damage_healed":0.0,"max_hp_gain":0.0,"max_hp_loss":0.0,"gold_gain":0.0,"event_name":"FaceTrader","player_choice":"Trade","floor":3.0,"gold_loss":0.0,"damage_taken":0.0,"relics_obtained":["SsserpentHead"]},{"damage_healed":0.0,"max_hp_gain":0.0,"max_hp_loss":0.0,"gold_gain":180.0,"event_name":"Knowing Skull","player_choice":"GOLD GOLD ","floor":22.0,"potions_obtained":[],"gold_loss":0.0,"damage_taken":19.0,"cards_obtained":[]},{"damage_healed":0.0,"max_hp_gain":0.0,"max_hp_loss":32.0,"gold_gain":0.0,"event_name":"Ghosts","player_choice":"Became a Ghost","floor":31.0,"gold_loss":0.0,"damage_taken":0.0,"cards_obtained":["Ghostly","Ghostly","Ghostly"]},{"damage_healed":0.0,"max_hp_gain":0.0,"max_hp_loss":0.0,"gold_gain":0.0,"event_name":"MindBloom","player_choice":"Fight","floor":37.0,"gold_loss":0.0,"damage_taken":0.0}],"is_beta":false,"boss_relics":[{"not_picked":["Kintsugi","Pandora\u0027s Box"],"picked":"Astrolabe"},{"not_picked":["Philosopher\u0027s Stone","Runic Pyramid"],"picked":"reliquary:Ember"}],"items_purged_floors":[21,27,39,53],"is_endless":false,"potions_floor_spawned":[1,7,11,12,14,18,20,24,28,29,37,42,45,48],"ascension_level":15}}