{"host":"mr1ctipv0dcr6y8g","time":1611878574,"event":{"mods":["BaseMod","DeckTracker","Energized Spire","Minty Spire (QoL Compilation)","Shop Mod","StSLib"],"gold_per_floor":[114,127,127,18,35,35,64,76,76,109,128,141,203,228,228,331,331,346,346,141,159,178,206,206,222,245,345,363,363,363,363,363,468,468,488,488,836,836,484,517,545,545,571,606,465,114,149,124,124,124,124,124,2,31,31],"floor_reached":56,"language":"ENG","playtime":4365,"items_purged":["Pain","Strike_B+1","Strike_B+1","Strike_B+1","Strike_B+1","Dualcast"],"score":1439,"play_id":"33e110da-34f3-4e7d-b2d3-84d0a2c93f38","local_time":"20210128170254","daily_mods":["Heirloom","Time Dilation","Flight"],"is_ascension_mode":false,"campfire_choices":[{"data":"Fusion","floor":6,"key":"SMITH"},{"floor":15,"key":"REST"},{"floor":24,"key":"REST"},{"floor":29,"key":"REST"},{"data":"Zap","floor":30,"key":"SMITH"},{"data":"Barrage","floor":32,"key":"SMITH"},{"floor":42,"key":"RECALL"},{"floor":49,"key":"REST"},{"floor":52,"key":"REST"}],"circlet_count":0,"master_deck":["Defend_B+1","Defend_B+1","Defend_B+1","Defend_B+1","Zap+1","Cold Snap+1","Melter","Fusion+1","White Noise+1","Coolheaded+1","Aggregate+1","Conserve Battery+1","Consume+1","Genetic Algorithm+1","Glacier+1","Electrodynamics","Conserve Battery+1","Reinforced Body+1","Blizzard+1","Steam+1","Coolheaded+1","Go for the Eyes","Buffer","Barrage+1","Amplify+1","Stack+1","Skim+1","Hologram+1","Self Repair+1","Discovery+1","Coolheaded+1","Leap+1"],"relics":["Cracked Core","Turnip","WarpedTongs","Regal Pillow","Toxic Egg 2","Pocketwatch","Matryoshka","Odd Mushroom","Inserter","Bag of Preparation","Oddly Smooth Stone","Smiling Mask","Fusion Hammer","Old Coin","Sling","Omamori","Bag of Marbles","Boot","Bronze Scales","Letter Opener","Membership Card","Whetstone","War Paint","DataDisk","Strawberry","Lantern"],"acts_visited":["Exordium","TheCity","TheBeyond","TheEnding"],"potions_floor_usage":[10,10,13,13,50,55,55],"damage_taken":[{"damage":0,"enemies":"2 Louse","floor":1,"turns":2},{"damage":0,"enemies":"Cultist","floor":2,"turns":2},{"damage":0,"enemies":"Small Slimes","floor":5,"turns":2},{"damage":16,"enemies":"Lagavulin","floor":7,"turns":4},{"damage":2,"enemies":"Looter","floor":8,"turns":2},{"damage":12,"enemies":"Gremlin Nob","floor":10,"turns":4},{"damage":7,"enemies":"Exordium Wildlife","floor":11,"turns":3},{"damage":10,"enemies":"Exordium Thugs","floor":12,"turns":5},{"damage":9,"enemies":"3 Sentries","floor":13,"turns":5},{"damage":5,"enemies":"The Mushroom Lair","floor":14,"turns":4},{"damage":30,"enemies":"Hexaghost","floor":16,"turns":10},{"damage":0,"enemies":"Spheric Guardian","floor":18,"turns":3},{"damage":5,"enemies":"Shell Parasite","floor":21,"turns":3},{"damage":19,"enemies":"Snake Plant","floor":22,"turns":5},{"damage":44,"enemies":"Gremlin Leader","floor":23,"turns":7},{"damage":24,"enemies":"Centurion and Healer","floor":25,"turns":6},{"damage":0,"enemies":"Snecko","floor":28,"turns":6},{"damage":4,"enemies":"Automaton","floor":33,"turns":12},{"damage":0,"enemies":"3 Darklings","floor":35,"turns":4},{"damage":22,"enemies":"2 Orb Walkers","floor":37,"turns":6},{"damage":4,"enemies":"Reptomancer","floor":40,"turns":6},{"damage":0,"enemies":"Nemesis","floor":41,"turns":11},{"damage":0,"enemies":"Reptomancer","floor":44,"turns":6},{"damage":0,"enemies":"Giant Head","floor":47,"turns":10},{"damage":0,"enemies":"Awakened One","floor":50,"turns":13},{"damage":0,"enemies":"Shield and Spear","floor":54,"turns":4},{"damage":25,"enemies":"The Heart","floor":55,"turns":12}],"seed_played":"1534779331047508933","potions_obtained":[{"floor":1,"key":"Fire Potion"},{"floor":5,"key":"Strength Potion"},{"floor":8,"key":"Dexterity Potion"},{"floor":10,"key":"EssenceOfSteel"},{"floor":11,"key":"SteroidPotion"},{"floor":14,"key":"GamblersBrew"},{"floor":22,"key":"SteroidPotion"},{"floor":23,"key":"Strength Potion"},{"floor":28,"key":"PotionOfCapacity"},{"floor":44,"key":"FocusPotion"}],"is_trial":true,"path_per_floor":["M","M","?","$","M","R","E","M","T","E","M","M","?","?","R","B",null,"M","?","$","M","M","E","R","M","T","?","M","R","R","?","R","B",null,"M","?","?","?","$","E","E","R","T","E","$","$","E","$","R","B",null,"R","$","E","B",null],"character_chosen":"DEFECT","items_purchased":["Melter","Reinforced Body+1","Blizzard","Sling","Omamori","Discovery+1","Membership Card","Whetstone","War Paint","Coolheaded+1","Strawberry"],"campfire_rested":5,"item_purchase_floors":[4,20,20,39,39,45,46,46,46,48,53],"current_hp_per_floor":[75,75,75,75,75,75,59,57,57,45,38,28,19,14,51,21,75,75,75,75,70,51,7,44,20,20,20,20,57,57,57,57,53,75,75,75,53,53,53,49,49,49,49,69,69,69,75,75,75,75,75,75,82,82,67],"gold":31,"neow_bonus":"","is_daily":false,"chose_seed":false,"campfire_upgraded":3,"win_rate":0.0,"timestamp":1611878574,"path_taken":["M","M","?","$","?","R","E","M","T","E","M","M","?","?","R","BOSS","M","?","$","M","M","E","R","M","T","?","?","R","R","?","R","BOSS","M","?","?","?","$","E","E","R","T","E","$","$","E","?","R","BOSS","R","$","E","BOSS"],"items_purchased_type":["Card","Card","Card","Relic","Relic","Card","Relic","Relic","Relic","Card","Relic"],"build_version":"2020-12-22","purchased_purges":6,"victory":true,"max_hp_per_floor":[75,75,75,75,75,75,75,75,75,75,75,75,75,75,75,75,75,75,75,75,75,75,75,75,75,75,75,75,75,75,75,75,75,75,75,75,75,75,75,75,75,75,75,75,75,75,75,75,75,75,75,75,82,82,82],"card_choices":[{"not_picked":["Doom and Gloom","Steam"],"picked":"Lockon","floor":1},{"not_picked":["Storm","Barrage"],"picked":"Cold Snap","floor":2},{"not_picked":["Beam Cell","Static Discharge"],"picked":"Fusion","floor":5},{"not_picked":["Hologram","Reprogram"],"picked":"White Noise","floor":7},{"not_picked":["Gash","Chill"],"picked":"Coolheaded","floor":8},{"not_picked":["Chill+1","Sunder"],"picked":"Aggregate+1","floor":10},{"not_picked":["Leap+1","Steam+1"],"picked":"Conserve Battery+1","floor":11},{"not_picked":["Aggregate+1","Conserve Battery+1"],"picked":"Consume+1","floor":12},{"not_picked":["Consume+1","Compile Driver"],"picked":"Genetic Algorithm+1","floor":13},{"not_picked":["Conserve Battery+1","Rebound"],"picked":"Glacier+1","floor":14},{"not_picked":["Amplify+1","Buffer"],"picked":"Electrodynamics","floor":16},{"not_picked":["Reprogram+1","Chaos+1"],"picked":"Conserve Battery+1","floor":18},{"not_picked":["Doom and Gloom+1","Rebound"],"picked":"Steam+1","floor":21},{"not_picked":["Steam Power+1","Ball Lightning"],"picked":"Coolheaded+1","floor":22},{"not_picked":["Ball Lightning","Sweeping Beam","Reprogram+1"],"picked":"SKIP","floor":23},{"not_picked":["Buffer","Compile Driver+1"],"picked":"Go for the Eyes","floor":25},{"not_picked":["Ball Lightning","Melter","Sweeping Beam"],"picked":"SKIP","floor":28},{"not_picked":["Creative AI","Core Surge"],"picked":"Amplify+1","floor":33},{"not_picked":["Beam Cell","Cold Snap+1"],"picked":"Stack+1","floor":35},{"not_picked":["Coolheaded+1","Turbo+1"],"picked":"Skim+1","floor":37},{"not_picked":["Streamline","Sweeping Beam+1"],"picked":"Hologram+1","floor":40},{"not_picked":["Beam Cell+1","Sweeping Beam+1"],"picked":"Self Repair+1","floor":41},{"not_picked":["Self Repair","Redo+1","Gash"],"picked":"SKIP","floor":44},{"not_picked":["Storm","Rainbow+1","Redo+1"],"picked":"SKIP","floor":47},{"not_picked":["Gash","Beam Cell+1"],"picked":"Leap+1","floor":54}],"player_experience":1296151,"relics_obtained":[{"floor":7,"key":"Regal Pillow"},{"floor":9,"key":"Toxic Egg 2"},{"floor":10,"key":"Pocketwatch"},{"floor":13,"key":"Matryoshka"},{"floor":14,"key":"Odd Mushroom"},{"floor":23,"key":"Bag of Preparation"},{"floor":26,"key":"Oddly Smooth Stone"},{"floor":26,"key":"Smiling Mask"},{"floor":37,"key":"Old Coin"},{"floor":40,"key":"Bag of Marbles"},{"floor":41,"key":"Boot"},{"floor":43,"key":"Bronze Scales"},{"floor":44,"key":"Letter Opener"},{"floor":47,"key":"DataDisk"},{"floor":54,"key":"Lantern"}],"event_choices":[{"damage_healed":0,"gold_gain":0,"player_choice":"Rummage","damage_taken":0,"relics_obtained":["WarpedTongs"],"max_hp_gain":0,"max_hp_loss":0,"event_name":"Accursed Blacksmith","floor":3,"gold_loss":0,"cards_obtained":["Pain"]},{"damage_healed":0,"gold_gain":30,"player_choice":"Searched \u00272\u0027 times","damage_taken":0,"max_hp_gain":0,"max_hp_loss":0,"event_name":"Dead Adventurer","floor":13,"gold_loss":0},{"damage_healed":0,"gold_gain":0,"player_choice":"Fought Mushrooms","damage_taken":0,"max_hp_gain":0,"max_hp_loss":0,"event_name":"Mushrooms","floor":14,"gold_loss":0},{"damage_healed":0,"gold_gain":0,"player_choice":"Simplicity","damage_taken":0,"max_hp_gain":0,"max_hp_loss":0,"event_name":"Back to Basics","floor":19,"gold_loss":0,"cards_upgraded":["Strike_B","Strike_B","Strike_B","Strike_B","Defend_B","Defend_B","Defend_B","Defend_B"]},{"damage_healed":0,"gold_gain":100,"player_choice":"Pray","damage_taken":0,"max_hp_gain":0,"max_hp_loss":0,"event_name":"Golden Shrine","floor":27,"gold_loss":0},{"damage_healed":0,"gold_gain":0,"player_choice":"2 cards matched","damage_taken":0,"max_hp_gain":0,"max_hp_loss":0,"event_name":"Match and Keep!","floor":31,"gold_loss":0,"cards_obtained":["Buffer","Barrage"]},{"damage_healed":0,"gold_gain":0,"player_choice":"Ignored","damage_taken":0,"max_hp_gain":0,"max_hp_loss":0,"event_name":"Tomb of Lord Red Mask","floor":36,"gold_loss":0},{"damage_healed":0,"gold_gain":0,"player_choice":"Fight","damage_taken":0,"max_hp_gain":0,"max_hp_loss":0,"event_name":"Mysterious Sphere","floor":37,"gold_loss":0},{"cards_removed":["Lockon"],"damage_healed":0,"gold_gain":0,"player_choice":"Removed Attack","damage_taken":0,"max_hp_gain":0,"max_hp_loss":0,"event_name":"Falling","floor":38,"gold_loss":0}],"is_beta":false,"boss_relics":[{"not_picked":["energizedSpire:DeadBattery","energizedSpire:MagnifyingGlass"],"picked":"Inserter"},{"not_picked":["SacredBark","Runic Dome"],"picked":"Fusion Hammer"}],"items_purged_floors":[4,20,39,45,46,53],"is_endless":false,"potions_floor_spawned":[1,5,8,10,11,14,22,23,28,37,40,44],"ascension_level":0}}