{"host":"Qube","time":1611942288,"event":{"mods":["AchievementEnabler","BaseMod","Colored Map","Colored Powertips","Highlight Path","Minty Spire (QoL Compilation)","Permanent Neow","Quick Restart","Random Character Button","StSLib"],"gold_per_floor":[110,127,127,143,143,175,175,210,210,226,226,242,261,292,292,391,391,409,422,439,134,152,8,33,33,33,33,44,44,44,44,44,139,139,153,166,180,234,234,234,259,259,259,284,310,341,29,54,54,54,54,54,15,42,42],"floor_reached":56,"language":"ENG","playtime":2963,"items_purged":["Strike_B","Normality"],"score":1533,"play_id":"a6372395-7c71-4d69-9cb7-ef015cf3404b","local_time":"20210129094448","is_ascension_mode":true,"campfire_choices":[{"data":"Electrodynamics","floor":7,"key":"SMITH"},{"floor":11,"key":"REST"},{"data":"Zap","floor":15,"key":"SMITH"},{"data":"Blizzard","floor":25,"key":"SMITH"},{"data":"Dualcast","floor":27,"key":"SMITH"},{"floor":32,"key":"REST"},{"floor":40,"key":"RECALL"},{"data":"HandOfGreed","floor":42,"key":"SMITH"},{"data":"Glacier","floor":49,"key":"SMITH"},{"data":"FTL","floor":52,"key":"SMITH"}],"circlet_count":0,"master_deck":["Strike_B","Strike_B","Strike_B","Defend_B","Defend_B+1","Defend_B","Defend_B+1","Zap+1","Dualcast+1","Electrodynamics+1","Cold Snap","Ball Lightning","Sweeping Beam","Glacier+1","All For One+1","Streamline+1","Glacier+1","Coolheaded+1","Coolheaded+1","Fission+1","Recycle+1","Consume+1","Skim+1","Blizzard+1","White Noise+1","FTL+1","Seek+1","Seek+1","Steam Power+1","HandOfGreed+1","Capacitor+1","Enlightenment+1"],"relics":["Cracked Core","Question Card","Ginger","Toxic Egg 2","Omamori","Cursed Key","Happy Flower","Whetstone","Bag of Marbles","DataDisk","Enchiridion","Black Star","Pocketwatch","Turnip","War Paint","Emotion Chip","Du-Vu Doll","Pen Nib","Mercury Hourglass","Mango","Membership Card","Regal Pillow","Pear","CeramicFish","Letter Opener","Incense Burner"],"acts_visited":["Exordium","TheCity","TheBeyond","TheEnding"],"potions_floor_usage":[12,14,16,22,24,38,54,55],"damage_taken":[{"damage":7,"enemies":"Small Slimes","floor":1,"turns":3},{"damage":0,"enemies":"2 Louse","floor":2,"turns":2},{"damage":6,"enemies":"Jaw Worm","floor":4,"turns":2},{"damage":14,"enemies":"Gremlin Nob","floor":6,"turns":3},{"damage":13,"enemies":"Lagavulin","floor":8,"turns":7},{"damage":0,"enemies":"Blue Slaver","floor":10,"turns":4},{"damage":0,"enemies":"2 Fungi Beasts","floor":12,"turns":2},{"damage":9,"enemies":"3 Louse","floor":13,"turns":2},{"damage":0,"enemies":"3 Sentries","floor":14,"turns":4},{"damage":0,"enemies":"Slime Boss","floor":16,"turns":5},{"damage":0,"enemies":"3 Byrds","floor":18,"turns":2},{"damage":0,"enemies":"Shell Parasite","floor":19,"turns":3},{"damage":0,"enemies":"3 Cultists","floor":20,"turns":2},{"damage":15,"enemies":"Centurion and Healer","floor":22,"turns":10},{"damage":8,"enemies":"Book of Stabbing","floor":24,"turns":5},{"damage":0,"enemies":"Sentry and Sphere","floor":28,"turns":3},{"damage":2,"enemies":"Automaton","floor":33,"turns":8},{"damage":0,"enemies":"Orb Walker","floor":35,"turns":4},{"damage":0,"enemies":"3 Darklings","floor":36,"turns":1},{"damage":0,"enemies":"Jaw Worm Horde","floor":37,"turns":1},{"damage":0,"enemies":"2 Orb Walkers","floor":38,"turns":2},{"damage":14,"enemies":"Giant Head","floor":41,"turns":8},{"damage":0,"enemies":"Nemesis","floor":44,"turns":7},{"damage":0,"enemies":"Reptomancer","floor":46,"turns":4},{"damage":6,"enemies":"Giant Head","floor":48,"turns":6},{"damage":6,"enemies":"Donu and Deca","floor":50,"turns":6},{"damage":4,"enemies":"Shield and Spear","floor":54,"turns":4},{"damage":61,"enemies":"The Heart","floor":55,"turns":9}],"seed_played":"1341421782089658995","potions_obtained":[{"floor":6,"key":"SpeedPotion"},{"floor":8,"key":"FairyPotion"},{"floor":10,"key":"Strength Potion"},{"floor":13,"key":"EssenceOfSteel"},{"floor":14,"key":"ColorlessPotion"},{"floor":20,"key":"Energy Potion"},{"floor":22,"key":"Weak Potion"},{"floor":24,"key":"FairyPotion"},{"floor":33,"key":"Swift Potion"},{"floor":48,"key":"CultistPotion"}],"is_trial":false,"path_per_floor":["M","M","?","M","?","E","R","E","T","M","R","M","M","E","R","B",null,"M","M","M","$","M","$","E","R","T","R","M","?","?","?","R","B",null,"M","M","M","?","?","R","E","R","T","E","T","E","$","E","R","B",null,"R","$","E","B",null],"character_chosen":"DEFECT","items_purchased":["Skim+1","Happy Flower","Whetstone","Membership Card","Regal Pillow","GamblersBrew","Enlightenment+1"],"campfire_rested":2,"item_purchase_floors":[21,21,23,47,47,47,53],"current_hp_per_floor":[47,47,52,46,46,32,32,19,19,19,43,43,34,34,34,34,80,80,80,80,80,65,65,57,57,57,57,57,57,41,26,51,49,85,85,85,85,85,85,85,71,71,71,71,71,85,85,89,89,83,109,109,109,105,44],"gold":42,"neow_bonus":"THREE_RARE_CARDS","is_daily":false,"chose_seed":false,"campfire_upgraded":7,"win_rate":0.0,"timestamp":1611942288,"path_taken":["M","M","?","M","?","E","R","E","T","M","R","M","M","E","R","BOSS","M","M","M","$","M","$","E","R","T","R","M","?","?","?","R","BOSS","M","M","M","?","?","R","E","R","T","E","?","E","$","E","R","BOSS","R","$","E","BOSS"],"items_purchased_type":["Card","Relic","Relic","Relic","Relic","Potion","Card"],"build_version":"2020-12-18","purchased_purges":2,"victory":true,"max_hp_per_floor":[75,75,80,80,80,80,80,80,80,80,80,80,80,80,80,80,80,80,80,80,80,80,80,80,80,80,80,80,80,80,85,85,85,85,85,85,85,85,85,85,85,85,85,85,85,99,99,109,109,109,109,109,109,109,109],"card_choices":[{"not_picked":["Amplify","Biased Cognition"],"picked":"Electrodynamics","floor":0},{"not_picked":["Compile Driver","Double Energy"],"picked":"Cold Snap","floor":1},{"not_picked":["Stack","Steam"],"picked":"Ball Lightning","floor":2},{"not_picked":["Storm","Compile Driver"],"picked":"Sweeping Beam","floor":4},{"not_picked":["Leap","Recycle"],"picked":"Glacier","floor":6},{"not_picked":["Blizzard","Electrodynamics","Lockon"],"picked":"All For One","floor":8},{"not_picked":["Lockon","Leap+1","Compile Driver"],"picked":"Streamline","floor":10},{"not_picked":["Loop","Doom and Gloom","Beam Cell"],"picked":"Glacier+1","floor":12},{"not_picked":["Static Discharge","Rip and Tear","Loop"],"picked":"Coolheaded+1","floor":13},{"not_picked":["Machine Learning","Heatsinks","Redo+1"],"picked":"Coolheaded+1","floor":14},{"not_picked":["Meteor Strike","Machine Learning","All For One"],"picked":"Fission+1","floor":16},{"not_picked":["Cold Snap","Stack+1","Go for the Eyes+1"],"picked":"Recycle+1","floor":18},{"not_picked":["Aggregate+1","Compile Driver","Conserve Battery+1","Barrage"],"picked":"SKIP","floor":19},{"not_picked":["Chaos+1","Reprogram+1","Self Repair+1"],"picked":"Consume+1","floor":20},{"not_picked":["Sunder","Conserve Battery+1","Recycle+1"],"picked":"Blizzard","floor":22},{"not_picked":["Coolheaded+1","Sunder","Hello World"],"picked":"White Noise+1","floor":24},{"not_picked":["Fusion+1","Leap+1","Multi-Cast+1"],"picked":"FTL","floor":28},{"not_picked":["Amplify+1","Buffer","Core Surge"],"picked":"Seek+1","floor":33},{"not_picked":["Barrage+1","Go for the Eyes+1","Sweeping Beam+1","Cold Snap+1"],"picked":"SKIP","floor":35},{"not_picked":["Sweeping Beam","BootSequence+1","Barrage+1","Leap+1"],"picked":"SKIP","floor":36},{"not_picked":["Go for the Eyes","Streamline+1","Lockon+1"],"picked":"Seek+1","floor":37},{"not_picked":["Turbo+1","Doom and Gloom+1","Rebound+1"],"picked":"Steam Power+1","floor":38},{"not_picked":["Bandage Up+1","Enlightenment+1","Good Instincts+1"],"picked":"HandOfGreed","floor":39},{"not_picked":["Glacier+1","Stack+1","Rebound+1"],"picked":"Capacitor+1","floor":41},{"not_picked":["Barrage","FTL","Auto Shields+1","Steam Power+1"],"picked":"SKIP","floor":44},{"not_picked":["Aggregate+1","Sweeping Beam+1","Steam+1","Rebound+1"],"picked":"SKIP","floor":46},{"not_picked":["Thunder Strike","Heatsinks+1","Leap+1","Sweeping Beam"],"picked":"SKIP","floor":48},{"not_picked":["Go for the Eyes+1","BootSequence+1","Beam Cell+1","Streamline"],"picked":"SKIP","floor":54}],"player_experience":1016215,"relics_obtained":[{"floor":6,"key":"Question Card"},{"floor":8,"key":"Ginger"},{"floor":9,"key":"Toxic Egg 2"},{"floor":14,"key":"Omamori"},{"floor":24,"key":"Bag of Marbles"},{"floor":26,"key":"DataDisk"},{"floor":30,"key":"Enchiridion"},{"floor":38,"key":"Pocketwatch"},{"floor":41,"key":"Turnip"},{"floor":41,"key":"War Paint"},{"floor":43,"key":"Emotion Chip"},{"floor":44,"key":"Du-Vu Doll"},{"floor":44,"key":"Pen Nib"},{"floor":46,"key":"Mercury Hourglass"},{"floor":46,"key":"Mango"},{"floor":48,"key":"Pear"},{"floor":48,"key":"CeramicFish"},{"floor":54,"key":"Letter Opener"},{"floor":54,"key":"Incense Burner"}],"event_choices":[{"damage_healed":0,"gold_gain":0,"player_choice":"Donut","damage_taken":0,"max_hp_gain":5,"max_hp_loss":0,"event_name":"Big Fish","floor":3,"gold_loss":0},{"damage_healed":0,"gold_gain":0,"player_choice":"Ignored","damage_taken":0,"max_hp_gain":0,"max_hp_loss":0,"event_name":"Liars Game","floor":5,"gold_loss":0},{"damage_healed":0,"gold_gain":0,"player_choice":"Obtained Book","damage_taken":16,"max_hp_gain":0,"max_hp_loss":0,"event_name":"Cursed Tome","floor":30,"gold_loss":0},{"damage_healed":0,"gold_gain":0,"player_choice":"Shed Blood","damage_taken":20,"max_hp_gain":5,"max_hp_loss":0,"event_name":"Forgotten Altar","floor":31,"gold_loss":0},{"damage_healed":0,"gold_gain":0,"player_choice":"Fight","damage_taken":0,"max_hp_gain":0,"max_hp_loss":0,"event_name":"Mysterious Sphere","floor":38,"gold_loss":0},{"damage_healed":0,"gold_gain":0,"player_choice":"Memory 1","damage_taken":0,"max_hp_gain":0,"max_hp_loss":0,"event_name":"SensoryStone","floor":39,"gold_loss":0}],"is_beta":true,"boss_relics":[{"not_picked":["SacredBark","Runic Pyramid"],"picked":"Cursed Key"},{"not_picked":["Nuclear Battery","Tiny House"],"picked":"Black Star"}],"items_purged_floors":[21,47],"is_endless":false,"potions_floor_spawned":[6,8,10,13,14,20,22,24,33,36,37,48],"ascension_level":1}}