{"host":"c1oza4x7xlyuasvd","time":1611898622,"event":{"mods":["ATMod(°¢èªMod)","BaseMod","Better Vampires","Colored Powertips","Minty Spire (QoL Compilation)","MostiFishMod","StSLib","TestMod","Waifu the Spire","¡¾ÒÅÎï¿¨ÅÆ¡¿REMEMod"],"gold_per_floor":[112,132,148,148,30,662,662,1290,1290,1319,1337,1359,636,636,636,731,731,752,752,767,786,786,786,804,840,922,307,351,370,393,409,409,507,507,525,540,1539,1539,1539,1582,1915,1915,1988,2017,1583,1583],"floor_reached":45,"language":"ZHS","playtime":1902,"items_purged":["Strike_R","Strike_R","Strike_R","Normality"],"score":1550,"play_id":"65f4e30c-de9a-4233-bc6e-5d5e8a5c673f","local_time":"20210129133702","is_ascension_mode":true,"campfire_choices":[{"data":"REME_Fury","floor":7.0,"key":"SMITH"},{"data":"Pommel Strike","floor":15.0,"key":"SMITH"},{"data":"Burning Pact","floor":23,"key":"SMITH"},{"data":"MostiFishMod:FireWorks","floor":32,"key":"SMITH"},{"data":"Offering","floor":42,"key":"SMITH"}],"circlet_count":0,"master_deck":["AscendersBane","Strike_R","Defend_R","Defend_R","Defend_R","Defend_R","AT_ShrugMaster","MostiFishMod:Hijack","REME_Fury+1","Shrug It Off","Second Wind","Power Through","Pommel Strike+1","Sentinel","MostiFishMod:DarkDeal","AT_BodySlamDance","Evolve","REME_FirmDetermination","Fire Breathing","AT_Dispersion","MostiFishMod:TemporaryOutbreak","MostiFishMod:RainCloud","MostiFishMod:FireWorks+1","Burning Pact+1","Bloodletting+1","Shockwave+1","Offering+1","Dark Embrace+1","AT_GerminateFire","Normality","MostiFishMod:ForestofLight","MostiFishMod:ForestofLight","REME_FirmDetermination"],"relics":["Burning Blood","testmod-TestBox","AT_ATBox","DaveBox","REME_ComplimentaryCards","testmod-Nyarlathotep","DaCapo","SynthV:TestCard","Art of War","REME_IWantAll","AT_ImmortalShieldbow","AT_GuinsooRageblade","Odd Mushroom","AT_ArcaneBoots","ThornShield","HereWithMe","testmod-TurbochargingSystem","testmod-ThousandKnives","TheAbacus","AT_RedTearstoneRing","testmod-IncinerationGenerator","SynthV:C4","StrikeDummy","REME_LimitBreaker","testmod-BalancedPeriapt"],"acts_visited":["Exordium","TheCity","TheBeyond"],"potions_floor_usage":[21,22,25],"damage_taken":[{"damage":18.0,"enemies":"Small Slimes","floor":1.0,"turns":2.0},{"damage":0.0,"enemies":"2 Louse","floor":2.0,"turns":1.0},{"damage":2.0,"enemies":"Cultist","floor":3.0,"turns":4.0},{"damage":0.0,"enemies":"Gremlin Nob","floor":6.0,"turns":2.0},{"damage":7.0,"enemies":"Lagavulin","floor":8.0,"turns":6.0},{"damage":16.0,"enemies":"Gremlin Nob","floor":10.0,"turns":3.0},{"damage":3.0,"enemies":"Blue Slaver","floor":11.0,"turns":3.0},{"damage":30.0,"enemies":"The Mushroom Lair","floor":12.0,"turns":4.0},{"damage":0.0,"enemies":"Slime Boss","floor":16.0,"turns":3.0},{"damage":0,"enemies":"Spheric Guardian","floor":18,"turns":3},{"damage":25,"enemies":"3 Byrds","floor":20,"turns":3},{"damage":12,"enemies":"Snecko","floor":21,"turns":4},{"damage":0,"enemies":"Centurion and Healer","floor":24,"turns":3},{"damage":15,"enemies":"Book of Stabbing","floor":25,"turns":3},{"damage":0,"enemies":"REME_1_Revenger","floor":28,"turns":2},{"damage":1,"enemies":"Chosen and Byrds","floor":29,"turns":3},{"damage":16,"enemies":"Cultist and Chosen","floor":30,"turns":4},{"damage":0,"enemies":"Snecko","floor":31,"turns":3},{"damage":15,"enemies":"Champ","floor":33,"turns":3},{"damage":20,"enemies":"3 Darklings","floor":35,"turns":3},{"damage":7,"enemies":"Orb Walker","floor":36,"turns":2},{"damage":0,"enemies":"Giant Head","floor":40,"turns":3},{"damage":0,"enemies":"Reptomancer","floor":44,"turns":2}],"seed_played":"-3266614086782502199","potions_obtained":[{"floor":2.0,"key":"DuplicationPotion"},{"floor":10.0,"key":"PowerPotion"},{"floor":16,"key":"Explosive Potion"},{"floor":22,"key":"Fruit Juice"},{"floor":22,"key":"Weak Potion"},{"floor":25,"key":"Fruit Juice"},{"floor":29,"key":"DistilledChaos"},{"floor":36,"key":"DuplicationPotion"}],"is_trial":false,"path_per_floor":["M","M","M","?","$","E","R","E","T","E","M","?","$","?","R","B",null,"M","?","M","M","?","R","M","E","T","$","E","M","M","M","R","B",null,"M","M","?","?","?","E","?","R","T","E","$"],"character_chosen":"IRONCLAD","items_purchased":["Sentinel","AT_SpeedBoots","ThornShield","REME_FirmDetermination","Fire Breathing","testmod-ThousandKnives","TheAbacus","testmod-BalancedPeriapt"],"campfire_rested":0,"item_purchase_floors":[5,13,13,13,13,27,27,45],"current_hp_per_floor":[38,44,48,48,48,54,54,53,53,43,46,22,22,22,22,33,63,69,83,64,58,63,63,69,65,65,65,71,76,66,72,72,63,86,72,71,71,71,61,67,67,67,67,73,73,73],"gold":1583,"neow_bonus":"THREE_RARE_CARDS","is_daily":false,"chose_seed":false,"campfire_upgraded":5,"win_rate":0.0,"timestamp":1611898622,"path_taken":["M","M","M","?","$","E","R","E","T","E","M","?","$","?","R","BOSS","BOSS","M","?","?","M","?","R","?","E","T","$","E","M","M","M","R","BOSS","M","M","?","?","?","E","?","R","T","E","$"],"items_purchased_type":["Card","Relic","Relic","Card","Card","Relic","Relic","Relic"],"build_version":"2020-12-22","purchased_purges":4,"victory":false,"max_hp_per_floor":[75,75,75,75,75,75,75,75,75,75,75,75,75,68,68,73,73,73,83,83,83,88,88,88,93,93,93,93,93,93,93,93,93,93,93,93,93,93,93,93,93,93,93,93,93,93],"card_choices":[{"not_picked":["Fiend Fire","Impervious"],"picked":"REME_Fury","floor":0.0},{"not_picked":["Perfected Strike","Flame Barrier"],"picked":"Shrug It Off","floor":1.0},{"not_picked":["Pommel Strike","Shrug It Off","Armaments","Seeing Red"],"picked":"Second Wind","floor":2.0},{"not_picked":["Clash","Sever Soul","Heavy Blade","Warcry"],"picked":"Power Through","floor":3.0},{"not_picked":["Anger","REME_Fury","Clash","Headbutt","Armaments"],"picked":"SKIP","floor":6.0},{"not_picked":["Rampage","Sword Boomerang","REME_SingleHolding","Inflame"],"picked":"MostiFishMod:DarkDeal","floor":8.0},{"not_picked":["Ghostly Armor","AT_DrawKnifeCut","Pummel","Metallicize","Heavy Blade"],"picked":"SKIP","floor":10.0},{"not_picked":["Shockwave","Sword Boomerang","True Grit","Flex"],"picked":"AT_BodySlamDance","floor":11.0},{"not_picked":["Pummel","Blood for Blood","MostiFishMod:BrandingRite","Cleave"],"picked":"Evolve","floor":12.0},{"not_picked":["AT_Dispersion","MostiFishMod:TemporaryOutbreak","MostiFishMod:RainCloud","MostiFishMod:FireWorks","Reaper"],"picked":"Singing Bowl","floor":16},{"not_picked":["Thunderclap","True Grit","Combust","AT_BodySlamDance"],"picked":"Burning Pact","floor":18},{"not_picked":["Iron Wave","Shrug It Off","REME_Cut","Pommel Strike","Twin Strike"],"picked":"SKIP","floor":20},{"not_picked":["Armaments","Shockwave","AT_IchimonjiDouble","AT_DiedThrough"],"picked":"Bloodletting+1","floor":21},{"not_picked":["Twin Strike","Pommel Strike","AT_BodySlamDance","Pummel","Heavy Blade"],"picked":"SKIP","floor":24},{"not_picked":["Searing Blow","MostiFishMod:KnuckleDown","Wild Strike","Perfected Strike"],"picked":"Shockwave+1","floor":25},{"not_picked":["Dual Wield","Perfected Strike","Body Slam","Armaments+1","Clothesline"],"picked":"SKIP","floor":28},{"not_picked":["Sword Boomerang","Fire Breathing","Iron Wave","Clothesline","Pommel Strike"],"picked":"SKIP","floor":29},{"not_picked":["AT_BodySlamDance","Entrench","Combust","Seeing Red","Thunderclap"],"picked":"SKIP","floor":30},{"not_picked":["True Grit","Clash","AT_BodySlamDance","Havoc","Sword Boomerang"],"picked":"SKIP","floor":31},{"not_picked":["MostiFishMod:TemporaryOutbreak","MostiFishMod:NewArrival","Exhume","Bludgeon"],"picked":"Offering","floor":33},{"not_picked":["Combust","AT_BodySlamDance","Thunderclap+1","Cleave"],"picked":"Dark Embrace+1","floor":35},{"not_picked":["Anger","Inflame+1","Clash+1","Perfected Strike"],"picked":"AT_GerminateFire","floor":36},{"not_picked":["AT_CelerityRune","AT_TearsDenial","testmod-LifeRuler","REME_MagicPocketWatch"],"picked":"MostiFishMod:ForestofLight","floor":39},{"not_picked":["Jack Of All Trades","Magnetism","AT_Homeward","Flash of Steel"],"picked":"MostiFishMod:ForestofLight","floor":39},{"not_picked":["MostiFishMod:SupremeArchaeology","testmod-PerfectCombo","AT_LightSaberMaster","testmod-DeathImprint"],"picked":"REME_FirmDetermination","floor":39},{"not_picked":["Reckless Charge","Heavy Blade+1","Second Wind+1","Sword Boomerang","Thunderclap"],"picked":"SKIP","floor":40},{"not_picked":["AT_ShrugMaster+1","Perfected Strike+1","True Grit","Flex+1","Combust+1"],"picked":"SKIP","floor":44}],"player_experience":202791,"relics_obtained":[{"floor":1.0,"key":"SynthV:TestCard"},{"floor":6.0,"key":"Art of War"},{"floor":8.0,"key":"REME_IWantAll"},{"floor":9.0,"key":"AT_ImmortalShieldbow"},{"floor":10.0,"key":"AT_GuinsooRageblade"},{"floor":12.0,"key":"Odd Mushroom"},{"floor":25,"key":"testmod-TurbochargingSystem"},{"floor":28,"key":"AT_RedTearstoneRing"},{"floor":40,"key":"SynthV:C4"},{"floor":43,"key":"StrikeDummy"},{"floor":44,"key":"REME_LimitBreaker"}],"event_choices":[{"damage_healed":0.0,"max_hp_gain":0.0,"max_hp_loss":0.0,"gold_gain":0.0,"cards_transformed":["Strike_R"],"event_name":"Living Wall","player_choice":"Change","floor":4.0,"gold_loss":0.0,"damage_taken":0.0,"cards_obtained":["Pommel Strike"]},{"damage_healed":0.0,"max_hp_gain":0.0,"max_hp_loss":0.0,"gold_gain":0.0,"event_name":"Mushrooms","player_choice":"Fought Mushrooms","floor":12.0,"gold_loss":0.0,"damage_taken":0.0},{"damage_healed":0.0,"max_hp_gain":0.0,"max_hp_loss":7.0,"gold_gain":0.0,"event_name":"Golden Idol","player_choice":"Lose Max HP","floor":14.0,"gold_loss":0.0,"damage_taken":0.0,"relics_obtained":["Golden Idol"]},{"cards_removed":["Reaper"],"damage_healed":4,"gold_gain":0,"player_choice":"Offered Rare","damage_taken":0,"max_hp_gain":10,"max_hp_loss":0,"event_name":"Bonfire Elementals","floor":19,"gold_loss":0},{"damage_healed":0,"gold_gain":0,"player_choice":"Got Potions","damage_taken":0,"max_hp_gain":0,"max_hp_loss":0,"event_name":"Lab","floor":22,"gold_loss":0},{"damage_healed":0,"gold_gain":999,"player_choice":"Gold","damage_taken":0,"max_hp_gain":0,"max_hp_loss":0,"event_name":"MindBloom","floor":37,"gold_loss":0,"cards_obtained":["Normality","Normality"]},{"cards_removed":["Bash"],"damage_healed":0,"gold_gain":0,"player_choice":"Removed Attack","damage_taken":0,"max_hp_gain":0,"max_hp_loss":0,"event_name":"Falling","floor":38,"gold_loss":0},{"damage_healed":0,"gold_gain":0,"player_choice":"Memory 3","damage_taken":10,"max_hp_gain":0,"max_hp_loss":0,"event_name":"SensoryStone","floor":39,"gold_loss":0},{"damage_healed":0,"gold_gain":333,"player_choice":"Gave Idol","damage_taken":0,"max_hp_gain":0,"max_hp_loss":0,"event_name":"The Moai Head","floor":41,"relics_lost":["Golden Idol"],"gold_loss":0}],"is_beta":false,"boss_relics":[{"not_picked":["Runic Dome","REME_ChargedStone"],"picked":"HereWithMe"},{"not_picked":["NightmareShop","Runic Cube"],"picked":"testmod-IncinerationGenerator"}],"items_purged_floors":[5,13,27,45],"is_endless":false,"potions_floor_spawned":[2,10,16,24,25,29,30,31,35,36,44],"ascension_level":19}}