{"host":"70jy76jvzy076wi7","time":1611933426,"event":{"mods":["Act Like it!","BaseMod","Better Third Choice","BetterRewards","Energized Spire","Gensokyo","GungeonMod","Hallownest","Infinite Spire","Library of Ruina","Library of Ruina Extra","Lobotomy","LobotomyExtend","Minty Spire (QoL Compilation)","Pale of the Ancients","Permanent Neow","Replay The Spire","Spicy Shops","StSLib"],"gold_per_floor":[113,133,146,74,94,94,125,143,143,168,168,168,201,46,46,145,145,164,164,177,195,255,255,255],"floor_reached":23,"language":"ZHS","playtime":2149,"items_purged":[],"score":376,"play_id":"c47a610e-ad63-4a03-95e2-2e08d9aa8ef7","local_time":"20210129231706","is_ascension_mode":true,"campfire_choices":[{"data":"ForTheFamily","floor":6.0,"key":"SMITH"},{"data":"Dodge","floor":11.0,"key":"PURGE"},{"data":"LightAttack","floor":15.0,"key":"PURGE"}],"circlet_count":0,"master_deck":["LightAttack+1","LightAttack","LightDefense","LightDefense+1","ChargeAndCover","FocusedStrikes","LongBird","OldLady","Zzzzzap","ForTheFamily+1","VoidDream","Parry2","BlackSwan","IdentifyWeakpoint","WhitesApple","BattleCommand","Parasite","QueenBee","Observe","Parasite","MeatLantern","SilentMist","Parasite","CrumblingArmor","BlowItUp","Parasite","SteelKnuckles","SilentOrchestra","Commandeering"],"relics":["PageOfLibrarian","CogitoBucket","RabbitCall","LetterFromLob","DemoMod:SuperHotWatch","BackwardClock","Replay:Ringing Soul","Peace Pipe","Simple Rune","Happy Flower","Philosopher\u0027s Stone","ChangeAnything","DemoMod:GlassGuonStoneRelic"],"acts_visited":["Exordium","Hallownest:Greenpath"],"potions_floor_usage":[16],"damage_taken":[{"damage":7.0,"enemies":"Hallownest:monsterHuskGuard","floor":1.0,"turns":3.0},{"damage":6.0,"enemies":"2_ Uuma","floor":2.0,"turns":4.0},{"damage":0.0,"enemies":"Hallownest:monsterHuskWarrior","floor":3.0,"turns":3.0},{"damage":14.0,"enemies":"Hallownest:MossCreep_and_Mosskin","floor":5.0,"turns":5.0},{"damage":26.0,"enemies":"Hallownest:eliteCrystalGuardian","floor":7.0,"turns":9.0},{"damage":3.0,"enemies":"Hallownest:1_Baldur_1_Crawlid_1_Warrior","floor":8.0,"turns":12.0},{"damage":7.0,"enemies":"Hallownest:eliteVengeflyKing","floor":10.0,"turns":5.0},{"damage":0.0,"enemies":"Hallownest:eliteMossKnight","floor":13.0,"turns":8.0},{"damage":0,"enemies":"Hallownest:BossBrokenVessel","floor":16,"turns":6},{"damage":13,"enemies":"Hallownest:2_Mistakes","floor":18,"turns":5},{"damage":69,"enemies":"Hallownest:Flukemon_and_Top","floor":20,"turns":7},{"damage":5,"enemies":"Hallownest:3_Mistakes","floor":21,"turns":4},{"damage":14,"enemies":"Hallownest:Glutton_and_Coward","floor":22,"turns":5},{"damage":5,"enemies":"Hallownest:eliteSoulWarrior","floor":23,"turns":1}],"seed_played":"5584494960667004998","potions_obtained":[{"floor":2.0,"key":"Venom Potion"},{"floor":5.0,"key":"DemoMod:LeadSkinPotion"},{"floor":7.0,"key":"EssenceOfSteel"},{"floor":13.0,"key":"DemoMod:LeadSkinPotion"},{"floor":18,"key":"DemoMod:LeadSkinPotion"}],"is_trial":false,"path_per_floor":["M","M","M","$","M","R","E","M","T","E","R","?","E","$","R","B",null,"M","?","M","M","M","E"],"character_chosen":"Librarian","items_purchased":["ForTheFamily","Happy Flower"],"campfire_rested":0,"item_purchase_floors":[4,14],"current_hp_per_floor":[53,47,48,48,34,34,8,35,35,28,28,28,31,31,31,34,88,78,83,17,15,4,0,0],"gold":255,"neow_bonus":"","is_daily":false,"chose_seed":false,"campfire_upgraded":1,"win_rate":0.0,"timestamp":1611933426,"path_taken":["M","M","M","$","M","R","E","M","T","E","R","?","E","$","R","BOSS","M","?","M","M","M","E"],"items_purchased_type":["Card","Relic"],"build_version":"2020-12-22","purchased_purges":0,"victory":false,"max_hp_per_floor":[60,63,78,78,71,71,82,82,82,82,82,82,85,85,85,88,88,91,91,94,97,100,100,100],"card_choices":[{"not_picked":["Bloodbath","OldLady"],"picked":"LongBird","floor":1.0},{"not_picked":["HandleRequest","Concentration","StructuralAnalysis","SinglePointStab","DesperateStruggle","SerpentSwordTechnique","FleetEdge","ToOvercomeCrisis","Leap_lor"],"picked":"SKIP","floor":1.0},{"not_picked":["MeatLantern","MHz","FairyFestival"],"picked":"Singing Bowl","floor":2.0},{"not_picked":["BigBadWolf","FairyFestival"],"picked":"OldLady","floor":2.0},{"not_picked":["YoureTooSlow","Parry","Standoff","SpearedSweep","GrazeTheGrass","UpbeatPerformance","Wallop_lor","SmokingPipe","ShockRound"],"picked":"SKIP","floor":2.0},{"not_picked":["MeatLantern","WallGazer"],"picked":"CherryBlossoms","floor":3.0},{"not_picked":["Tttonst","EndlessBattle","Wallop_lor","KeepItFresh","Thrust","AutomatedMovement","Leap_lor","Reload"],"picked":"Zzzzzap","floor":3.0},{"not_picked":["Murderer","MeatLantern","OSAHOGD"],"picked":"Singing Bowl","floor":5.0},{"not_picked":["Scorched","MeatLantern"],"picked":"VoidDream","floor":5.0},{"not_picked":["DarkCloud","Reload","StrikeDown","Standoff","SunsetBlade","StrongStrike","Wallop_lor","AsThePrescriptOrders"],"picked":"Parry2","floor":5.0},{"not_picked":["MeatLantern","BigBird","MHz"],"picked":"Singing Bowl","floor":7.0},{"not_picked":["SavageMode","SinglePointStab","AsThePrescriptOrders","ViolentFlame","SnakesPrey","SharpSwipe","EnergyShield","Leap_lor"],"picked":"OpportunitySpotted","floor":7.0},{"not_picked":["PunishingBird","FairyFestival"],"picked":"BlackSwan","floor":8.0},{"not_picked":["Unlock1","GrazeTheGrass","GuidanceOfTheGears","Overcharge","Multislash","ViolentFlame","SuppressingShot","SomberProcuration"],"picked":"IdentifyWeakpoint","floor":8.0},{"not_picked":["Murderer","OSAHOGD","Wellcheers"],"picked":"Singing Bowl","floor":10.0},{"not_picked":["SnakesPrey","PinpointShot","Parry","Riposte","ViolentFlame","DimensionalRift","Pound","DarkCloud","Mutilate"],"picked":"SKIP","floor":10.0},{"not_picked":["SnowQueen","MeatLantern"],"picked":"WhitesApple","floor":13.0},{"not_picked":["BlazingStrike","Track","VenomousFangs","YoureAHindrance","GreatSerpentsImpact","WillOfThePrescript","AutomatedMovement","Multislash"],"picked":"BattleCommand","floor":13.0},{"not_picked":["SpiderBud","BeautyBeast"],"picked":"QueenBee","floor":16},{"not_picked":["Cruelty","GroundSmash"],"picked":"Observe","floor":16},{"not_picked":["Porccubus","UniverseFragment"],"picked":"MeatLantern","floor":18},{"not_picked":["EndlessBattle+1","SpearedSweep","Thrust+1","FierceCharge","SharpSwipe+1","AsThePrescriptOrders","Leap_lor","HiddenBlade+1"],"picked":"SilentMist","floor":18},{"not_picked":["RedShoes","OSAHOGD"],"picked":"CrumblingArmor","floor":20},{"not_picked":["Zzzzzap","CircusKnives","SilentMist","MindWhip+1","NonstopAssault","UndertakePrescript","MultiBlock+1","ShockRound+1"],"picked":"BlowItUp","floor":20},{"not_picked":["Wellcheers","LittlePrince","Porccubus"],"picked":"Singing Bowl","floor":21},{"not_picked":["WrathOfTorment","InhaleSmoke","Quickness+1","FierceCharge","EnergyShield","DarkCloud+1","FleetFootsteps+1","Slice_lor+1"],"picked":"SteelKnuckles","floor":21},{"not_picked":["WallGazer","SpiderBud","BlackArmy"],"picked":"Singing Bowl","floor":22},{"not_picked":["MHz","ShyLook"],"picked":"SilentOrchestra","floor":22},{"not_picked":["Rewind+1","SkitterAway+1","StructuralAnalysis","Concentration+1","Standoff","Thrust","HandleRequest","Juggling"],"picked":"Commandeering","floor":22}],"player_experience":1735707,"relics_obtained":[{"floor":1.0,"key":"LetterFromLob"},{"floor":7.0,"key":"DemoMod:SuperHotWatch"},{"floor":9.0,"key":"Replay:Ringing Soul"},{"floor":10.0,"key":"Peace Pipe"},{"floor":13.0,"key":"Simple Rune"}],"event_choices":[],"is_beta":false,"boss_relics":[{"not_picked":["energizedSpire:NeverEndingSparkler","energizedSpire:EnergizedDie"],"picked":"Philosopher\u0027s Stone"}],"items_purged_floors":[],"is_endless":false,"potions_floor_spawned":[2,5,7,8,13,18],"killed_by":"Hallownest:eliteSoulWarrior","ascension_level":1}}