{"host":"sav7uxregyirlf69","time":1611933875,"event":{"mods":["AchievementEnabler","BaseMod","Colored Map","DeckTracker","Keyboard Shortcuts","Minty Spire (QoL Compilation)","READ ME - Guardian Mod","StSLib","SuperFastMode"],"gold_per_floor":[117,42,117,132,132,132,6,6,60,89,89,429,429,445,445,530,530,550,47,73,91,101,101,101,120,120,120,120],"floor_reached":27,"language":"KOR","playtime":468,"items_purged":["Strike_G"],"score":492,"play_id":"4c7df93f-1c0f-4398-9d56-d6f5b37160a8","local_time":"20210130002435","is_ascension_mode":true,"campfire_choices":[{"data":"Masterful Stab","floor":6,"key":"SMITH"},{"data":"Dash","floor":8,"key":"SMITH"},{"data":"Deadly Poison","floor":13,"key":"SMITH"},{"data":"Neutralize","floor":15,"key":"SMITH"},{"floor":23,"key":"REST"}],"circlet_count":0,"master_deck":["AscendersBane","Strike_G","Strike_G","Defend_G","Defend_G","Defend_G","Defend_G","Survivor","Neutralize+1","Doppelganger+1","Riddle With Holes","Masterful Stab+1","Flying Knee","Dash+1","Backstab","Deadly Poison+1","Bullet Time","Dash","Well Laid Plans","Eviscerate","Reflex+1","Choke"],"relics":["Ring of the Snake","Potion Belt","CeramicFish","Old Coin","Snecko Eye","Paper Crane","Nilry\u0027s Codex","Kunai"],"acts_visited":["Exordium","TheCity"],"potions_floor_usage":[16,27],"damage_taken":[{"damage":0,"enemies":"Jaw Worm","floor":1,"turns":4},{"damage":0,"enemies":"2 Louse","floor":4,"turns":2},{"damage":0,"enemies":"Gremlin Nob","floor":10,"turns":3},{"damage":12,"enemies":"3 Sentries","floor":12,"turns":5},{"damage":0,"enemies":"Small Slimes","floor":14,"turns":2},{"damage":7,"enemies":"The Guardian","floor":16,"turns":10},{"damage":0,"enemies":"3 Byrds","floor":18,"turns":5},{"damage":0,"enemies":"Chosen","floor":20,"turns":3},{"damage":17,"enemies":"Snake Plant","floor":21,"turns":4},{"damage":12,"enemies":"Centurion and Healer","floor":22,"turns":5},{"damage":0,"enemies":"Snecko","floor":25,"turns":3},{"damage":22,"enemies":"3 Cultists","floor":27,"turns":3}],"seed_played":"-7529598001625380273","potions_obtained":[{"floor":1,"key":"Ancient Potion"},{"floor":12,"key":"Dexterity Potion"},{"floor":16,"key":"Poison Potion"},{"floor":25,"key":"Swift Potion"}],"is_trial":false,"path_per_floor":["M","?","?","M","?","R","$","R","T","E","?","E","R","M","R","B",null,"M","$","M","M","M","R","?","M","T","M"],"character_chosen":"THE_SILENT","items_purchased":["Dash","Backstab","Paper Crane","Well Laid Plans","Eviscerate"],"campfire_rested":1,"item_purchase_floors":[7,7,19,19,19],"current_hp_per_floor":[59,59,48,48,48,48,48,48,48,48,48,36,36,36,36,29,52,52,52,52,35,23,41,20,20,20,0,0],"gold":120,"neow_bonus":"TRANSFORM_TWO_CARDS","is_daily":false,"chose_seed":false,"campfire_upgraded":4,"win_rate":0.0,"timestamp":1611933875,"path_taken":["M","?","?","M","?","R","$","R","T","E","?","E","R","M","R","BOSS","M","$","M","M","M","R","?","M","T","M"],"items_purchased_type":["Card","Card","Relic","Card","Card"],"build_version":"2020-12-22","purchased_purges":1,"victory":false,"max_hp_per_floor":[60,60,60,60,60,60,60,60,60,60,60,60,60,60,60,60,60,60,60,60,60,60,60,60,60,60,60,60],"card_choices":[{"not_picked":["Slice","Flechettes"],"picked":"Masterful Stab","floor":1},{"not_picked":["Setup","Backflip"],"picked":"Flying Knee","floor":4},{"not_picked":["Finisher","Underhanded Strike","Poisoned Stab"],"picked":"SKIP","floor":10},{"not_picked":["Dagger Spray","Quick Slash"],"picked":"Deadly Poison","floor":12},{"not_picked":["Dagger Throw","Quick Slash","Backstab"],"picked":"SKIP","floor":14},{"not_picked":["Unload","Wraith Form v2"],"picked":"Bullet Time","floor":16},{"not_picked":["Dagger Spray+1","Noxious Fumes"],"picked":"Dash","floor":18},{"not_picked":["Backstab","Outmaneuver"],"picked":"Reflex+1","floor":20},{"not_picked":["Dagger Throw","Poisoned Stab","Deadly Poison"],"picked":"SKIP","floor":21},{"not_picked":["Outmaneuver","Dodge and Roll","Setup"],"picked":"SKIP","floor":22},{"not_picked":["Dagger Spray","Riddle With Holes"],"picked":"Choke","floor":25}],"player_experience":1430367,"relics_obtained":[{"floor":9,"key":"Potion Belt"},{"floor":10,"key":"CeramicFish"},{"floor":12,"key":"Old Coin"},{"floor":24,"key":"Nilry\u0027s Codex"},{"floor":26,"key":"Kunai"}],"event_choices":[{"cards_removed":["Strike_G"],"damage_healed":0,"gold_gain":0,"player_choice":"Card Removal","damage_taken":0,"max_hp_gain":0,"max_hp_loss":0,"event_name":"The Cleric","floor":2,"gold_loss":75},{"damage_healed":0,"gold_gain":75,"player_choice":"Gather Gold","damage_taken":11,"max_hp_gain":0,"max_hp_loss":0,"event_name":"World of Goop","floor":3,"gold_loss":0},{"damage_healed":0,"gold_gain":0,"player_choice":"Ignored","damage_taken":0,"max_hp_gain":0,"max_hp_loss":0,"event_name":"Liars Game","floor":5,"gold_loss":0},{"damage_healed":0,"gold_gain":0,"player_choice":"Grow","damage_taken":0,"max_hp_gain":0,"max_hp_loss":0,"event_name":"Living Wall","floor":11,"gold_loss":0,"cards_upgraded":["Doppelganger"]},{"damage_healed":0,"gold_gain":0,"player_choice":"Obtained Book","damage_taken":21,"max_hp_gain":0,"max_hp_loss":0,"event_name":"Cursed Tome","floor":24,"gold_loss":0}],"is_beta":false,"boss_relics":[{"not_picked":["Philosopher\u0027s Stone","Busted Crown"],"picked":"Snecko Eye"}],"items_purged_floors":[19],"is_endless":false,"potions_floor_spawned":[1,12,16,25],"killed_by":"3 Cultists","ascension_level":20}}