{"host":"d5i1qeb9dejicw1z","time":1611900818,"event":{"mods":["AchievementEnabler","BaseMod","Better Note","BetterRewards","Gold Saver","Minty Spire (QoL Compilation)","Permanent Neow","Relic Filter Mod","Reliquary","StSLib"],"gold_per_floor":[391,391,391,403,15,15,48,60,85,85,85,85,95,109,109,180,230,243,243,261,261,276,276,296,313,389,407,407,407,273,303,303,379,379,392,176,194,214,233,233,261,261,314,314,314,329,329,344,344,344],"floor_reached":51,"language":"ENG","playtime":1871,"items_purged":["Strike_G","Strike_G"],"score":1368,"play_id":"5d708832-0bdd-4056-b4a7-3901ce38b2a4","local_time":"20210128221338","is_ascension_mode":true,"campfire_choices":[{"data":"Cloak And Dagger","floor":6,"key":"SMITH"},{"data":"Adrenaline","floor":11,"key":"SMITH"},{"floor":15,"key":"REST"},{"data":"Cloak And Dagger","floor":23,"key":"SMITH"},{"floor":28,"key":"REST"},{"floor":32,"key":"REST"},{"floor":40,"key":"REST"},{"floor":42,"key":"REST"},{"floor":47,"key":"REST"},{"data":"After Image","floor":49,"key":"SMITH"}],"circlet_count":0,"master_deck":["AscendersBane","Strike_G","Strike_G","Defend_G","Defend_G+1","Defend_G","Defend_G","Defend_G","Survivor","Neutralize","Finisher+1","Cloak And Dagger+1","Adrenaline+1","Blade Dance","Infinite Blades","After Image+1","Accuracy+1","Cloak And Dagger+1","Escape Plan+1","Finisher","Master of Strategy","A Thousand Cuts","Accuracy","Cloak And Dagger","Footwork","Cloak And Dagger+1"],"relics":["Ring of the Snake","Membership Card","Ornamental Fan","Nunchaku","Regal Pillow","Tiny Chest","Tiny House","reliquary:Firecrackers","The Courier","Mummified Hand","WristBlade","reliquary:TridentHead","Strawberry","Pantograph","Snake Skull","Du-Vu Doll"],"acts_visited":["Exordium","TheCity","TheBeyond"],"potions_floor_usage":[7,16,18,25,25,31,31,39,41,50],"damage_taken":[{"damage":7,"enemies":"Small Slimes","floor":1,"turns":6},{"damage":7,"enemies":"2 Louse","floor":4,"turns":3},{"damage":0,"enemies":"3 Sentries","floor":7,"turns":8},{"damage":0,"enemies":"Jaw Worm","floor":8,"turns":2},{"damage":11,"enemies":"Large Slime","floor":13,"turns":3},{"damage":0,"enemies":"Looter","floor":14,"turns":2},{"damage":55,"enemies":"Slime Boss","floor":16,"turns":12},{"damage":7,"enemies":"Shell Parasite","floor":18,"turns":5},{"damage":5,"enemies":"Spheric Guardian","floor":20,"turns":4},{"damage":2,"enemies":"Centurion and Healer","floor":22,"turns":6},{"damage":46,"enemies":"Cultist and Chosen","floor":24,"turns":8},{"damage":0,"enemies":"Snake Plant","floor":25,"turns":2},{"damage":0,"enemies":"3 Cultists","floor":27,"turns":4},{"damage":0,"enemies":"Gremlin Leader","floor":31,"turns":4},{"damage":28,"enemies":"Automaton","floor":33,"turns":9},{"damage":37,"enemies":"3 Darklings","floor":35,"turns":4},{"damage":14,"enemies":"3 Shapes","floor":37,"turns":5},{"damage":24,"enemies":"Transient","floor":38,"turns":6},{"damage":0,"enemies":"Sphere and 2 Shapes","floor":39,"turns":1},{"damage":19,"enemies":"Reptomancer","floor":41,"turns":4},{"damage":0,"enemies":"Spire Growth","floor":46,"turns":2},{"damage":0,"enemies":"Maw","floor":48,"turns":5},{"damage":15,"enemies":"Donu and Deca","floor":50,"turns":7}],"seed_played":"3627237444876517508","potions_obtained":[{"floor":1,"key":"Strength Potion"},{"floor":13,"key":"Weak Potion"},{"floor":17,"key":"DuplicationPotion"},{"floor":18,"key":"Strength Potion"},{"floor":20,"key":"Strength Potion"},{"floor":27,"key":"ColorlessPotion"},{"floor":38,"key":"Strength Potion"},{"floor":39,"key":"LiquidBronze"},{"floor":41,"key":"PowerPotion"}],"is_trial":false,"path_per_floor":["M","?","?","M","$","R","E","M","T","?","R","?","M","M","R","B",null,"M","T","M","?","M","R","M","M","T","M","R","?","$","E","R","B",null,"M","$","M","M","M","R","E","R","T","?","T","M","R","M","R","B",null],"character_chosen":"THE_SILENT","items_purchased":["Membership Card","Ornamental Fan","Nunchaku","Master of Strategy","PowerPotion","reliquary:TridentHead","Strawberry"],"campfire_rested":6,"item_purchase_floors":[5,5,5,30,30,36,36],"current_hp_per_floor":[58,58,58,51,51,51,51,51,51,51,51,51,40,40,72,17,63,56,56,51,51,49,49,3,3,3,3,41,41,41,41,77,49,70,33,40,26,2,2,42,23,63,63,63,63,63,84,84,84,69],"gold":344,"neow_bonus":"TEN_PERCENT_HP_BONUS","is_daily":false,"chose_seed":false,"campfire_upgraded":4,"win_rate":0.0,"timestamp":1611900818,"path_taken":["M","?","?","M","$","R","E","?","T","?","R","?","?","M","R","BOSS","M","?","M","?","M","R","M","M","T","M","R","?","$","E","R","BOSS","M","$","M","M","M","R","E","R","T","?","?","M","R","?","R","BOSS"],"items_purchased_type":["Relic","Relic","Relic","Card","Potion","Relic","Relic"],"build_version":"2020-12-22","purchased_purges":2,"victory":true,"max_hp_per_floor":[72,72,72,72,72,72,72,72,72,72,72,72,72,72,72,72,77,77,77,77,77,77,77,77,77,77,77,77,77,77,77,77,77,77,77,84,84,84,84,84,84,84,84,84,84,84,84,84,84,84],"card_choices":[{"not_picked":["Terror","Concentrate"],"picked":"Finisher","floor":1},{"not_picked":["Underhanded Strike","Dodge and Roll"],"picked":"Cloak And Dagger","floor":4},{"not_picked":["PiercingWail","Deflect"],"picked":"Adrenaline","floor":7},{"not_picked":["Prepared","Sucker Punch","Deflect"],"picked":"SKIP","floor":8},{"not_picked":["Underhanded Strike","Tactician"],"picked":"Blade Dance","floor":13},{"not_picked":["Terror","Calculated Gamble"],"picked":"Infinite Blades","floor":14},{"not_picked":["Unload","Doppelganger"],"picked":"After Image","floor":16},{"not_picked":["Quick Slash","Predator"],"picked":"Accuracy","floor":17},{"not_picked":["Dodge and Roll","Underhanded Strike"],"picked":"Cloak And Dagger","floor":18},{"not_picked":["Dagger Throw","Skewer"],"picked":"Escape Plan+1","floor":20},{"not_picked":["Quick Slash","Dash"],"picked":"Finisher","floor":22},{"not_picked":["PiercingWail","Unload","Riddle With Holes"],"picked":"SKIP","floor":24},{"not_picked":["Bouncing Flask","Acrobatics","Underhanded Strike"],"picked":"SKIP","floor":25},{"not_picked":["Dagger Throw","Reflex","Bane"],"picked":"SKIP","floor":27},{"not_picked":["Concentrate","Dagger Spray","Riddle With Holes"],"picked":"SKIP","floor":31},{"not_picked":["Venomology","Envenom"],"picked":"A Thousand Cuts","floor":33},{"not_picked":["Setup","Noxious Fumes"],"picked":"Accuracy","floor":35},{"not_picked":["Backflip","Bane"],"picked":"Cloak And Dagger","floor":37},{"not_picked":["Tactician","Finisher+1","Reflex"],"picked":"SKIP","floor":38},{"not_picked":["Dagger Throw","Noxious Fumes"],"picked":"Footwork","floor":39},{"not_picked":["Dagger Throw","Flechettes","Underhanded Strike"],"picked":"SKIP","floor":41},{"not_picked":["Slice","Acrobatics"],"picked":"Cloak And Dagger+1","floor":46},{"not_picked":["Cloak And Dagger","Bouncing Flask","Catalyst"],"picked":"SKIP","floor":48}],"player_experience":1177234,"relics_obtained":[{"floor":7,"key":"Regal Pillow"},{"floor":9,"key":"Tiny Chest"},{"floor":19,"key":"reliquary:Firecrackers"},{"floor":26,"key":"The Courier"},{"floor":31,"key":"Mummified Hand"},{"floor":41,"key":"Pantograph"},{"floor":43,"key":"Snake Skull"},{"floor":45,"key":"Du-Vu Doll"}],"event_choices":[{"damage_healed":0,"gold_gain":0,"player_choice":"Ignored","damage_taken":0,"max_hp_gain":0,"max_hp_loss":0,"event_name":"Liars Game","floor":2,"gold_loss":0},{"damage_healed":0,"gold_gain":0,"player_choice":"Grow","damage_taken":0,"max_hp_gain":0,"max_hp_loss":0,"event_name":"Living Wall","floor":3,"gold_loss":0,"cards_upgraded":["Finisher"]},{"damage_healed":0,"gold_gain":0,"player_choice":"Ignored","damage_taken":0,"max_hp_gain":0,"max_hp_loss":0,"event_name":"Golden Idol","floor":10,"gold_loss":0},{"damage_healed":0,"gold_gain":0,"player_choice":"Ignored","damage_taken":0,"max_hp_gain":0,"max_hp_loss":0,"event_name":"Transmorgrifier","floor":12,"gold_loss":0},{"damage_healed":0,"gold_gain":0,"player_choice":"Upgraded","damage_taken":0,"max_hp_gain":0,"max_hp_loss":0,"event_name":"Upgrade Shrine","floor":21,"gold_loss":0,"cards_upgraded":["Accuracy"]},{"cards_removed":["Strike_G"],"damage_healed":0,"gold_gain":0,"player_choice":"Give","damage_taken":0,"max_hp_gain":0,"max_hp_loss":0,"event_name":"betterNote:BetterNote","floor":29,"gold_loss":0,"cards_obtained":["Strike_B"]},{"cards_removed":["Strike_G"],"damage_healed":0,"gold_gain":0,"player_choice":"Removed Attack","damage_taken":0,"max_hp_gain":0,"max_hp_loss":0,"event_name":"Falling","floor":44,"gold_loss":0}],"is_beta":false,"boss_relics":[{"not_picked":["Sozu","Black Star"],"picked":"Tiny House"},{"not_picked":["Empty Cage","reliquary:RedPaperclip"],"picked":"WristBlade"}],"items_purged_floors":[30,36],"is_endless":false,"potions_floor_spawned":[1,13,18,20,24,27,38,39,41],"ascension_level":17}}