{"host":"KYO","time":1611922359,"event":{"mods":["ATMod(°¢èªMod)","BaseMod","Minty Spire (QoL Compilation)","Permanent Neow","Replay The Spire","Shop Mod","StSLib","SuperFastMode","TestMod","[IsaacMod]ÒÔÈö¼âËþ","¡¾ÒÅÎï¿¨ÅÆ¡¿REMEMod"],"gold_per_floor":[116,20,33,47,47,74,74,109,157,157,172,200,200,220,220,220,220],"floor_reached":16,"language":"ZHS","playtime":945,"items_purged":[],"score":340,"play_id":"04d8f0e9-0919-45ea-aaf8-cee0c57de8d8","local_time":"20210129201239","is_ascension_mode":true,"campfire_choices":[{"data":"AT_RealColorLess","floor":7,"key":"SMITH"},{"data":"Enlightenment","floor":10,"key":"SMITH"},{"data":"ReplayTheSpireMod:Tripwire","floor":15,"key":"SMITH"}],"circlet_count":0,"master_deck":["AscendersBane","Strike_G","Strike_G","Strike_G","Strike_G","Defend_G","Defend_G","Defend_G","Survivor","Neutralize","AT_EssenceShift","AT_RealColorLess+1","Deflect+1","REME_CopyPotion+1","ReplayTheSpireMod:Necrosis+1","Enlightenment+1","REME_ShadowForm","Cloak And Dagger","Backflip","ReplayTheSpireMod:Tripwire+1"],"relics":["HushsDoor","AT_ATBox","REME_ComplimentaryCards","testmod-TestBox","testmod-RealStoneCalender","SteamSale","MerchantsRug","Replay:Bottled Flurry","Bag of Preparation","REME_HandOfSuture","Happy Flower"],"acts_visited":["Exordium"],"potions_floor_usage":[],"damage_taken":[{"damage":12,"enemies":"Jaw Worm","floor":1,"turns":4},{"damage":12,"enemies":"Small Slimes","floor":3,"turns":4},{"damage":12,"enemies":"2 Louse","floor":4,"turns":4},{"damage":0,"enemies":"3 Sentries","floor":6,"turns":1},{"damage":3,"enemies":"Lagavulin","floor":8,"turns":6},{"damage":8,"enemies":"Large Slime","floor":11,"turns":4},{"damage":0,"enemies":"3 Sentries","floor":12,"turns":5},{"damage":0,"enemies":"Exordium Thugs","floor":14,"turns":4},{"damage":0,"enemies":"Slime Boss","floor":16,"turns":4}],"seed_played":"-7308396069035757045","potions_obtained":[{"floor":4,"key":"Block Potion"},{"floor":8,"key":"Weak Potion"}],"is_trial":false,"path_per_floor":["M","$","M","M","?","E","R","E","T","R","M","E","?","M","R","B"],"character_chosen":"THE_SILENT","items_purchased":["MerchantsRug","Enlightenment"],"campfire_rested":0,"item_purchase_floors":[2,2],"current_hp_per_floor":[47,47,35,23,18,18,18,15,15,15,7,7,7,7,7,7,7],"gold":220,"neow_bonus":"BOSS_RELIC","is_daily":false,"chose_seed":false,"campfire_upgraded":3,"win_rate":0.0,"timestamp":1611922359,"path_taken":["M","$","M","M","?","E","R","E","T","R","M","E","?","M","R","BOSS"],"items_purchased_type":["Relic","Card"],"build_version":"2020-12-18","purchased_purges":0,"victory":false,"max_hp_per_floor":[66,66,66,66,66,66,66,66,66,66,66,66,66,66,66,66,66],"card_choices":[{"not_picked":[],"picked":"Bomb","floor":0},{"not_picked":["Quick Slash","Dagger Throw","PiercingWail"],"picked":"SKIP","floor":1},{"not_picked":["AT_ThistleTea","Sucker Punch"],"picked":"REME_ShadowForm","floor":3},{"not_picked":["Slice","Flying Knee","Sucker Punch"],"picked":"SKIP","floor":4},{"not_picked":["Accuracy","PiercingWail","AT_FocusSwordFire"],"picked":"SKIP","floor":6},{"not_picked":["Dodge and Roll","Corpse Explosion"],"picked":"Cloak And Dagger","floor":8},{"not_picked":["Poisoned Stab","AT_FocusSwordFire"],"picked":"Backflip","floor":11},{"not_picked":["Concentrate","Replay:Bag of Tricks"],"picked":"ReplayTheSpireMod:Tripwire","floor":12},{"not_picked":["Deadly Poison","Poisoned Stab","Bane"],"picked":"SKIP","floor":14}],"player_experience":702260,"relics_obtained":[{"floor":6,"key":"Bag of Preparation"},{"floor":8,"key":"REME_HandOfSuture"},{"floor":12,"key":"Happy Flower"}],"event_choices":[{"damage_healed":0,"gold_gain":0,"player_choice":"Success","damage_taken":5,"relics_obtained":["Replay:Bottled Flurry"],"max_hp_gain":0,"max_hp_loss":0,"event_name":"Scrap Ooze","floor":5,"gold_loss":0},{"damage_healed":0,"gold_gain":0,"player_choice":"Ignored","damage_taken":0,"max_hp_gain":0,"max_hp_loss":0,"event_name":"Golden Wing","floor":13,"gold_loss":0}],"is_beta":true,"boss_relics":[],"items_purged_floors":[],"is_endless":false,"potions_floor_spawned":[4,8,12,14],"killed_by":"Slime Boss","ascension_level":20}}