{"host":"jcg2u0j7gsi1hjjn","time":1611955744,"event":{"mods":["AchievementEnabler","BaseMod","Colored Map","Minty Spire (QoL Compilation)","StSLib"],"gold_per_floor":[111,124,140,156,172,205,205,240,240,240,253,428,453,512,512,608,608,621,621,639,658,546,580,273,273,273,273,288,306,1,18,18,115,115,129,141,151,151,76,104,104,104],"floor_reached":41,"language":"ENG","playtime":4152,"items_purged":["Feel No Pain"],"score":512,"play_id":"f5dd6a42-5ace-4489-bc3b-58a8f2be98fa","local_time":"20210129222904","is_ascension_mode":true,"campfire_choices":[{"data":"Inflame","floor":7.0,"key":"SMITH"},{"data":"Thunderclap","floor":10.0,"key":"SMITH"},{"data":"Anger","floor":15.0,"key":"SMITH"},{"data":"Rampage","floor":27,"key":"SMITH"},{"data":"Bash","floor":32,"key":"SMITH"}],"circlet_count":0,"master_deck":["Strike_R","Strike_R","Strike_R","Strike_R","Strike_R","Defend_R","Defend_R","Defend_R","Defend_R","Bash+1","Perfected Strike","Inflame+1","Cleave","Clash","Shrug It Off","Thunderclap+1","Twin Strike","Shrug It Off","Doubt","Anger+1","Exhume","Shrug It Off+1","Perfected Strike+1","Dual Wield","Armaments+1","Fire Breathing","Flame Barrier","Rampage+1","Feed","Impervious","Feel No Pain+1","Heavy Blade+1"],"relics":["Burning Blood","Pen Nib","Bag of Marbles","Kunai","Bottled Flame","Bottled Tornado","Pantograph","Busted Crown","Omamori","Lee\u0027s Waffle","Ginger","StoneCalendar","SlaversCollar","Art of War"],"acts_visited":["Exordium","TheCity","TheBeyond"],"potions_floor_usage":[33,33,37,37,40],"damage_taken":[{"damage":1.0,"enemies":"Cultist","floor":1.0,"turns":4.0},{"damage":2.0,"enemies":"Jaw Worm","floor":2.0,"turns":3.0},{"damage":3.0,"enemies":"2 Louse","floor":3.0,"turns":2.0},{"damage":7.0,"enemies":"Looter","floor":4.0,"turns":3.0},{"damage":3.0,"enemies":"Blue Slaver","floor":5.0,"turns":2.0},{"damage":22.0,"enemies":"3 Sentries","floor":6.0,"turns":7.0},{"damage":16.0,"enemies":"Gremlin Nob","floor":8.0,"turns":4.0},{"damage":14.0,"enemies":"3 Louse","floor":11.0,"turns":2.0},{"damage":12.0,"enemies":"3 Sentries","floor":13.0,"turns":6.0},{"damage":0.0,"enemies":"3 Sentries","floor":14.0,"turns":6.0},{"damage":7.0,"enemies":"Slime Boss","floor":16.0,"turns":6.0},{"damage":5,"enemies":"Spheric Guardian","floor":18,"turns":3},{"damage":5,"enemies":"Shell Parasite","floor":20,"turns":3},{"damage":21,"enemies":"Centurion and Healer","floor":21,"turns":5},{"damage":19,"enemies":"Gremlin Leader","floor":23,"turns":6},{"damage":27,"enemies":"Snecko","floor":28,"turns":4},{"damage":0,"enemies":"Cultist and Chosen","floor":29,"turns":4},{"damage":0,"enemies":"Centurion and Healer","floor":31,"turns":2},{"damage":58,"enemies":"Automaton","floor":33,"turns":8},{"damage":3,"enemies":"Orb Walker","floor":35,"turns":3},{"damage":12,"enemies":"3 Shapes","floor":36,"turns":2},{"damage":57,"enemies":"Maw","floor":37,"turns":7},{"damage":25,"enemies":"Reptomancer","floor":40,"turns":5},{"damage":49,"enemies":"Writhing Mass","floor":41,"turns":5}],"seed_played":"-392302787932937706","potions_obtained":[{"floor":1.0,"key":"SpeedPotion"},{"floor":4.0,"key":"LiquidBronze"},{"floor":5.0,"key":"Block Potion"},{"floor":6.0,"key":"HeartOfIron"},{"floor":14.0,"key":"SkillPotion"},{"floor":21,"key":"PowerPotion"},{"floor":28,"key":"BlessingOfTheForge"},{"floor":29,"key":"Ancient Potion"},{"floor":33,"key":"PowerPotion"},{"floor":36,"key":"BloodPotion"},{"floor":37,"key":"Regen Potion"}],"is_trial":false,"path_per_floor":["M","M","M","M","M","E","R","E","T","R","M","?","E","?","R","B",null,"M","?","M","M","$","E","$","?","T","R","M","M","$","M","R","B",null,"M","M","M","?","$","E","M"],"character_chosen":"IRONCLAD","items_purchased":["Evolve","Dual Wield","Lee\u0027s Waffle","Fire Breathing","Flame Barrier","StoneCalendar"],"campfire_rested":0,"item_purchase_floors":[22,22,24,24,24,30],"current_hp_per_floor":[80,80,80,79,80,64,64,54,54,54,46,46,40,46,46,70,80,80,80,80,65,65,52,87,87,87,87,66,72,72,78,78,35,87,87,81,47,47,47,42,0,0],"gold":104,"neow_bonus":"RANDOM_COMMON_RELIC","is_daily":false,"chose_seed":false,"campfire_upgraded":5,"win_rate":0.0,"timestamp":1611955744,"path_taken":["M","M","M","M","M","E","R","E","T","R","M","?","E","?","R","BOSS","M","?","M","M","$","E","$","?","T","R","M","M","$","M","R","BOSS","M","M","M","?","$","E","M"],"items_purchased_type":["Card","Card","Relic","Card","Card","Relic"],"build_version":"2020-12-22","purchased_purges":1,"victory":false,"max_hp_per_floor":[80,80,80,80,80,80,80,80,80,80,80,80,80,80,80,80,80,80,80,80,80,80,80,87,87,87,87,87,87,87,87,87,87,87,87,87,87,87,87,87,87,87],"card_choices":[{"not_picked":["Seeing Red","Warcry"],"picked":"Perfected Strike","floor":1.0},{"not_picked":["Shockwave","Perfected Strike"],"picked":"Inflame","floor":2.0},{"not_picked":["Rupture","Clash"],"picked":"Cleave","floor":3.0},{"not_picked":["Seeing Red","Brutality"],"picked":"Clash","floor":4.0},{"not_picked":["Sword Boomerang","Iron Wave"],"picked":"Shrug It Off","floor":5.0},{"not_picked":["Intimidate","Power Through"],"picked":"Thunderclap","floor":6.0},{"not_picked":["Battle Trance","Shockwave"],"picked":"Twin Strike","floor":8.0},{"not_picked":["Iron Wave","Evolve"],"picked":"Shrug It Off","floor":11.0},{"not_picked":["Bloodletting","Fiend Fire"],"picked":"Feel No Pain","floor":13.0},{"not_picked":["Carnage","Pummel"],"picked":"Anger","floor":14.0},{"not_picked":["Feed","Impervious"],"picked":"Exhume","floor":16.0},{"not_picked":["Clash"],"picked":"SKIP","floor":18},{"not_picked":[],"picked":"Shrug It Off+1","floor":20},{"not_picked":[],"picked":"Perfected Strike+1","floor":21},{"not_picked":[],"picked":"Armaments+1","floor":23},{"not_picked":[],"picked":"Feed","floor":28},{"not_picked":["Dropkick"],"picked":"SKIP","floor":29},{"not_picked":["Body Slam"],"picked":"SKIP","floor":31},{"not_picked":[],"picked":"Impervious","floor":33},{"not_picked":[],"picked":"Feel No Pain+1","floor":35},{"not_picked":[],"picked":"Heavy Blade+1","floor":36},{"not_picked":["Clothesline"],"picked":"SKIP","floor":37},{"not_picked":["Second Wind"],"picked":"SKIP","floor":40}],"player_experience":367135,"relics_obtained":[{"floor":6.0,"key":"Bag of Marbles"},{"floor":8.0,"key":"Kunai"},{"floor":9.0,"key":"Bottled Flame"},{"floor":13.0,"key":"Bottled Tornado"},{"floor":14.0,"key":"Pantograph"},{"floor":23,"key":"Omamori"},{"floor":26,"key":"Ginger"},{"floor":40,"key":"Art of War"}],"event_choices":[{"damage_healed":0.0,"max_hp_gain":0.0,"max_hp_loss":0.0,"gold_gain":175.0,"event_name":"Liars Game","player_choice":"AGREE","floor":12.0,"gold_loss":0.0,"damage_taken":0.0,"cards_obtained":["Doubt"]},{"damage_healed":0.0,"max_hp_gain":0.0,"max_hp_loss":0.0,"gold_gain":0.0,"event_name":"Dead Adventurer","player_choice":"Searched \u00271\u0027 times","floor":14.0,"gold_loss":0.0,"damage_taken":0.0},{"damage_healed":0,"gold_gain":0,"player_choice":"Ignored","damage_taken":0,"max_hp_gain":0,"max_hp_loss":0,"event_name":"Ghosts","floor":19,"gold_loss":0},{"damage_healed":0,"gold_gain":0,"player_choice":"Read","damage_taken":0,"max_hp_gain":0,"max_hp_loss":0,"event_name":"The Library","floor":25,"gold_loss":0,"cards_obtained":["Rampage"]},{"cards_removed":["Evolve"],"damage_healed":0,"gold_gain":0,"player_choice":"Removed Power","damage_taken":0,"max_hp_gain":0,"max_hp_loss":0,"event_name":"Falling","floor":38,"gold_loss":0}],"is_beta":false,"boss_relics":[{"not_picked":["Runic Dome","Runic Pyramid"],"picked":"Busted Crown"},{"not_picked":["Runic Cube","Astrolabe"],"picked":"SlaversCollar"}],"items_purged_floors":[39],"is_endless":false,"potions_floor_spawned":[1,4,5,6,14,21,28,29,33,36,37],"killed_by":"Writhing Mass","ascension_level":2}}