{"host":"9kesdg97wkrx2bva","time":1611907021,"event":{"mods":["AchievementEnabler","BaseMod","Colored Map","GifTheSpireLib","Infinite Spire","Minty Spire (QoL Compilation)","Replay The Spire","StSLib"],"gold_per_floor":[113,26,26,36,8,8,40,40,63,63,63,75,75,87,87,160,460,476,454,454,473,234,234,269,169,194,244,244,244],"floor_reached":28,"language":"ENG","playtime":481,"items_purged":["Strike_B","Strike_B"],"score":492,"play_id":"acde9607-dd83-4094-af1f-3eecb685883d","local_time":"20210129015701","is_ascension_mode":true,"campfire_choices":[{"data":"Zap","floor":6,"key":"SMITH"},{"data":"ReplayTheSpireMod:Calculation Training","floor":10,"key":"SMITH"},{"data":"White Noise","floor":13,"key":"SMITH"},{"data":"Dualcast","floor":15,"key":"SMITH"},{"data":"Creative AI","floor":23,"key":"SMITH"}],"circlet_count":0,"master_deck":["AscendersBane","Defend_B+1","Defend_B","Defend_B","Defend_B+1","Zap+1","Dualcast+1","Redo","ReplayTheSpireMod:Calculation Training+1","Melter","Sweeping Beam","Streamline","White Noise+1","Ball Lightning","Creative AI+1","CurseOfTheBell","Gash+1","Capacitor","White Noise"],"relics":["Cracked Core","NeowsBlessing","Onion Ring","Simple Rune","Replay:Grab Bag","Velvet Choker","Busted Crown","Calling Bell","Ancient Tea Set","Old Coin","Replay:Bottled Flurry","Lee\u0027s Waffle","Akabeko","Blood Vial"],"acts_visited":["Exordium","TheCity"],"potions_floor_usage":[16,21,21,28],"damage_taken":[{"damage":0,"enemies":"Jaw Worm","floor":1,"turns":1},{"damage":0,"enemies":"Cultist","floor":4,"turns":1},{"damage":0,"enemies":"3 Sentries","floor":7,"turns":1},{"damage":1,"enemies":"2 Louse","floor":12,"turns":2},{"damage":0,"enemies":"Large Slime","floor":14,"turns":4},{"damage":32,"enemies":"Hexaghost","floor":16,"turns":7},{"damage":0,"enemies":"Spheric Guardian","floor":18,"turns":2},{"damage":32,"enemies":"2 Thieves","floor":19,"turns":4},{"damage":17,"enemies":"Shelled Parasite and Fungi","floor":21,"turns":3},{"damage":68,"enemies":"Book of Stabbing","floor":24,"turns":5},{"damage":15,"enemies":"Centurion and Healer","floor":28,"turns":1}],"seed_played":"3964520929023739063","potions_obtained":[{"floor":4,"key":"LiquidBronze"},{"floor":12,"key":"Adrenaline Potion"},{"floor":16,"key":"Dexterity Potion"},{"floor":24,"key":"PowerPotion"}],"is_trial":false,"path_per_floor":["M","$","?","M","$","R","E","?","T","R","?","M","R","M","R","B",null,"M","M","?","M","$","R","E","$","T","?","M"],"character_chosen":"DEFECT","items_purchased":["ReplayTheSpireMod:Calculation Training","Sweeping Beam","Lee\u0027s Waffle"],"campfire_rested":0,"item_purchase_floors":[2,5,22],"current_hp_per_floor":[64,64,64,64,64,64,64,64,64,64,64,63,63,63,63,31,61,61,29,29,12,78,78,10,10,10,10,0,0],"gold":244,"neow_bonus":"THREE_ENEMY_KILL","is_daily":false,"chose_seed":false,"campfire_upgraded":5,"win_rate":0.0,"timestamp":1611907021,"path_taken":["M","$","?","M","?","R","E","?","T","R","?","?","R","M","R","BOSS","M","?","?","M","$","R","E","$","T","?","M"],"items_purchased_type":["Card","Card","Relic"],"build_version":"2020-12-22","purchased_purges":2,"victory":false,"max_hp_per_floor":[71,71,71,71,71,71,71,71,71,71,71,71,71,71,71,71,71,71,71,71,71,78,78,78,78,78,78,78,78],"card_choices":[{"not_picked":["Turbo","Steam"],"picked":"Redo","floor":1},{"not_picked":["Compile Driver","Sweeping Beam"],"picked":"Melter","floor":4},{"not_picked":["Glacier","Barrage"],"picked":"Streamline","floor":7},{"not_picked":["FIFO Queue","Panic Button"],"picked":"White Noise","floor":12},{"not_picked":["Blizzard","Coolheaded"],"picked":"Ball Lightning","floor":14},{"not_picked":["Hyperbeam","ReplayTheSpireMod:Omega Cannon"],"picked":"Creative AI","floor":16},{"not_picked":[],"picked":"Gash+1","floor":18},{"not_picked":[],"picked":"Capacitor","floor":19},{"not_picked":["Sweeping Beam+1"],"picked":"SKIP","floor":21},{"not_picked":["Beam Cell"],"picked":"SKIP","floor":24}],"player_experience":984809,"relics_obtained":[{"floor":7,"key":"Onion Ring"},{"floor":9,"key":"Simple Rune"},{"floor":17,"key":"Ancient Tea Set"},{"floor":17,"key":"Old Coin"},{"floor":17,"key":"Replay:Bottled Flurry"},{"floor":24,"key":"Akabeko"},{"floor":26,"key":"Blood Vial"}],"event_choices":[{"cards_removed":["Strike_B"],"damage_healed":0,"gold_gain":0,"player_choice":"Offered Basic","damage_taken":0,"max_hp_gain":0,"max_hp_loss":0,"event_name":"Bonfire Elementals","floor":3,"gold_loss":0},{"damage_healed":0,"gold_gain":0,"player_choice":"Read","damage_taken":0,"max_hp_gain":0,"max_hp_loss":0,"event_name":"The Library","floor":20,"gold_loss":0,"cards_obtained":["White Noise"]},{"damage_healed":0,"gold_gain":50,"player_choice":"Stole From Cult","damage_taken":0,"max_hp_gain":0,"max_hp_loss":0,"event_name":"Nest","floor":27,"gold_loss":0}],"is_beta":false,"boss_relics":[{"not_picked":["ChewingGum","Abe\u0027s Treasure"],"picked":"Replay:Grab Bag"},{"not_picked":["ReplayTheSpireMod:Onyx Gauntlets","Replay:Wanted Poster"],"picked":"Velvet Choker"},{"not_picked":["Ectoplasm","Fusion Hammer"],"picked":"Busted Crown"},{"not_picked":["Runic Pyramid","Black Star"],"picked":"Calling Bell"}],"items_purged_floors":[22,25],"is_endless":false,"potions_floor_spawned":[4,12,16,18,24],"killed_by":"Centurion and Healer","ascension_level":18}}