{"host":"zw3x6hwkln2702ol","time":1611922026,"event":{"mods":["AchievementEnabler","BaseMod","Card Forge","Colored Map","Default Mod","Minty Spire (QoL Compilation)","StSLib","TestMod"],"gold_per_floor":[153,553,553,56,110,269,269,388,388,537,604,172,227,342,342,566,566,662,776,145,243,81,287,287,475,475,475,555,103,305,155,155,668,668,794,794,911,114,264,817,817,1096,1169,1514,2064,2377,2567,2567,3097,3097,3106,2103,2435,3235],"floor_reached":55,"language":"ZHS","playtime":984,"items_purged":["Strike_P","Strike_P","Strike_P","Defend_P","Strike_P+1","Defend_P+1"],"score":3095,"play_id":"cf9ea6b0-30bb-4dfc-be32-e1cf2f9058dc","local_time":"20210129200706","is_ascension_mode":true,"campfire_choices":[{"floor":7,"key":"RECALL"},{"data":"Vigilance","floor":15,"key":"SMITH"},{"data":"Defend_P","floor":24,"key":"SMITH"},{"data":"Defend_P","floor":32,"key":"SMITH"},{"floor":41,"key":"REST"},{"floor":51,"key":"REST"}],"circlet_count":0,"master_deck":["AscendersBane","Defend_P+1","Eruption+1","Vigilance+1","RitualDagger+1","Tantrum+1","Master of Strategy+1","testmod-RepeatForm+1","RitualDagger+1"],"relics":["PureWater","Hammer of Thor","Seething Fire","Anvil of the Gods","zzy:PlaceholderRelic","testmod-FatalChain","Bag of Marbles","Kunai","testmod-BalancedPeriapt","CeramicFish","WingedGreaves","PreservedInsect","Sling","White Beast Statue","Black Star","Thread and Needle","TheAbacus","Vajra","testmod-Hope","Art of War","testmod-LifeArmor","Pen Nib","Darkstone Periapt","Oddly Smooth Stone","Bottled Flame","testmod-Justice","Whetstone","Fusion Hammer","Akabeko","Mummified Hand","Happy Flower","StrikeDummy","Bag of Preparation","Sundial","Letter Opener","Juzu Bracelet","Centennial Puzzle","testmod-EqualTreatment","DollysMirror","testmod-RainbowHikingShoes","Eternal Feather","testmod-OneHitWonder"],"acts_visited":["Exordium","TheCity","TheBeyond","TheEnding"],"potions_floor_usage":[54,54,54],"damage_taken":[{"damage":0,"enemies":"Jaw Worm","floor":1,"turns":3},{"damage":0,"enemies":"Small Slimes","floor":5,"turns":2},{"damage":0,"enemies":"3 Sentries","floor":6,"turns":2},{"damage":9,"enemies":"Gremlin Nob","floor":8,"turns":3},{"damage":1,"enemies":"Lagavulin","floor":10,"turns":3},{"damage":0,"enemies":"Cultist","floor":11,"turns":3},{"damage":0,"enemies":"3 Louse","floor":13,"turns":2},{"damage":0,"enemies":"Gremlin Nob","floor":14,"turns":2},{"damage":0,"enemies":"Slime Boss","floor":16,"turns":1},{"damage":0,"enemies":"3 Byrds","floor":18,"turns":1},{"damage":0,"enemies":"Chosen","floor":19,"turns":2},{"damage":0,"enemies":"Snake Plant","floor":21,"turns":1},{"damage":0,"enemies":"Book of Stabbing","floor":23,"turns":1},{"damage":0,"enemies":"Slavers","floor":25,"turns":1},{"damage":0,"enemies":"Sentry and Sphere","floor":28,"turns":2},{"damage":0,"enemies":"Book of Stabbing","floor":30,"turns":1},{"damage":0,"enemies":"Automaton","floor":33,"turns":2},{"damage":0,"enemies":"3 Shapes","floor":35,"turns":1},{"damage":0,"enemies":"Orb Walker","floor":37,"turns":1},{"damage":0,"enemies":"Jaw Worm Horde","floor":39,"turns":1},{"damage":0,"enemies":"Giant Head","floor":40,"turns":1},{"damage":0,"enemies":"Reptomancer","floor":42,"turns":1},{"damage":0,"enemies":"3 Darklings","floor":44,"turns":1},{"damage":0,"enemies":"Giant Head","floor":45,"turns":1},{"damage":0,"enemies":"Maw","floor":46,"turns":1},{"damage":0,"enemies":"Writhing Mass","floor":47,"turns":1},{"damage":0,"enemies":"Donu and Deca","floor":49,"turns":1},{"damage":0,"enemies":"Shield and Spear","floor":53,"turns":1},{"damage":0,"enemies":"The Heart","floor":54,"turns":3}],"seed_played":"-2833720602657699955","potions_obtained":[{"floor":5,"key":"BlessingOfTheForge"},{"floor":6,"key":"SkillPotion"},{"floor":18,"key":"EntropicBrew"},{"floor":39,"key":"DuplicationPotion"}],"is_trial":false,"path_per_floor":["M","?","?","$","M","E","R","E","T","E","M","$","M","E","R","B",null,"M","M","$","M","$","E","R","E","T","?","M","$","E","$","R","B",null,"M","?","M","$","M","E","R","E","T","M","E","M","M","?","B",null,"R","$","E","B",null],"character_chosen":"WATCHER","items_purchased":["Bag of Marbles","Kunai","PreservedInsect","Sling","Thread and Needle","TheAbacus","Vajra","Oddly Smooth Stone","Bottled Flame","Akabeko","Mummified Hand","Master of Strategy","testmod-EqualTreatment","DollysMirror","testmod-RainbowHikingShoes"],"campfire_rested":2,"item_purchase_floors":[4,4,12,12,20,20,22,29,29,38,38,38,52,52,52],"current_hp_per_floor":[61,61,61,61,61,61,61,59,59,61,61,61,61,61,61,61,66,66,66,66,66,66,66,66,66,66,66,66,66,66,66,66,66,68,68,68,68,68,68,68,68,68,68,68,68,68,68,68,68,68,68,68,68,68],"gold":3235,"neow_bonus":"UPGRADE_CARD","is_daily":false,"chose_seed":false,"campfire_upgraded":3,"win_rate":0.0,"timestamp":1611922026,"path_taken":["M","?","?","$","M","E","R","E","T","E","M","$","M","E","R","BOSS","M","M","$","M","?","E","R","E","T","?","M","$","E","$","R","BOSS","M","?","?","$","M","E","R","E","T","M","E","M","M","?","BOSS","R","$","E","BOSS"],"items_purchased_type":["Relic","Relic","Relic","Relic","Relic","Relic","Relic","Relic","Relic","Relic","Relic","Card","Relic","Relic","Relic"],"build_version":"2020-12-22","purchased_purges":6,"victory":true,"max_hp_per_floor":[68,68,68,68,68,68,68,68,68,68,68,68,68,68,68,68,68,68,68,68,68,68,68,68,68,68,68,68,68,68,68,68,68,68,68,68,68,68,68,68,68,68,68,68,68,68,68,68,68,68,68,68,68,68],"card_choices":[{"not_picked":["JustLucky","CutThroughFate"],"picked":"Tantrum","floor":1},{"not_picked":["Halt","PathToVictory","Pray"],"picked":"SKIP","floor":5},{"not_picked":["Consecrate","Halt","Study"],"picked":"SKIP","floor":6},{"not_picked":["Omniscience","SashWhip","WheelKick"],"picked":"SKIP","floor":8},{"not_picked":["FlyingSleeves","BowlingBash","BattleHymn"],"picked":"SKIP","floor":10},{"not_picked":["ClearTheMind","Adaptation","JustLucky"],"picked":"SKIP","floor":11},{"not_picked":["ClearTheMind","CutThroughFate","WreathOfFlame"],"picked":"SKIP","floor":13},{"not_picked":["CrushJoints","WreathOfFlame","FlurryOfBlows"],"picked":"SKIP","floor":14},{"not_picked":["Weave","Protect","EmptyFist"],"picked":"SKIP","floor":18},{"not_picked":["FearNoEvil","SashWhip","EmptyBody"],"picked":"SKIP","floor":19},{"not_picked":["BowlingBash","ClearTheMind","SashWhip"],"picked":"SKIP","floor":21},{"not_picked":["Wish","Crescendo","CutThroughFate"],"picked":"SKIP","floor":23},{"not_picked":["Worship","ReachHeaven+1","Wallop"],"picked":"SKIP","floor":25},{"not_picked":["Indignation","FollowUp+1","FlurryOfBlows"],"picked":"SKIP","floor":28},{"not_picked":["CutThroughFate","WindmillStrike+1","Indignation"],"picked":"SKIP","floor":30},{"not_picked":["JustLucky","Pray","Protect"],"picked":"SKIP","floor":35},{"not_picked":["FlyingSleeves","WreathOfFlame+1","JustLucky"],"picked":"SKIP","floor":37},{"not_picked":["FlyingSleeves","SignatureMove","TalkToTheHand"],"picked":"SKIP","floor":39},{"not_picked":["ClearTheMind+1","Conclude+1","FollowUp"],"picked":"SKIP","floor":40},{"not_picked":["SandsOfTime","Swivel","FearNoEvil"],"picked":"SKIP","floor":42},{"not_picked":["Evaluate","LikeWater+1","FollowUp"],"picked":"SKIP","floor":44},{"not_picked":["PathToVictory+1","Brilliance","ThirdEye"],"picked":"SKIP","floor":45},{"not_picked":["Sanctity","Consecrate+1","CrushJoints"],"picked":"SKIP","floor":46},{"not_picked":["Study","JustLucky","ClearTheMind"],"picked":"SKIP","floor":47},{"not_picked":["Collect","Weave","EmptyFist"],"picked":"SKIP","floor":53}],"player_experience":369550,"relics_obtained":[{"floor":6,"key":"testmod-BalancedPeriapt"},{"floor":8,"key":"CeramicFish"},{"floor":10,"key":"WingedGreaves"},{"floor":14,"key":"White Beast Statue"},{"floor":23,"key":"testmod-Hope"},{"floor":23,"key":"Art of War"},{"floor":25,"key":"testmod-LifeArmor"},{"floor":25,"key":"Pen Nib"},{"floor":26,"key":"Darkstone Periapt"},{"floor":30,"key":"testmod-Justice"},{"floor":30,"key":"Whetstone"},{"floor":40,"key":"Happy Flower"},{"floor":40,"key":"StrikeDummy"},{"floor":42,"key":"Bag of Preparation"},{"floor":42,"key":"Sundial"},{"floor":43,"key":"Letter Opener"},{"floor":45,"key":"Juzu Bracelet"},{"floor":45,"key":"Centennial Puzzle"},{"floor":53,"key":"Eternal Feather"},{"floor":53,"key":"testmod-OneHitWonder"}],"event_choices":[{"damage_healed":0,"gold_gain":400,"player_choice":"Sell","damage_taken":0,"max_hp_gain":0,"max_hp_loss":0,"event_name":"¶÷ÂåË¹µÄÅÌ×Ó","floor":2,"relics_lost":["testmod-TestBox"],"gold_loss":0},{"damage_healed":0,"gold_gain":0,"player_choice":"Upgraded","damage_taken":0,"max_hp_gain":0,"max_hp_loss":0,"event_name":"Upgrade Shrine","floor":3,"gold_loss":0,"cards_upgraded":["Tantrum"]},{"cards_removed":["Defend_P"],"damage_healed":0,"gold_gain":0,"player_choice":"Elegance","damage_taken":0,"max_hp_gain":0,"max_hp_loss":0,"event_name":"Back to Basics","floor":27,"gold_loss":0},{"damage_healed":0,"gold_gain":0,"player_choice":"0 cards matched","damage_taken":0,"max_hp_gain":0,"max_hp_loss":0,"event_name":"Match and Keep!","floor":36,"gold_loss":0,"cards_obtained":[]},{"damage_healed":0,"gold_gain":0,"player_choice":"Took Portal","damage_taken":0,"max_hp_gain":0,"max_hp_loss":0,"event_name":"SecretPortal","floor":48,"gold_loss":0}],"is_beta":false,"boss_relics":[{"not_picked":["Pandora\u0027s Box","Busted Crown"],"picked":"Black Star"},{"not_picked":["testmod-Prudence","testmod-StringDisintegrator"],"picked":"Fusion Hammer"}],"items_purged_floors":[4,12,20,31,38,52],"is_endless":false,"potions_floor_spawned":[5,6,8,16,18,19,21,23,25,28,30,33,35,37,39,40,42,44,45,46,47,53],"ascension_level":17}}