{"host":"7tvb1em0d2fx72q7","time":1611891452,"event":{"mods":["BaseMod","Challenge The Spire","Minty Spire (QoL Compilation)","StSLib","everything is the same but u backflip on backflip"],"gold_per_floor":[115,115,131,147,159,187,187,187,187],"floor_reached":8,"language":"ENG","playtime":556,"items_purged":[],"score":116,"play_id":"b491b6e3-5917-4191-badb-fedfdde1bafe","local_time":"20210128223732","is_ascension_mode":true,"campfire_choices":[{"data":"Heavy Blade","floor":7,"key":"SMITH"}],"circlet_count":0,"master_deck":["AscendersBane","Strike_R","Strike_R","Strike_R","Strike_R","Strike_R","Defend_R","Defend_R","Defend_R","Defend_R","Bash","Heavy Blade+1","Regret","Shrug It Off","Cleave","True Grit","Sever Soul"],"relics":["Burning Blood","Du-Vu Doll","Question Card","Orichalcum"],"acts_visited":["Exordium"],"potions_floor_usage":[6],"damage_taken":[{"damage":0,"enemies":"Small Slimes","floor":1,"turns":4},{"damage":5,"enemies":"2 Louse","floor":3,"turns":3},{"damage":0,"enemies":"Cultist","floor":4,"turns":2},{"damage":4,"enemies":"Looter","floor":5,"turns":4},{"damage":50,"enemies":"Lagavulin","floor":6,"turns":8},{"damage":24,"enemies":"3 Sentries","floor":8,"turns":4}],"seed_played":"-7627865325280392551","potions_obtained":[{"floor":5,"key":"AttackPotion"},{"floor":6,"key":"FearPotion"}],"is_trial":false,"path_per_floor":["M","?","M","M","M","E","R","E"],"character_chosen":"IRONCLAD","items_purchased":[],"campfire_rested":0,"item_purchase_floors":[],"current_hp_per_floor":[56,56,57,63,65,21,21,0,0],"gold":187,"neow_bonus":"ONE_RARE_RELIC","is_daily":false,"chose_seed":false,"campfire_upgraded":1,"win_rate":0.0,"timestamp":1611891452,"path_taken":["M","?","M","M","M","E","R","E"],"items_purchased_type":[],"build_version":"2020-12-22","purchased_purges":0,"victory":false,"max_hp_per_floor":[75,75,75,75,75,75,75,75,75],"card_choices":[{"not_picked":["Shrug It Off","Carnage"],"picked":"Heavy Blade","floor":1},{"not_picked":["Wild Strike","Carnage","Pommel Strike"],"picked":"Shrug It Off","floor":3},{"not_picked":["Clothesline","Havoc","True Grit"],"picked":"Cleave","floor":4},{"not_picked":["Headbutt","Bloodletting","Rampage"],"picked":"True Grit","floor":5},{"not_picked":["Carnage","Inflame","Uppercut"],"picked":"Sever Soul","floor":6}],"player_experience":1975929,"relics_obtained":[{"floor":6,"key":"Orichalcum"}],"event_choices":[{"damage_healed":0,"gold_gain":0,"player_choice":"Box","damage_taken":0,"relics_obtained":["Question Card"],"max_hp_gain":0,"max_hp_loss":0,"event_name":"Big Fish","floor":2,"gold_loss":0,"cards_obtained":["Regret"]}],"is_beta":false,"boss_relics":[],"items_purged_floors":[],"is_endless":false,"potions_floor_spawned":[5,6],"killed_by":"3 Sentries","ascension_level":20}}