{"host":"la6bditmvqslv607","time":1611897496,"event":{"mods":["Act Like it!","Aspiration","BaseMod","Conspire","GungeonMod","Halation","Hubris","Infinite Spire","Minty Spire (QoL Compilation)","RatMod","Reliquary","Replay The Spire","Small Relic Pack","StSLib","The Jungle","The Wild Card","Trackpad","Wandering Minibosses"],"gold_per_floor":[118,132,132,151,168,168,180,180,180,215,229,249,263,263,263,359,359,369,76,90,105,105,105],"floor_reached":22,"language":"ENG","playtime":1679,"items_purged":[],"score":192,"play_id":"78c8413c-d4bb-4c71-80e3-288863de842c","local_time":"20210129131816","is_ascension_mode":false,"campfire_choices":[{"data":"theWildCard:Arsene","floor":6,"key":"SMITH"},{"floor":8,"key":"REST"},{"floor":15,"key":"REST"}],"circlet_count":0,"master_deck":["theWildCard:BasicStrike","theWildCard:BasicStrike","theWildCard:BasicStrike","theWildCard:BasicStrike","theWildCard:BasicDefend","theWildCard:BasicDefend","theWildCard:BasicDefend","theWildCard:BasicDefend","theWildCard:CallToAdventure","theWildCard:Arsene+1","theWildCard:Polydeuces","theWildCard:ArcaneArts","theWildCard:SeveringSlash","theWildCard:PaleRider","theWildCard:ArcanaArtistry","theWildCard:BladeOfGenerations+1","theWildCard:PowerOfTheArcana","theWildCard:Proficiency","theWildCard:MagicalMight","theWildCard:TheArcanaUnleashed","theWildCard:AllOutAttack","theWildCard:Michael","theWildCard:UnendingRitual","theWildCard:StingingStrike"],"relics":["theWildCard:VelvetContract","infinitespire:BottledMercury","conspire:Boomerang","theWildCard:Wildcard","Frozen Egg 2","DemoMod:GlassGuonStoneRelic"],"acts_visited":["Exordium","Exordium"],"potions_floor_usage":[10,12,12,16],"damage_taken":[{"damage":0.0,"enemies":"Small Slimes","floor":1.0,"turns":3.0},{"damage":17.0,"enemies":"Cultist","floor":2.0,"turns":6.0},{"damage":8,"enemies":"Jaw Worm","floor":4,"turns":4},{"damage":16,"enemies":"Exordium Thugs","floor":5,"turns":7},{"damage":4,"enemies":"Looter","floor":7,"turns":5},{"damage":13,"enemies":"3 Sentries","floor":10,"turns":9},{"damage":3,"enemies":"Lots of Slimes","floor":11,"turns":4},{"damage":0,"enemies":"2 Fungi Beasts","floor":12,"turns":5},{"damage":0,"enemies":"Blue Slaver","floor":13,"turns":3},{"damage":14,"enemies":"Hexaghost","floor":16,"turns":9},{"damage":46,"enemies":"Shell Parasite","floor":18,"turns":5},{"damage":7,"enemies":"theJungle:GiantWrat","floor":20,"turns":3},{"damage":12,"enemies":"theJungle:2_Snecko_Cultists","floor":21,"turns":4},{"damage":3,"enemies":"theJungle:Snecko_Cultist_And_Trap","floor":22,"turns":1}],"seed_played":"1440193064121969029","potions_obtained":[{"floor":2,"key":"LiquidBronze"},{"floor":4,"key":"Explosive Potion"},{"floor":7,"key":"SteroidPotion"},{"floor":10,"key":"SpeedPotion"},{"floor":12,"key":"AttackPotion"},{"floor":21,"key":"DemoMod:LeadSkinPotion"}],"is_trial":false,"path_per_floor":["M","M","?","M","M","R","M","R","T","E","M","M","M","?","R","B",null,"M","$","M","M","M"],"character_chosen":"THE_WILD_CARD","items_purchased":["Frozen Egg 2","theWildCard:Michael"],"campfire_rested":2,"item_purchase_floors":[19,19],"current_hp_per_floor":[66,49,49,41,25,25,21,40,40,27,24,24,24,24,43,29,66,20,20,13,1,0,0],"gold":105,"neow_bonus":"TEN_PERCENT_HP_BONUS","is_daily":false,"chose_seed":false,"campfire_upgraded":1,"win_rate":0.0,"timestamp":1611897496,"path_taken":["M","M","?","?","M","R","M","R","T","E","M","M","M","?","R","BOSS","M","$","M","M","M"],"items_purchased_type":["Relic","Card"],"build_version":"2020-12-22","purchased_purges":0,"victory":false,"max_hp_per_floor":[66,66,66,66,66,66,66,66,66,66,66,66,66,66,66,66,66,66,66,66,66,66,66],"card_choices":[{"not_picked":["theWildCard:Proficiency","theWildCard:PaleRider"],"picked":"theWildCard:Polydeuces","floor":1.0},{"not_picked":["theWildCard:StingingStrike","theWildCard:Polydeuces"],"picked":"theWildCard:ArcaneArts","floor":2},{"not_picked":["theWildCard:StingingStrike","theWildCard:Patience"],"picked":"theWildCard:SeveringSlash","floor":4},{"not_picked":["theWildCard:Sakuya","theWildCard:BladeOfGenerations"],"picked":"theWildCard:PaleRider","floor":5},{"not_picked":["theWildCard:MagicMettle","theWildCard:ShieldOfMany"],"picked":"theWildCard:ArcanaArtistry","floor":7},{"not_picked":["theWildCard:ArcaneArts","theWildCard:Abstinence"],"picked":"theWildCard:BladeOfGenerations","floor":10},{"not_picked":["theWildCard:Sakuya","theWildCard:SacrificialStroke"],"picked":"theWildCard:PowerOfTheArcana","floor":11},{"not_picked":["theWildCard:Polydeuces","theWildCard:Unburden"],"picked":"theWildCard:Proficiency","floor":12},{"not_picked":["theWildCard:ArcaneArts","theWildCard:Unburden"],"picked":"theWildCard:MagicalMight","floor":13},{"not_picked":["theWildCard:FinalHour","theWildCard:Desolation"],"picked":"theWildCard:TheArcanaUnleashed","floor":16},{"not_picked":["theWildCard:PaleRider","theWildCard:StalwartBlade+1"],"picked":"theWildCard:AllOutAttack","floor":18},{"not_picked":["theWildCard:Attunement+1","theWildCard:Loki"],"picked":"theWildCard:UnendingRitual","floor":20},{"not_picked":["theWildCard:ArchaicAssault","theWildCard:Michael"],"picked":"theWildCard:StingingStrike","floor":21}],"player_experience":27999,"relics_obtained":[{"floor":9,"key":"infinitespire:BottledMercury"},{"floor":10,"key":"conspire:Boomerang"}],"event_choices":[{"damage_healed":0,"gold_gain":0,"player_choice":"Ignored","damage_taken":0,"max_hp_gain":0,"max_hp_loss":0,"event_name":"Transmorgrifier","floor":3,"gold_loss":0},{"damage_healed":0,"gold_gain":0,"player_choice":"Upgraded","damage_taken":0,"max_hp_gain":0,"max_hp_loss":0,"event_name":"Upgrade Shrine","floor":14,"gold_loss":0,"cards_upgraded":["theWildCard:BladeOfGenerations"]}],"is_beta":false,"boss_relics":[{"not_picked":["hubris:VirtuousBlindfold","Empty Cage"],"picked":"theWildCard:Wildcard"}],"items_purged_floors":[],"is_endless":false,"potions_floor_spawned":[2,4,7,10,12,21],"killed_by":"theJungle:Snecko_Cultist_And_Trap","ascension_level":0}}