{"host":"hkj1blq6xqcrzx6o","time":1611932369,"event":{"mods":["BaseMod","Downfall","Marisa£®ÏF”Í°°ƒß¿Ì…≥£©","Minty Spire (QoL Compilation)","Reimu£®≤©¿ˆ¡È√Œ£©","Remilia£®¿Ÿ√◊¿Ú—«£©","Replay The Spire","StSLib","The Cursed","The Senshi","The Servant 0.9.4"],"gold_per_floor":[113,145,157,157,157,157,172,73,73,83,83,30,45,15,15,15,15],"floor_reached":16,"language":"ZHS","playtime":707,"items_purged":[],"score":115,"play_id":"3974ab17-5ee2-4674-bd42-4d7df77dc121","local_time":"20210129225929","is_ascension_mode":false,"campfire_choices":[{"data":"Authority:ReiMu","floor":6,"key":"SMITH"},{"floor":15,"key":"REST"}],"circlet_count":0,"master_deck":["Strike_Lin:ReiMu","Strike_Lin:ReiMu","Strike_Lin:ReiMu","Strike_Lin:ReiMu","Defend_Lin:ReiMu","Defend_Lin:ReiMu","Defend_Lin:ReiMu","Defend_Lin:ReiMu","NB:ReiMu","Stagnation:ReiMu","Conquer:ReiMu","CollectionFlower2:ReiMu","YinYangSange:ReiMu","downfall:Haunted","Decay","Authority:ReiMu+1","TightArray:ReiMu","InherentArray:ReiMu","OrbThrow:ReiMu","Amulet:ReiMu","AlertArray:ReiMu","MikOfLucky:ReiMu","Free:ReiMu"],"relics":["FlyPower:ReiMu","NeowsBlessing","Darkstone Periapt","Potion Belt"],"acts_visited":["Exordium"],"potions_floor_usage":[16,16],"damage_taken":[{"damage":0,"enemies":"Small Slimes","floor":1,"turns":2},{"damage":0,"enemies":"Jaw Worm","floor":3,"turns":1},{"damage":0,"enemies":"2 Louse","floor":7,"turns":1},{"damage":27,"enemies":"Blue Slaver","floor":10,"turns":6},{"damage":15,"enemies":"Exordium Wildlife","floor":13,"turns":4},{"damage":8,"enemies":"Looter","floor":14,"turns":4},{"damage":36,"enemies":"Fading Forest","floor":16,"turns":7}],"seed_played":"-207078814113458748","potions_obtained":[{"floor":1,"key":"Strength Potion"},{"floor":2,"key":"Fire Potion"},{"floor":2,"key":"PowerPotion"},{"floor":10,"key":"Weak Potion"}],"is_trial":false,"path_per_floor":["M","?","M","?","?","R","M","$","T","M","?","$","M","M","R","B"],"character_chosen":"REIMU","items_purchased":["InherentArray:ReiMu","OrbThrow:ReiMu","AlertArray:ReiMu"],"campfire_rested":1,"item_purchase_floors":[8,8,12],"current_hp_per_floor":[65,49,49,67,60,60,60,60,60,33,33,33,18,10,34,0,0],"gold":15,"neow_bonus":"THREE_ENEMY_KILL","is_daily":false,"chose_seed":false,"campfire_upgraded":1,"win_rate":0.0,"timestamp":1611932369,"path_taken":["M","?","M","?","?","R","M","$","T","M","?","$","M","?","R","BOSS"],"items_purchased_type":["Card","Card","Card"],"build_version":"2020-12-22","purchased_purges":0,"victory":false,"max_hp_per_floor":[65,65,65,83,83,83,83,83,83,83,83,83,83,83,83,83,83],"card_choices":[{"not_picked":["NineCharacters:ReiMu","FantasyBorder:ReiMu"],"picked":"Conquer:ReiMu","floor":1},{"not_picked":["RainPray2:ReiMu","Meditation:ReiMu"],"picked":"CollectionFlower2:ReiMu","floor":2},{"not_picked":["BarrageOfMoneybags:ReiMu","WonderfulDomain:ReiMu"],"picked":"YinYangSange:ReiMu","floor":3},{"not_picked":["SpreadBorder2:ReiMu","Intuition:ReiMu"],"picked":"TightArray:ReiMu","floor":7},{"not_picked":["Intuition:ReiMu","SafetyPray:ReiMu"],"picked":"Amulet:ReiMu","floor":10},{"not_picked":["DoubleButterfly:ReiMu","Amulet:ReiMu"],"picked":"MikOfLucky:ReiMu","floor":13},{"not_picked":["SubcavityInstant:ReiMu","SpringWay:ReiMu"],"picked":"Free:ReiMu","floor":14}],"player_experience":15227,"relics_obtained":[{"floor":9,"key":"Potion Belt"}],"event_choices":[{"cards_removed":["downfall:Haunted"],"damage_healed":0,"gold_gain":0,"player_choice":"Card Removal","damage_taken":7,"max_hp_gain":0,"max_hp_loss":0,"event_name":"Golden Wing","floor":5,"gold_loss":0},{"damage_healed":0,"gold_gain":0,"player_choice":"Ignored","damage_taken":0,"max_hp_gain":0,"max_hp_loss":0,"event_name":"Liars Game","floor":11,"gold_loss":0}],"is_beta":false,"boss_relics":[],"items_purged_floors":[],"is_endless":false,"potions_floor_spawned":[1,7,10],"killed_by":"Fading Forest","ascension_level":0}}