{"host":"59fzh68erzs7h44i","time":1611956982,"event":{"mods":["AchievementEnabler","BaseMod","Downfall","Minty Spire (QoL Compilation)","StSLib","The Jungle"],"gold_per_floor":[117,117,117,42,42,70,90,103,149,23,84,84,104,115,115,210,210,221,221,240,257,257,289,301,313,325,337,367,454,480,502,514,526,526],"floor_reached":33,"language":"ENG","playtime":1171,"items_purged":["Defend_P"],"score":317,"play_id":"4c4e8ee3-f713-4949-8a6d-6bdb1ebefa9f","local_time":"20210129164942","is_ascension_mode":false,"campfire_choices":[{"data":"Crescendo","floor":15,"key":"SMITH"},{"data":"Adaptation","floor":24,"key":"SMITH"},{"floor":32,"key":"REST"}],"circlet_count":0,"master_deck":["Strike_P","Strike_P","Strike_P","Strike_P","Defend_P","Defend_P","Eruption","Vigilance","EmptyBody","Consecrate","EmptyFist","InnerPeace","FlurryOfBlows","Judgement","CutThroughFate","Crescendo+1","FlurryOfBlows","Judgement","CurseOfTheBell","SashWhip+1","FlurryOfBlows","FlurryOfBlows","Adaptation+1","Vengeance","EmptyFist+1"],"relics":["PureWater","NeowsBlessing","Blood Vial","Smiling Mask","Bag of Marbles","Singing Bowl","Calling Bell","Bronze Scales","Mummified Hand","Gambling Chip","MawBank","Frozen Egg 2"],"acts_visited":["Exordium","TheCity"],"potions_floor_usage":[11,16,23,33,33,33],"damage_taken":[{"damage":0,"enemies":"2 Louse","floor":1,"turns":1},{"damage":0,"enemies":"Lagavulin","floor":6,"turns":1},{"damage":0,"enemies":"Jaw Worm","floor":7,"turns":1},{"damage":1,"enemies":"Cultist","floor":8,"turns":3},{"damage":7,"enemies":"Lagavulin Event","floor":11,"turns":3},{"damage":0,"enemies":"Blue Slaver","floor":13,"turns":1},{"damage":0,"enemies":"Looter","floor":14,"turns":1},{"damage":14,"enemies":"Slime Boss","floor":16,"turns":10},{"damage":0,"enemies":"Spheric Guardian","floor":18,"turns":1},{"damage":3,"enemies":"2 Thieves","floor":20,"turns":2},{"damage":1,"enemies":"3 Cultists","floor":21,"turns":3},{"damage":20,"enemies":"Slavers","floor":23,"turns":2},{"damage":27,"enemies":"Shelled Parasite and Fungi","floor":28,"turns":3},{"damage":16,"enemies":"Snake Plant","floor":30,"turns":3},{"damage":2,"enemies":"3 Cultists","floor":31,"turns":3},{"damage":95,"enemies":"Collector","floor":33,"turns":5}],"seed_played":"4951483868064839157","potions_obtained":[{"floor":6,"key":"Swift Potion"},{"floor":7,"key":"Strength Potion"},{"floor":8,"key":"bronze:BurnAndBuffPotion"},{"floor":16,"key":"AttackPotion"},{"floor":20,"key":"Dexterity Potion"},{"floor":23,"key":"Explosive Potion"},{"floor":30,"key":"BottledMiracle"}],"is_trial":false,"path_per_floor":["M","?","T","$","?","E","M","M","T","$","?","?","M","M","R","B",null,"M","?","M","M","?","E","R","?","T","?","M","?","M","M","R","B"],"character_chosen":"WATCHER","items_purchased":["FlurryOfBlows","Judgement"],"campfire_rested":1,"item_purchase_floors":[10,10],"current_hp_per_floor":[72,77,77,77,77,77,77,76,76,76,70,70,72,74,74,62,77,77,77,74,77,77,59,59,59,59,59,34,27,15,17,41,0,0],"gold":526,"neow_bonus":"THREE_ENEMY_KILL","is_daily":false,"chose_seed":false,"campfire_upgraded":2,"win_rate":0.0,"timestamp":1611956982,"path_taken":["M","?","?","$","?","E","?","M","T","$","?","?","?","M","R","BOSS","M","?","?","M","?","E","R","?","T","?","M","?","M","M","R","BOSS"],"items_purchased_type":["Card","Card"],"build_version":"2020-12-22","purchased_purges":1,"victory":false,"max_hp_per_floor":[72,77,77,77,77,77,77,77,77,77,77,77,77,77,77,77,77,77,77,77,79,79,79,79,79,79,79,79,79,81,83,83,83,83],"card_choices":[{"not_picked":["JustLucky","Fasting2"],"picked":"EmptyBody","floor":1},{"not_picked":["WaveOfTheHand","Perseverance"],"picked":"Consecrate","floor":6},{"not_picked":["PathToVictory","Crescendo"],"picked":"EmptyFist","floor":7},{"not_picked":["JustLucky","Meditate"],"picked":"InnerPeace","floor":8},{"not_picked":["Worship","PathToVictory"],"picked":"CutThroughFate","floor":11},{"not_picked":["SashWhip","BattleHymn"],"picked":"Crescendo","floor":13},{"not_picked":["BowlingBash","Consecrate"],"picked":"FlurryOfBlows","floor":14},{"not_picked":["ConjureBlade","Blasphemy"],"picked":"Judgement","floor":16},{"not_picked":["Evaluate","ThirdEye+1"],"picked":"SashWhip+1","floor":18},{"not_picked":["Devotion","Perseverance"],"picked":"FlurryOfBlows","floor":20},{"not_picked":["Sanctity","Collect","WindmillStrike"],"picked":"Singing Bowl","floor":21},{"not_picked":["Worship","Wallop"],"picked":"Vengeance","floor":23},{"not_picked":["Protect+1","PathToVictory"],"picked":"EmptyFist+1","floor":28},{"not_picked":["Protect","TalkToTheHand+1","EmptyBody+1"],"picked":"Singing Bowl","floor":30},{"not_picked":["Crescendo","SashWhip+1","JustLucky"],"picked":"Singing Bowl","floor":31}],"player_experience":188110,"relics_obtained":[{"floor":3,"key":"Blood Vial"},{"floor":6,"key":"Smiling Mask"},{"floor":9,"key":"Bag of Marbles"},{"floor":11,"key":"Singing Bowl"},{"floor":17,"key":"Bronze Scales"},{"floor":17,"key":"Mummified Hand"},{"floor":17,"key":"Gambling Chip"},{"floor":23,"key":"MawBank"},{"floor":26,"key":"Frozen Egg 2"}],"event_choices":[{"damage_healed":0,"gold_gain":0,"player_choice":"Donut","damage_taken":0,"max_hp_gain":5,"max_hp_loss":0,"event_name":"Big Fish","floor":2,"gold_loss":0},{"cards_removed":["Defend_P"],"damage_healed":0,"gold_gain":0,"player_choice":"Offered Basic","damage_taken":0,"max_hp_gain":0,"max_hp_loss":0,"event_name":"Bonfire Elementals","floor":5,"gold_loss":0},{"damage_healed":0,"gold_gain":30,"player_choice":"Searched \u00272\u0027 times","damage_taken":0,"max_hp_gain":0,"max_hp_loss":0,"event_name":"Dead Adventurer","floor":11,"gold_loss":0},{"damage_healed":0,"gold_gain":0,"player_choice":"Ignored","damage_taken":0,"max_hp_gain":0,"max_hp_loss":0,"event_name":"NoteForYourself","floor":12,"gold_loss":0},{"damage_healed":0,"gold_gain":0,"player_choice":"Copied","damage_taken":0,"max_hp_gain":0,"max_hp_loss":0,"event_name":"Duplicator","floor":19,"gold_loss":0,"cards_obtained":["FlurryOfBlows"]},{"damage_healed":0,"gold_gain":0,"player_choice":"Read","damage_taken":0,"max_hp_gain":0,"max_hp_loss":0,"event_name":"The Library","floor":22,"gold_loss":0,"cards_obtained":["Adaptation"]},{"damage_healed":0,"gold_gain":0,"player_choice":"Ignored","damage_taken":0,"max_hp_gain":0,"max_hp_loss":0,"event_name":"Cursed Tome","floor":25,"gold_loss":0},{"damage_healed":0,"gold_gain":0,"player_choice":"Ignored","damage_taken":0,"max_hp_gain":0,"max_hp_loss":0,"event_name":"The Mausoleum","floor":27,"gold_loss":0},{"damage_healed":0,"gold_gain":75,"player_choice":"Touch","damage_taken":7,"max_hp_gain":0,"max_hp_loss":0,"event_name":"FaceTrader","floor":29,"gold_loss":0}],"is_beta":false,"boss_relics":[{"not_picked":["Ectoplasm","Runic Pyramid"],"picked":"Calling Bell"}],"items_purged_floors":[4],"is_endless":false,"potions_floor_spawned":[6,7,8,16,20,23,30],"killed_by":"Collector","ascension_level":0}}