{"host":"snjtcuf7krqplf70","time":1611946587,"event":{"mods":["AchievementEnabler","BaseMod","Colored Map","Colored Powertips","Minty Spire (QoL Compilation)","StSLib"],"gold_per_floor":[413,427,502,452,69,97,117,117,144,144,17,44,44,60,60,157,157,140,155,175,75,86,86,106,119,119,119,119],"floor_reached":27,"language":"ENG","playtime":1743,"items_purged":["Strike_P","Defend_P"],"score":236,"play_id":"4f880c92-4a0b-43ba-9585-98a381a6f28e","local_time":"20210129105627","is_ascension_mode":true,"campfire_choices":[{"data":"Establishment","floor":10,"key":"SMITH"},{"data":"1","floor":13,"key":"LIFT"},{"floor":15,"key":"REST"},{"data":"2","floor":23,"key":"LIFT"}],"circlet_count":0,"master_deck":["Strike_P","Defend_P+1","Defend_P","Eruption","Vigilance+1","WheelKick","FlurryOfBlows","EmptyFist","WindmillStrike","Establishment+1","BattleHymn","FlurryOfBlows","ThirdEye","FlurryOfBlows","Devotion","Perseverance+1","JustLucky+1","Perseverance+1","FlyingSleeves+1"],"relics":["PureWater","Old Coin","Shuriken","War Paint","Omamori","Girya","Empty Cage"],"acts_visited":["Exordium","TheCity"],"potions_floor_usage":[6,16,16,22],"damage_taken":[{"damage":21,"enemies":"Jaw Worm","floor":1,"turns":5},{"damage":0,"enemies":"Small Slimes","floor":2,"turns":3},{"damage":13,"enemies":"Lagavulin","floor":6,"turns":4},{"damage":0,"enemies":"2 Louse","floor":7,"turns":2},{"damage":10,"enemies":"3 Sentries","floor":12,"turns":4},{"damage":0,"enemies":"2 Fungi Beasts","floor":14,"turns":3},{"damage":17,"enemies":"The Guardian","floor":16,"turns":8},{"damage":20,"enemies":"2 Thieves","floor":18,"turns":4},{"damage":5,"enemies":"Shell Parasite","floor":19,"turns":3},{"damage":9,"enemies":"Shelled Parasite and Fungi","floor":20,"turns":5},{"damage":24,"enemies":"Snecko","floor":22,"turns":6},{"damage":10,"enemies":"Snake Plant","floor":24,"turns":4},{"damage":1,"enemies":"3 Cultists","floor":25,"turns":3}],"seed_played":"-3372910724113274373","potions_obtained":[{"floor":2,"key":"Weak Potion"},{"floor":6,"key":"Dexterity Potion"},{"floor":14,"key":"Ancient Potion"},{"floor":20,"key":"Block Potion"},{"floor":25,"key":"LiquidBronze"}],"is_trial":false,"path_per_floor":["M","M","?","?","$","E","M","?","T","R","$","E","R","M","R","B",null,"M","M","M","$","M","R","M","M","T","?"],"character_chosen":"WATCHER","items_purchased":["Shuriken","EmptyFist","BattleHymn","FlurryOfBlows"],"campfire_rested":1,"item_purchase_floors":[5,5,11,11],"current_hp_per_floor":[51,51,40,40,40,27,27,27,27,27,27,17,17,17,38,21,72,52,47,38,38,14,14,4,3,3,0,0],"gold":119,"neow_bonus":"ONE_RARE_RELIC","is_daily":false,"chose_seed":false,"campfire_upgraded":1,"win_rate":0.0,"timestamp":1611946587,"path_taken":["M","M","?","?","$","E","M","?","T","R","$","E","R","M","R","BOSS","M","M","M","$","M","R","M","M","T","?"],"items_purchased_type":["Relic","Card","Card","Card"],"build_version":"2020-12-22","purchased_purges":2,"victory":false,"max_hp_per_floor":[72,72,72,72,72,72,72,72,72,72,72,72,72,72,72,72,72,72,72,72,72,72,72,72,72,72,77,77],"card_choices":[{"not_picked":["EmptyBody","Wireheading"],"picked":"WheelKick","floor":1},{"not_picked":["CrushJoints","Consecrate"],"picked":"FlurryOfBlows","floor":2},{"not_picked":["FlyingSleeves","Evaluate"],"picked":"WindmillStrike","floor":6},{"not_picked":["PathToVictory","Evaluate"],"picked":"Establishment","floor":7},{"not_picked":["Crescendo","LikeWater"],"picked":"ThirdEye","floor":12},{"not_picked":["CrushJoints","FollowUp"],"picked":"FlurryOfBlows","floor":14},{"not_picked":["Vault","Omniscience"],"picked":"Devotion","floor":16},{"not_picked":["Halt","ClearTheMind"],"picked":"Perseverance+1","floor":18},{"not_picked":["PathToVictory","FlyingSleeves"],"picked":"JustLucky+1","floor":19},{"not_picked":["ReachHeaven","InnerPeace+1"],"picked":"Perseverance+1","floor":20},{"not_picked":["CutThroughFate","TalkToTheHand","EmptyFist"],"picked":"SKIP","floor":22},{"not_picked":["Prostrate","ClearTheMind+1","Establishment"],"picked":"SKIP","floor":24},{"not_picked":["CrushJoints","BowlingBash"],"picked":"FlyingSleeves+1","floor":25}],"player_experience":139292,"relics_obtained":[{"floor":6,"key":"War Paint"},{"floor":9,"key":"Omamori"},{"floor":12,"key":"Girya"}],"event_choices":[{"damage_healed":0,"gold_gain":75,"player_choice":"Gather Gold","damage_taken":11,"max_hp_gain":0,"max_hp_loss":0,"event_name":"World of Goop","floor":3,"gold_loss":0},{"cards_removed":["Normality"],"damage_healed":0,"gold_gain":0,"player_choice":"Card Removal","damage_taken":0,"max_hp_gain":0,"max_hp_loss":0,"event_name":"The Cleric","floor":4,"gold_loss":50},{"cards_removed":["Strike_P"],"damage_healed":0,"gold_gain":0,"player_choice":"Forget","damage_taken":0,"max_hp_gain":0,"max_hp_loss":0,"event_name":"Living Wall","floor":8,"gold_loss":0}],"is_beta":false,"boss_relics":[{"not_picked":["Tiny House","HolyWater"],"picked":"Empty Cage"}],"items_purged_floors":[5,21],"is_endless":false,"potions_floor_spawned":[2,6,14,20,25],"ascension_level":1}}