{"host":"u1dfzl6o6mfmauc3","time":1611911053,"event":{"mods":["2.2 Compatiblity","AchievementEnabler","BaseMod","Bestiary","Block Reminder","Challenge The Spire","Colored Map","Dark Map","Hermit","Minty Spire (QoL Compilation)","Random Character Button","Rare Cards Sparkle","Relic Stats","Robot Space Explorer","StSLib","The Disciple"],"gold_per_floor":[114,189,189,189,2,32,32,59,59,59,89,106,120,60,60,165,165,180,62,62,73,73,73,73,73],"floor_reached":24,"language":"ENG","playtime":1014,"items_purged":["Decay"],"score":273,"play_id":"eddb2e77-e4de-4f5f-90ae-d9c5a7ea9366","local_time":"20210129040413","is_ascension_mode":true,"campfire_choices":[{"data":"Apotheosis","floor":7,"key":"SMITH"},{"floor":10,"key":"REST"},{"floor":15,"key":"REST"},{"floor":23,"key":"REST"}],"circlet_count":0,"master_deck":["RobotSpaceExplorer:Strike+1","RobotSpaceExplorer:Strike","RobotSpaceExplorer:Strike","RobotSpaceExplorer:Defend","RobotSpaceExplorer:Defend","RobotSpaceExplorer:Defend","RobotSpaceExplorer:Defend","RobotSpaceExplorer:Scan","RobotSpaceExplorer:MiniLasers","RobotSpaceExplorer:FranticSearch","Apotheosis+1","RobotSpaceExplorer:ImprovisedAttack+1","RobotSpaceExplorer:Counterblock","RobotSpaceExplorer:MiniDrones","RobotSpaceExplorer:MakeshiftVolley","RobotSpaceExplorer:Calculate","RobotSpaceExplorer:TrailblazerForm","RobotSpaceExplorer:Fix+1"],"relics":["Cursed Key","Darkstone Periapt","Kunai","The Courier","Whetstone","Black Star","Vajra"],"acts_visited":["Exordium","TheCity"],"potions_floor_usage":[11,12,16,24],"damage_taken":[{"damage":0,"enemies":"2 Louse","floor":1,"turns":3},{"damage":18,"enemies":"3 Sentries","floor":6,"turns":11},{"damage":56,"enemies":"Gremlin Nob","floor":8,"turns":5},{"damage":7,"enemies":"3 Sentries","floor":11,"turns":10},{"damage":0,"enemies":"Cultist","floor":12,"turns":3},{"damage":6,"enemies":"Jaw Worm","floor":13,"turns":2},{"damage":41,"enemies":"Slime Boss","floor":16,"turns":9},{"damage":32,"enemies":"2 Thieves","floor":18,"turns":5},{"damage":12,"enemies":"Chosen","floor":21,"turns":5},{"damage":43,"enemies":"Gremlin Leader","floor":24,"turns":7}],"seed_played":"537212338653224496","potions_obtained":[{"floor":8,"key":"AttackPotion"},{"floor":11,"key":"Fire Potion"},{"floor":12,"key":"Swift Potion"},{"floor":18,"key":"SkillPotion"}],"is_trial":false,"path_per_floor":["M","?","?","?","$","E","R","E","T","R","E","M","M","$","R","B",null,"M","$","?","M","?","R","E"],"character_chosen":"RobotSpaceExplorer","items_purchased":["Apotheosis","Vajra"],"campfire_rested":3,"item_purchase_floors":[5,19],"current_hp_per_floor":[68,57,50,75,75,57,57,1,7,31,24,24,18,18,42,1,61,29,29,14,8,8,33,0,0],"gold":73,"neow_bonus":"BOSS_RELIC","is_daily":false,"chose_seed":false,"campfire_upgraded":1,"win_rate":0.0,"timestamp":1611911053,"path_taken":["M","?","?","?","$","E","R","E","T","R","E","M","?","?","R","BOSS","M","$","?","M","?","R","E"],"items_purchased_type":["Card","Relic"],"build_version":"2020-12-22","purchased_purges":1,"victory":false,"max_hp_per_floor":[75,75,75,75,75,75,75,75,81,81,81,81,81,81,81,81,81,81,81,86,86,86,86,86,86],"relic_stats":{"Darkstone Periapt":6,"counters":[10,60],"Black Star":0,"Kunai":[15],"Whetstone":["RobotSpaceExplorer:Strike","RobotSpaceExplorer:ImprovisedAttack"],"Cursed Key":1,"obtain_stats":[{"Darkstone Periapt":6,"Vajra":19,"RobotSpaceExplorer:RoboCore":0,"The Courier":9,"Black Star":17,"Kunai":8,"Whetstone":11,"Cursed Key":0},{"Darkstone Periapt":2,"Vajra":8,"RobotSpaceExplorer:RoboCore":0,"The Courier":3,"Black Star":7,"Kunai":3,"Whetstone":4,"Cursed Key":0},{"Darkstone Periapt":14,"Vajra":48,"RobotSpaceExplorer:RoboCore":0,"The Courier":19,"Black Star":43,"Kunai":19,"Whetstone":29,"Cursed Key":0}]},"card_choices":[{"not_picked":["RobotSpaceExplorer:SurgingShield","RobotSpaceExplorer:SurgingStrike"],"picked":"RobotSpaceExplorer:FranticSearch","floor":1},{"not_picked":["RobotSpaceExplorer:PowerCollector","RobotSpaceExplorer:SlimeMissile"],"picked":"RobotSpaceExplorer:ImprovisedAttack","floor":6},{"not_picked":["RobotSpaceExplorer:SurgingStrike","RobotSpaceExplorer:FrostMissile"],"picked":"RobotSpaceExplorer:Counterblock","floor":8},{"not_picked":["RobotSpaceExplorer:SurgingStrike","RobotSpaceExplorer:SurgingShield"],"picked":"RobotSpaceExplorer:MiniDrones","floor":11},{"not_picked":["RobotSpaceExplorer:ShovelStrike","RobotSpaceExplorer:ScrapToss"],"picked":"RobotSpaceExplorer:MakeshiftVolley","floor":12},{"not_picked":["RobotSpaceExplorer:Exploration","RobotSpaceExplorer:Jetpack"],"picked":"RobotSpaceExplorer:Calculate","floor":13},{"not_picked":["RobotSpaceExplorer:HighVoltage","RobotSpaceExplorer:BlastShield"],"picked":"RobotSpaceExplorer:TrailblazerForm","floor":16},{"not_picked":["RobotSpaceExplorer:FrostMissile+1","RobotSpaceExplorer:FreezingShield"],"picked":"RobotSpaceExplorer:Fix+1","floor":18},{"not_picked":["RobotSpaceExplorer:FranticSearch","RobotSpaceExplorer:Pulsar","RobotSpaceExplorer:SurgingShield+1"],"picked":"SKIP","floor":21}],"player_experience":189665,"relics_obtained":[{"floor":6,"key":"Darkstone Periapt"},{"floor":8,"key":"Kunai"},{"floor":9,"key":"The Courier"},{"floor":11,"key":"Whetstone"}],"event_choices":[{"damage_healed":0,"gold_gain":75,"player_choice":"Gather Gold","damage_taken":11,"max_hp_gain":0,"max_hp_loss":0,"event_name":"World of Goop","floor":2,"gold_loss":0},{"cards_removed":["RobotSpaceExplorer:Strike"],"damage_healed":0,"gold_gain":0,"player_choice":"Card Removal","damage_taken":7,"max_hp_gain":0,"max_hp_loss":0,"event_name":"Golden Wing","floor":3,"gold_loss":0},{"damage_healed":25,"gold_gain":0,"player_choice":"Full Heal","damage_taken":0,"max_hp_gain":0,"max_hp_loss":0,"event_name":"Wheel of Change","floor":4,"gold_loss":0},{"damage_healed":0,"gold_gain":0,"player_choice":"Shed Blood","damage_taken":20,"max_hp_gain":5,"max_hp_loss":0,"event_name":"Forgotten Altar","floor":20,"gold_loss":0}],"is_beta":false,"boss_relics":[{"not_picked":["Snecko Eye","RobotSpaceExplorer:Reprocessor"],"picked":"Black Star"}],"items_purged_floors":[14],"is_endless":false,"potions_floor_spawned":[8,11,12,18],"killed_by":"Gremlin Leader","ascension_level":6}}