{"host":"15f3wpiimhe5yrng","time":1611881393,"event":{"mods":["BaseMod","Better Altar","Better Match","Better Note","Better Sensory Stone","Better Skull","Better Third Choice","Colored Map","Downfall","GifTheSpireLib","Good Game Mod","Minty Spire (QoL Compilation)","Permanent Neow","StSLib"],"gold_per_floor":[99,116,127,127,145,45,115,133,133,133,152,152,187,199,212,317,317,317,317,334,349,368,399,467,498,508,522,553,453,471,482,492,595,595,595,612,539,549,565,577,577,609,210,260,260,279,279,308,327,327],"floor_reached":51,"language":"ENG","playtime":3794,"items_purged":["Pain","champ:BladeFlurry"],"score":977,"play_id":"f3388ef1-904a-4345-8f07-509dd285caa1","local_time":"20210129014953","is_ascension_mode":false,"campfire_choices":[{"floor":1,"key":"RECALL"},{"data":"Trip","floor":6,"key":"SMITH"},{"data":"champ:GutPunch","floor":10,"key":"SMITH"},{"data":"champ:FancyFootwork","floor":12,"key":"SMITH"},{"data":"champ:PreciseThrust","floor":18,"key":"SMITH"},{"data":"champ:FancyFootwork","floor":29,"key":"SMITH"},{"data":"champ:Improvising","floor":35,"key":"SMITH"},{"data":"champ:ViciousMockery","floor":45,"key":"SMITH"},{"data":"champ:Backstep","floor":47,"key":"SMITH"}],"circlet_count":0,"master_deck":["champ:Execute","champ:Taunt","champ:ViciousMockery+1","Trip+1","champ:StanceDance","champ:Backstep+1","champ:FancyFootwork+1","champ:GutPunch+1","champ:FaceSlap","champ:BringItOn","champ:FancyFootwork+1","champ:ShieldThrow","champ:FlashCut","champ:Circumvent","champ:EnragedBash","champ:FlashCut","champ:TripleStrike","champ:PreciseThrust+1","champ:DefensiveShout","Mayhem+1","champ:DefensiveStyle","champ:FaceSlap+1","champ:StanceDance","champ:Improvising+1","champ:GutPunch+1","champ:FancyFootwork+1","champ:PreciseThrust+1","champ:IronFortress+1","champ:FancyFootwork+1","champ:PreciseThrust+1"],"relics":["champ:ChampionCrown","REME:ComplimentaryCards","WarpedTongs","downfall:HeartBlessingRed","Eternal Feather","downfall:ShatteredFragment","Lantern","Pandora\u0027s Box","Blue Candle","Mercury Hourglass","Calipers","Bag of Preparation","downfall:HeartBlessingGreen","Runic Pyramid","HandDrill","Orichalcum","Mango","Bottled Tornado","Bag of Marbles","Sling","Prayer Wheel","Question Card"],"acts_visited":["Exordium","TheCity","TheBeyond"],"potions_floor_usage":[16,23,25,30,30,33,37,37],"damage_taken":[{"damage":8,"enemies":"Jaw Worm","floor":2,"turns":4},{"damage":10,"enemies":"Cultist","floor":3,"turns":5},{"damage":10,"enemies":"2 Louse","floor":5,"turns":2},{"damage":16,"enemies":"Red Slaver","floor":8,"turns":3},{"damage":16,"enemies":"Exordium Wildlife","floor":11,"turns":3},{"damage":18,"enemies":"3 Sentries","floor":13,"turns":5},{"damage":8,"enemies":"2 Fungi Beasts","floor":14,"turns":3},{"damage":5,"enemies":"3 Louse","floor":15,"turns":3},{"damage":22,"enemies":"WA_ARCHETYPE_RETAIN","floor":16,"turns":5},{"damage":6,"enemies":"3 Byrds","floor":20,"turns":3},{"damage":0,"enemies":"Spheric Guardian","floor":21,"turns":3},{"damage":33,"enemies":"Snake Plant","floor":22,"turns":4},{"damage":19,"enemies":"Book of Stabbing","floor":23,"turns":3},{"damage":19,"enemies":"Slavers","floor":25,"turns":4},{"damage":0,"enemies":"3 Cultists","floor":26,"turns":2},{"damage":8,"enemies":"Cultist and Chosen","floor":27,"turns":3},{"damage":15,"enemies":"Book of Stabbing","floor":28,"turns":3},{"damage":11,"enemies":"Snake Plant","floor":30,"turns":3},{"damage":0,"enemies":"Centurion and Healer","floor":31,"turns":2},{"damage":6,"enemies":"Sentry and Sphere","floor":32,"turns":3},{"damage":37,"enemies":"DF_ARCHETYPE_CLAW","floor":33,"turns":6},{"damage":6,"enemies":"3 Shapes","floor":36,"turns":2},{"damage":31,"enemies":"downfall:FleeingMerchant","floor":37,"turns":4},{"damage":10,"enemies":"3 Darklings","floor":38,"turns":3},{"damage":0,"enemies":"Sphere and 2 Shapes","floor":39,"turns":3},{"damage":45,"enemies":"Writhing Mass","floor":40,"turns":2},{"damage":30,"enemies":"Reptomancer","floor":42,"turns":5},{"damage":10,"enemies":"Reptomancer","floor":44,"turns":2},{"damage":0,"enemies":"3 Darklings","floor":46,"turns":3},{"damage":15,"enemies":"Giant Head","floor":48,"turns":3},{"damage":5,"enemies":"Maw","floor":49,"turns":3},{"damage":35,"enemies":"IC_BLOCK_ARCHETYPE","floor":50,"turns":5}],"seed_played":"-1379431838123821587","potions_obtained":[{"floor":2,"key":"BlessingOfTheForge"},{"floor":5,"key":"Swift Potion"},{"floor":14,"key":"SkillPotion"},{"floor":22,"key":"SpeedPotion"},{"floor":23,"key":"GamblersBrew"},{"floor":27,"key":"DistilledChaos"},{"floor":30,"key":"BlessingOfTheForge"},{"floor":31,"key":"Swift Potion"},{"floor":32,"key":"DuplicationPotion"},{"floor":36,"key":"champ:CounterPotion"},{"floor":40,"key":"PowerPotion"},{"floor":46,"key":"PowerPotion"},{"floor":48,"key":"champ:UltimateStancePotion"},{"floor":49,"key":"DuplicationPotion"}],"is_trial":false,"path_per_floor":["R","M","M","?","M","R","T","M","?","R","M","R","E","M","M","B",null,"R","?","M","M","M","E","T","E","M","M","E","R","M","M","M","B",null,"R","M","?","M","M","M","T","E","$","?","R","M","R","E","M","B",null],"character_chosen":"THE_CHAMP","items_purchased":["HandDrill","Orichalcum","Bag of Marbles","Sling"],"campfire_rested":0,"item_purchase_floors":[37,37,43,43],"current_hp_per_floor":[90,82,82,82,72,72,72,66,39,48,37,46,38,30,25,13,90,90,90,84,84,71,52,52,38,38,35,35,47,46,46,45,43,90,90,84,83,83,83,68,82,72,72,72,87,87,102,102,102,102],"gold":327,"neow_bonus":"RANDOM_COLORLESS","is_daily":false,"chose_seed":false,"campfire_upgraded":8,"win_rate":0.0,"timestamp":1611881393,"path_taken":["R","M","M","?","M","R","T","?","?","R","M","R","E","M","M","BOSS","R","?","M","M","M","E","T","E","M","M","E","R","M","?","M","BOSS","R","M","?","M","M","M","T","E","$","?","R","M","R","E","M","BOSS"],"items_purchased_type":["Relic","Relic","Relic","Relic"],"build_version":"2020-12-22","purchased_purges":2,"victory":true,"max_hp_per_floor":[90,90,90,90,90,90,90,90,90,90,90,90,90,90,90,90,90,90,90,90,90,90,90,90,90,90,90,90,90,90,90,90,90,90,90,90,90,90,90,90,104,104,104,104,104,104,104,104,104,104],"card_choices":[{"not_picked":["Madness","Finesse"],"picked":"Trip","floor":0},{"not_picked":["champ:FanOfKnives","champ:BerserkersShout"],"picked":"champ:StanceDance","floor":2},{"not_picked":["champ:EnGarde","champ:BladeFlurry"],"picked":"champ:Backstep","floor":3},{"not_picked":["champ:EnGarde","champ:HeartStrike"],"picked":"champ:FancyFootwork","floor":5},{"not_picked":["champ:FlashCut","champ:AdrenalArmor"],"picked":"champ:GutPunch","floor":8},{"not_picked":["champ:Haymaker","champ:EnGarde"],"picked":"champ:FaceSlap","floor":11},{"not_picked":["champ:DefensiveShout","champ:SkillfulDodge","champ:Endure"],"picked":"SKIP","floor":13},{"not_picked":["champ:StanceDance","champ:AdrenalArmor"],"picked":"champ:BringItOn","floor":14},{"not_picked":["champ:HeartStrike","champ:RapidStrikes"],"picked":"champ:FancyFootwork","floor":15},{"not_picked":["champ:LastStand","champ:StrikeOfGenius"],"picked":"champ:ShieldThrow","floor":16},{"not_picked":["champ:Parry","champ:FocusedBerserking"],"picked":"champ:DefensiveStyle","floor":20},{"not_picked":["champ:AdrenalArmor","champ:FocusedDefense"],"picked":"champ:FaceSlap+1","floor":21},{"not_picked":["champ:StanceDance","champ:DefensiveShout","champ:ShieldSlam"],"picked":"SKIP","floor":22},{"not_picked":["champ:MurderStrike","champ:Backstep","champ:ShieldWall"],"picked":"SKIP","floor":23},{"not_picked":["champ:ViciousMockery","champ:Backstep","champ:SkillfulDodge+1"],"picked":"SKIP","floor":25},{"not_picked":["champ:EnGarde","champ:DefensiveShout","champ:SetATrap"],"picked":"SKIP","floor":26},{"not_picked":["champ:Encircle","champ:PreemptiveStrike","champ:DefensiveShout+1"],"picked":"SKIP","floor":27},{"not_picked":["champ:Shatter","champ:EnGarde","champ:Backstep"],"picked":"SKIP","floor":28},{"not_picked":["champ:Encircle","champ:EnGarde","champ:IgnorePain"],"picked":"SKIP","floor":30},{"not_picked":["champ:FanOfKnives","champ:Shatter","champ:PerfectedStrike"],"picked":"SKIP","floor":31},{"not_picked":["champ:TornadoPunch","champ:PreemptiveStrike"],"picked":"champ:StanceDance","floor":32},{"not_picked":["champ:HeavySlash","champ:HoldFirm"],"picked":"champ:Improvising","floor":33},{"not_picked":["champ:FanOfKnives","champ:AdrenalArmor"],"picked":"champ:GutPunch+1","floor":36},{"not_picked":["champ:Lariat","champ:HoldFirm","champ:BladeFlurry+1"],"picked":"SKIP","floor":37},{"not_picked":["champ:Lariat","champ:ArenaPreparation","champ:Circumvent"],"picked":"SKIP","floor":38},{"not_picked":["champ:Shatter+1","champ:RecklessLeap+1","champ:AdrenalArmor"],"picked":"SKIP","floor":39},{"not_picked":["champ:SetATrap+1","champ:CrownThrow+1","champ:DefensiveShout"],"picked":"SKIP","floor":40},{"not_picked":["champ:BerserkerStyle+1","champ:ShieldThrow"],"picked":"champ:FancyFootwork+1","floor":42},{"not_picked":["champ:BladeFlurry+1","champ:PerfectedStrike+1"],"picked":"champ:PreciseThrust+1","floor":46},{"not_picked":["champ:BerserkersShout+1","champ:ShieldThrow"],"picked":"champ:IronFortress+1","floor":46},{"not_picked":["champ:ShieldThrow","champ:EndlessRage+1"],"picked":"champ:FancyFootwork+1","floor":48},{"not_picked":["champ:Haymaker+1","champ:EnGarde","champ:EnragedBash+1"],"picked":"champ:PreciseThrust+1","floor":49},{"not_picked":["champ:Haymaker","champ:FalseCounter","champ:Lariat+1","champ:FlashCut"],"picked":"SKIP","floor":49}],"player_experience":93415,"relics_obtained":[{"floor":7,"key":"Eternal Feather"},{"floor":13,"key":"Lantern"},{"floor":23,"key":"Blue Candle"},{"floor":24,"key":"Mercury Hourglass"},{"floor":25,"key":"Calipers"},{"floor":28,"key":"Bag of Preparation"},{"floor":41,"key":"Mango"},{"floor":42,"key":"Bottled Tornado"},{"floor":44,"key":"Prayer Wheel"},{"floor":48,"key":"Question Card"}],"event_choices":[{"damage_healed":0,"gold_gain":0,"player_choice":"Rummage","damage_taken":0,"relics_obtained":["WarpedTongs"],"max_hp_gain":0,"max_hp_loss":0,"event_name":"Accursed Blacksmith","floor":4,"gold_loss":0,"cards_obtained":["Pain"]},{"cards_removed":["Trip"],"damage_healed":0,"gold_gain":0,"player_choice":"Take \u0026 Give","damage_taken":0,"max_hp_gain":0,"max_hp_loss":0,"event_name":"betterNote:BetterNote","floor":19,"gold_loss":0,"cards_obtained":["Mayhem"]}],"is_beta":false,"boss_relics":[{"not_picked":["Philosopher\u0027s Stone","Empty Cage"],"picked":"Pandora\u0027s Box"},{"not_picked":["Black Star","Calling Bell"],"picked":"Runic Pyramid"}],"items_purged_floors":[37,43],"is_endless":false,"potions_floor_spawned":[2,5,14,15,22,23,27,30,31,32,36,40,46,48,49],"ascension_level":0}}