{"host":"o3b7ow6d1xe49css","time":1611955767,"event":{"mods":["Act Like it!","Aspiration","BaseMod","Bestiary","Better Altar","Better Match","Better Note","Better Sensory Stone","Better Skull","Better Third Choice","Colored Powertips","Conspire","Energized Spire","Force Act Four","GifTheSpireLib","Halation","Hermit","Hubris","Infinite Spire","Lobotomy","Minty Spire (QoL Compilation)","Quick Restart","Rare Cards Sparkle","Relic Filter Mod","Reliquary","Replay The Spire","Spicy Shops","Spikes Relics","Spire Arcade","StSLib","Stuff the Spire","The Blue Laboratory","Wandering Minibosses"],"gold_per_floor":[117,127,146,166,186,217,217,248,275,306,333,349,151,1,1,100,100,114,132,132,407,1,1,27,60,108,137,137,137,165,175,175,175,175],"floor_reached":33,"language":"ENG","playtime":1314,"items_purged":["Strike_R","Regret"],"score":504,"play_id":"06681e0d-9d19-4529-b589-f6f8c733e737","local_time":"20210129122927","daily_mods":["Heirloom","Flight"],"is_ascension_mode":true,"campfire_choices":[{"data":"Bash","floor":7,"key":"SMITH"},{"data":"conspire:HitWhereItHurts","floor":15,"key":"SMITH"},{"data":"Double Tap","floor":23,"key":"SMITH"},{"floor":29,"key":"RECALL"},{"data":"Feel No Pain","floor":32,"key":"SMITH"}],"circlet_count":0,"master_deck":["Strike_R","Strike_R","Strike_R","Defend_R","Defend_R","Defend_R","Defend_R","Bash+1","Shrug It Off","Cleave","StuffTheSpire:Incineration","StuffTheSpire:Slingshot","Cleave","hubris:ReadiedAction","conspire:HitWhereItHurts+1","Double Tap+1","Replay:Undeath\u0027s Touch+1","Burning Pact","Feel No Pain+1","StuffTheSpire:Slingshot","StuffTheSpire:Incineration"],"relics":["Burning Blood","Ring of Chaos","SuspiciousGoo","Bag of Preparation","hubris:MysteriousPyramids","reliquary:Boomerang","reliquary:WeakTea","conspire:TreasureMap","Orrery","halation:Prosthetics","CrustySpines","HornCleat","reliquary:SilkGlove","Ice Cream","hubris:CrystalStatue","Anchor","hubris:MobiusCoin"],"acts_visited":["Exordium","TheCity"],"potions_floor_usage":[6,6,8,27,27,33],"damage_taken":[{"damage":1,"enemies":"Small Slimes","floor":1,"turns":4},{"damage":6,"enemies":"2 Louse","floor":2,"turns":3},{"damage":6,"enemies":"Cultist","floor":3,"turns":3},{"damage":5,"enemies":"Red Slaver","floor":4,"turns":5},{"damage":16,"enemies":"Exordium Thugs","floor":5,"turns":4},{"damage":10,"enemies":"Gremlin Nob","floor":6,"turns":4},{"damage":0,"enemies":"3 Sentries","floor":8,"turns":4},{"damage":8,"enemies":"Gremlin Nob","floor":10,"turns":3},{"damage":30,"enemies":"3 Sentries","floor":11,"turns":5},{"damage":3,"enemies":"Looter","floor":12,"turns":2},{"damage":23,"enemies":"The Guardian","floor":16,"turns":7},{"damage":13,"enemies":"2 Thieves","floor":18,"turns":5},{"damage":12,"enemies":"Chosen","floor":19,"turns":3},{"damage":9,"enemies":"Replay:Snechameleon","floor":24,"turns":3},{"damage":9,"enemies":"Gremlin Leader","floor":25,"turns":4},{"damage":5,"enemies":"Book of Stabbing","floor":27,"turns":2},{"damage":3,"enemies":"Slavers","floor":30,"turns":3},{"damage":0,"enemies":"Centurion and Healer","floor":31,"turns":2},{"damage":61,"enemies":"Automaton","floor":33,"turns":6}],"seed_played":"-871724174198847921","potions_obtained":[{"floor":1,"key":"blueLaboratory:PhilterOfMotion"},{"floor":4,"key":"Dexterity Potion"},{"floor":5,"key":"SteroidPotion"},{"floor":6,"key":"Block Potion"},{"floor":18,"key":"blueLaboratory:LimitlessPotion"},{"floor":24,"key":"blueLaboratory:BottleOfVodka"},{"floor":30,"key":"blueLaboratory:LouseDecoction"}],"is_trial":true,"path_per_floor":["M","M","M","M","M","E","R","E","T","E","E","M","$","$","R","B",null,"M","M","AVR","?","$","R","E","E","T","E","?","R","E","M","R","B"],"character_chosen":"IRONCLAD","items_purchased":["conspire:TreasureMap","Strength Potion","Orrery","HornCleat","Feel No Pain"],"campfire_rested":0,"item_purchase_floors":[13,13,14,22,22],"current_hp_per_floor":[80,80,80,80,70,66,66,72,72,70,46,49,49,49,49,32,42,35,29,29,29,29,29,26,23,23,24,24,24,27,33,33,0,0],"gold":175,"neow_bonus":"","is_daily":false,"chose_seed":false,"campfire_upgraded":4,"win_rate":0.0,"timestamp":1611955767,"path_taken":["M","M","M","M","M","E","R","E","T","E","E","M","$","$","R","BOSS","M","M","AVR","?","$","R","E","E","T","E","?","R","E","?","R","BOSS"],"items_purchased_type":["Relic","Potion","Relic","Relic","Card"],"build_version":"2020-12-22","purchased_purges":2,"victory":false,"max_hp_per_floor":[80,80,80,80,80,80,80,80,80,80,80,80,80,80,80,80,45,45,45,45,45,45,45,45,45,45,45,45,45,45,45,45,45,45],"card_choices":[{"not_picked":["conspire:Charge","ReplayTheSpireMod:Strike From Hell","Perfected Strike"],"picked":"SKIP","floor":1},{"not_picked":["Heavy Blade","Wild Strike"],"picked":"Shrug It Off","floor":2},{"not_picked":["Shrug It Off","Flex"],"picked":"Cleave","floor":3},{"not_picked":["Pommel Strike","Infernal Blade"],"picked":"StuffTheSpire:Incineration","floor":4},{"not_picked":["Run Through","ReplayReversal"],"picked":"StuffTheSpire:Slingshot","floor":5},{"not_picked":["Immolate","Flex"],"picked":"Cleave","floor":6},{"not_picked":["Twin Strike","Body Slam","Power Through"],"picked":"SKIP","floor":8},{"not_picked":["Shrug It Off","Headbutt","Reckless Charge"],"picked":"SKIP","floor":10},{"not_picked":["Cleave","Abandon","Wild Strike"],"picked":"SKIP","floor":11},{"not_picked":["Flex","Intimidate","hubris:SharpeningStone"],"picked":"SKIP","floor":12},{"not_picked":["Cleave","Flex"],"picked":"hubris:ReadiedAction","floor":14},{"not_picked":["Flex","Headbutt"],"picked":"conspire:HitWhereItHurts","floor":14},{"not_picked":["Demon Form","Hemogenesis"],"picked":"Double Tap","floor":16},{"not_picked":["Entrench","Defy Death"],"picked":"Replay:Undeath\u0027s Touch+1","floor":18},{"not_picked":["Clothesline+1","ReplayTheSpireMod:LeadingStrike"],"picked":"Burning Pact","floor":19},{"not_picked":["Headbutt+1","Replay:Many Hands"],"picked":"StuffTheSpire:Slingshot","floor":24},{"not_picked":["Pommel Strike","Infernal Blade+1"],"picked":"StuffTheSpire:Incineration","floor":25},{"not_picked":["conspire:Purge","Cleave","Clash"],"picked":"SKIP","floor":27},{"not_picked":["infinitespire:OneForAll+1","Body Slam","Pommel Strike"],"picked":"SKIP","floor":30},{"not_picked":["infinitespire:OneForAll+1","Body Slam","Pommel Strike"],"picked":"SKIP","floor":30},{"not_picked":["Pommel Strike","Flex","hubris:CleavingFinish"],"picked":"SKIP","floor":31}],"player_experience":1902666,"relics_obtained":[{"floor":6,"key":"Bag of Preparation"},{"floor":8,"key":"hubris:MysteriousPyramids"},{"floor":10,"key":"reliquary:Boomerang"},{"floor":11,"key":"reliquary:WeakTea"},{"floor":24,"key":"reliquary:SilkGlove"},{"floor":25,"key":"Ice Cream"},{"floor":26,"key":"hubris:CrystalStatue"},{"floor":27,"key":"Anchor"},{"floor":30,"key":"hubris:MobiusCoin"}],"event_choices":[{"damage_healed":0,"gold_gain":275,"player_choice":"Desecrate","damage_taken":0,"max_hp_gain":0,"max_hp_loss":0,"event_name":"Golden Shrine","floor":21,"gold_loss":0,"cards_obtained":["Regret"]},{"damage_healed":0,"gold_gain":0,"player_choice":"Ignored","damage_taken":0,"max_hp_gain":0,"max_hp_loss":0,"event_name":"betterNote:BetterNote","floor":28,"gold_loss":0,"cards_obtained":["Strike_P"]}],"is_beta":false,"boss_relics":[{"not_picked":["reliquary:KinkedSpring","Cursed Key"],"picked":"halation:Prosthetics"}],"items_purged_floors":[20,22],"is_endless":false,"potions_floor_spawned":[1,4,5,6,18,24,30],"killed_by":"Automaton","ascension_level":5}}