{"host":"e1pm3b7xpcm97e5w","time":1611945372,"event":{"mods":["BaseMod","Better Skull","Googly Eyes","Minty Spire (QoL Compilation)","Relic Stats","Shop Mod","Spicy Shops","StSLib"],"gold_per_floor":[211,230,190,202,57,68,68,81,81,114,130,165,165,190,190,292,292,309,309,309,321,338,338,369,369,369,394,408,442,34,54,54,156,156,173,183,40,340,354,354,388,388,388,388,102,0,0,100,100,100],"floor_reached":51,"language":"ENG","playtime":3690,"items_purged":["Strike_P","Strike_P"],"score":1134,"play_id":"28490acc-4772-4eb9-9d1b-f562a7946240","local_time":"20210129133612","is_ascension_mode":true,"campfire_choices":[{"data":"Fasting2","floor":7.0,"key":"SMITH"},{"data":"JustLucky","floor":13.0,"key":"SMITH"},{"data":"Wireheading","floor":15.0,"key":"SMITH"},{"floor":23.0,"key":"REST"},{"floor":25.0,"key":"REST"},{"floor":32.0,"key":"REST"},{"floor":40,"key":"REST"},{"floor":42,"key":"REST"},{"floor":44,"key":"REST"},{"floor":49,"key":"REST"}],"circlet_count":0,"master_deck":["AscendersBane","Strike_P+1","Defend_P","Defend_P","Defend_P+1","Defend_P","Eruption","Vigilance+1","JustLucky+1","PathToVictory+1","ClearTheMind","DevaForm","Fasting2+1","Meditate","Wireheading+1","Protect","EmptyFist","LessonLearned+1","TalkToTheHand+1","Weave","Ragnarok+1","Nirvana+1","CutThroughFate","Fasting2","TalkToTheHand","MentalFortress+1","Blasphemy","CurseOfTheBell","Nirvana","TalkToTheHand"],"relics":["PureWater","Meat on the Bone","Gremlin Horn","Pantograph","Pen Nib","Runic Pyramid","Unceasing Top","Art of War","Bag of Preparation","WingedGreaves","Bottled Tornado","Calling Bell","Juzu Bracelet","Kunai","StoneCalendar","Damaru","Orichalcum","White Beast Statue","Lizard Tail","Red Mask"],"acts_visited":["Exordium","TheCity","TheBeyond"],"potions_floor_usage":[39],"damage_taken":[{"damage":0.0,"enemies":"Jaw Worm","floor":1.0,"turns":4.0},{"damage":0.0,"enemies":"Cultist","floor":2.0,"turns":4.0},{"damage":0.0,"enemies":"Small Slimes","floor":4.0,"turns":3.0},{"damage":9.0,"enemies":"2 Fungi Beasts","floor":6.0,"turns":4.0},{"damage":11.0,"enemies":"Red Slaver","floor":8.0,"turns":5.0},{"damage":8.0,"enemies":"Lagavulin","floor":10.0,"turns":7.0},{"damage":12.0,"enemies":"Exordium Thugs","floor":11.0,"turns":5.0},{"damage":23.0,"enemies":"3 Sentries","floor":12.0,"turns":8.0},{"damage":25.0,"enemies":"Hexaghost","floor":16.0,"turns":9.0},{"damage":1.0,"enemies":"Chosen","floor":18.0,"turns":6.0},{"damage":9.0,"enemies":"Shell Parasite","floor":21.0,"turns":4.0},{"damage":44.0,"enemies":"Shelled Parasite and Fungi","floor":22.0,"turns":5.0},{"damage":26.0,"enemies":"Book of Stabbing","floor":24.0,"turns":6.0},{"damage":23.0,"enemies":"Gremlin Leader","floor":27.0,"turns":5.0},{"damage":19.0,"enemies":"Centurion and Healer","floor":28.0,"turns":5.0},{"damage":32.0,"enemies":"Book of Stabbing","floor":29.0,"turns":5.0},{"damage":12.0,"enemies":"Sentry and Sphere","floor":31.0,"turns":4.0},{"damage":7.0,"enemies":"Champ","floor":33.0,"turns":8.0},{"damage":15,"enemies":"3 Darklings","floor":35,"turns":7},{"damage":3,"enemies":"Orb Walker","floor":36,"turns":5},{"damage":23,"enemies":"Writhing Mass","floor":39,"turns":7},{"damage":62,"enemies":"Reptomancer","floor":41,"turns":7},{"damage":34,"enemies":"Time Eater","floor":50,"turns":5}],"seed_played":"-3992054809973367691","potions_obtained":[{"floor":1.0,"key":"Block Potion"},{"floor":3.0,"key":"Strength Potion"},{"floor":8.0,"key":"FairyPotion"},{"floor":11.0,"key":"Fire Potion"},{"floor":12.0,"key":"Regen Potion"},{"floor":27.0,"key":"Ambrosia"},{"floor":29.0,"key":"SkillPotion"},{"floor":35,"key":"AttackPotion"},{"floor":41,"key":"DistilledChaos"}],"is_trial":false,"path_per_floor":["M","M","?","M","$","M","R","M","T","E","M","E","R","T","R","B",null,"M","?","?","M","M","R","E","R","T","E","M","E","$","M","R","B",null,"M","M","$","?","M","R","E","R","T","R","$","?","?","?","R","B",null],"character_chosen":"WATCHER","items_purchased":["DevaForm","Bottled Tornado","TalkToTheHand","Damaru","Lizard Tail"],"campfire_rested":7,"item_purchase_floors":[5,30,30,37,45],"current_hp_per_floor":[65,65,65,65,65,56,56,45,45,37,37,26,26,26,26,38,64,63,50,75,66,48,71,45,68,68,45,38,18,18,18,41,59,73,58,55,55,55,44,67,17,40,40,63,63,63,63,63,77,43],"gold":100,"neow_bonus":"HUNDRED_GOLD","is_daily":false,"chose_seed":false,"campfire_upgraded":3,"win_rate":0.0,"timestamp":1611945372,"path_taken":["M","M","?","M","?","?","R","M","T","E","M","E","R","?","R","BOSS","M","?","?","M","M","R","E","R","T","E","M","E","$","M","R","BOSS","M","M","$","?","M","R","E","R","T","R","$","?","?","?","R","BOSS"],"items_purchased_type":["Card","Relic","Card","Relic","Relic"],"build_version":"2020-12-22","purchased_purges":2,"victory":true,"max_hp_per_floor":[72,72,72,72,72,72,72,72,72,72,72,72,72,72,72,72,72,72,77,77,77,77,77,77,77,77,77,77,77,77,77,77,77,77,77,77,77,77,77,77,77,77,77,77,77,77,77,77,77,77],"relic_stats":{"Gremlin Horn":[16,16],"counters":[23,128],"StoneCalendar":[0],"Pen Nib":[16],"Bag of Preparation":[18],"Juzu Bracelet":1,"Orichalcum":[6],"Lizard Tail":0,"Pantograph":50,"Art of War":[16],"Kunai":[6],"obtain_stats":[{"Gremlin Horn":10,"Damaru":37,"StoneCalendar":34,"Pen Nib":14,"Bag of Preparation":27,"Juzu Bracelet":34,"Bottled Tornado":30,"Orichalcum":41,"White Beast Statue":43,"Calling Bell":34,"Lizard Tail":45,"Pantograph":12,"WingedGreaves":29,"Art of War":26,"Red Mask":46,"Kunai":34,"PureWater":0,"Unceasing Top":24,"Meat on the Bone":9,"Runic Pyramid":17},{"Gremlin Horn":6,"Damaru":20,"StoneCalendar":18,"Pen Nib":8,"Bag of Preparation":14,"Juzu Bracelet":18,"Bottled Tornado":16,"Orichalcum":22,"White Beast Statue":22,"Calling Bell":18,"Lizard Tail":22,"Pantograph":8,"WingedGreaves":16,"Art of War":13,"Red Mask":22,"Kunai":18,"PureWater":0,"Unceasing Top":13,"Meat on the Bone":5,"Runic Pyramid":9},{"Gremlin Horn":27,"Damaru":109,"StoneCalendar":97,"Pen Nib":40,"Bag of Preparation":75,"Juzu Bracelet":97,"Bottled Tornado":85,"Orichalcum":123,"White Beast Statue":123,"Calling Bell":97,"Lizard Tail":123,"Pantograph":40,"WingedGreaves":85,"Art of War":70,"Red Mask":123,"Kunai":97,"PureWater":0,"Unceasing Top":70,"Meat on the Bone":20,"Runic Pyramid":49}],"Unceasing Top":[0],"Meat on the Bone":108},"card_choices":[{"not_picked":["FlyingSleeves","BowlingBash"],"picked":"JustLucky","floor":1.0},{"not_picked":["DeceiveReality","WreathOfFlame"],"picked":"PathToVictory","floor":2.0},{"not_picked":["SignatureMove","BattleHymn"],"picked":"ClearTheMind","floor":4.0},{"not_picked":["SandsOfTime","Prostrate"],"picked":"Fasting2","floor":6.0},{"not_picked":["FlyingSleeves","SignatureMove"],"picked":"Meditate","floor":8.0},{"not_picked":["WheelKick","Evaluate"],"picked":"Wireheading","floor":10.0},{"not_picked":["EmptyBody","MentalFortress"],"picked":"Protect","floor":11.0},{"not_picked":["CutThroughFate","FollowUp"],"picked":"EmptyFist","floor":12.0},{"not_picked":["Blasphemy","Brilliance"],"picked":"LessonLearned","floor":16.0},{"not_picked":["EmptyBody","CrushJoints"],"picked":"TalkToTheHand","floor":18.0},{"not_picked":["Evaluate","FearNoEvil"],"picked":"Weave","floor":21.0},{"not_picked":["Meditate","CrushJoints","BowlingBash"],"picked":"SKIP","floor":22.0},{"not_picked":["Crescendo","InnerPeace"],"picked":"Ragnarok","floor":24.0},{"not_picked":["SashWhip","SandsOfTime"],"picked":"Nirvana","floor":27.0},{"not_picked":["Conclude","Evaluate"],"picked":"CutThroughFate","floor":28.0},{"not_picked":["TalkToTheHand","WreathOfFlame"],"picked":"Fasting2","floor":29.0},{"not_picked":["Perseverance","Halt+1"],"picked":"MentalFortress+1","floor":31.0},{"not_picked":["Wish","Omniscience"],"picked":"Blasphemy","floor":33.0},{"not_picked":["FearNoEvil","DeceiveReality+1"],"picked":"Nirvana","floor":35},{"not_picked":["Study","PathToVictory","Swivel+1"],"picked":"SKIP","floor":36},{"not_picked":["EmptyMind","Study","ClearTheMind"],"picked":"SKIP","floor":39},{"not_picked":["CrushJoints","Protect"],"picked":"TalkToTheHand","floor":41}],"player_experience":606106,"relics_obtained":[{"floor":9.0,"key":"Meat on the Bone"},{"floor":10.0,"key":"Gremlin Horn"},{"floor":12.0,"key":"Pantograph"},{"floor":14.0,"key":"Pen Nib"},{"floor":24.0,"key":"Unceasing Top"},{"floor":26.0,"key":"Art of War"},{"floor":27.0,"key":"Bag of Preparation"},{"floor":29.0,"key":"WingedGreaves"},{"floor":34,"key":"Juzu Bracelet"},{"floor":34,"key":"Kunai"},{"floor":34,"key":"StoneCalendar"},{"floor":41,"key":"Orichalcum"},{"floor":43,"key":"White Beast Statue"}],"event_choices":[{"damage_healed":0.0,"max_hp_gain":0.0,"max_hp_loss":0.0,"gold_gain":0.0,"event_name":"The Woman in Blue","player_choice":"Bought 3 Potions","floor":3.0,"gold_loss":0.0,"damage_taken":0.0},{"damage_healed":0.0,"max_hp_gain":5.0,"max_hp_loss":0.0,"gold_gain":0.0,"event_name":"Forgotten Altar","player_choice":"Shed Blood","floor":19.0,"gold_loss":0.0,"damage_taken":18.0},{"damage_healed":25.0,"max_hp_gain":0.0,"max_hp_loss":0.0,"gold_gain":0.0,"event_name":"The Library","player_choice":"Heal","floor":20.0,"gold_loss":0.0,"damage_taken":0.0},{"damage_healed":0,"gold_gain":300,"player_choice":"Gold","damage_taken":0,"max_hp_gain":0,"max_hp_loss":0,"event_name":"Wheel of Change","floor":38,"gold_loss":0},{"damage_healed":0,"gold_gain":0,"player_choice":"Paid","damage_taken":0,"relics_obtained":["Red Mask"],"max_hp_gain":0,"max_hp_loss":0,"event_name":"Tomb of Lord Red Mask","floor":46,"gold_loss":102},{"cards_removed":["Strike_P"],"damage_healed":0,"gold_gain":0,"player_choice":"Removed Attack","damage_taken":0,"max_hp_gain":0,"max_hp_loss":0,"event_name":"Falling","floor":47,"gold_loss":0},{"damage_healed":0,"gold_gain":100,"player_choice":"Pray","damage_taken":0,"max_hp_gain":0,"max_hp_loss":0,"event_name":"Golden Shrine","floor":48,"gold_loss":0}],"is_beta":false,"boss_relics":[{"not_picked":["SacredBark","Cursed Key"],"picked":"Runic Pyramid"},{"not_picked":["Pandora\u0027s Box","Philosopher\u0027s Stone"],"picked":"Calling Bell"}],"items_purged_floors":[5,30],"is_endless":false,"potions_floor_spawned":[1,8,11,12,18,21,27,29,35,41],"ascension_level":12}}