{"host":"aukiz5jlacd3g5yc","time":1611895745,"event":{"mods":["2.2 Compatiblity","BaseMod","Bestiary","Colored Map","Colored Powertips","Downfall","GifTheSpireLib","Hubris","Minty Spire (QoL Compilation)","Permanent Neow","Quick Restart","Random Character Button","Rare Cards Sparkle","Relic Sorter","Relic Stats","Replay The Spire","StSLib","everything is the same but u backflip on backflip","slay the spire mod where everything is the same but ironclad has a cowboy hat"],"gold_per_floor":[99,119,136,136,148,179,205,205,205,205,205,205],"floor_reached":10,"language":"ENG","playtime":446,"items_purged":[],"score":69,"play_id":"ab0c621a-709a-472e-b211-f3b6ec5461bf","local_time":"20210128224905","is_ascension_mode":true,"campfire_choices":[{"data":"champ:Taunt","floor":1,"key":"SMITH"}],"circlet_count":0,"master_deck":["champ:Strike","champ:Strike","champ:Defend","champ:Defend","champ:Defend","champ:Defend","champ:RecklessLeap","champ:StanceDance","Vigilance+1","Eruption","champ:AdrenalArmor","champ:TornadoPunch"],"relics":["champ:ChampionCrown","Strawberry","Slimebound:PreparedRelic","Juzu Bracelet"],"acts_visited":["Exordium"],"potions_floor_usage":[10],"damage_taken":[{"damage":25,"enemies":"Small Slimes","floor":2,"turns":5},{"damage":14,"enemies":"Cultist","floor":3,"turns":4},{"damage":16,"enemies":"2 Louse","floor":5,"turns":3},{"damage":70,"enemies":"Gremlin Nob","floor":6,"turns":5},{"damage":72,"enemies":"Lagavulin","floor":10,"turns":3}],"seed_played":"-1635998923001884071","potions_obtained":[{"floor":3,"key":"Regen Potion"},{"floor":5,"key":"Venom Potion"},{"floor":6,"key":"EntropicBrew"}],"is_trial":false,"path_per_floor":["R","M","M","?","M","E","T","?","?","E"],"character_chosen":"THE_CHAMP","items_purchased":[],"campfire_rested":0,"item_purchase_floors":[],"current_hp_per_floor":[97,87,83,83,82,42,42,42,42,0,0,0],"gold":205,"neow_bonus":"RANDOM_COMMON_RELIC","is_daily":false,"chose_seed":false,"campfire_upgraded":1,"win_rate":0.0,"timestamp":1611895745,"path_taken":["R","M","M","?","M","E","T","?","?","E"],"items_purchased_type":[],"build_version":"2020-12-22","purchased_purges":0,"victory":false,"max_hp_per_floor":[97,97,97,97,97,97,97,97,97,97,97,97],"relic_stats":{"counters":[5,20],"Juzu Bracelet":0,"obtain_stats":[{"Strawberry":0,"champ:ChampionCrown":0,"Slimebound:PreparedRelic":6,"Juzu Bracelet":7},{"Strawberry":0,"champ:ChampionCrown":0,"Slimebound:PreparedRelic":4,"Juzu Bracelet":4},{"Strawberry":0,"champ:ChampionCrown":0,"Slimebound:PreparedRelic":17,"Juzu Bracelet":17}]},"card_choices":[{"not_picked":["champ:RisingSlash","champ:AdrenalArmor"],"picked":"champ:RecklessLeap","floor":2},{"not_picked":["champ:FanOfKnives","champ:DefensiveStyle"],"picked":"champ:StanceDance","floor":3},{"not_picked":["champ:EnGarde","champ:Shatter"],"picked":"champ:AdrenalArmor","floor":5},{"not_picked":["champ:SkillfulDodge","champ:EnragedBash"],"picked":"champ:TornadoPunch","floor":6}],"player_experience":369585,"relics_obtained":[{"floor":6,"key":"Slimebound:PreparedRelic"},{"floor":7,"key":"Juzu Bracelet"}],"event_choices":[{"cards_removed":["champ:Strike"],"damage_healed":0,"gold_gain":0,"player_choice":"Card Removal","damage_taken":0,"max_hp_gain":0,"max_hp_loss":0,"event_name":"The Cleric","floor":8,"gold_loss":0},{"cards_removed":["champ:Strike"],"damage_healed":0,"gold_gain":0,"player_choice":"Offered Basic","damage_taken":0,"max_hp_gain":0,"max_hp_loss":0,"event_name":"Bonfire Elementals","floor":9,"gold_loss":0}],"is_beta":false,"boss_relics":[],"items_purged_floors":[],"is_endless":false,"potions_floor_spawned":[3,5,6],"killed_by":"Lagavulin","ascension_level":1}}