{"host":"51f0ad793vly1w6u","time":1611935549,"event":{"mods":["BaseMod","Colored Map","DeckTracker","Minty Spire (QoL Compilation)","Replay The Spire","StSLib","SuperFastMode"],"gold_per_floor":[115,115,115,140,156,156,156,156,45,45,120,120,120,158,181,202,202,323,323,347,347,363,376,573,573,573,573,624,624,635,650,685,697,697,795,795,812,412,412,412,210,210,244,261,285,285,313,313,313,328,328,328,328,328,7,42,42,42],"floor_reached":57,"language":"KOR","playtime":1433,"items_purged":["Strike_G","Strike_G","Looming Evil"],"score":579,"play_id":"26bc52b6-9716-4284-a82e-f3b90467963c","local_time":"20210130005229","is_ascension_mode":true,"campfire_choices":[{"data":"Neutralize","floor":8.0,"key":"SMITH"},{"floor":10.0,"key":"REST"},{"data":"Dagger Spray","floor":12.0,"key":"SMITH"},{"data":"Poison Darts","floor":17.0,"key":"SMITH"},{"data":"Venomology","floor":25.0,"key":"SMITH"},{"data":"ReplayTheSpireMod:Scrap Shanks","floor":27.0,"key":"SMITH"},{"floor":29.0,"key":"REST"},{"data":"Accuracy","floor":34.0,"key":"SMITH"},{"data":"Envenom","floor":42.0,"key":"SMITH"},{"data":"ReplayTheSpireMod:Scrap Shanks","floor":46.0,"key":"SMITH"},{"floor":51.0,"key":"REST"},{"data":"Noxious Fumes","floor":54.0,"key":"SMITH"}],"circlet_count":0,"master_deck":["Strike_G+1","Strike_G+1","Defend_G","Defend_G","Defend_G","Survivor","Neutralize+1","ReplayTheSpireMod:Tripwire","Accuracy+1","Riddle With Holes+1","Dagger Spray+1","Poison Darts+1","Noxious Fumes+1","ReplayTheSpireMod:Scrap Shanks+1","Venomology+1","Backflip+1","Dodge and Roll+1","Venomology+1","Blade Dance+1","Dagger Throw+1","Envenom+1","Escape Plan+1","ReplayTheSpireMod:Scrap Shanks+1","Dagger Spray+1","Escape Plan+1","Catalyst+1","Blade Dance+1","ReplayTheSpireMod:Necrogeddon"],"relics":["Ring of the Serpent","Art of War","Letter Opener","Bloody Idol","Lizard Tail","Gremlin Food","Replay:Wax Seal","HoveringKite","Gambling Chip","Ring of Chaos","ReplayTheSpireMod:Ring of Exchange","Replay:Bottled Steam","Boot","Snack Pack","Lantern"],"acts_visited":["Exordium","TheCity","TheBeyond","TheEnding"],"potions_floor_usage":[],"damage_taken":[{"damage":1.0,"enemies":"Jaw Worm","floor":1.0,"turns":6.0},{"damage":0.0,"enemies":"Small Slimes","floor":5.0,"turns":3.0},{"damage":10.0,"enemies":"3 Sentries","floor":14.0,"turns":5.0},{"damage":0.0,"enemies":"2 Louse","floor":15.0,"turns":1.0},{"damage":0.0,"enemies":"Blue Slaver","floor":16.0,"turns":3.0},{"damage":10.0,"enemies":"Fading Forest","floor":18.0,"turns":11.0},{"damage":5.0,"enemies":"Chosen","floor":20.0,"turns":5.0},{"damage":8.0,"enemies":"Shell Parasite","floor":22.0,"turns":3.0},{"damage":16.0,"enemies":"Centurion and Healer","floor":23.0,"turns":7.0},{"damage":14.0,"enemies":"Shelled Parasite and Fungi","floor":30.0,"turns":7.0},{"damage":13.0,"enemies":"Snake Plant","floor":31.0,"turns":2.0},{"damage":17.0,"enemies":"Gremlin Leader","floor":32.0,"turns":8.0},{"damage":5.0,"enemies":"3 Cultists","floor":33.0,"turns":4.0},{"damage":20.0,"enemies":"Automaton","floor":35.0,"turns":8.0},{"damage":13.0,"enemies":"3 Darklings","floor":37.0,"turns":5.0},{"damage":7.0,"enemies":"Nemesis","floor":43.0,"turns":6.0},{"damage":3.0,"enemies":"3 Shapes","floor":44.0,"turns":5.0},{"damage":29.0,"enemies":"Reptomancer","floor":47.0,"turns":5.0},{"damage":14.0,"enemies":"Spire Growth","floor":50.0,"turns":5.0},{"damage":43.0,"enemies":"Replay:Hell Engine","floor":52.0,"turns":5.0},{"damage":33.0,"enemies":"Shield and Spear","floor":56.0,"turns":5.0},{"damage":0,"enemies":"The Heart","floor":57,"turns":1}],"seed_played":"8777962552918050242","potions_obtained":[{"floor":5.0,"key":"Swift Potion"},{"floor":16.0,"key":"Poison Potion"},{"floor":32.0,"key":"Weak Potion"},{"floor":33.0,"key":"PowerPotion"},{"floor":35.0,"key":"Milkshake"},{"floor":43.0,"key":"Ancient Potion"},{"floor":44.0,"key":"EntropicBrew"},{"floor":56.0,"key":"Milkshake"}],"is_trial":false,"path_per_floor":["M","?","?","T","M","PTL","PTL","R","$","R","T","R","?","E","M","M","R","B",null,"M","?","M","M","?","R","?","R","T","R","M","M","E","M","R","B",null,"M","$","?","?","$","R","E","M","T","R","E","?","?","M","R","B",null,"R","$","E","B"],"character_chosen":"THE_SILENT","items_purchased":["Dagger Spray","Gambling Chip","ReplayTheSpireMod:Scrap Shanks","ReplayTheSpireMod:Necrogeddon","SteroidPotion","SkillPotion","Elixir"],"campfire_rested":3,"item_purchase_floors":[9,38,41,55,55,55,55],"current_hp_per_floor":[48,34,27,27,27,27,27,27,27,48,48,48,48,38,38,38,38,42,65,60,60,57,46,35,35,35,35,40,59,50,42,45,45,45,30,65,57,57,57,57,57,57,55,57,62,62,38,38,38,33,52,21,65,65,65,45,45,45],"gold":42,"neow_bonus":"TRANSFORM_TWO_CARDS","is_daily":false,"chose_seed":false,"campfire_upgraded":9,"win_rate":0.0,"timestamp":1611935549,"path_taken":["M","?","?","?","M","PTL","PTL","R","$","R","T","R","?","E","?","M","R","BOSS","M","?","M","M","?","R","?","R","T","R","?","M","E","M","R","BOSS","M","$","?","?","$","R","E","M","T","R","E","?","?","?","R","BOSS","R","$","E","BOSS"],"items_purchased_type":["Card","Relic","Card","Card","Potion","Potion","Potion"],"build_version":"2020-12-22","purchased_purges":3,"victory":false,"max_hp_per_floor":[70,70,70,70,70,70,70,70,70,70,70,70,65,65,65,65,65,65,65,65,65,65,65,65,65,65,65,65,65,65,65,65,65,65,65,65,65,65,65,65,65,65,65,65,65,65,65,65,65,65,65,65,65,65,65,65,65,65],"card_choices":[{"not_picked":["Prepared","Dodge and Roll","Backflip"],"picked":"SKIP","floor":1.0},{"not_picked":["Slice","Flying Knee"],"picked":"Riddle With Holes","floor":5.0},{"not_picked":["Acrobatics","Prepared"],"picked":"Poison Darts","floor":14.0},{"not_picked":["Masterful Stab","Hidden Blade"],"picked":"Noxious Fumes","floor":15.0},{"not_picked":["Terror","Backflip"],"picked":"ReplayTheSpireMod:Scrap Shanks","floor":16.0},{"not_picked":["Unload","Poison Darts"],"picked":"Venomology","floor":18.0},{"not_picked":["Dodge and Roll","Setup"],"picked":"Backflip+1","floor":20.0},{"not_picked":["Hidden Blade","Finisher","Reflex"],"picked":"SKIP","floor":22.0},{"not_picked":["Underhanded Strike","Outmaneuver"],"picked":"Dodge and Roll+1","floor":23.0},{"not_picked":["Backflip+1","Quick Slash"],"picked":"Crippling Poison","floor":30.0},{"not_picked":["Dagger Spray","Prepared","Tools of the Trade"],"picked":"SKIP","floor":31.0},{"not_picked":["Fluid Movement","Backstab"],"picked":"Blade Dance+1","floor":32.0},{"not_picked":["Fluid Movement","Acrobatics"],"picked":"Dagger Throw+1","floor":33.0},{"not_picked":["Adrenaline","Phantasmal Killer"],"picked":"Envenom","floor":35.0},{"not_picked":["Eviscerate","Dash"],"picked":"Escape Plan+1","floor":37.0},{"not_picked":["Crippling Poison+1","ReplayTheSpireMod:The Works"],"picked":"Dagger Spray","floor":43.0},{"not_picked":["Backflip+1","Sucker Punch+1"],"picked":"Escape Plan+1","floor":44.0},{"not_picked":["ReplayTheSpireMod:Speed Training+1","Sucker Punch"],"picked":"Catalyst","floor":47.0},{"not_picked":["Dodge and Roll+1","Infinite Blades+1"],"picked":"Blade Dance+1","floor":50.0},{"not_picked":["Fluid Movement","Dagger Throw+1","Flechettes+1"],"picked":"SKIP","floor":56.0}],"player_experience":1422167,"relics_obtained":[{"floor":4.0,"key":"Art of War"},{"floor":11.0,"key":"Letter Opener"},{"floor":14.0,"key":"Lizard Tail"},{"floor":28.0,"key":"Gremlin Food"},{"floor":32.0,"key":"Replay:Wax Seal"},{"floor":39.0,"key":"Ring of Chaos"},{"floor":39.0,"key":"ReplayTheSpireMod:Ring of Exchange"},{"floor":43.0,"key":"Replay:Bottled Steam"},{"floor":45.0,"key":"Boot"},{"floor":47.0,"key":"Snack Pack"},{"floor":56.0,"key":"Lantern"}],"event_choices":[{"damage_healed":0.0,"max_hp_gain":0.0,"max_hp_loss":0.0,"gold_gain":0.0,"event_name":"Shining Light","player_choice":"Entered Light","floor":2.0,"gold_loss":0.0,"damage_taken":14.0,"cards_upgraded":["Strike_G","Strike_G"]},{"cards_removed":["Defend_G"],"damage_healed":0.0,"max_hp_gain":0.0,"max_hp_loss":0.0,"gold_gain":0.0,"event_name":"Golden Wing","player_choice":"Card Removal","floor":3.0,"gold_loss":0.0,"damage_taken":7.0},{"damage_healed":0.0,"max_hp_gain":0.0,"max_hp_loss":5.0,"gold_gain":0.0,"event_name":"Golden Idol","player_choice":"Lose Max HP","floor":13.0,"gold_loss":0.0,"damage_taken":0.0,"relics_obtained":["Golden Idol"]},{"damage_healed":0.0,"max_hp_gain":0.0,"max_hp_loss":0.0,"gold_gain":0.0,"event_name":"Forgotten Altar","player_choice":"Gave Idol","floor":21.0,"relics_lost":["Golden Idol"],"gold_loss":0.0,"damage_taken":0.0,"relics_obtained":["Bloody Idol"]},{"damage_healed":0.0,"max_hp_gain":0.0,"max_hp_loss":0.0,"gold_gain":0.0,"event_name":"Duplicator","player_choice":"Copied","floor":26.0,"gold_loss":0.0,"damage_taken":0.0,"cards_obtained":["Venomology"]},{"cards_removed":["Crippling Poison"],"damage_healed":0.0,"max_hp_gain":0.0,"max_hp_loss":0.0,"gold_gain":0.0,"event_name":"Falling","player_choice":"Removed Skill","floor":40.0,"gold_loss":0.0,"damage_taken":0.0},{"damage_healed":0.0,"max_hp_gain":0.0,"max_hp_loss":0.0,"gold_gain":0.0,"event_name":"Tomb of Lord Red Mask","player_choice":"Ignored","floor":48.0,"gold_loss":0.0,"damage_taken":0.0},{"damage_healed":0.0,"max_hp_gain":0.0,"max_hp_loss":0.0,"gold_gain":0.0,"event_name":"Accursed Blacksmith","player_choice":"Forge","floor":49.0,"gold_loss":0.0,"damage_taken":0.0,"cards_upgraded":["Catalyst"]}],"is_beta":false,"boss_relics":[{"not_picked":["Coffee Dripper","Ectoplasm"],"picked":"Ring of the Serpent"},{"not_picked":["Tiny House","Replay:Drink Me"],"picked":"HoveringKite"}],"items_purged_floors":[9,38,41],"is_endless":false,"potions_floor_spawned":[5,16,30,32,33,35,43,44,56],"killed_by":"The Heart","ascension_level":1}}