{"host":"tq99ucv8ezzqzioe","time":1611880939,"event":{"mods":["BaseMod","Colored Map","Downfall","Highlight Path","Minty Spire (QoL Compilation)","StSLib"],"gold_per_floor":[116,81,10,10,10,10,41,58,81,81,81,81,99,99,99,203,203,168,168,168],"floor_reached":19,"language":"ENG","playtime":863,"items_purged":[],"score":212,"play_id":"aef51af5-0273-4e35-a965-196b55286e5b","local_time":"20210128194219","is_ascension_mode":true,"campfire_choices":[{"data":"Bash","floor":6,"key":"SMITH"},{"floor":12,"key":"RECALL"},{"floor":15,"key":"REST"}],"circlet_count":0,"master_deck":["Strike_R","Strike_R","Strike_R","Strike_R","Defend_R","Defend_R","Defend_R","Defend_R","Bash+1","Spot Weakness","Rampage","Rupture","Demon Form"],"relics":["Runic Cube","Darkstone Periapt","InkBottle","Juzu Bracelet","SlaversCollar"],"acts_visited":["Exordium","TheCity"],"potions_floor_usage":[16,16,19],"damage_taken":[{"damage":7,"enemies":"Jaw Worm","floor":1,"turns":3},{"damage":40,"enemies":"3 Sentries","floor":7,"turns":8},{"damage":16,"enemies":"2 Louse","floor":8,"turns":4},{"damage":3,"enemies":"Small Slimes","floor":13,"turns":4},{"damage":51,"enemies":"The Guardian","floor":16,"turns":11},{"damage":42,"enemies":"2 Thieves","floor":18,"turns":5},{"damage":32,"enemies":"Shell Parasite","floor":19,"turns":4}],"seed_played":"6075727576739456233","potions_obtained":[{"floor":1,"key":"SteroidPotion"},{"floor":7,"key":"Strength Potion"},{"floor":10,"key":"Ancient Potion"},{"floor":13,"key":"ColorlessPotion"},{"floor":18,"key":"EssenceOfSteel"}],"is_trial":false,"path_per_floor":["M","?","$","?","$","R","E","M","T","?","?","R","M","?","R","B",null,"M","M"],"character_chosen":"IRONCLAD","items_purchased":["Rampage"],"campfire_rested":1,"item_purchase_floors":[3],"current_hp_per_floor":[65,80,80,86,86,86,46,30,30,30,30,30,27,27,52,1,65,23,0,0],"gold":168,"neow_bonus":"BOSS_RELIC","is_daily":false,"chose_seed":false,"campfire_upgraded":1,"win_rate":0.0,"timestamp":1611880939,"path_taken":["M","?","$","?","$","R","E","M","T","?","?","R","M","?","R","BOSS","M","M"],"items_purchased_type":["Card"],"build_version":"2020-12-22","purchased_purges":0,"victory":false,"max_hp_per_floor":[80,80,80,86,86,86,86,86,86,86,86,86,86,86,86,86,86,86,86,86],"card_choices":[{"not_picked":["Feel No Pain","Combust"],"picked":"Spot Weakness","floor":1},{"not_picked":["Fire Breathing","Infernal Blade","Clothesline"],"picked":"SKIP","floor":7},{"not_picked":["Anger","Perfected Strike","Clothesline"],"picked":"SKIP","floor":8},{"not_picked":["Sever Soul","Fire Breathing","Entrench"],"picked":"SKIP","floor":13},{"not_picked":["Barricade","Impervious"],"picked":"Demon Form","floor":16},{"not_picked":["Sentinel","Cleave","Disarm"],"picked":"SKIP","floor":18}],"player_experience":800150,"relics_obtained":[{"floor":7,"key":"InkBottle"},{"floor":9,"key":"Juzu Bracelet"}],"event_choices":[{"damage_healed":20,"gold_gain":0,"player_choice":"Healed","damage_taken":0,"max_hp_gain":0,"max_hp_loss":0,"event_name":"The Cleric","floor":2,"gold_loss":35},{"damage_healed":0,"gold_gain":0,"player_choice":"Box","damage_taken":0,"relics_obtained":["Darkstone Periapt"],"max_hp_gain":0,"max_hp_loss":0,"event_name":"Big Fish","floor":4,"gold_loss":0,"cards_obtained":["Regret"]},{"damage_healed":0,"gold_gain":0,"player_choice":"Got Potions","damage_taken":0,"max_hp_gain":0,"max_hp_loss":0,"event_name":"Lab","floor":10,"gold_loss":0},{"cards_removed":["Regret"],"damage_healed":0,"gold_gain":0,"player_choice":"Purged","damage_taken":0,"max_hp_gain":0,"max_hp_loss":0,"event_name":"Purifier","floor":11,"gold_loss":0},{"damage_healed":0,"gold_gain":0,"cards_transformed":["Strike_R"],"player_choice":"Transformed","damage_taken":0,"max_hp_gain":0,"max_hp_loss":0,"event_name":"Transmorgrifier","floor":14,"gold_loss":0,"cards_obtained":["Rupture"]}],"is_beta":false,"boss_relics":[{"not_picked":["Ectoplasm","bronze:MakeshiftBattery"],"picked":"SlaversCollar"}],"items_purged_floors":[],"is_endless":false,"potions_floor_spawned":[1,7,13,18],"killed_by":"Shell Parasite","ascension_level":6}}