{"host":"sian7qp8a9pc9xwd","time":1611925789,"event":{"mods":["BaseMod","Minty Spire (QoL Compilation)","StSLib","SuperFastMode"],"gold_per_floor":[119,119,136,311,70,404,404,415,415,91,122,141,160,175,175,275,275,289,289,299,34,50,50,80,80,107,107,118,132,132,152,152,251,251,271,101,116,131,131,131,160,172,184,216,241,267,279,305,317,329,329],"floor_reached":50,"language":"ENG","playtime":2791,"items_purged":["Doubt","Rampage","Bash"],"score":915,"play_id":"825e326c-dc5f-4692-b307-75f85cab581e","local_time":"20210129080949","is_ascension_mode":true,"campfire_choices":[{"data":"Perfected Strike","floor":7.0,"key":"SMITH"},{"data":"Berserk","floor":15.0,"key":"SMITH"},{"floor":23.0,"key":"REST"},{"data":"Seeing Red","floor":25.0,"key":"SMITH"},{"data":"Seeing Red","floor":27.0,"key":"SMITH"},{"data":"Perfected Strike","floor":32.0,"key":"SMITH"},{"floor":40.0,"key":"REST"},{"floor":49.0,"key":"RECALL"}],"circlet_count":0,"master_deck":["AscendersBane","Strike_R","Strike_R","Strike_R","Strike_R","Strike_R","Defend_R","Defend_R","Defend_R","Twin Strike","Pommel Strike","Secret Weapon","Perfected Strike+1","Good Instincts","Deep Breath","Shrug It Off","Berserk+1","Seeing Red+1","Perfected Strike+1","Seeing Red+1","Perfected Strike+1","Shrug It Off","Impervious","Intimidate+1","Trip","Havoc+1","Perfected Strike+1","Impervious"],"relics":["Black Blood","PreservedInsect","Old Coin","The Courier","Anchor","Bag of Preparation","Nilry\u0027s Codex","Lantern","Gremlin Horn","Nunchaku","Fusion Hammer","MawBank","Bottled Tornado"],"acts_visited":["Exordium","TheCity","TheBeyond"],"potions_floor_usage":[50,50],"damage_taken":[{"damage":11.0,"enemies":"Jaw Worm","floor":1.0,"turns":4.0},{"damage":6.0,"enemies":"Cultist","floor":3.0,"turns":4.0},{"damage":15.0,"enemies":"3 Sentries","floor":6.0,"turns":7.0},{"damage":0.0,"enemies":"2 Louse","floor":8.0,"turns":2.0},{"damage":0.0,"enemies":"Gremlin Nob","floor":11.0,"turns":2.0},{"damage":0.0,"enemies":"Large Slime","floor":12.0,"turns":4.0},{"damage":1.0,"enemies":"Looter","floor":13.0,"turns":3.0},{"damage":2.0,"enemies":"Exordium Wildlife","floor":14.0,"turns":4.0},{"damage":47.0,"enemies":"Slime Boss","floor":16.0,"turns":6.0},{"damage":0.0,"enemies":"Chosen","floor":18.0,"turns":4.0},{"damage":37.0,"enemies":"Shell Parasite","floor":20.0,"turns":7.0},{"damage":28.0,"enemies":"3 Cultists","floor":22.0,"turns":5.0},{"damage":0.0,"enemies":"Book of Stabbing","floor":24.0,"turns":3.0},{"damage":0.0,"enemies":"Centurion and Healer","floor":28.0,"turns":3.0},{"damage":0.0,"enemies":"Snake Plant","floor":29.0,"turns":2.0},{"damage":14.0,"enemies":"Snecko","floor":31.0,"turns":4.0},{"damage":57.0,"enemies":"Automaton","floor":33.0,"turns":10.0},{"damage":0.0,"enemies":"Orb Walker","floor":35.0,"turns":3.0},{"damage":0.0,"enemies":"3 Shapes","floor":37.0,"turns":2.0},{"damage":40.0,"enemies":"Maw","floor":38.0,"turns":7.0},{"damage":38.0,"enemies":"Giant Head","floor":41.0,"turns":6.0},{"damage":0.0,"enemies":"Jaw Worm Horde","floor":44.0,"turns":3.0},{"damage":0.0,"enemies":"Sphere and 2 Shapes","floor":45.0,"turns":3.0},{"damage":24.0,"enemies":"Maw","floor":46.0,"turns":6.0},{"damage":0.0,"enemies":"3 Darklings","floor":48.0,"turns":3.0},{"damage":82,"enemies":"Time Eater","floor":50,"turns":9}],"seed_played":"-2882503617309731846","potions_obtained":[{"floor":2.0,"key":"BlessingOfTheForge"},{"floor":2.0,"key":"Swift Potion"},{"floor":2.0,"key":"EssenceOfSteel"},{"floor":3.0,"key":"Fruit Juice"},{"floor":6.0,"key":"SteroidPotion"},{"floor":8.0,"key":"PowerPotion"},{"floor":20.0,"key":"DuplicationPotion"},{"floor":22.0,"key":"SkillPotion"},{"floor":28.0,"key":"LiquidMemories"},{"floor":35.0,"key":"EssenceOfSteel"},{"floor":37.0,"key":"SmokeBomb"},{"floor":44.0,"key":"Block Potion"},{"floor":46.0,"key":"FearPotion"}],"is_trial":false,"path_per_floor":["M","?","M","?","$","E","R","M","T","$","E","M","M","M","R","B",null,"M","?","M","$","M","R","E","R","T","R","M","M","?","M","R","B",null,"M","$","M","M","?","R","E","?","T","M","M","M","?","M","R","B"],"character_chosen":"IRONCLAD","items_purchased":["Rampage","Secret Weapon","Anchor","Good Instincts","Deep Breath","Lantern","Seeing Red","Trip"],"campfire_rested":2,"item_purchase_floors":[5,5,10,10,10,21,21,36],"current_hp_per_floor":[67,67,67,67,72,63,63,69,69,69,75,81,85,85,85,44,75,85,69,44,44,28,53,65,65,65,65,77,85,85,83,83,38,73,85,85,85,57,57,81,55,55,55,67,79,67,67,79,79,0,0],"gold":329,"neow_bonus":"RANDOM_COMMON_RELIC","is_daily":false,"chose_seed":false,"campfire_upgraded":5,"win_rate":0.0,"timestamp":1611925789,"path_taken":["M","?","?","?","$","E","R","M","T","$","E","M","M","M","R","BOSS","M","?","M","$","M","R","E","R","T","R","M","M","?","M","R","BOSS","M","$","M","M","?","R","E","?","T","?","M","M","?","M","R","BOSS"],"items_purchased_type":["Card","Card","Relic","Card","Card","Relic","Card","Card"],"build_version":"2020-12-22","purchased_purges":3,"victory":false,"max_hp_per_floor":[80,80,80,80,85,85,85,85,85,85,85,85,85,85,85,85,85,85,85,85,85,85,85,85,85,85,85,85,85,85,85,85,85,85,85,85,85,85,81,81,81,81,81,81,81,81,81,81,81,81,81],"card_choices":[{"not_picked":["True Grit","Sever Soul"],"picked":"Twin Strike","floor":1.0},{"not_picked":["Flex","Headbutt"],"picked":"Pommel Strike","floor":3.0},{"not_picked":["Wild Strike","Twin Strike"],"picked":"Perfected Strike","floor":6.0},{"not_picked":["Reckless Charge","Thunderclap","Power Through"],"picked":"SKIP","floor":8.0},{"not_picked":["Shockwave","Reckless Charge","Clothesline"],"picked":"SKIP","floor":11.0},{"not_picked":["Carnage","Thunderclap"],"picked":"Shrug It Off","floor":12.0},{"not_picked":["Rage","Dual Wield"],"picked":"Berserk","floor":13.0},{"not_picked":["Clash","Metallicize"],"picked":"Seeing Red","floor":14.0},{"not_picked":["Cleave+1","Clash","Anger"],"picked":"SKIP","floor":18.0},{"not_picked":["Shrug It Off","Dual Wield"],"picked":"Perfected Strike","floor":20.0},{"not_picked":["Sword Boomerang+1","Iron Wave"],"picked":"Perfected Strike+1","floor":22.0},{"not_picked":["Clash","Evolve+1"],"picked":"Shrug It Off","floor":24.0},{"not_picked":["Limit Break","Evolve","Thunderclap+1"],"picked":"SKIP","floor":28.0},{"not_picked":["Headbutt","Feel No Pain","Heavy Blade+1"],"picked":"SKIP","floor":29.0},{"not_picked":["Iron Wave","Intimidate","Ghostly Armor"],"picked":"SKIP","floor":31.0},{"not_picked":["Berserk","Bludgeon"],"picked":"Impervious","floor":33.0},{"not_picked":["Fire Breathing+1","Rage"],"picked":"Intimidate+1","floor":35.0},{"not_picked":["Clash","Body Slam+1","Intimidate+1"],"picked":"SKIP","floor":37.0},{"not_picked":["Searing Blow","Pummel+1"],"picked":"Havoc+1","floor":38.0},{"not_picked":["Clash","Armaments","Havoc"],"picked":"SKIP","floor":41.0},{"not_picked":["Ghostly Armor+1","Sword Boomerang","Reckless Charge+1"],"picked":"SKIP","floor":44.0},{"not_picked":["Inflame","Whirlwind+1"],"picked":"Perfected Strike+1","floor":45.0},{"not_picked":["Rupture+1","Flame Barrier+1","Evolve+1"],"picked":"SKIP","floor":46.0},{"not_picked":["True Grit+1","Anger+1","Havoc+1"],"picked":"SKIP","floor":48.0}],"player_experience":824614,"relics_obtained":[{"floor":6.0,"key":"Old Coin"},{"floor":9.0,"key":"The Courier"},{"floor":11.0,"key":"Bag of Preparation"},{"floor":19.0,"key":"Nilry\u0027s Codex"},{"floor":24.0,"key":"Gremlin Horn"},{"floor":26.0,"key":"Nunchaku"},{"floor":41.0,"key":"MawBank"},{"floor":43.0,"key":"Bottled Tornado"}],"event_choices":[{"damage_healed":0.0,"max_hp_gain":0.0,"max_hp_loss":0.0,"gold_gain":0.0,"event_name":"Lab","player_choice":"Got Potions","floor":2.0,"gold_loss":0.0,"damage_taken":0.0},{"damage_healed":0.0,"max_hp_gain":0.0,"max_hp_loss":0.0,"gold_gain":175.0,"event_name":"Liars Game","player_choice":"AGREE","floor":4.0,"gold_loss":0.0,"damage_taken":0.0,"cards_obtained":["Doubt"]},{"damage_healed":0.0,"max_hp_gain":0.0,"max_hp_loss":0.0,"gold_gain":0.0,"event_name":"Cursed Tome","player_choice":"Obtained Book","floor":19.0,"gold_loss":0.0,"damage_taken":16.0},{"damage_healed":0.0,"max_hp_gain":0.0,"max_hp_loss":0.0,"gold_gain":0.0,"event_name":"The Mausoleum","player_choice":"Ignored","floor":30.0,"gold_loss":0.0,"damage_taken":0.0},{"damage_healed":0.0,"max_hp_gain":0.0,"max_hp_loss":4.0,"gold_gain":0.0,"event_name":"Winding Halls","player_choice":"Max HP","floor":39.0,"gold_loss":0.0,"damage_taken":0.0},{"damage_healed":0.0,"max_hp_gain":0.0,"max_hp_loss":0.0,"gold_gain":0.0,"event_name":"The Woman in Blue","player_choice":"Bought 0 Potions","floor":42.0,"gold_loss":0.0,"damage_taken":0.0},{"damage_healed":0.0,"max_hp_gain":0.0,"max_hp_loss":0.0,"gold_gain":0.0,"cards_transformed":["Defend_R"],"event_name":"Transmorgrifier","player_choice":"Transformed","floor":47.0,"gold_loss":0.0,"damage_taken":0.0,"cards_obtained":["Impervious"]}],"is_beta":false,"boss_relics":[{"not_picked":["Tiny House","Coffee Dripper"],"picked":"Black Blood"},{"not_picked":["Astrolabe","Snecko Eye"],"picked":"Fusion Hammer"}],"items_purged_floors":[10,21,36],"is_endless":false,"potions_floor_spawned":[3,6,8,14,20,22,28,35,37,44,46],"killed_by":"Time Eater","ascension_level":11}}