{"host":"q2j4ef1ti78v4imq","time":1611931771,"event":{"mods":["AchievementEnabler","BaseMod","Better Altar","Better Match","Better Note","Better Sensory Stone","Better Skull","Better Third Choice","Block Reminder","Hermit","Minty Spire (QoL Compilation)","Relic Stats","Replay The Spire","Shade Mod","StSLib"],"gold_per_floor":[113,125,142,160,78,78,87,109,109,109,109,130,130,188,188,298,298,327,348,348,368,396,396,44,44,44],"floor_reached":25,"language":"ENG","playtime":3457,"items_purged":["Looming Evil"],"score":318,"play_id":"b63e2765-3ebf-438d-ab69-96dccdb41fe2","local_time":"20210129144931","is_ascension_mode":true,"campfire_choices":[{"data":"Eruption","floor":6,"key":"SMITH"},{"data":"Prostrate","floor":10,"key":"SMITH"},{"data":"CutThroughFate","floor":13,"key":"SMITH"},{"floor":15,"key":"DIG"},{"floor":23,"key":"REST"}],"circlet_count":0,"master_deck":["AscendersBane","Strike_P","Strike_P","Strike_P","Strike_P","Defend_P","Defend_P","Defend_P","Eruption+1","Vigilance","Nirvana","FlurryOfBlows","ThirdEye","Wireheading","Parasite","Prostrate+1","CutThroughFate+1","Pot Of Greed","Pot Of Greed","TalkToTheHand","DeusExMachina","ThirdEye","Crescendo+1","DeceiveReality+1","Tantrum","Tantrum+1","Pot Of Greed"],"relics":["PureWater","ReplayTheSpireMod:CursedCoin","CeramicFish","Centennial Puzzle","Grinning Jar","Singing Bowl","Honey Jar","Ice Cream"],"acts_visited":["Exordium","TheCity"],"potions_floor_usage":[8,16,25,25],"damage_taken":[{"damage":11,"enemies":"2 Louse","floor":1,"turns":4},{"damage":4,"enemies":"Small Slimes","floor":2,"turns":4},{"damage":7,"enemies":"Cultist","floor":3,"turns":4},{"damage":10,"enemies":"Red Slaver","floor":4,"turns":6},{"damage":5,"enemies":"Lots of Slimes","floor":8,"turns":5},{"damage":7,"enemies":"Gremlin Gang","floor":12,"turns":8},{"damage":15,"enemies":"Replay:BlueRogue","floor":14,"turns":5},{"damage":22,"enemies":"Hexaghost","floor":16,"turns":8},{"damage":18,"enemies":"Spheric Guardian","floor":18,"turns":6},{"damage":16,"enemies":"3 Byrds","floor":19,"turns":7},{"damage":18,"enemies":"Centurion and Healer","floor":21,"turns":5},{"damage":6,"enemies":"Snecko","floor":22,"turns":5},{"damage":31,"enemies":"Snake Plant","floor":25,"turns":2}],"seed_played":"-6879378458964811324","potions_obtained":[{"floor":1,"key":"Weak Potion"},{"floor":2,"key":"Fire Potion"},{"floor":12,"key":"BottledMiracle"},{"floor":16,"key":"PowerPotion"},{"floor":18,"key":"Strength Potion"},{"floor":19,"key":"Explosive Potion"},{"floor":21,"key":"BlessingOfTheForge"}],"is_trial":false,"path_per_floor":["M","M","M","M","$","R","?","M","T","R","?","M","R","E","R","B",null,"M","M","?","M","M","R","$","M"],"character_chosen":"WATCHER","items_purchased":["ReplayTheSpireMod:CursedCoin","CeramicFish","Ice Cream","Tantrum+1"],"campfire_rested":1,"item_purchase_floors":[5,5,24,24],"current_hp_per_floor":[61,57,50,40,40,40,59,54,54,54,54,47,47,32,32,10,62,44,28,28,12,6,30,30,0,0],"gold":44,"neow_bonus":"TEN_PERCENT_HP_BONUS","is_daily":false,"chose_seed":false,"campfire_upgraded":3,"win_rate":0.0,"timestamp":1611931771,"path_taken":["M","M","M","M","$","R","?","M","T","R","?","M","R","E","R","BOSS","M","M","?","M","?","R","?","M"],"items_purchased_type":["Relic","Relic","Relic","Card"],"build_version":"2020-12-22","purchased_purges":1,"victory":false,"max_hp_per_floor":[79,79,79,79,79,79,79,79,79,79,79,79,79,79,79,79,79,79,79,79,81,81,81,81,81,81],"relic_stats":{"Centennial Puzzle":[24],"Singing Bowl":2,"counters":[13,69],"CeramicFish":117,"obtain_stats":[{"Ice Cream":24,"Centennial Puzzle":9,"Singing Bowl":15,"ReplayTheSpireMod:CursedCoin":5,"CeramicFish":5,"Honey Jar":17,"PureWater":0,"Grinning Jar":14},{"Ice Cream":12,"Centennial Puzzle":5,"Singing Bowl":7,"ReplayTheSpireMod:CursedCoin":4,"CeramicFish":4,"Honey Jar":8,"PureWater":0,"Grinning Jar":7},{"Ice Cream":67,"Centennial Puzzle":23,"Singing Bowl":36,"ReplayTheSpireMod:CursedCoin":18,"CeramicFish":18,"Honey Jar":44,"PureWater":0,"Grinning Jar":36}]},"card_choices":[{"not_picked":["WindmillStrike","JustLucky"],"picked":"Nirvana","floor":1},{"not_picked":["Halt","Collect"],"picked":"FlurryOfBlows","floor":2},{"not_picked":["ForeignInfluence","Study"],"picked":"ThirdEye","floor":3},{"not_picked":["ThirdEye","WheelKick"],"picked":"Wireheading","floor":4},{"not_picked":["Indignation","Scrawl"],"picked":"Prostrate","floor":8},{"not_picked":["PathToVictory","Replay:ManipulateFuture"],"picked":"CutThroughFate","floor":12},{"not_picked":["Replay:BluntJabs","Halt"],"picked":"TalkToTheHand","floor":14},{"not_picked":["Scrawl","SpiritShield"],"picked":"DeusExMachina","floor":16},{"not_picked":["JustLucky","Conclude","Replay:AtTheReady"],"picked":"ThirdEye","floor":18},{"not_picked":["SashWhip+1","Wireheading+1","Replay:ManipulateFuture"],"picked":"Crescendo+1","floor":19},{"not_picked":["DeceiveReality+1","Blasphemy","Replay:AtTheReady","Evaluate"],"picked":"Singing Bowl","floor":21},{"not_picked":["Replay:BluntJabs","BattleHymn+1","Replay:Cycle+1"],"picked":"Tantrum","floor":22}],"player_experience":862459,"relics_obtained":[{"floor":9,"key":"Centennial Puzzle"},{"floor":14,"key":"Grinning Jar"},{"floor":15,"key":"Singing Bowl"}],"event_choices":[{"damage_healed":19,"gold_gain":0,"player_choice":"Healed and dodged fight","damage_taken":0,"max_hp_gain":0,"max_hp_loss":0,"event_name":"Mushrooms","floor":7,"gold_loss":0,"cards_obtained":["Parasite"]},{"cards_removed":["Defend_P"],"damage_healed":0,"gold_gain":0,"player_choice":"Forget","damage_taken":0,"max_hp_gain":0,"max_hp_loss":0,"event_name":"Living Wall","floor":11,"gold_loss":0},{"damage_healed":0,"gold_gain":0,"player_choice":"Bought 0 Potions","damage_taken":0,"max_hp_gain":0,"max_hp_loss":0,"event_name":"The Woman in Blue","floor":20,"gold_loss":0}],"is_beta":false,"boss_relics":[{"not_picked":["SlaversCollar","Velvet Choker"],"picked":"Honey Jar"}],"items_purged_floors":[5],"is_endless":false,"potions_floor_spawned":[1,2,12,16,18,19,21],"killed_by":"Snake Plant","ascension_level":11}}