{"host":"56d873i5r3uhle0q","time":1611899329,"event":{"mods":["100% Spire Juice","Act Like it!","Aspiration","BaseMod","Block Reminder","Conspire","Dota2Spire","Downfall","Gensokyo","Hermit","Hubris","Infinite Spire","Jedi Mod","Lobotomy","LobotomyExtend","Marisa????????","Marked Mod","Minty Spire (QoL Compilation)","Reliquary","Replay The Spire","StSLib","The Animator","The Bug Knight","The Cursed","The Marked","The Servant 0.9.4","everything is the same but u backflip on backflip","??????REMEMod"],"gold_per_floor":[110,33,50,64,64,64,64,81,107,117,117,117,136,189,189,189,189],"floor_reached":16,"language":"ENG","playtime":446,"items_purged":[],"score":92,"play_id":"99be4022-af41-4fe9-8fd0-54d541b77dd4","local_time":"20210128224849","is_ascension_mode":false,"campfire_choices":[{"data":"hubris:CleavingFinish","floor":6,"key":"SMITH"},{"data":"hubris:CleavingFinish+1","floor":11,"key":"SMITH"},{"floor":15,"key":"REST"}],"circlet_count":0,"master_deck":["Strike_R","Strike_R","Strike_R","Strike_R","Strike_R","Defend_R","Defend_R","Defend_R","Defend_R","Bash"],"relics":["Burning Blood","REME_ComplimentaryCards","CogitoBucket","LetterFromLob","Happy Flower","conspire:InfiniteJournal","Gensokyo:OccultBall","Dota2Spire:ArcaneBoots"],"acts_visited":["Gensokyo:Gensokyo"],"potions_floor_usage":[16,16],"damage_taken":[{"damage":2,"enemies":"Gensokyo:3_Fairies","floor":1,"turns":4},{"damage":16,"enemies":"Gensokyo:Gryphon","floor":3,"turns":4},{"damage":6,"enemies":"Gensokyo:Python","floor":4,"turns":4},{"damage":10,"enemies":"Gensokyo:VengefulSpirit","floor":8,"turns":5},{"damage":18,"enemies":"Gensokyo:Kitsune","floor":10,"turns":4},{"damage":32,"enemies":"Gensokyo:Gryphon_and_Rabbit","floor":13,"turns":4},{"damage":55,"enemies":"Gensokyo:Kokoro","floor":16,"turns":11}],"seed_played":"3489472959311323066","potions_obtained":[{"floor":1,"key":"jedi:wingpotion"},{"floor":3,"key":"SkillPotion"},{"floor":13,"key":"ColorlessPotion"}],"is_trial":false,"path_per_floor":["M","COS","M","M","?","R","$","M","T","M","R","?","M","T","R","B"],"character_chosen":"IRONCLAD","items_purchased":[],"campfire_rested":1,"item_purchase_floors":[],"current_hp_per_floor":[80,80,70,70,70,70,70,66,66,54,54,54,28,28,52,0,0],"gold":189,"neow_bonus":"","is_daily":false,"chose_seed":false,"campfire_upgraded":2,"win_rate":0.0,"timestamp":1611899329,"path_taken":["M","COS","M","M","?","R","?","M","T","M","R","?","M","?","R","BOSS"],"items_purchased_type":[],"build_version":"2020-12-22","purchased_purges":0,"victory":false,"max_hp_per_floor":[80,80,80,80,80,80,80,80,80,80,80,80,80,80,80,80,80],"card_choices":[{"not_picked":["True Grit","Flex","Flame Barrier"],"picked":"SKIP","floor":1},{"not_picked":["Heavy Blade","Run Through","Flex"],"picked":"SKIP","floor":3},{"not_picked":["Havoc","Pommel Strike"],"picked":"hubris:CleavingFinish","floor":4},{"not_picked":["hubris:ReadiedAction","hubris:SharpeningStone","Shrug It Off"],"picked":"SKIP","floor":8},{"not_picked":["Havoc","ReplayTheSpireMod:Corrosion Curse","hubris:CleavingFinish"],"picked":"SKIP","floor":10},{"not_picked":["Replay:Undeath\u0027s Touch","Headbutt","Pommel Strike"],"picked":"SKIP","floor":13}],"player_experience":685670,"relics_obtained":[{"floor":1,"key":"LetterFromLob"},{"floor":9,"key":"Happy Flower"},{"floor":14,"key":"Dota2Spire:ArcaneBoots"}],"event_choices":[],"is_beta":false,"boss_relics":[],"items_purged_floors":[],"is_endless":false,"potions_floor_spawned":[1,3,13],"killed_by":"Gensokyo:Kokoro","ascension_level":0}}