{"host":"vca5odlxycr7xk6d","time":1611935448,"event":{"mods":["Act Like it!","BaseMod","Better Note","BetterRewards","Colored Map","Gensokyo","GungeonMod","Hubris","Infinite Spire","Lobotomy","LobotomyExtend","Marisa????????","Minty Spire (QoL Compilation)","Rare Cards Sparkle","Reimu??????","Replay The Spire","Shop Mod","StSLib","The Animator","The Exalted"],"gold_per_floor":[114,114,125,138,23,49,49,73,85,97,109,137,149,180,192,307,319,344,356,368,380,404,450,462,474,474],"floor_reached":25,"language":"ENG","playtime":1533,"items_purged":["Funeral"],"score":221,"play_id":"c8815a58-e3b7-47e1-9438-9921e009b810","local_time":"20210129225048","is_ascension_mode":false,"campfire_choices":[],"circlet_count":0,"master_deck":["SpecialBullet","SpecialBullet","SpecialBullet","SpecialBullet","SpecialBullet","SpecialBullet","SpecialBullet","SpecialBullet","InformationCode","DisciplinaryCode","TrainingCode","RedEyes","WristCuter","OldLady","Wellcheers","MHz","Soda","LifeForTheDareDevil","Strike_R","Justitia","Penitence","SecurityCode","ShyLook","GreenStem","RedShoes","BeautyBeast","Lantern+1","DisciplinaryCode","infinitespire:Menacing","CENSORED","Regret_ego","SpecialBullet","QueenOfHatred","TodaysExpression"],"relics":["CogitoBucket","LetterFromLob","DemoMod:GnawedKey","Bromod:ArcaneTrickery","MawBank","Pen Nib","ResearcherNote","Painkiller Herb","Toy Ornithopter","Bromod:ArcanePistoleer"],"acts_visited":["Exordium","TheCity"],"potions_floor_usage":[23,23,25],"damage_taken":[{"damage":7,"enemies":"2 Louse","floor":1,"turns":2},{"damage":0,"enemies":"Cultist","floor":3,"turns":2},{"damage":0,"enemies":"Small Slimes","floor":4,"turns":2},{"damage":17,"enemies":"Gremlin Nob","floor":6,"turns":4},{"damage":12,"enemies":"Blue Slaver","floor":8,"turns":2},{"damage":1,"enemies":"3 Louse","floor":12,"turns":2},{"damage":0,"enemies":"Lots of Slimes","floor":14,"turns":3},{"damage":20,"enemies":"The Guardian","floor":16,"turns":6},{"damage":26,"enemies":"2 Thieves","floor":18,"turns":4},{"damage":0,"enemies":"Spheric Guardian","floor":22,"turns":3},{"damage":35,"enemies":"Gremlin Leader","floor":23,"turns":6},{"damage":59,"enemies":"Snake Plant","floor":25,"turns":5}],"seed_played":"-179939710734092287","potions_obtained":[{"floor":1,"key":"BlessingOfTheForge"},{"floor":4,"key":"Dexterity Potion"},{"floor":16,"key":"Death Potion"},{"floor":23,"key":"LifebloodPotion"}],"is_trial":false,"path_per_floor":["M","?","M","M","$","E","?","M","T","R","?","M","R","M","R_BF","B",null,"?","?","AVR","?","?","E","?","?"],"character_chosen":"Angela","items_purchased":["DemoMod:GnawedKey"],"campfire_rested":0,"item_purchase_floors":[5],"current_hp_per_floor":[63,70,70,70,70,57,54,44,44,44,44,44,44,46,46,32,70,53,53,53,53,53,70,70,54,54],"gold":474,"neow_bonus":"THREE_CARDS","is_daily":false,"chose_seed":false,"campfire_upgraded":0,"win_rate":0.0,"timestamp":1611935448,"path_taken":["M","?","M","M","?","E","?","M","T","R","?","M","R","M","R_BF","BOSS","?","?","AVR","?","?","E","?","?"],"items_purchased_type":["Relic"],"build_version":"2020-12-22","purchased_purges":1,"victory":false,"max_hp_per_floor":[70,70,70,70,70,70,70,70,70,70,70,70,70,70,70,70,70,70,70,70,70,70,70,70,70,70],"card_choices":[{"not_picked":["Noise","Beak"],"picked":"RedEyes","floor":0},{"not_picked":["DreamingCurrent","CherryBlossoms"],"picked":"Funeral","floor":1},{"not_picked":["RapturousDream"],"picked":"WristCuter","floor":1},{"not_picked":["MHz","Wellcheers"],"picked":"OldLady","floor":3},{"not_picked":["Discord"],"picked":"Diffraction","floor":3},{"not_picked":["CherryBlossoms","LittlePrince"],"picked":"Wellcheers","floor":4},{"not_picked":["Penitence","Amita"],"picked":"SKIP","floor":4},{"not_picked":["Penitence","Amita"],"picked":"SKIP","floor":4},{"not_picked":["OSAHOGD","WallGazer"],"picked":"MHz","floor":6},{"not_picked":["RapturousDream"],"picked":"Soda","floor":6},{"not_picked":["RapturousDream"],"picked":"LifeForTheDareDevil","floor":8},{"not_picked":["CUTE"],"picked":"Penitence","floor":12},{"not_picked":["SingingMachine","VoidDream"],"picked":"ShyLook","floor":14},{"not_picked":["SwordSharpenedByTears"],"picked":"GreenStem","floor":14},{"not_picked":["Laetitia","HappyTeddy"],"picked":"RedShoes","floor":16},{"not_picked":["GoldRush"],"picked":"DaCapo","floor":16},{"not_picked":["UniverseFragment","SpiderBud"],"picked":"BeautyBeast","floor":18},{"not_picked":["Wingbeat"],"picked":"Lantern+1","floor":18},{"not_picked":["MeatLantern","SingingMachine"],"picked":"CENSORED","floor":22},{"not_picked":["Loneliness"],"picked":"Regret_ego","floor":22},{"not_picked":["Woodsman","UniverseFragment"],"picked":"QueenOfHatred","floor":23},{"not_picked":["SomewhereSpear"],"picked":"TodaysExpression","floor":23}],"player_experience":502826,"relics_obtained":[{"floor":1,"key":"LetterFromLob"},{"floor":6,"key":"Bromod:ArcaneTrickery"},{"floor":9,"key":"Pen Nib"},{"floor":23,"key":"Bromod:ArcanePistoleer"}],"event_choices":[{"damage_healed":0,"gold_gain":0,"player_choice":"Success","damage_taken":3,"relics_obtained":["MawBank"],"max_hp_gain":0,"max_hp_loss":0,"event_name":"Scrap Ooze","floor":7,"gold_loss":0},{"damage_healed":0,"gold_gain":0,"player_choice":"2 cards matched","damage_taken":0,"max_hp_gain":0,"max_hp_loss":0,"event_name":"Match and Keep!","floor":11,"gold_loss":0,"cards_obtained":["Strike_R","Justitia"]},{"damage_healed":0,"gold_gain":0,"player_choice":"2 cards matched","damage_taken":0,"max_hp_gain":0,"max_hp_loss":0,"event_name":"Match and Keep!","floor":11,"gold_loss":0,"cards_obtained":["Strike_R","Justitia"]},{"damage_healed":0,"gold_gain":0,"player_choice":"Copied","damage_taken":0,"max_hp_gain":0,"max_hp_loss":0,"event_name":"Duplicator","floor":19,"gold_loss":0,"cards_obtained":["DisciplinaryCode"]},{"damage_healed":0,"gold_gain":0,"player_choice":"1 cards matched","damage_taken":0,"max_hp_gain":0,"max_hp_loss":0,"event_name":"Match and Keep!","floor":21,"gold_loss":0,"cards_obtained":["Loneliness"]},{"cards_removed":["Loneliness"],"damage_healed":0,"gold_gain":0,"player_choice":"Purged","damage_taken":0,"max_hp_gain":0,"max_hp_loss":0,"event_name":"Purifier","floor":24,"gold_loss":0}],"is_beta":false,"boss_relics":[{"not_picked":["Kintsugi","hubris:TerracottaHorce"],"picked":"Painkiller Herb"}],"items_purged_floors":[20],"is_endless":false,"potions_floor_spawned":[1,4,16,22,23],"killed_by":"Snake Plant","ascension_level":0}}