{"host":"0azimyi6n3ugndj4","time":1611954360,"event":{"mods":["2.2 Compatiblity","BaseMod","Bestiary","Conspire","Curses Come First","Defuse TimeMaze Blight","Hermit","Hubris","Hyrulean Relics","Infinite Spire","Keyboard Shortcuts","Minty Spire (QoL Compilation)","Relic Filter Mod","Relic Stats","Reliquary","Replay The Spire","StSLib","SuperFastMode","The Cursed","The Hierophant","Uncapped","¡¼?Úª?ø«¡½REMEMod"],"gold_per_floor":[171,258,330,375,108,108,168,243,269,269,4,4,81,107,107,0,0],"floor_reached":16,"language":"KOR","playtime":284,"items_purged":[],"score":276,"play_id":"f50353ec-5e9c-418a-8d36-7a7f3b266175","local_time":"20210130060600","daily_mods":["Draft","Hoarder","Insanity","Chimera","Specialized","Vintage","ControlledChaos","Allstar","Diverse","Colorless Cards","Heirloom","Time Dilation","Flight","Elite Swarm","Lethality","Midas","Binary"],"is_ascension_mode":true,"campfire_choices":[{"floor":6.0,"key":"REST"},{"floor":15,"key":"DIG"}],"circlet_count":0,"master_deck":["Demon Form","Wraith Form v2","Echo Form","DevaForm","AscendersBane","Bash","Survivor","Zap","Eruption","Strike_R","Strike_G","Strike_B","Defend_R","Defend_G","Defend_P","conspire:ExplosiveBarrier","Armaments","Protect","hermit:Coalescence","hierophant:Upheaval","SashWhip","TheCursedMod:SmokeScreen","Flame Barrier","hierophant:Sermon","REME_Repentance","Replay:Anticipation","InnerPeace","Clash","hierophant:Community","EmptyBody","TheCursedMod:Stretching","REME_TwoStrings","TheCursedMod:RavingStaff","Whirlwind","Iron Wave","Pummel","Evaluate","Run Through","hermit:GhostlyPresence","Shrug It Off","TheCursedMod:EmpowerCircles","hierophant:Smite","TheCursedMod:WearCloak","Backflip","ReplayTheSpireMod:Limb From Limb","hermit:Dive","Turbo","hierophant:Encroach","Consecrate","TheCursedMod:CursedShiv","TheCursedMod:Torture","TheCursedMod:CircleOfFlame","conspire:DoublingDagger","TheCursedMod:CursedBlade","Draining Mist","hubris:PowerSurge","hermit:Vantage","TheCursedMod:RapidMovement","TheCursedMod:FleshFromBone","FollowUp","Sweeping Beam","hierophant:Shelter","Cleave","Halt","Study","Anger","Anger","Anger","Anger","Anger","Anger","Anger","Anger","Anger","Anger","Anger","Anger","Anger","Anger","Anger","TheCursedMod:CursedSpellbook","TheCursedMod:CursedSpellbook","TheCursedMod:CursedSpellbook","TheCursedMod:CursedBoomerang","TheCursedMod:CursedBoomerang","TheCursedMod:CursedBoomerang","Steam","Steam","Steam Power","Steam Power","Steam Power","Adaptation","Adaptation","Adaptation","Havoc","Havoc","Havoc","Sucker Punch","Sucker Punch","Sucker Punch","hubris:SlightOfHand","hubris:SlightOfHand","hubris:SlightOfHand","hierophant:Doubloon","hierophant:Doubloon","hierophant:Doubloon","hierophant:Remorse","hierophant:Remorse","hierophant:Remorse","Replay:Sssssssssshield","Replay:Sssssssssshield","Replay:Sssssssssshield","Flying Knee","Flying Knee","Flying Knee","Searing Blow","Searing Blow","Searing Blow","hermit:Vantage","hermit:Vantage","hermit:Vantage","CutThroughFate","CutThroughFate","CutThroughFate","Beam Cell","Beam Cell","Beam Cell","TheCursedMod:VoidForm","TheCursedMod:VoidForm","TheCursedMod:VoidForm"],"relics":["PureWater","Frozen Eye","Busted Crown","REME_ComplimentaryCards","Unceasing Top","reliquary:Boomerang","Blue Candle","zeldaRelics:CourageTriforce","MealTicket","reliquary:TridentHead","reliquary:TuningFork","Golden Idol","REME_OnlineShoppingPlatform","Dead Branch","Dream Catcher"],"acts_visited":["Exordium"],"potions_floor_usage":[11,16,16,16,16,16],"damage_taken":[{"damage":0.0,"enemies":"Jaw Worm","floor":1.0,"turns":2.0},{"damage":16.0,"enemies":"conspire:MimicChest","floor":2.0,"turns":4.0},{"damage":0.0,"enemies":"2 Louse","floor":4.0,"turns":1.0},{"damage":1.0,"enemies":"Cultist","floor":7.0,"turns":2.0},{"damage":1,"enemies":"Large Slime","floor":13,"turns":4},{"damage":57,"enemies":"Slime Boss","floor":16,"turns":6}],"seed_played":"-5158584150020740416","potions_obtained":[{"floor":1.0,"key":"Fruit Juice"},{"floor":4.0,"key":"LiquidBronze"}],"is_trial":true,"path_per_floor":["M","?","T","M","$","R","M","?","T","?","$","?","M","T","R","B"],"character_chosen":"WATCHER","items_purchased":["reliquary:TridentHead","Fruit Juice","REME_OnlineShoppingPlatform"],"campfire_rested":1,"item_purchase_floors":[5,11,11],"current_hp_per_floor":[61,45,45,45,60,68,67,56,56,33,53,53,52,52,52,0,0],"gold":0,"neow_bonus":"","is_daily":false,"chose_seed":false,"campfire_upgraded":0,"win_rate":0.0,"timestamp":1611954360,"path_taken":["M","?","?","?","$","R","M","?","T","?","?","?","M","?","R","BOSS"],"items_purchased_type":["Relic","Potion","Relic"],"build_version":"2020-12-22","purchased_purges":0,"victory":false,"max_hp_per_floor":[68,68,68,68,68,68,68,68,68,68,73,73,73,73,73,78,78],"relic_stats":{"Dream Catcher":0,"Busted Crown":16,"counters":[6,19],"Golden Idol":5,"Blue Candle":[3],"Dead Branch":[11],"MealTicket":30,"obtain_stats":[{"reliquary:Boomerang":1,"Golden Idol":10,"Blue Candle":2,"Dead Branch":13,"zeldaRelics:CourageTriforce":14,"Frozen Eye":0,"reliquary:TridentHead":5,"Dream Catcher":15,"Busted Crown":0,"MealTicket":4,"zeldaRelics:CouragePiece":3,"reliquary:TuningFork":7,"PureWater":0,"REME_OnlineShoppingPlatform":11,"Unceasing Top":0,"REME_ComplimentaryCards":0},{"reliquary:Boomerang":1,"Golden Idol":4,"Blue Candle":2,"Dead Branch":5,"zeldaRelics:CourageTriforce":5,"Frozen Eye":0,"reliquary:TridentHead":3,"Dream Catcher":5,"Busted Crown":0,"MealTicket":3,"zeldaRelics:CouragePiece":2,"reliquary:TuningFork":4,"PureWater":0,"REME_OnlineShoppingPlatform":4,"Unceasing Top":0,"REME_ComplimentaryCards":0},{"reliquary:Boomerang":2,"Golden Idol":9,"Blue Candle":6,"Dead Branch":13,"zeldaRelics:CourageTriforce":13,"Frozen Eye":0,"reliquary:TridentHead":7,"Dream Catcher":13,"Busted Crown":0,"MealTicket":7,"zeldaRelics:CouragePiece":6,"reliquary:TuningFork":9,"PureWater":0,"REME_OnlineShoppingPlatform":9,"Unceasing Top":0,"REME_ComplimentaryCards":0}],"Unceasing Top":[6]},"card_choices":[{"not_picked":["Expertise","BowlingBash"],"picked":"TheCursedMod:CursedSpellbook","floor":0.0},{"not_picked":["hierophant:Charity","Replay:Sssssssssshield"],"picked":"TheCursedMod:CursedBoomerang","floor":0.0},{"not_picked":["Cleave","hubris:Counter"],"picked":"Steam","floor":0.0},{"not_picked":["Bandage Up","TheCursedMod:CursedArmor"],"picked":"Steam Power","floor":0.0},{"not_picked":["ReplayTheSpireMod:Private Reserves","hermit:Dive"],"picked":"Adaptation","floor":0.0},{"not_picked":["Panic Button","hermit:ShadowCloak"],"picked":"Havoc","floor":0.0},{"not_picked":["hermit:HoleUp","Iron Wave"],"picked":"Sucker Punch","floor":0.0},{"not_picked":["Study","Go for the Eyes"],"picked":"hubris:SlightOfHand","floor":0.0},{"not_picked":["ReplayTheSpireMod:Strike From Hell","Wireheading"],"picked":"hierophant:Remorse","floor":0.0},{"not_picked":["Quick Slash","hierophant:OrnateBuckler"],"picked":"Replay:Sssssssssshield","floor":0.0},{"not_picked":["Heavy Blade","Twin Strike"],"picked":"Flying Knee","floor":0.0},{"not_picked":["REME_Repentance","hubris:SlightOfHand"],"picked":"Searing Blow","floor":0.0},{"not_picked":["ReplayTheSpireMod:Scrap Shanks","Darkness"],"picked":"hermit:Vantage","floor":0.0},{"not_picked":["hierophant:Encroach","hierophant:Community"],"picked":"CutThroughFate","floor":0.0},{"not_picked":["Tempest","TheCursedMod:CircleOfFlame"],"picked":"Beam Cell","floor":0.0}],"player_experience":1574334,"relics_obtained":[{"floor":1.0,"key":"reliquary:Boomerang"},{"floor":2.0,"key":"Blue Candle"},{"floor":3.0,"key":"zeldaRelics:CouragePiece"},{"floor":4.0,"key":"MealTicket"},{"floor":7.0,"key":"reliquary:TuningFork"},{"floor":9.0,"key":"zeldaRelics:CouragePiece"},{"floor":13,"key":"Dead Branch"},{"floor":14,"key":"zeldaRelics:CouragePiece"},{"floor":15,"key":"Dream Catcher"}],"event_choices":[{"damage_healed":0.0,"max_hp_gain":0.0,"max_hp_loss":0.0,"gold_gain":75.0,"event_name":"World of Goop","player_choice":"Gather Gold","floor":8.0,"gold_loss":0.0,"damage_taken":11.0},{"damage_healed":0.0,"max_hp_gain":0.0,"max_hp_loss":0.0,"gold_gain":0.0,"event_name":"Golden Idol","player_choice":"Take Damage","floor":10.0,"gold_loss":0.0,"damage_taken":23.0,"relics_obtained":["Golden Idol"]}],"is_beta":false,"boss_relics":[],"items_purged_floors":[],"is_endless":false,"potions_floor_spawned":[1,4],"killed_by":"Slime Boss","ascension_level":20}}