{"host":"tyeg9214rgutn7tb","time":1611896390,"event":{"mods":["BaseMod","Colored Map","Custom Start","Downfall","Minty Spire (QoL Compilation)","StSLib"],"gold_per_floor":[99,109,121,138,154,154,177,205,205,205,236,248,248,267,286,364,364,364,376,9,9,9,19,19,38,53,85,119,119,104,130,149,221,221,21,32,49,59,70,86,86,103,103,175,191,205,105,118,137,137,137,171,42,42,42,42],"floor_reached":57,"language":"ENG","playtime":3984,"items_purged":["downfall:Malfunctioning"],"score":2073,"play_id":"7afe5abc-38bd-49c4-b93b-0a406ef7995e","local_time":"20210129055950","daily_mods":["SealedDeck","Heirloom","DeadlyEvents"],"is_ascension_mode":true,"campfire_choices":[{"data":"bronze:FineTuning","floor":1,"key":"SMITH"},{"data":"bronze:BronzeOrb","floor":6,"key":"SMITH"},{"data":"bronze:FineTuning","floor":9,"key":"SMITH"},{"floor":18,"key":"REST"},{"floor":29,"key":"RECALL"},{"data":"bronze:Verify","floor":35,"key":"SMITH"},{"data":"expansioncontent:InvincibleStrength","floor":47,"key":"SMITH"},{"data":"bronze:Philosophize","floor":54,"key":"SMITH"}],"circlet_count":0,"master_deck":["AscendersBane","bronze:BugBarrage","bronze:Turbo+1","bronze:WhirlingStrike+1","bronze:Deprecate+1","bronze:ItsAFeature","bronze:FineTuning+1","bronze:FineTuning","bronze:FineTuning+1","bronze:Iterate","bronze:Constructor","bronze:Refactor","bronze:BronzeOrb+1","bronze:Iterate","bronze:Constructor","bronze:MaxOutput","bronze:Constructor","bronze:FollowUp","bronze:Verify+1","bronze:Iterate+1","bronze:BronzeArmor","expansioncontent:DashGenerateEvil","bronze:Repair+1","bronze:Terminator","bronze:Philosophize+1","bronze:ItsAFeature","Parasite","bronze:Repair+1","expansioncontent:InvincibleStrength+1","bronze:Repulsor+1","bronze:BronzeArmor"],"relics":["bronze:BronzeCore","champ:DeflectingBracers","Guardian:PocketSentry","Odd Mushroom","The Courier","Sozu","TheAbacus","bronze:BottledCode","champ:DuelingGlove","Bird Faced Urn","Pantograph","Pen Nib","Philosopher\u0027s Stone","downfall:HeartBlessingRed","downfall:HeartBlessingGreen","TungstenRod","downfall:HeartBlessingBlue","Bottled Lightning","Slimebound:StickyStick"],"acts_visited":["Exordium","TheCity","TheBeyond","TheEnding"],"potions_floor_usage":[14,16,16],"damage_taken":[{"damage":13,"enemies":"Small Slimes","floor":2,"turns":3},{"damage":4,"enemies":"2 Louse","floor":3,"turns":2},{"damage":0,"enemies":"Cultist","floor":4,"turns":2},{"damage":3,"enemies":"Gremlin Gang","floor":5,"turns":3},{"damage":0,"enemies":"The Mushroom Lair","floor":8,"turns":3},{"damage":25,"enemies":"Lagavulin","floor":11,"turns":4},{"damage":0,"enemies":"Blue Slaver","floor":12,"turns":2},{"damage":2,"enemies":"Large Slime","floor":14,"turns":3},{"damage":0,"enemies":"Exordium Thugs","floor":15,"turns":2},{"damage":5,"enemies":"IC_STATUS_ARCHETYPE","floor":16,"turns":5},{"damage":0,"enemies":"Spheric Guardian","floor":19,"turns":3},{"damage":0,"enemies":"downfall:FleeingMerchant","floor":20,"turns":4},{"damage":0,"enemies":"3 Byrds","floor":23,"turns":4},{"damage":0,"enemies":"Centurion and Healer","floor":25,"turns":2},{"damage":0,"enemies":"Shelled Parasite and Fungi","floor":26,"turns":3},{"damage":19,"enemies":"Slavers","floor":27,"turns":5},{"damage":2,"enemies":"Book of Stabbing","floor":28,"turns":4},{"damage":0,"enemies":"downfall:FleeingMerchant","floor":30,"turns":4},{"damage":48,"enemies":"Slavers","floor":31,"turns":7},{"damage":4,"enemies":"3 Cultists","floor":32,"turns":3},{"damage":46,"enemies":"DF_ARCHETYPE_CLAW","floor":33,"turns":6},{"damage":13,"enemies":"3 Darklings","floor":36,"turns":5},{"damage":0,"enemies":"Orb Walker","floor":37,"turns":1},{"damage":62,"enemies":"Transient","floor":38,"turns":6},{"damage":8,"enemies":"Writhing Mass","floor":39,"turns":5},{"damage":19,"enemies":"Maw","floor":40,"turns":4},{"damage":12,"enemies":"Sphere and 2 Shapes","floor":42,"turns":3},{"damage":0,"enemies":"downfall:FleeingMerchant","floor":44,"turns":1},{"damage":0,"enemies":"Transient","floor":45,"turns":6},{"damage":7,"enemies":"Writhing Mass","floor":46,"turns":6},{"damage":17,"enemies":"3 Darklings","floor":48,"turns":5},{"damage":0,"enemies":"4 Shapes","floor":49,"turns":5},{"damage":62,"enemies":"WA_ARCHETYPE_DIVINITY","floor":50,"turns":12},{"damage":16,"enemies":"downfall:CharBossMerchant","floor":52,"turns":7},{"damage":10,"enemies":"downfall:NeowBoss","floor":55,"turns":9},{"damage":34,"enemies":"downfall:NeowBossFinal","floor":56,"turns":11}],"seed_played":"9078998238008455069","potions_obtained":[{"floor":2,"key":"DuplicationPotion"},{"floor":4,"key":"Explosive Potion"},{"floor":15,"key":"SneckoOil"}],"is_trial":true,"path_per_floor":["R","M","M","M","M","R","T","?","R","?","E","M","?","M","M","B",null,"R","M","$","?","?","M","T","M","M","E","E","R","$","E","M","B",null,"R","M","M","M","M","M","T","M","?","$","M","M","R","M","M","B",null,"E","$","R","B","B",null],"character_chosen":"THE_AUTOMATON","items_purchased":["TheAbacus","expansioncontent:DashGenerateEvil","TungstenRod","Slimebound:StickyStick"],"campfire_rested":1,"item_purchase_floors":[20,20,44,53],"current_hp_per_floor":[57,44,40,40,37,37,37,37,37,37,12,12,12,10,10,5,49,63,63,63,53,53,53,53,53,53,46,53,53,53,13,21,16,44,44,49,49,5,13,21,21,32,32,32,53,49,59,63,63,19,52,61,61,61,63,52],"gold":42,"neow_bonus":"","is_daily":false,"chose_seed":false,"campfire_upgraded":6,"win_rate":0.0,"timestamp":1611896390,"path_taken":["R","M","M","M","M","R","T","?","R","?","E","M","?","?","M","BOSS","R","M","$","?","?","M","T","M","M","?","?","R","$","E","M","BOSS","R","M","M","?","M","M","T","M","?","$","M","M","R","M","M","BOSS","E","$","R","BOSS","BOSS"],"items_purchased_type":["Relic","Card","Relic","Relic"],"build_version":"2020-12-22","purchased_purges":1,"victory":true,"max_hp_per_floor":[63,63,63,63,63,63,63,63,63,63,63,63,63,63,63,63,63,63,63,63,53,53,53,53,53,53,53,53,53,53,53,53,53,53,53,53,53,53,53,53,53,53,53,53,53,53,63,63,63,63,63,63,63,63,63,63],"card_choices":[{"not_picked":["bronze:Boost","bronze:CutThrough"],"picked":"bronze:Refactor","floor":2},{"not_picked":["bronze:ForLoop","bronze:Turbo"],"picked":"bronze:BronzeOrb","floor":3},{"not_picked":["bronze:WhirlingStrike","bronze:Refactor","bronze:Frontload"],"picked":"SKIP","floor":4},{"not_picked":["bronze:DelayedGuard","bronze:BitShift","bronze:ForLoop"],"picked":"SKIP","floor":5},{"not_picked":["bronze:WildBeam","bronze:Deprecate"],"picked":"bronze:Iterate","floor":8},{"not_picked":["bronze:MaxOutput","bronze:Library"],"picked":"bronze:Constructor","floor":11},{"not_picked":["bronze:Backtrace","bronze:Optimize"],"picked":"bronze:MaxOutput","floor":12},{"not_picked":["bronze:BitShift","bronze:WhirlingStrike"],"picked":"bronze:Constructor","floor":14},{"not_picked":["bronze:DelayedSlice","bronze:Invalidate"],"picked":"bronze:FollowUp","floor":15},{"not_picked":["bronze:SpaghettiCode","bronze:Assembly"],"picked":"bronze:Verify","floor":16},{"not_picked":["bronze:CloningBeam","bronze:Repulsor"],"picked":"bronze:Iterate+1","floor":19},{"not_picked":["bronze:Invalidate","bronze:FineTuning"],"picked":"bronze:BronzeArmor","floor":20},{"not_picked":["bronze:Safeguard","bronze:Overheat","bronze:Flail"],"picked":"SKIP","floor":23},{"not_picked":["bronze:Separator","bronze:Refactor"],"picked":"bronze:Repair+1","floor":25},{"not_picked":["bronze:Iterate","bronze:GetLatest"],"picked":"bronze:Terminator","floor":26},{"not_picked":["bronze:Virus","bronze:Turbo","bronze:Shield"],"picked":"SKIP","floor":27},{"not_picked":["bronze:Terminator","bronze:DarkDash","bronze:Backtrace"],"picked":"SKIP","floor":28},{"not_picked":["bronze:Backtrace","bronze:Invalidate","bronze:Terminator"],"picked":"SKIP","floor":30},{"not_picked":["bronze:Iterate","bronze:Branch"],"picked":"bronze:Philosophize","floor":31},{"not_picked":["bronze:FineTuning","bronze:Flail","bronze:Return"],"picked":"SKIP","floor":32},{"not_picked":["bronze:Overload","bronze:Optimize","bronze:WildBeam"],"picked":"SKIP","floor":36},{"not_picked":["bronze:Fortify","bronze:Repair"],"picked":"bronze:ItsAFeature","floor":37},{"not_picked":["bronze:WhirlingStrike+1","bronze:Refactor","bronze:Frontload"],"picked":"SKIP","floor":38},{"not_picked":["bronze:Separator","bronze:Branch+1"],"picked":"bronze:Repair+1","floor":39},{"not_picked":["bronze:Branch+1","bronze:Frontload","bronze:RecursiveStrike"],"picked":"SKIP","floor":40},{"not_picked":["bronze:DarkDash+1","bronze:Overheat","bronze:BronzeOrb+1"],"picked":"SKIP","floor":42},{"not_picked":["expansioncontent:QuickStudy","expansioncontent:Chronoboost"],"picked":"expansioncontent:InvincibleStrength","floor":43},{"not_picked":["bronze:FollowUp","bronze:BronzeOrb+1","bronze:DelayedSlice+1"],"picked":"SKIP","floor":44},{"not_picked":["bronze:Separator","bronze:BuggyMess","bronze:Shield"],"picked":"SKIP","floor":45},{"not_picked":["bronze:ChosenStrike","bronze:GetLatest","bronze:Constructor"],"picked":"SKIP","floor":46},{"not_picked":["bronze:FineTuning","bronze:Turbo+1"],"picked":"bronze:Repulsor+1","floor":48},{"not_picked":["bronze:OilSpill","bronze:ChildClass"],"picked":"bronze:BronzeArmor","floor":49},{"not_picked":["bronze:DelayedGuard","bronze:DarkDash","bronze:DelayedSlice+1"],"picked":"SKIP","floor":52}],"player_experience":715345,"relics_obtained":[{"floor":7,"key":"Guardian:PocketSentry"},{"floor":8,"key":"Odd Mushroom"},{"floor":11,"key":"The Courier"},{"floor":24,"key":"champ:DuelingGlove"},{"floor":27,"key":"Bird Faced Urn"},{"floor":28,"key":"Pantograph"},{"floor":31,"key":"Pen Nib"},{"floor":52,"key":"Bottled Lightning"}],"event_choices":[{"damage_healed":0,"gold_gain":0,"player_choice":"Fought Mushrooms","damage_taken":0,"max_hp_gain":0,"max_hp_loss":0,"event_name":"Mushrooms","floor":8,"gold_loss":0}],"is_beta":false,"boss_relics":[{"not_picked":["Snecko Eye","SlaversCollar"],"picked":"Sozu"},{"not_picked":["Empty Cage","Astrolabe"],"picked":"Philosopher\u0027s Stone"}],"items_purged_floors":[20],"is_endless":false,"potions_floor_spawned":[2,4,15,19,23,25,27,28,32,39,40,45,46,48,49,52],"ascension_level":20}}