{"host":"gttgmv2wah99hzdm","time":1611955969,"event":{"mods":["AchievementEnabler","BaseMod","Bestiary","Block Reminder","Filter the Spire","Jorbs\u0027s Wanderer Trilogy","Minty Spire (QoL Compilation)","Relic Stats","StSLib","Weighted Paths","ojb\u0027s Info Mod"],"gold_per_floor":[110,124,124,74,90,128,128,160,160,190,115,161,186,209,209,309,309,326,343,360,27,61,61,94,94,117,133,133,167,167,190,190,288,288,304,304,304,319,64,64,85,117,117,148,148,48,48,63,63,68],"floor_reached":51,"language":"ENG","playtime":89291,"items_purged":["stsjorbsmod:Strike_Wanderer","stsjorbsmod:Strike_Wanderer","Shame"],"score":830,"play_id":"ba707faa-dc5f-4bd4-bc9e-554e68e46b51","local_time":"20210129153249","is_ascension_mode":true,"campfire_choices":[{"data":"stsjorbsmod:FindFamiliar","floor":7.0,"key":"SMITH"},{"floor":15,"key":"REST"},{"data":"stsjorbsmod:ChatteringStrike","floor":23,"key":"SMITH"},{"data":"stsjorbsmod:Firebolt","floor":28,"key":"SMITH"},{"data":"stsjorbsmod:ChatteringStrike","floor":30,"key":"SMITH"},{"data":"stsjorbsmod:MirrorImage","floor":32,"key":"SMITH"},{"data":"stsjorbsmod:CorrodingBarrier","floor":40,"key":"SMITH"},{"data":"stsjorbsmod:WanderingMind","floor":45,"key":"SMITH"},{"data":"stsjorbsmod:OldPocket","floor":47,"key":"SMITH"},{"data":"stsjorbsmod:FranticSearch","floor":49,"key":"SMITH"}],"circlet_count":0,"master_deck":["stsjorbsmod:ForbiddenGrimoire+1","stsjorbsmod:Defend_Wanderer","stsjorbsmod:Defend_Wanderer","stsjorbsmod:Defend_Wanderer","stsjorbsmod:Defend_Wanderer","stsjorbsmod:FreshAdventure","stsjorbsmod:EyeOfTheStorm","stsjorbsmod:ChatteringStrike+1","stsjorbsmod:ChatteringStrike+1","stsjorbsmod:BlackTentacles","stsjorbsmod:OldPocket+1","stsjorbsmod:FindFamiliar+1","stsjorbsmod:DoubleCheck","stsjorbsmod:ChainLightning","stsjorbsmod:BookOfTongues+1","stsjorbsmod:HedgeWizard","stsjorbsmod:CorrodingBarrier+1","stsjorbsmod:Firebolt+1","stsjorbsmod:Rest","stsjorbsmod:FranticSearch+1","stsjorbsmod:MirrorImage+1","stsjorbsmod:ChatteringStrike+1","stsjorbsmod:IvoryTower","stsjorbsmod:RayOfFrost+1","stsjorbsmod:WanderingMind+1","stsjorbsmod:WanderingMind+1","Parasite","stsjorbsmod:WanderingMind+1"],"relics":["stsjorbsmod:GrimoireRelic","Letter Opener","Kunai","Ornamental Fan","Shuriken","Snecko Eye","stsjorbsmod:BottledMemoryRelic","Red Mask","StoneCalendar","Strawberry","Happy Flower","Cursed Key","Eternal Feather","White Beast Statue","The Courier"],"acts_visited":["Exordium","TheCity","TheBeyond"],"potions_floor_usage":[29,42],"damage_taken":[{"damage":2.0,"enemies":"2 Louse","floor":1.0,"turns":3.0},{"damage":0.0,"enemies":"Small Slimes","floor":2.0,"turns":3.0},{"damage":1.0,"enemies":"Jaw Worm","floor":5.0,"turns":2.0},{"damage":16.0,"enemies":"3 Sentries","floor":6.0,"turns":7.0},{"damage":11.0,"enemies":"Gremlin Gang","floor":8.0,"turns":4.0},{"damage":23.0,"enemies":"Gremlin Nob","floor":10.0,"turns":5.0},{"damage":4.0,"enemies":"Lagavulin","floor":12.0,"turns":7.0},{"damage":11,"enemies":"Blue Slaver","floor":13,"turns":4},{"damage":14,"enemies":"Lots of Slimes","floor":14,"turns":3},{"damage":25,"enemies":"The Guardian","floor":16,"turns":8},{"damage":2,"enemies":"Shell Parasite","floor":18,"turns":6},{"damage":3,"enemies":"Chosen","floor":19,"turns":5},{"damage":0,"enemies":"Snecko","floor":20,"turns":6},{"damage":0,"enemies":"Masked Bandits","floor":22,"turns":3},{"damage":4,"enemies":"Slavers","floor":24,"turns":5},{"damage":8,"enemies":"Centurion and Healer","floor":27,"turns":7},{"damage":8,"enemies":"Book of Stabbing","floor":29,"turns":6},{"damage":0,"enemies":"Snake Plant","floor":31,"turns":4},{"damage":0,"enemies":"Automaton","floor":33,"turns":7},{"damage":17,"enemies":"Orb Walker","floor":35,"turns":6},{"damage":0,"enemies":"3 Shapes","floor":38,"turns":3},{"damage":0,"enemies":"Sphere and 2 Shapes","floor":41,"turns":5},{"damage":21,"enemies":"Reptomancer","floor":42,"turns":5},{"damage":0,"enemies":"Nemesis","floor":44,"turns":7},{"damage":0,"enemies":"Writhing Mass","floor":48,"turns":7},{"damage":23,"enemies":"Awakened One","floor":50,"turns":10}],"seed_played":"1411088698545471273","potions_obtained":[{"floor":1.0,"key":"SpeedPotion"},{"floor":12,"key":"SteroidPotion"},{"floor":13,"key":"Swift Potion"},{"floor":19,"key":"Block Potion"},{"floor":31,"key":"Dexterity Potion"},{"floor":42,"key":"FearPotion"},{"floor":44,"key":"EntropicBrew"}],"is_trial":false,"path_per_floor":["M","M","?","?","M","E","R","M","T","E","$","E","M","M","R","B",null,"M","M","M","$","?","R","E","?","T","M","R","E","R","M","R","B",null,"M","?","?","M","$","R","M","E","T","E","R","$","R","M","R","B",null],"character_chosen":"WANDERER","items_purchased":["stsjorbsmod:BottledMemoryRelic","stsjorbsmod:FranticSearch","Eternal Feather"],"campfire_rested":1,"item_purchase_floors":[21,21,39],"current_hp_per_floor":[68,68,73,73,73,57,57,49,49,31,31,33,25,13,35,10,75,75,75,77,77,77,77,79,79,86,83,83,80,80,83,83,86,86,72,72,72,75,75,82,82,66,66,71,82,82,82,82,82,59],"gold":68,"neow_bonus":"THREE_CARDS","is_daily":false,"chose_seed":false,"campfire_upgraded":9,"win_rate":0.0,"timestamp":1611955969,"path_taken":["M","M","?","?","M","E","R","M","T","E","?","E","M","?","R","BOSS","M","M","M","$","?","R","E","?","T","M","R","E","R","?","R","BOSS","M","?","?","M","$","R","M","E","T","E","R","$","R","M","R","BOSS"],"items_purchased_type":["Relic","Card","Relic"],"build_version":"2020-12-22","purchased_purges":3,"victory":true,"max_hp_per_floor":[68,68,73,73,73,73,73,73,73,75,75,75,75,75,75,75,75,75,75,77,77,77,77,79,79,86,86,86,86,86,86,86,86,86,86,86,82,82,82,82,82,82,82,82,82,82,82,82,82,82],"relic_stats":{"Happy Flower":[18],"counters":[26,138],"Ornamental Fan":[264],"Shuriken":[62],"Snecko Eye":[154,151,206,170],"StoneCalendar":[91],"Eternal Feather":18,"Letter Opener":[291],"Kunai":[69],"Cursed Key":1,"obtain_stats":[{"stsjorbsmod:BottledMemoryRelic":21,"Happy Flower":29,"stsjorbsmod:GrimoireRelic":0,"StoneCalendar":24,"Eternal Feather":39,"The Courier":44,"Letter Opener":6,"Cursed Key":34,"White Beast Statue":42,"Ornamental Fan":10,"Shuriken":12,"Strawberry":26,"Snecko Eye":17,"Red Mask":22,"Kunai":9},{"stsjorbsmod:BottledMemoryRelic":13,"Happy Flower":17,"stsjorbsmod:GrimoireRelic":0,"StoneCalendar":15,"Eternal Feather":21,"The Courier":24,"Letter Opener":4,"Cursed Key":19,"White Beast Statue":23,"Ornamental Fan":6,"Shuriken":7,"Strawberry":15,"Snecko Eye":10,"Red Mask":14,"Kunai":5},{"stsjorbsmod:BottledMemoryRelic":63,"Happy Flower":84,"stsjorbsmod:GrimoireRelic":0,"StoneCalendar":71,"Eternal Feather":104,"The Courier":121,"Letter Opener":15,"Cursed Key":95,"White Beast Statue":114,"Ornamental Fan":24,"Shuriken":31,"Strawberry":71,"Snecko Eye":46,"Red Mask":66,"Kunai":19}]},"card_choices":[{"not_picked":["stsjorbsmod:DisguiseSelf","stsjorbsmod:UnseenServant"],"picked":"stsjorbsmod:ChatteringStrike","floor":0.0},{"not_picked":["stsjorbsmod:Counterspell","stsjorbsmod:Materialize"],"picked":"stsjorbsmod:ChatteringStrike","floor":1.0},{"not_picked":["stsjorbsmod:UnseenServant","stsjorbsmod:TrueStrike"],"picked":"stsjorbsmod:BlackTentacles","floor":2.0},{"not_picked":["stsjorbsmod:Aid","stsjorbsmod:Materialize"],"picked":"stsjorbsmod:OldPocket","floor":5.0},{"not_picked":["stsjorbsmod:Aid","stsjorbsmod:RayOfFrost"],"picked":"stsjorbsmod:FindFamiliar","floor":6.0},{"not_picked":["stsjorbsmod:ParryingBlow","stsjorbsmod:SchoolsOfMagic"],"picked":"stsjorbsmod:DoubleCheck","floor":8.0},{"not_picked":["stsjorbsmod:DoubleCheck","stsjorbsmod:BurningFlask"],"picked":"stsjorbsmod:ChainLightning","floor":10.0},{"not_picked":["stsjorbsmod:Inferno","stsjorbsmod:Materialize"],"picked":"stsjorbsmod:BookOfTongues","floor":12},{"not_picked":["stsjorbsmod:SmithingStrike","stsjorbsmod:Prepare","stsjorbsmod:Materialize"],"picked":"SKIP","floor":13},{"not_picked":["stsjorbsmod:WeightOfMemory","stsjorbsmod:DoubleCheck"],"picked":"stsjorbsmod:HedgeWizard","floor":14},{"not_picked":["stsjorbsmod:Trauma","stsjorbsmod:Pyromancy"],"picked":"stsjorbsmod:CorrodingBarrier","floor":16},{"not_picked":["stsjorbsmod:Will","stsjorbsmod:BlackTentacles+1"],"picked":"stsjorbsmod:Firebolt","floor":18},{"not_picked":["stsjorbsmod:ChainLightning","stsjorbsmod:HedgeWizard"],"picked":"stsjorbsmod:Rest","floor":19},{"not_picked":["stsjorbsmod:FaerieFire","stsjorbsmod:ParryingBlow+1","stsjorbsmod:FindFamiliar+1"],"picked":"SKIP","floor":20},{"not_picked":["stsjorbsmod:ChainLightning","stsjorbsmod:Channel+1"],"picked":"stsjorbsmod:MirrorImage","floor":24},{"not_picked":["stsjorbsmod:UnseenServant","stsjorbsmod:ArcaneWeapon+1","stsjorbsmod:BurningFlask"],"picked":"SKIP","floor":27},{"not_picked":["stsjorbsmod:Prestidigitation","stsjorbsmod:Firebolt"],"picked":"stsjorbsmod:ChatteringStrike","floor":29},{"not_picked":["stsjorbsmod:FracturedMind","stsjorbsmod:WanderingMind","stsjorbsmod:RayOfFrost"],"picked":"SKIP","floor":31},{"not_picked":["stsjorbsmod:Banish","stsjorbsmod:DeathThroes"],"picked":"stsjorbsmod:IvoryTower","floor":33},{"not_picked":["stsjorbsmod:FracturedMind+1","stsjorbsmod:Materialize"],"picked":"stsjorbsmod:RayOfFrost+1","floor":35},{"not_picked":["stsjorbsmod:BurningFlask","stsjorbsmod:Aid+1","stsjorbsmod:Message+1"],"picked":"SKIP","floor":38},{"not_picked":["stsjorbsmod:SchoolsOfMagic","stsjorbsmod:UnseenServant+1"],"picked":"stsjorbsmod:WanderingMind+1","floor":41},{"not_picked":["stsjorbsmod:ParryingBlow","stsjorbsmod:Pyromancy","stsjorbsmod:Prestidigitation"],"picked":"SKIP","floor":42},{"not_picked":["stsjorbsmod:BurningFlask","stsjorbsmod:ArcaneWeapon"],"picked":"stsjorbsmod:WanderingMind","floor":44},{"not_picked":["stsjorbsmod:MagicMissiles","stsjorbsmod:Will"],"picked":"stsjorbsmod:WanderingMind+1","floor":48}],"player_experience":1088873,"relics_obtained":[{"floor":6.0,"key":"Letter Opener"},{"floor":9.0,"key":"Kunai"},{"floor":10.0,"key":"Ornamental Fan"},{"floor":12,"key":"Shuriken"},{"floor":22,"key":"Red Mask"},{"floor":24,"key":"StoneCalendar"},{"floor":26,"key":"Strawberry"},{"floor":29,"key":"Happy Flower"},{"floor":42,"key":"White Beast Statue"},{"floor":44,"key":"The Courier"}],"event_choices":[{"damage_healed":0.0,"max_hp_gain":5.0,"max_hp_loss":0.0,"gold_gain":0.0,"event_name":"Big Fish","player_choice":"Donut","floor":3.0,"gold_loss":0.0,"damage_taken":0.0},{"cards_removed":["stsjorbsmod:Strike_Wanderer"],"damage_healed":0.0,"max_hp_gain":0.0,"max_hp_loss":0.0,"gold_gain":0.0,"event_name":"The Cleric","player_choice":"Card Removal","floor":4.0,"gold_loss":50.0,"damage_taken":0.0},{"damage_healed":0,"gold_gain":0,"player_choice":"Fought Bandits","damage_taken":0,"max_hp_gain":0,"max_hp_loss":0,"event_name":"Masked Bandits","floor":22,"gold_loss":0},{"cards_removed":["stsjorbsmod:Strike_Wanderer"],"damage_healed":0,"gold_gain":0,"player_choice":"Purged","damage_taken":0,"max_hp_gain":0,"max_hp_loss":0,"event_name":"Purifier","floor":25,"gold_loss":0},{"damage_healed":0,"gold_gain":0,"player_choice":"Memory 1","damage_taken":0,"max_hp_gain":0,"max_hp_loss":0,"event_name":"SensoryStone","floor":36,"gold_loss":0},{"damage_healed":0,"gold_gain":0,"player_choice":"Max HP","damage_taken":0,"max_hp_gain":0,"max_hp_loss":4,"event_name":"Winding Halls","floor":37,"gold_loss":0}],"is_beta":false,"boss_relics":[{"not_picked":["Busted Crown","Astrolabe"],"picked":"Snecko Eye"},{"not_picked":["SacredBark","Empty Cage"],"picked":"Cursed Key"}],"items_purged_floors":[11,21,46],"is_endless":false,"potions_floor_spawned":[1,12,13,19,22,31,35,42,44,48],"ascension_level":1}}