{"host":"grblgsn3zizbz04e","time":1611957757,"event":{"mods":["BaseMod","BetterRewards","Colored Map","Colored Powertips","Googly Eyes","Minty Spire (QoL Compilation)","Rare Cards Sparkle","Reliquary","Shop Mod","StSLib"],"gold_per_floor":[116,116,129,204,204,204,248,267,294,308,233,254,270,309,309,432,432,447,447,447,447,460,460,495,495,519,543,567,567,269,284,284,404,404,418,418,418,172,192,192,225,225,225,239,277,277,277,312,312,312,312,312,29,58,58,58],"floor_reached":55,"language":"ENG","playtime":2109,"items_purged":["Strike_G","Pain","Strike_G+1"],"score":833,"play_id":"14bbfbd3-3a62-4f22-9a0b-e910fc3e12ef","local_time":"20210129220237","is_ascension_mode":false,"campfire_choices":[{"data":"Neutralize","floor":6.0,"key":"SMITH"},{"floor":15.0,"key":"REST"},{"data":"Noxious Fumes","floor":23,"key":"SMITH"},{"data":"Bouncing Flask","floor":25,"key":"SMITH"},{"data":"Corpse Explosion","floor":29,"key":"SMITH"},{"data":"Footwork","floor":32,"key":"SMITH"},{"data":"Adrenaline","floor":40,"key":"SMITH"},{"data":"Noxious Fumes","floor":42,"key":"SMITH"},{"floor":46,"key":"RECALL"},{"floor":49,"key":"REST"},{"data":"Leg Sweep","floor":52,"key":"SMITH"}],"circlet_count":0,"master_deck":["Strike_G+1","Strike_G+1","Strike_G+1","Defend_G+1","Defend_G+1","Defend_G+1","Defend_G+1","Defend_G+1","Survivor","Neutralize+1","Noxious Fumes+1","Choke","Skewer+1","Noxious Fumes+1","Poisoned Stab","Leg Sweep+1","Corpse Explosion+1","Phantasmal Killer","Deflect+1","Bouncing Flask+1","Footwork+1","Bouncing Flask+1","Noxious Fumes+1","Adrenaline+1","Backflip","Dodge and Roll+1","Bane+1","Dark Shackles","Calculated Gamble+1","Wraith Form v2"],"relics":["Ring of the Snake","NeowsBlessing","Torii","reliquary:RedPaperclip","MutagenicStrength","reliquary:ExpiredCoupon","SacredBark","WarpedTongs","Chemical X","Vajra","Bag of Preparation","Bottled Lightning","MerchantsRug","Calipers"],"acts_visited":["Exordium","TheCity","TheBeyond","TheEnding"],"potions_floor_usage":[16,16,22,22,24,44,44,50,55,55,55],"damage_taken":[{"damage":0.0,"enemies":"2 Louse","floor":1.0,"turns":1.0},{"damage":0.0,"enemies":"Jaw Worm","floor":3.0,"turns":1.0},{"damage":0.0,"enemies":"3 Sentries","floor":7.0,"turns":1.0},{"damage":0.0,"enemies":"Small Slimes","floor":8.0,"turns":4.0},{"damage":0.0,"enemies":"2 Fungi Beasts","floor":10.0,"turns":4.0},{"damage":0.0,"enemies":"3 Louse","floor":12.0,"turns":4.0},{"damage":11.0,"enemies":"Lots of Slimes","floor":13.0,"turns":5.0},{"damage":10.0,"enemies":"Gremlin Nob","floor":14.0,"turns":3.0},{"damage":8,"enemies":"Slime Boss","floor":16,"turns":8},{"damage":4,"enemies":"3 Byrds","floor":18,"turns":4},{"damage":0,"enemies":"2 Thieves","floor":22,"turns":3},{"damage":15,"enemies":"Book of Stabbing","floor":24,"turns":6},{"damage":3,"enemies":"Snake Plant","floor":27,"turns":4},{"damage":0,"enemies":"Snecko","floor":28,"turns":3},{"damage":2,"enemies":"Chosen and Byrds","floor":31,"turns":3},{"damage":14,"enemies":"Automaton","floor":33,"turns":10},{"damage":1,"enemies":"Orb Walker","floor":35,"turns":3},{"damage":0,"enemies":"3 Shapes","floor":39,"turns":3},{"damage":8,"enemies":"Reptomancer","floor":41,"turns":6},{"damage":22,"enemies":"Maw","floor":44,"turns":5},{"damage":0,"enemies":"Nemesis","floor":45,"turns":3},{"damage":9,"enemies":"Giant Head","floor":48,"turns":8},{"damage":47,"enemies":"Time Eater","floor":50,"turns":11},{"damage":44,"enemies":"Shield and Spear","floor":54,"turns":5},{"damage":26,"enemies":"The Heart","floor":55,"turns":3}],"seed_played":"-785854380703493257","potions_obtained":[{"floor":1.0,"key":"AttackPotion"},{"floor":3.0,"key":"CultistPotion"},{"floor":8.0,"key":"SkillPotion"},{"floor":12.0,"key":"FearPotion"},{"floor":14.0,"key":"FearPotion"},{"floor":18,"key":"Weak Potion"},{"floor":21,"key":"Weak Potion"},{"floor":21,"key":"Weak Potion"},{"floor":24,"key":"Poison Potion"},{"floor":27,"key":"Ancient Potion"},{"floor":33,"key":"DuplicationPotion"},{"floor":44,"key":"Ancient Potion"}],"is_trial":false,"path_per_floor":["M","?","M","?","?","R","E","M","T","M","$","M","M","E","R","B",null,"M","?","?","?","M","R","E","R","T","M","M","R","$","M","R","B",null,"M","?","?","$","M","R","E","R","T","M","E","R","?","E","R","B",null,"R","$","E","B"],"character_chosen":"THE_SILENT","items_purchased":["reliquary:Buckler","Footwork","Bouncing Flask","Chemical X","Strength Potion","MerchantsRug","Fire Potion"],"campfire_rested":2,"item_purchase_floors":[30,30,30,38,53,53,53],"current_hp_per_floor":[70,53,53,42,42,42,42,42,42,42,42,42,31,21,42,34,70,66,66,66,66,66,66,51,51,51,48,48,48,48,46,46,32,70,69,69,69,69,69,69,61,61,61,39,39,39,39,30,51,4,70,70,70,26,0,0],"gold":58,"neow_bonus":"THREE_ENEMY_KILL","is_daily":false,"chose_seed":false,"campfire_upgraded":8,"win_rate":0.0,"timestamp":1611957757,"path_taken":["M","?","M","?","?","R","E","M","T","M","$","M","?","E","R","BOSS","M","?","?","?","?","R","E","R","T","M","M","R","$","M","R","BOSS","M","?","?","$","M","R","E","R","T","?","E","R","?","E","R","BOSS","R","$","E","BOSS"],"items_purchased_type":["Relic","Card","Card","Relic","Potion","Relic","Potion"],"build_version":"2020-12-22","purchased_purges":3,"victory":false,"max_hp_per_floor":[70,70,70,70,70,70,70,70,70,70,70,70,70,70,70,70,70,70,70,70,70,70,70,70,70,70,70,70,70,70,70,70,70,70,70,70,70,70,70,70,70,70,70,70,70,70,70,70,70,70,70,70,70,70,70,70],"card_choices":[{"not_picked":["Calculated Gamble","Expertise"],"picked":"Noxious Fumes","floor":1.0},{"not_picked":["Infinite Blades","Cloak And Dagger","Underhanded Strike"],"picked":"SKIP","floor":3.0},{"not_picked":["Backflip","Dagger Spray"],"picked":"Choke","floor":7.0},{"not_picked":["Well Laid Plans","Sucker Punch"],"picked":"Skewer","floor":8.0},{"not_picked":["Choke","Outmaneuver"],"picked":"Noxious Fumes","floor":10.0},{"not_picked":["Slice","Acrobatics"],"picked":"Poisoned Stab","floor":12.0},{"not_picked":["Acrobatics","Predator"],"picked":"Leg Sweep","floor":13.0},{"not_picked":["Deflect","Accuracy"],"picked":"Corpse Explosion","floor":14.0},{"not_picked":["Unload","A Thousand Cuts"],"picked":"Phantasmal Killer","floor":16},{"not_picked":["Sucker Punch","Quick Slash"],"picked":"Deflect+1","floor":18},{"not_picked":["Poisoned Stab","Underhanded Strike","Concentrate+1"],"picked":"SKIP","floor":22},{"not_picked":["Accuracy","Deadly Poison+1"],"picked":"Bouncing Flask","floor":24},{"not_picked":["Cloak And Dagger","Outmaneuver","Underhanded Strike"],"picked":"SKIP","floor":27},{"not_picked":["Flying Knee+1","Acrobatics","Expertise"],"picked":"SKIP","floor":28},{"not_picked":["Choke","Well Laid Plans"],"picked":"Noxious Fumes","floor":31},{"not_picked":["Bullet Time","A Thousand Cuts"],"picked":"Adrenaline","floor":33},{"not_picked":["Sucker Punch","Infinite Blades"],"picked":"Backflip","floor":35},{"not_picked":["Cloak And Dagger","Sucker Punch"],"picked":"Dodge and Roll+1","floor":39},{"not_picked":["Deflect+1","Sucker Punch"],"picked":"Bane+1","floor":41},{"not_picked":["Sucker Punch","Deflect","Tactician+1"],"picked":"SKIP","floor":44},{"not_picked":["Infinite Blades+1","Dagger Throw","Poisoned Stab+1"],"picked":"SKIP","floor":45},{"not_picked":["Mind Blast","Madness"],"picked":"Dark Shackles","floor":47},{"not_picked":["Bane","Deflect"],"picked":"Calculated Gamble+1","floor":48},{"not_picked":["Accuracy","Dagger Spray"],"picked":"Wraith Form v2","floor":54}],"player_experience":816128,"relics_obtained":[{"floor":7.0,"key":"War Paint"},{"floor":9.0,"key":"Oddly Smooth Stone"},{"floor":14.0,"key":"Torii"},{"floor":24,"key":"reliquary:ExpiredCoupon"},{"floor":41,"key":"Vajra"},{"floor":43,"key":"Potion Belt"},{"floor":45,"key":"Bag of Preparation"},{"floor":48,"key":"Bottled Lightning"},{"floor":54,"key":"Calipers"}],"event_choices":[{"damage_healed":0.0,"max_hp_gain":0.0,"max_hp_loss":0.0,"gold_gain":0.0,"event_name":"Golden Idol","player_choice":"Take Damage","floor":2.0,"gold_loss":0.0,"damage_taken":17.0,"relics_obtained":["Golden Idol"]},{"damage_healed":0.0,"max_hp_gain":0.0,"max_hp_loss":0.0,"gold_gain":75.0,"event_name":"World of Goop","player_choice":"Gather Gold","floor":4.0,"gold_loss":0.0,"damage_taken":11.0},{"damage_healed":0.0,"max_hp_gain":0.0,"max_hp_loss":0.0,"gold_gain":0.0,"event_name":"Living Wall","player_choice":"Grow","floor":5.0,"gold_loss":0.0,"damage_taken":0.0,"cards_upgraded":["Noxious Fumes"]},{"damage_healed":0,"gold_gain":0,"player_choice":"Inject Mutagens","damage_taken":0,"relics_obtained":["MutagenicStrength"],"max_hp_gain":0,"max_hp_loss":0,"event_name":"Drug Dealer","floor":19,"gold_loss":0},{"damage_healed":0,"gold_gain":0,"player_choice":"Simplicity","damage_taken":0,"max_hp_gain":0,"max_hp_loss":0,"event_name":"Back to Basics","floor":20,"gold_loss":0,"cards_upgraded":["Strike_G","Strike_G","Strike_G","Strike_G","Defend_G","Defend_G","Defend_G"]},{"damage_healed":0,"gold_gain":0,"player_choice":"Got Potions","damage_taken":0,"max_hp_gain":0,"max_hp_loss":0,"event_name":"Lab","floor":21,"gold_loss":0},{"damage_healed":0,"gold_gain":0,"player_choice":"Ignored","damage_taken":0,"max_hp_gain":0,"max_hp_loss":0,"event_name":"Tomb of Lord Red Mask","floor":36,"gold_loss":0},{"damage_healed":0,"gold_gain":0,"player_choice":"Rummage","damage_taken":0,"relics_obtained":["WarpedTongs"],"max_hp_gain":0,"max_hp_loss":0,"event_name":"Accursed Blacksmith","floor":37,"gold_loss":0,"cards_obtained":["Pain"]},{"damage_healed":0,"gold_gain":0,"player_choice":"Memory 1","damage_taken":0,"max_hp_gain":0,"max_hp_loss":0,"event_name":"SensoryStone","floor":47,"gold_loss":0}],"is_beta":false,"boss_relics":[{"not_picked":["Calling Bell","reliquary:KinkedSpring"],"picked":"reliquary:RedPaperclip"},{"not_picked":["Velvet Choker","Ring of the Serpent"],"picked":"SacredBark"}],"items_purged_floors":[11,38,53],"is_endless":false,"potions_floor_spawned":[1,3,8,12,14,18,24,27,33,35,41,44],"killed_by":"The Heart","ascension_level":0}}