{"host":"fkig9nrckec4xsh0","time":1611893177,"event":{"mods":["Act Like it!","BaseMod","Colored Map","Gensokyo","Hermit","Marisa????????","Minty Spire (QoL Compilation)","Quick Restart","Replay The Spire","StSLib"],"gold_per_floor":[10,10,10,26,26,57,57,84,84,29,92,123,138,138,138,209,209,227,212,212,224,224,224,249,249,301,326,341,376,405,36,36,114,114,125,125,138,184,203,233,233,262,262,262,291,339,435,174,174,204],"floor_reached":51,"language":"ENG","playtime":3339,"items_purged":["Strike_G"],"score":1544,"play_id":"3df28eb5-0465-42aa-b080-7b13c275d8c1","local_time":"20210128230617","is_ascension_mode":true,"campfire_choices":[{"data":"Cloak And Dagger","floor":7,"key":"SMITH"},{"floor":15,"key":"REST"},{"floor":23,"key":"RECALL"},{"floor":25,"key":"REST"},{"floor":41,"key":"REST"}],"circlet_count":0,"master_deck":["AscendersBane","Strike_G","Strike_G","Strike_G","Defend_G","Defend_G","Defend_G","Defend_G","Defend_G","Survivor","Neutralize","Deadly Poison","Blade Dance","Cloak And Dagger+1","Finisher+1","Noxious Fumes","Noxious Fumes","Replay:Bag of Tricks","Escape Plan","Replay:Bag of Tricks","Bouncing Flask","Poisoned Stab+1","Backflip","Shame","Hidden Blade","Bouncing Flask","Hidden Blade","Finisher+1","Finisher+1","Footwork+1","Wraith Form v2","Poisoned Stab","Hidden Blade","Sucker Punch","Footwork","Prepared+1","All Out Attack+1","Dodge and Roll+1","Deadly Poison+1","Finisher+1","Calculated Gamble","Draining Mist"],"relics":["Ring of the Snake","Thread and Needle","Ring of Misfortune","Replay:Accelerometer","Regal Pillow","Toy Ornithopter","Potion Belt","Iron Hammer","Fusion Hammer","Replay:Mystery Machine","Gremlin Horn","ReplayTheSpireMod:TigerMarble","Eternal Feather","ReplayTheSpireMod:Ninjato","Red Mask","Chameleon Ring","Philosopher\u0027s Stone","Replay:Towering Pillar of Hats","Whetstone","ReplayTheSpireMod:Shallot","Quantum Egg","Replay:Bandana","Replay:Ringing Soul","Oddly Smooth Stone","DollysMirror"],"acts_visited":["Exordium","TheCity","TheBeyond"],"potions_floor_usage":[6,12,21,21,27,33,33,33,38,38,42,45,50,50],"damage_taken":[{"damage":0,"enemies":"Small Slimes","floor":1,"turns":4},{"damage":0,"enemies":"2 Louse","floor":4,"turns":3},{"damage":3,"enemies":"3 Sentries","floor":6,"turns":7},{"damage":16,"enemies":"Gremlin Nob","floor":8,"turns":5},{"damage":18,"enemies":"Gremlin Nob","floor":11,"turns":4},{"damage":7,"enemies":"Lagavulin","floor":12,"turns":7},{"damage":0,"enemies":"Jaw Worm","floor":13,"turns":3},{"damage":13,"enemies":"The Guardian","floor":16,"turns":9},{"damage":0,"enemies":"Spheric Guardian","floor":18,"turns":4},{"damage":10,"enemies":"2 Thieves","floor":19,"turns":4},{"damage":7,"enemies":"Sentry and Sphere","floor":21,"turns":4},{"damage":25,"enemies":"Book of Stabbing","floor":24,"turns":5},{"damage":0,"enemies":"Gremlin Leader","floor":27,"turns":5},{"damage":3,"enemies":"3 Cultists","floor":28,"turns":4},{"damage":0,"enemies":"Book of Stabbing","floor":29,"turns":4},{"damage":6,"enemies":"Masked Bandits","floor":30,"turns":3},{"damage":6,"enemies":"Champ","floor":33,"turns":2},{"damage":0,"enemies":"3 Darklings","floor":35,"turns":3},{"damage":0,"enemies":"3 Shapes","floor":37,"turns":5},{"damage":6,"enemies":"2 Orb Walkers","floor":38,"turns":4},{"damage":25,"enemies":"Maw","floor":39,"turns":6},{"damage":1,"enemies":"R_Hoarder","floor":40,"turns":8},{"damage":4,"enemies":"Nemesis","floor":42,"turns":5},{"damage":7,"enemies":"Reptomancer","floor":45,"turns":3},{"damage":0,"enemies":"Giant Head","floor":47,"turns":4},{"damage":60,"enemies":"Time Eater","floor":50,"turns":8}],"seed_played":"4700476925116547154","potions_obtained":[{"floor":4,"key":"Strength Potion"},{"floor":11,"key":"Regen Potion"},{"floor":12,"key":"Explosive Potion"},{"floor":13,"key":"BlessingOfTheForge"},{"floor":19,"key":"SkillPotion"},{"floor":24,"key":"SteroidPotion"},{"floor":30,"key":"FearPotion"},{"floor":32,"key":"CunningPotion"},{"floor":32,"key":"Weak Potion"},{"floor":35,"key":"LifebloodPotion"},{"floor":37,"key":"Weak Potion"},{"floor":39,"key":"Explosive Potion"},{"floor":42,"key":"SteroidPotion"},{"floor":44,"key":"Toxic Potion"},{"floor":49,"key":"Strength Potion"}],"is_trial":false,"path_per_floor":["M","?","?","M","$","E","R","E","T","$","?","E","M","?","R","B",null,"M","M","?","M","?","R","E","R","T","E","M","E","?","$","R","B",null,"M","?","M","?","M","E","R","E","T","R","E","?","E","$","R","B",null],"character_chosen":"THE_SILENT","items_purchased":["Noxious Fumes","Footwork+1","Chameleon Ring","DollysMirror","Calculated Gamble","Draining Mist"],"campfire_rested":3,"item_purchase_floors":[10,31,31,48,48,48],"current_hp_per_floor":[63,63,56,56,56,53,53,37,37,37,19,32,32,32,68,55,66,66,56,56,59,59,59,34,70,70,70,67,67,61,61,70,70,70,70,66,66,60,35,34,66,66,66,66,59,46,49,52,75,15],"gold":204,"neow_bonus":"ONE_RARE_RELIC","is_daily":false,"chose_seed":false,"campfire_upgraded":1,"win_rate":0.0,"timestamp":1611893177,"path_taken":["M","?","?","M","?","E","R","E","T","$","?","E","M","?","R","BOSS","M","?","?","M","?","R","E","R","T","E","M","E","?","?","R","BOSS","M","?","M","?","M","E","R","E","T","R","E","?","E","$","R","BOSS"],"items_purchased_type":["Card","Card","Relic","Relic","Card","Card"],"build_version":"2020-12-22","purchased_purges":1,"victory":true,"max_hp_per_floor":[70,70,70,70,70,70,70,70,70,70,70,70,70,70,70,70,70,70,70,70,70,70,70,70,70,70,70,70,70,70,70,70,70,70,70,66,66,66,66,66,66,66,66,66,66,69,72,75,75,75],"card_choices":[{"not_picked":["Choke","Well Laid Plans"],"picked":"Deadly Poison","floor":1},{"not_picked":["Escape Plan","Dodge and Roll"],"picked":"Blade Dance","floor":4},{"not_picked":["Hidden Blade","Slice"],"picked":"Cloak And Dagger","floor":6},{"not_picked":["Flying Knee","Catalyst"],"picked":"Finisher","floor":8},{"not_picked":["Deflect","Bane"],"picked":"Replay:Bag of Tricks","floor":11},{"not_picked":["Caltrops","Well Laid Plans"],"picked":"Escape Plan","floor":12},{"not_picked":["Infinite Blades","Dagger Throw","Reflex"],"picked":"SKIP","floor":13},{"not_picked":["Night Terror","Envenom"],"picked":"Replay:Bag of Tricks","floor":16},{"not_picked":["Blade Dance","Dodge and Roll"],"picked":"Bouncing Flask","floor":18},{"not_picked":["PiercingWail","Dodge and Roll"],"picked":"Poisoned Stab+1","floor":19},{"not_picked":["Bane","Cloak And Dagger"],"picked":"Backflip","floor":21},{"not_picked":["Slice","Deflect"],"picked":"Hidden Blade","floor":24},{"not_picked":["Terror+1","Malaise"],"picked":"Bouncing Flask","floor":27},{"not_picked":["ReplayTheSpireMod:Speed Training","Slice"],"picked":"Hidden Blade","floor":28},{"not_picked":["ReplayTheSpireMod:Exploit Weakness+1","All Out Attack"],"picked":"Finisher","floor":29},{"not_picked":["Underhanded Strike","Quick Slash"],"picked":"Finisher+1","floor":30},{"not_picked":["Night Terror","Grand Finale"],"picked":"Wraith Form v2","floor":33},{"not_picked":["Quick Slash","Concentrate","Underhanded Strike+1"],"picked":"SKIP","floor":35},{"not_picked":["Finisher","Quick Slash"],"picked":"Poisoned Stab","floor":37},{"not_picked":["Dodge and Roll","Slice"],"picked":"Hidden Blade","floor":38},{"not_picked":["Blur","Infinite Blades"],"picked":"Sucker Punch","floor":39},{"not_picked":["Dagger Spray","Slice"],"picked":"Footwork","floor":40},{"not_picked":["Bouncing Flask","Toxin Wave"],"picked":"Prepared+1","floor":42},{"not_picked":["ReplayTheSpireMod:Tripwire","Replay:Bag of Tricks"],"picked":"All Out Attack+1","floor":45},{"not_picked":["Heel Hook+1","Dagger Throw"],"picked":"Dodge and Roll+1","floor":46},{"not_picked":["Dagger Spray","Draining Mist"],"picked":"Deadly Poison+1","floor":47}],"player_experience":406401,"relics_obtained":[{"floor":2,"key":"Ring of Misfortune"},{"floor":6,"key":"Replay:Accelerometer"},{"floor":8,"key":"Regal Pillow"},{"floor":9,"key":"Toy Ornithopter"},{"floor":12,"key":"Iron Hammer"},{"floor":24,"key":"Gremlin Horn"},{"floor":26,"key":"ReplayTheSpireMod:TigerMarble"},{"floor":27,"key":"Eternal Feather"},{"floor":29,"key":"ReplayTheSpireMod:Ninjato"},{"floor":30,"key":"Red Mask"},{"floor":38,"key":"Replay:Towering Pillar of Hats"},{"floor":40,"key":"Whetstone"},{"floor":42,"key":"ReplayTheSpireMod:Shallot"},{"floor":43,"key":"Quantum Egg"},{"floor":45,"key":"Replay:Bandana"},{"floor":46,"key":"Replay:Ringing Soul"},{"floor":47,"key":"Oddly Smooth Stone"}],"event_choices":[{"cards_removed":["Strike_G"],"damage_healed":0,"gold_gain":0,"player_choice":"Card Removal","damage_taken":7,"max_hp_gain":0,"max_hp_loss":0,"event_name":"Golden Wing","floor":3,"gold_loss":0},{"damage_healed":0,"gold_gain":0,"player_choice":"Searched \u00273\u0027 times","damage_taken":0,"relics_obtained":["Potion Belt"],"max_hp_gain":0,"max_hp_loss":0,"event_name":"Dead Adventurer","floor":11,"gold_loss":0},{"damage_healed":0,"gold_gain":0,"player_choice":"Ignored","damage_taken":0,"max_hp_gain":0,"max_hp_loss":0,"event_name":"Transmorgrifier","floor":14,"gold_loss":0},{"damage_healed":0,"gold_gain":0,"player_choice":"Stole Relic","damage_taken":0,"relics_obtained":["Replay:Mystery Machine"],"max_hp_gain":0,"max_hp_loss":0,"event_name":"Addict","floor":22,"gold_loss":0,"cards_obtained":["Shame"]},{"damage_healed":0,"gold_gain":0,"player_choice":"Fought Bandits","damage_taken":0,"max_hp_gain":0,"max_hp_loss":0,"event_name":"Masked Bandits","floor":30,"gold_loss":0},{"damage_healed":0,"gold_gain":0,"player_choice":"Max HP","damage_taken":0,"max_hp_gain":0,"max_hp_loss":4,"event_name":"Winding Halls","floor":36,"gold_loss":0},{"damage_healed":0,"gold_gain":0,"player_choice":"Fight","damage_taken":0,"max_hp_gain":0,"max_hp_loss":0,"event_name":"Mysterious Sphere","floor":38,"gold_loss":0}],"is_beta":false,"boss_relics":[{"not_picked":["Kintsugi","Busted Crown"],"picked":"Fusion Hammer"},{"not_picked":["Abe\u0027s Treasure","Replay:Drink Me"],"picked":"Philosopher\u0027s Stone"}],"items_purged_floors":[31],"is_endless":false,"potions_floor_spawned":[4,11,12,13,19,24,30,35,37,39,42],"ascension_level":13}}