{"host":"1tl36azeqm6yhdgj","time":1611952511,"event":{"mods":["AchievementEnabler","BaseMod","Minty Spire (QoL Compilation)","StSLib","The IronCluck","everything is the same but u backflip on backflip"],"gold_per_floor":[109,109,2,20,33,33,67,67,67,95,114,178,178,189,189,267,267,281,281,331,5,18,18,52,70,70,147,197,247,147,297,297,375,375,387,3,106,156,171,206,281,331,331,331,381,8,41,51,51,51,51,51,51,1,35,35,35],"floor_reached":56,"language":"ENG","playtime":2826,"items_purged":["Strike_R"],"score":1904,"play_id":"49c0cfc4-687a-4b69-ade1-ea072a9f873a","local_time":"20210129153511","is_ascension_mode":true,"campfire_choices":[{"data":"Perfected Strike","floor":6.0,"key":"SMITH"},{"data":"Flash of Steel","floor":8.0,"key":"SMITH"},{"floor":15.0,"key":"REST"},{"floor":23.0,"key":"RECALL"},{"floor":32.0,"key":"REST"},{"data":"Anger","floor":44.0,"key":"SMITH"},{"data":"Thunderclap","floor":49.0,"key":"SMITH"},{"floor":53.0,"key":"REST"}],"circlet_count":0,"master_deck":["AscendersBane","Strike_R+1","Strike_R+1","Defend_R+1","Defend_R+1","Defend_R+1","Metallicize+1","Flash of Steel+1","Perfected Strike+1","Wild Strike","Burning Pact+1","Shrug It Off+1","Thunderclap+1","Evolve","Flex+1","Double Tap+1","Panacea+1","Seeing Red+1","Anger+1","Rage+1","Discovery+1","Exhume+1","Intimidate+1","Flame Barrier+1","Clash+1","Inflame+1","Anger"],"relics":["Burning Blood","NeowsBlessing","Toxic Egg 2","Juzu Bracelet","Orichalcum","Incense Burner","Busted Crown","SsserpentHead","Strawberry","Bottled Lightning","Mercury Hourglass","Red Mask","Prayer Wheel","Blue Candle","Runic Pyramid","FossilizedHelix","Du-Vu Doll","Anchor","Peace Pipe","TungstenRod","Bag of Marbles","Art of War","Pantograph","War Paint"],"acts_visited":["Exordium","TheCity","TheBeyond","TheEnding"],"potions_floor_usage":[55,56],"damage_taken":[{"damage":0.0,"enemies":"Jaw Worm","floor":1.0,"turns":1.0},{"damage":0.0,"enemies":"2 Louse","floor":4.0,"turns":1.0},{"damage":0.0,"enemies":"Cultist","floor":5.0,"turns":1.0},{"damage":32.0,"enemies":"3 Sentries","floor":7.0,"turns":8.0},{"damage":22.0,"enemies":"Gremlin Nob","floor":10.0,"turns":4.0},{"damage":3.0,"enemies":"Gremlin Gang","floor":11.0,"turns":5.0},{"damage":25.0,"enemies":"Lagavulin Event","floor":12.0,"turns":4.0},{"damage":0.0,"enemies":"2 Fungi Beasts","floor":14.0,"turns":2.0},{"damage":40.0,"enemies":"The Guardian","floor":16.0,"turns":14.0},{"damage":7.0,"enemies":"3 Byrds","floor":18.0,"turns":5.0},{"damage":8.0,"enemies":"Shell Parasite","floor":22.0,"turns":3.0},{"damage":45.0,"enemies":"Book of Stabbing","floor":24.0,"turns":5.0},{"damage":0.0,"enemies":"Snecko","floor":25.0,"turns":4.0},{"damage":0.0,"enemies":"Masked Bandits","floor":27.0,"turns":3.0},{"damage":0.0,"enemies":"Colosseum Slavers","floor":31.0,"turns":4.0},{"damage":8.0,"enemies":"Colosseum Nobs","floor":31.0,"turns":4.0},{"damage":54.0,"enemies":"Collector","floor":33.0,"turns":8.0},{"damage":10.0,"enemies":"3 Shapes","floor":35.0,"turns":4.0},{"damage":26.0,"enemies":"2 Orb Walkers","floor":37.0,"turns":4.0},{"damage":0.0,"enemies":"3 Darklings","floor":39.0,"turns":4.0},{"damage":7.0,"enemies":"Nemesis","floor":40.0,"turns":7.0},{"damage":0.0,"enemies":"Mind Bloom Boss Battle","floor":41.0,"turns":7.0},{"damage":0.0,"enemies":"Reptomancer","floor":47.0,"turns":5.0},{"damage":0.0,"enemies":"Sphere and 2 Shapes","floor":48.0,"turns":5.0},{"damage":60.0,"enemies":"Awakened One","floor":50.0,"turns":14.0},{"damage":41.0,"enemies":"Donu and Deca","floor":51.0,"turns":9.0},{"damage":34,"enemies":"Shield and Spear","floor":55,"turns":7},{"damage":80,"enemies":"The Heart","floor":56,"turns":8}],"seed_played":"-3200673535180940211","potions_obtained":[{"floor":4.0,"key":"SteroidPotion"},{"floor":5.0,"key":"Ancient Potion"},{"floor":10.0,"key":"EntropicBrew"},{"floor":16.0,"key":"EssenceOfSteel"},{"floor":18.0,"key":"CultistPotion"},{"floor":24.0,"key":"EntropicBrew"},{"floor":27.0,"key":"Weak Potion"},{"floor":31.0,"key":"Weak Potion"},{"floor":35.0,"key":"BloodPotion"},{"floor":37.0,"key":"Block Potion"},{"floor":55,"key":"LiquidBronze"}],"is_trial":false,"path_per_floor":["M","?","$","M","M","R","E","R","T","E","M","?","?","M","R","B",null,"M","?","?","$","M","R","E","M","T","?","?","T","$","?","R","B",null,"M","$","?","?","M","E","?","?","T","R","?","$","E","M","R","B","B",null,"R","$","E","B"],"character_chosen":"IRONCLAD","items_purchased":["Flash of Steel","Panacea+1","Strawberry","Discovery+1","FossilizedHelix","PowerPotion","Bag of Marbles","Art of War","EntropicBrew","Anger"],"campfire_rested":3,"item_purchase_floors":[3,21,21,30,36,36,46,46,46,54],"current_hp_per_floor":[74,67,67,73,75,75,49,49,49,33,36,17,17,23,45,11,59,58,58,58,65,63,63,24,30,30,36,36,36,36,40,64,16,66,62,62,58,58,64,63,69,69,69,69,69,69,75,81,81,28,18,66,82,82,54,0,0],"gold":35,"neow_bonus":"THREE_ENEMY_KILL","is_daily":false,"chose_seed":false,"campfire_upgraded":4,"win_rate":0.0,"timestamp":1611952511,"path_taken":["M","?","$","M","M","R","E","R","T","E","M","?","?","M","R","BOSS","M","?","?","$","M","R","E","M","T","?","?","?","$","?","R","BOSS","M","$","?","?","M","E","?","?","T","R","?","?","E","M","R","BOSS","BOSS","R","$","E","BOSS"],"items_purchased_type":["Card","Card","Relic","Card","Relic","Potion","Relic","Relic","Potion","Card"],"build_version":"2020-12-22","purchased_purges":1,"victory":false,"max_hp_per_floor":[75,75,75,75,75,75,75,75,75,75,75,75,75,75,75,75,75,75,75,75,82,82,82,82,82,82,82,82,82,82,82,82,82,82,82,82,82,82,82,82,82,82,82,82,82,82,82,82,82,82,82,82,82,82,82,82,82],"card_choices":[{"not_picked":["Perfected Strike","Whirlwind"],"picked":"Metallicize","floor":1.0},{"not_picked":["Evolve","Blood for Blood"],"picked":"Perfected Strike","floor":4.0},{"not_picked":["Armaments","Anger"],"picked":"Wild Strike","floor":5.0},{"not_picked":["Twin Strike","Havoc+1"],"picked":"Burning Pact+1","floor":7.0},{"not_picked":["Body Slam","Twin Strike"],"picked":"Shrug It Off+1","floor":10.0},{"not_picked":["Dual Wield+1","Headbutt"],"picked":"Thunderclap","floor":11.0},{"not_picked":["Reckless Charge","Havoc+1"],"picked":"Evolve","floor":12.0},{"not_picked":["Twin Strike","Headbutt"],"picked":"Flex+1","floor":14.0},{"not_picked":["Brutality","Offering+1"],"picked":"Double Tap+1","floor":16.0},{"not_picked":["Clothesline"],"picked":"SKIP","floor":18.0},{"not_picked":[],"picked":"Seeing Red+1","floor":22.0},{"not_picked":[],"picked":"Anger","floor":24.0},{"not_picked":[],"picked":"Rage+1","floor":25.0},{"not_picked":[],"picked":"Exhume+1","floor":33.0},{"not_picked":[],"picked":"Intimidate+1","floor":35.0},{"not_picked":["Wild Strike"],"picked":"SKIP","floor":35.0},{"not_picked":["Cleave"],"picked":"SKIP","floor":39.0},{"not_picked":["Heavy Blade"],"picked":"SKIP","floor":39.0},{"not_picked":[],"picked":"Flame Barrier+1","floor":40.0},{"not_picked":[],"picked":"Clash+1","floor":41.0},{"not_picked":[],"picked":"Inflame+1","floor":47.0},{"not_picked":["Heavy Blade"],"picked":"SKIP","floor":48.0},{"not_picked":["Anger+1"],"picked":"SKIP","floor":48.0},{"not_picked":["Dark Embrace"],"picked":"SKIP","floor":55}],"player_experience":2106939,"relics_obtained":[{"floor":7.0,"key":"Toxic Egg 2"},{"floor":9.0,"key":"Juzu Bracelet"},{"floor":10.0,"key":"Orichalcum"},{"floor":24.0,"key":"Bottled Lightning"},{"floor":26.0,"key":"Mercury Hourglass"},{"floor":27.0,"key":"Red Mask"},{"floor":31.0,"key":"Prayer Wheel"},{"floor":31.0,"key":"Blue Candle"},{"floor":37.0,"key":"Du-Vu Doll"},{"floor":40.0,"key":"Anchor"},{"floor":41.0,"key":"Peace Pipe"},{"floor":43.0,"key":"TungstenRod"},{"floor":47.0,"key":"Pantograph"},{"floor":55,"key":"War Paint"}],"event_choices":[{"cards_removed":["Strike_R"],"damage_healed":0.0,"max_hp_gain":0.0,"max_hp_loss":0.0,"gold_gain":0.0,"event_name":"Golden Wing","player_choice":"Card Removal","floor":2.0,"gold_loss":0.0,"damage_taken":7.0},{"damage_healed":0.0,"max_hp_gain":0.0,"max_hp_loss":0.0,"gold_gain":0.0,"event_name":"Dead Adventurer","player_choice":"Searched \u00272\u0027 times","floor":12.0,"gold_loss":0.0,"damage_taken":0.0,"relics_obtained":["Incense Burner"]},{"cards_removed":["Defend_R"],"damage_healed":0.0,"max_hp_gain":0.0,"max_hp_loss":0.0,"gold_gain":0.0,"event_name":"Purifier","player_choice":"Purged","floor":13.0,"gold_loss":0.0,"damage_taken":0.0},{"damage_healed":0.0,"max_hp_gain":0.0,"max_hp_loss":0.0,"gold_gain":0.0,"event_name":"FaceTrader","player_choice":"Trade","floor":19.0,"gold_loss":0.0,"damage_taken":0.0,"relics_obtained":["SsserpentHead"]},{"damage_healed":0.0,"max_hp_gain":0.0,"max_hp_loss":0.0,"gold_gain":0.0,"event_name":"Ghosts","player_choice":"Ignored","floor":20.0,"gold_loss":0.0,"damage_taken":0.0},{"damage_healed":0.0,"max_hp_gain":0.0,"max_hp_loss":0.0,"gold_gain":0.0,"event_name":"Masked Bandits","player_choice":"Fought Bandits","floor":27.0,"gold_loss":0.0,"damage_taken":0.0},{"damage_healed":0.0,"max_hp_gain":0.0,"max_hp_loss":0.0,"gold_gain":0.0,"event_name":"Back to Basics","player_choice":"Simplicity","floor":28.0,"gold_loss":0.0,"damage_taken":0.0,"cards_upgraded":["Strike_R","Strike_R","Strike_R","Defend_R","Defend_R","Defend_R"]},{"damage_healed":0.0,"max_hp_gain":0.0,"max_hp_loss":0.0,"gold_gain":0.0,"event_name":"Colosseum","player_choice":"Fight","floor":31.0,"gold_loss":0.0,"damage_taken":0.0},{"damage_healed":0.0,"max_hp_gain":0.0,"max_hp_loss":0.0,"gold_gain":0.0,"event_name":"Colosseum","player_choice":"Fought Nobs","floor":31.0,"gold_loss":0.0,"damage_taken":0.0},{"damage_healed":0.0,"max_hp_gain":0.0,"max_hp_loss":0.0,"gold_gain":0.0,"event_name":"Mysterious Sphere","player_choice":"Fight","floor":37.0,"gold_loss":0.0,"damage_taken":0.0},{"cards_removed":["Strike_R"],"damage_healed":0.0,"max_hp_gain":0.0,"max_hp_loss":0.0,"gold_gain":0.0,"event_name":"Falling","player_choice":"Removed Attack","floor":38.0,"gold_loss":0.0,"damage_taken":0.0},{"damage_healed":0.0,"max_hp_gain":0.0,"max_hp_loss":0.0,"gold_gain":0.0,"event_name":"MindBloom","player_choice":"Fight","floor":41.0,"gold_loss":0.0,"damage_taken":0.0},{"damage_healed":0.0,"max_hp_gain":0.0,"max_hp_loss":0.0,"gold_gain":0.0,"event_name":"Upgrade Shrine","player_choice":"Upgraded","floor":42.0,"gold_loss":0.0,"damage_taken":0.0,"cards_upgraded":["Metallicize"]},{"cards_removed":["Bash"],"damage_healed":0.0,"max_hp_gain":0.0,"max_hp_loss":0.0,"gold_gain":0.0,"event_name":"Bonfire Elementals","player_choice":"Offered Basic","floor":45.0,"gold_loss":0.0,"damage_taken":0.0}],"is_beta":false,"boss_relics":[{"not_picked":["Velvet Choker","Tiny House"],"picked":"Busted Crown"},{"not_picked":["Astrolabe","Snecko Eye"],"picked":"Runic Pyramid"}],"items_purged_floors":[21],"is_endless":false,"potions_floor_spawned":[4,5,10,16,18,24,27,31,35,37,48,55],"killed_by":"The Heart","ascension_level":20}}