{"host":"1c52r9kaxdyo25eq","time":1611897545,"event":{"mods":["AchievementEnabler","BaseMod","DeckTracker","Minty Spire (QoL Compilation)","Rare Cards Sparkle","SuperFastMode","everything is the same but u backflip on backflip"],"gold_per_floor":[119,119,119,133,143,178,178,196,196,214,233,233,233,133,133,211,211,228,228,91,91,91,126,126,136,183,195,225,287,174,186,186,264,264,274,287,95,106,106,137,0,19,44,44,93,93,118,148,148,148,148,148,148,148,174,174],"floor_reached":57,"language":"KOR","playtime":1755,"items_purged":["Defend_G","Terror","Corpse Explosion"],"score":3131,"play_id":"e972470f-932b-4a73-ae51-aed4bd0a12d4","local_time":"20210129141905","is_ascension_mode":true,"campfire_choices":[{"data":"Dagger Throw","floor":7.0,"key":"SMITH"},{"data":"Dagger Spray","floor":13.0,"key":"SMITH"},{"data":"Terror","floor":15.0,"key":"SMITH"},{"data":"Acrobatics","floor":24.0,"key":"SMITH"},{"data":"Concentrate","floor":27.0,"key":"SMITH"},{"data":"Calculated Gamble","floor":32.0,"key":"SMITH"},{"floor":44,"key":"RECALL"},{"floor":46,"key":"REST"},{"data":"Phantasmal Killer","floor":49,"key":"SMITH"},{"data":"Footwork","floor":53,"key":"SMITH"}],"circlet_count":0,"master_deck":["AscendersBane","Survivor","Neutralize","Dagger Throw+1","Reflex","Acrobatics+1","Terror+1","Quick Slash","Grand Finale","Concentrate+1","Phantasmal Killer+1","Footwork+1","Blade Dance","Reflex","Calculated Gamble+1","Well Laid Plans+1","Storm of Steel+1","Dodge and Roll+1","Acrobatics+1"],"relics":["Ring of the Snake","NeowsBlessing","Shuriken","StrikeDummy","PreservedInsect","HornCleat","Pandora\u0027s Box","Pen Nib","MawBank","Astrolabe","Bottled Tornado","Red Mask","Tough Bandages","Calipers","Pantograph","Oddly Smooth Stone"],"acts_visited":["Exordium","TheCity","TheBeyond","TheEnding"],"potions_floor_usage":[45,56,56],"damage_taken":[{"damage":0.0,"enemies":"Cultist","floor":1.0,"turns":1.0},{"damage":0.0,"enemies":"Jaw Worm","floor":4.0,"turns":1.0},{"damage":0.0,"enemies":"2 Louse","floor":5.0,"turns":1.0},{"damage":33.0,"enemies":"Lagavulin","floor":6.0,"turns":8.0},{"damage":11.0,"enemies":"Looter","floor":8.0,"turns":3.0},{"damage":0.0,"enemies":"Blue Slaver","floor":10.0,"turns":3.0},{"damage":1.0,"enemies":"Exordium Wildlife","floor":11.0,"turns":4.0},{"damage":27.0,"enemies":"The Guardian","floor":16.0,"turns":11.0},{"damage":13.0,"enemies":"Shell Parasite","floor":18.0,"turns":3.0},{"damage":0.0,"enemies":"Slavers","floor":23.0,"turns":1.0},{"damage":0.0,"enemies":"Chosen","floor":25.0,"turns":2.0},{"damage":0.0,"enemies":"Snecko","floor":28.0,"turns":1.0},{"damage":0.0,"enemies":"Snake Plant","floor":31.0,"turns":1.0},{"damage":15.0,"enemies":"Collector","floor":33.0,"turns":3.0},{"damage":5.0,"enemies":"3 Shapes","floor":35.0,"turns":2.0},{"damage":0.0,"enemies":"Orb Walker","floor":36.0,"turns":2.0},{"damage":0.0,"enemies":"Spire Growth","floor":38.0,"turns":2.0},{"damage":0.0,"enemies":"Reptomancer","floor":40.0,"turns":1.0},{"damage":0,"enemies":"Jaw Worm Horde","floor":42,"turns":1},{"damage":26,"enemies":"2 Orb Walkers","floor":45,"turns":3},{"damage":0,"enemies":"Mind Bloom Boss Battle","floor":47,"turns":2},{"damage":0,"enemies":"Giant Head","floor":48,"turns":3},{"damage":0,"enemies":"Donu and Deca","floor":50,"turns":3},{"damage":0,"enemies":"Time Eater","floor":51,"turns":3},{"damage":0,"enemies":"Shield and Spear","floor":55,"turns":3},{"damage":4,"enemies":"The Heart","floor":56,"turns":6}],"seed_played":"2321699493363110591","potions_obtained":[{"floor":4.0,"key":"Fruit Juice"},{"floor":6.0,"key":"Fire Potion"},{"floor":28.0,"key":"Weak Potion"},{"floor":33.0,"key":"SteroidPotion"},{"floor":45,"key":"Regen Potion"},{"floor":47,"key":"DistilledChaos"}],"is_trial":false,"path_per_floor":["M","T","T","M","M","E","R","M","T","M","M","?","R","$","R","B",null,"M","?","$","?","?","E","R","M","T","R","M","?","$","M","R","B",null,"M","M","$","M","?","E","?","M","T","R","?","R","?","E","R","B","B",null,"R","$","E","B",null],"character_chosen":"THE_SILENT","items_purchased":["Quick Slash","Reflex","Fruit Juice","DistilledChaos"],"campfire_rested":1,"item_purchase_floors":[14,20,37,37],"current_hp_per_floor":[59,59,59,59,59,26,26,15,15,15,14,36,36,36,36,9,52,39,21,21,35,35,40,40,40,40,40,40,40,40,40,40,25,63,58,58,63,63,63,63,63,63,63,63,37,60,60,60,60,77,77,77,77,77,77,73],"gold":174,"neow_bonus":"THREE_ENEMY_KILL","is_daily":false,"chose_seed":false,"campfire_upgraded":8,"win_rate":0.0,"timestamp":1611897545,"path_taken":["M","?","?","M","?","E","R","?","T","M","M","?","R","$","R","BOSS","M","?","$","?","?","E","R","?","T","R","?","?","$","M","R","BOSS","M","M","?","M","?","E","?","M","T","R","?","R","?","E","R","BOSS","BOSS","R","$","E","BOSS"],"items_purchased_type":["Card","Card","Potion","Potion"],"build_version":"2020-12-22","purchased_purges":3,"victory":true,"max_hp_per_floor":[66,66,66,66,66,66,66,66,66,66,66,66,66,66,66,66,66,66,71,71,71,71,76,76,76,76,76,76,76,76,76,76,76,76,76,76,81,81,77,77,77,77,77,77,77,77,77,77,77,77,77,77,77,77,77,77],"card_choices":[{"not_picked":["PiercingWail","Outmaneuver"],"picked":"Dagger Throw","floor":1.0},{"not_picked":["Dash","Blade Dance"],"picked":"Reflex","floor":4.0},{"not_picked":["PiercingWail","Prepared"],"picked":"Acrobatics","floor":5.0},{"not_picked":["Setup","Slice","Dash"],"picked":"SKIP","floor":6.0},{"not_picked":["Underhanded Strike","All Out Attack","Flying Knee"],"picked":"SKIP","floor":8.0},{"not_picked":["Dagger Throw","Expertise"],"picked":"Dagger Spray","floor":10.0},{"not_picked":["Cloak And Dagger","Catalyst"],"picked":"Terror","floor":11.0},{"not_picked":["Storm of Steel","Corpse Explosion"],"picked":"Grand Finale","floor":16.0},{"not_picked":["Slice","Outmaneuver","Deflect"],"picked":"SKIP","floor":18.0},{"not_picked":["Acrobatics","Sucker Punch+1","All Out Attack"],"picked":"SKIP","floor":23.0},{"not_picked":["Sucker Punch","Underhanded Strike","Acrobatics"],"picked":"SKIP","floor":25.0},{"not_picked":["Leg Sweep","Bane+1","Backflip"],"picked":"SKIP","floor":28.0},{"not_picked":["Infinite Blades+1","Quick Slash"],"picked":"Calculated Gamble","floor":31.0},{"not_picked":["Distraction+1","Prepared"],"picked":"Acrobatics+1","floor":35.0},{"not_picked":["Riddle With Holes","Quick Slash+1","Dagger Throw"],"picked":"SKIP","floor":36.0},{"not_picked":["Poisoned Stab+1","Slice","Dagger Spray+1"],"picked":"SKIP","floor":38.0},{"not_picked":["Eviscerate+1","Backstab+1","Noxious Fumes"],"picked":"SKIP","floor":40},{"not_picked":["Outmaneuver","Wraith Form v2","Heel Hook+1"],"picked":"SKIP","floor":42},{"not_picked":["Underhanded Strike","Deflect","Terror"],"picked":"SKIP","floor":48},{"not_picked":["Acrobatics","Terror","Bane"],"picked":"SKIP","floor":55}],"player_experience":624063,"relics_obtained":[{"floor":2.0,"key":"Shuriken"},{"floor":3.0,"key":"StrikeDummy"},{"floor":6.0,"key":"PreservedInsect"},{"floor":9.0,"key":"HornCleat"},{"floor":23.0,"key":"Pen Nib"},{"floor":26.0,"key":"MawBank"},{"floor":40,"key":"Bottled Tornado"},{"floor":45,"key":"Tough Bandages"},{"floor":47,"key":"Calipers"},{"floor":48,"key":"Pantograph"},{"floor":55,"key":"Oddly Smooth Stone"}],"event_choices":[{"damage_healed":22.0,"max_hp_gain":0.0,"max_hp_loss":0.0,"gold_gain":0.0,"event_name":"Big Fish","player_choice":"Banana","floor":12.0,"gold_loss":0.0,"damage_taken":0.0},{"damage_healed":0.0,"max_hp_gain":5.0,"max_hp_loss":0.0,"gold_gain":0.0,"event_name":"Forgotten Altar","player_choice":"Shed Blood","floor":19.0,"gold_loss":0.0,"damage_taken":23.0},{"damage_healed":14.0,"max_hp_gain":0.0,"max_hp_loss":0.0,"gold_gain":0.0,"event_name":"The Library","player_choice":"Heal","floor":21.0,"gold_loss":0.0,"damage_taken":0.0},{"cards_removed":["Phantasmal Killer"],"damage_healed":0.0,"max_hp_gain":0.0,"max_hp_loss":0.0,"gold_gain":0.0,"event_name":"Back to Basics","player_choice":"Elegance","floor":22.0,"gold_loss":0.0,"damage_taken":0.0},{"damage_healed":0.0,"max_hp_gain":0.0,"max_hp_loss":0.0,"gold_gain":100.0,"event_name":"The Joust","player_choice":"Bet on Murderer","floor":29.0,"gold_loss":50.0,"damage_taken":0.0},{"damage_healed":0.0,"max_hp_gain":0.0,"max_hp_loss":4.0,"gold_gain":0.0,"event_name":"Winding Halls","player_choice":"Max HP","floor":39.0,"gold_loss":0.0,"damage_taken":0.0},{"damage_healed":0,"gold_gain":0,"player_choice":"Paid","damage_taken":0,"relics_obtained":["Red Mask"],"max_hp_gain":0,"max_hp_loss":0,"event_name":"Tomb of Lord Red Mask","floor":41,"gold_loss":137},{"damage_healed":0,"gold_gain":0,"player_choice":"Fight","damage_taken":0,"max_hp_gain":0,"max_hp_loss":0,"event_name":"Mysterious Sphere","floor":45,"gold_loss":0},{"damage_healed":0,"gold_gain":0,"player_choice":"Fight","damage_taken":0,"max_hp_gain":0,"max_hp_loss":0,"event_name":"MindBloom","floor":47,"gold_loss":0}],"is_beta":false,"boss_relics":[{"not_picked":["WristBlade","Cursed Key"],"picked":"Pandora\u0027s Box"},{"not_picked":["Ring of the Serpent","SlaversCollar"],"picked":"Astrolabe"}],"items_purged_floors":[14,20,30],"is_endless":false,"potions_floor_spawned":[4,6,18,28,33,36,40,45,47],"ascension_level":20}}