{"host":"dwyzfvnzfcqffr30","time":1611933641,"event":{"mods":["2.2 Compatiblity","Act Like it!","Aspiration","BaseMod","Beaked The Cultist","Better Altar","Better Match","Better Note","Better Sensory Stone","Better Skull","Better Third Choice","Clockwork Mod","Colored Map","Colored Powertips","Conspire","Downfall","Elementarium","GifTheSpireLib","Halation","Hermit","Hubris","Infinite Spire","Ironclad Rager","Jedi Mod","Menagerie","Mimic Mod","Minty Spire (QoL Compilation)","Permanent Neow","Random Character Button","Relic Filter Mod","Reliquary","Replay The Spire","Spicy Shops","Spikes Relics","StSLib","Stuff the Spire","The Construct","The Disciple","The Druid","The Marked","TheFirefly","Trackpad","Wandering Minibosses"],"gold_per_floor":[124,124,144,172,195,195,233,22,22,40,40,74,86,121,133,228,240,282,294,286,78,93,93,133,133,184,223,223,271,271,309,309,403,403,426,426,426,426,474,474,521,521,521,521],"floor_reached":42,"language":"ENG","playtime":3568,"items_purged":[],"score":998,"play_id":"45c389b7-6c63-4e7c-a0d6-11aac93a4072","local_time":"20210129072041","is_ascension_mode":true,"campfire_choices":[{"floor":6,"key":"RECALL"},{"floor":15,"key":"REST"},{"floor":23,"key":"REST"},{"floor":28,"key":"REST"},{"floor":30,"key":"REST"},{"floor":32,"key":"REST"},{"floor":40,"key":"REST"}],"circlet_count":0,"master_deck":["AscendersBane","sneckomod:Strike+2","sneckomod:Strike+1","sneckomod:Strike+1","sneckomod:Defend+1","sneckomod:Defend+1","sneckomod:Defend+1","sneckomod:TailWhip+1","sneckomod:SnekBite+2","sneckomod:Unknown+1","sneckomod:Unknown+1","MasterReality+1","Apotheosis+1","sneckomod:UnknownWeak+1","sneckomod:Unknown1Cost+1","WeaponsOverheat+1","sneckomod:UnknownClassCLOCKWORK+1","Reforge+1","Capacitor+1","sneckomod:UnknownBlock+1","sneckomod:UnknownRarePower+1","sneckomod:UnknownStrike+1","Elementarium:GildedEssence+1","sneckomod:UnknownRareAttack+1","sneckomod:UnknownRareSkill+1","sneckomod:UnknownRarePower+1","sneckomod:UnknownClassORANGE+1","sneckomod:UnknownRareSkill+1","sneckomod:UnknownVulnerable+1","sneckomod:CheapStock+1","sneckomod:Transmogrify+1","infinitespire:UltimateForm+1","StuffTheSpire:Ambrosia"],"relics":["sneckomod:SneckoSoul","aspiration:Nostalgia","Iron Core","Bottled Tornado","halation:Prosthetics","conspire:InfiniteJournal","infinitespire:EvilPickle","SacredBark","Quantum Egg","Frozen Egg 2","Molten Egg 2","Toxic Egg 2","Whetstone","halation:LoveArrow","Clockwork:Varja","halation:EternalFortune","sneckomod:RareBoosterPack","Clockwork:SomewhatSmoothStone","Bottled Flame","aspiration:AnachronicSnailShell","aspiration:FetidBarrel","Elementarium:ElementariumTrophy","CosmicIsotope","SpikesRelics:DaevaFist","reliquary:PorcupineQuills","trackpad:RapidFire"],"acts_visited":["Menagerie:Menagerie","Elementarium:Elementarium","TheBeyond"],"potions_floor_usage":[7,10,14,16,22,27,33,33],"damage_taken":[{"damage":0,"enemies":"Menagerie:MonstrousExperiment","floor":1,"turns":4},{"damage":2,"enemies":"Menagerie:WhisperingWraith","floor":3,"turns":3},{"damage":0,"enemies":"Menagerie:StygianBoar","floor":4,"turns":3},{"damage":0,"enemies":"Menagerie:Hexasnake","floor":5,"turns":2},{"damage":15,"enemies":"Menagerie:VoidReaper","floor":7,"turns":4},{"damage":0,"enemies":"Menagerie:STYGIAN_BOAR_AND_RABBIT","floor":10,"turns":3},{"damage":2,"enemies":"Menagerie:Hydra","floor":12,"turns":4},{"damage":14,"enemies":"Menagerie:DREAD_MOTH_AND_GRAFTED_WORMS","floor":14,"turns":5},{"damage":0,"enemies":"Menagerie:AVATARS","floor":16,"turns":4},{"damage":27,"enemies":"Elementarium:2_ELEMENTALS","floor":18,"turns":10},{"damage":0,"enemies":"Elementarium:VoidCorruption","floor":22,"turns":5},{"damage":16,"enemies":"Elementarium:ElementalPortal","floor":24,"turns":13},{"damage":16,"enemies":"Elementarium:FIRE_NOBILITY","floor":27,"turns":6},{"damage":10,"enemies":"Elementarium:WarGolem","floor":29,"turns":4},{"damage":18,"enemies":"Elementarium:3_ELEMENTALS","floor":31,"turns":4},{"damage":13,"enemies":"Elementarium:PHOENIXES","floor":33,"turns":9},{"damage":18,"enemies":"3 Darklings","floor":35,"turns":6},{"damage":27,"enemies":"3 Shapes","floor":39,"turns":5},{"damage":0,"enemies":"Jaw Worm Horde","floor":41,"turns":2},{"damage":65,"enemies":"Reptomancer","floor":42,"turns":4}],"seed_played":"8471118725427238273","potions_obtained":[{"floor":3,"key":"hexamod:SoulburnPotion"},{"floor":7,"key":"EssenceOfSteel"},{"floor":10,"key":"BlessingOfTheForge"},{"floor":12,"key":"SkillPotion"},{"floor":22,"key":"Strength Potion"},{"floor":24,"key":"hexamod:SoulburnPotion"},{"floor":27,"key":"Dexterity Potion"}],"is_trial":false,"path_per_floor":["M","?","M","M","M","R","E","$","T","M","?","E","$","M","R","B",null,"M","?","?","$","M","R","E","?","T","E","R","E","R","M","R","B",null,"M","AVR","?","?","M","R","M","E"],"character_chosen":"THE_SNECKO","items_purchased":["Reforge+1","sneckomod:RareBoosterPack","Block Potion"],"campfire_rested":6,"item_purchase_floors":[8,21,21],"current_hp_per_floor":[48,36,34,34,34,34,19,19,19,19,19,17,17,3,17,17,40,13,16,16,16,16,31,15,21,21,8,26,16,34,35,53,43,58,40,40,40,40,41,60,61,0,0,0],"gold":521,"neow_bonus":"NOSTALGIA","is_daily":false,"chose_seed":false,"campfire_upgraded":0,"win_rate":0.0,"timestamp":1611933641,"path_taken":["M","?","M","?","M","R","E","$","T","M","?","E","$","M","R","BOSS","M","?","?","$","M","R","E","?","T","E","R","E","R","M","R","BOSS","M","AVR","?","?","M","R","M","E"],"items_purchased_type":["Card","Relic","Potion"],"build_version":"2020-12-22","purchased_purges":0,"victory":false,"max_hp_per_floor":[48,48,48,48,48,48,48,48,48,48,48,48,48,48,48,48,48,48,51,51,51,51,51,51,57,57,60,60,60,60,60,60,63,63,63,63,63,63,64,64,65,66,66,66],"card_choices":[{"not_picked":["sneckomod:UnknownClassHEXA_GHOST_PURPLE+1","sneckomod:Nope+1"],"picked":"sneckomod:UnknownWeak+1","floor":1},{"not_picked":["sneckomod:UnknownClassFIREFLY_COLOR+1","Evolve+1"],"picked":"sneckomod:Unknown1Cost+1","floor":3},{"not_picked":["sneckomod:SoulDraw+1","Glacier+1"],"picked":"WeaponsOverheat+1","floor":4},{"not_picked":["Body Slam+1","sneckomod:UnknownClassPURPLE+1","sneckomod:UnknownClassCHRONO_GOLD+1"],"picked":"SKIP","floor":5},{"not_picked":["Glacier+1","sneckomod:UnknownClassTHE_CHAMP_GRAY+1"],"picked":"sneckomod:UnknownClassCLOCKWORK+1","floor":7},{"not_picked":["Steam Power+1","sneckomod:UnknownClassDEFAULT_GRAY_COLOR+1","Rebound+1"],"picked":"SKIP","floor":10},{"not_picked":["sneckomod:Unknown2Cost+1","WeaponsOverheat+1"],"picked":"Capacitor+1","floor":12},{"not_picked":["sneckomod:QuickBite+1","sneckomod:ImprovisedGuard+1"],"picked":"sneckomod:UnknownBlock+1","floor":14},{"not_picked":["sneckomod:UnlimitedRolls+1","sneckomod:SoulExchange+1"],"picked":"sneckomod:UnknownRarePower+1","floor":16},{"not_picked":["sneckomod:UnknownClassMARKED_PURPLE_COLOR+1","sneckomod:UnknownClassBLESSING+1"],"picked":"sneckomod:UnknownStrike+1","floor":18},{"not_picked":["sneckomod:RainOfDice+1","sneckomod:UnknownClassCHRONO_GOLD+1"],"picked":"sneckomod:UnknownClassORANGE+1","floor":22},{"not_picked":["sneckomod:Unknown0Cost+1","sneckomod:UnknownClassGUARDIAN+1"],"picked":"sneckomod:UnknownRareSkill+1","floor":24},{"not_picked":["sneckomod:UnknownClassSLIMEBOUND+1","sneckomod:PureSnecko+1"],"picked":"sneckomod:UnknownVulnerable+1","floor":27},{"not_picked":["sneckomod:SoulDraw+1","sneckomod:IronFang+1"],"picked":"sneckomod:CheapStock+1","floor":29},{"not_picked":["sneckomod:SoulCleanse+1","sneckomod:DiceBlock+1","sneckomod:UnknownClassORANGE+1"],"picked":"SKIP","floor":31},{"not_picked":["sneckomod:Restock+1","sneckomod:SoulExchange+1"],"picked":"sneckomod:Transmogrify+1","floor":33},{"not_picked":["sneckomod:CheapStock+1","sneckomod:DefensiveFlair+1","sneckomod:WideSting+1"],"picked":"SKIP","floor":35},{"not_picked":["StuffTheSpire:Perfection","StuffTheSpire:Innocence"],"picked":"StuffTheSpire:Ambrosia","floor":38},{"not_picked":["sneckomod:UnknownClassMARKED_PURPLE_COLOR+1","sneckomod:UnknownBlock+1","sneckomod:SnakeSap+1"],"picked":"SKIP","floor":39},{"not_picked":["sneckomod:UnknownClassDEFAULT_GRAY_COLOR+1","sneckomod:UnknownClassBLESSING+1","sneckomod:UnknownClassORANGE+1"],"picked":"SKIP","floor":41}],"player_experience":3019797,"relics_obtained":[{"floor":7,"key":"Whetstone"},{"floor":12,"key":"MawBank"},{"floor":24,"key":"Bottled Flame"},{"floor":26,"key":"SpikesRelics:DaevaFist"},{"floor":27,"key":"halation:EternalFortune"},{"floor":27,"key":"aspiration:AnachronicSnailShell"},{"floor":29,"key":"aspiration:FetidBarrel"},{"floor":33,"key":"halation:EternalFortune"},{"floor":35,"key":"SpikesRelics:DaevaFist"},{"floor":39,"key":"reliquary:PorcupineQuills"},{"floor":41,"key":"trackpad:RapidFire"}],"event_choices":[{"damage_healed":0,"gold_gain":0,"player_choice":"Simplicity","damage_taken":0,"max_hp_gain":0,"max_hp_loss":6,"event_name":"betterThird:BetterWriting","floor":0,"gold_loss":0},{"damage_healed":0,"gold_gain":0,"player_choice":"RE ","damage_taken":14,"relics_obtained":["hubris:SlimyHat"],"max_hp_gain":0,"max_hp_loss":0,"event_name":"betterSkull:BetterSkull","floor":2,"gold_loss":0,"cards_upgraded":[]},{"damage_healed":0,"gold_gain":0,"player_choice":"Ignored","damage_taken":0,"max_hp_gain":0,"max_hp_loss":0,"event_name":"Menagerie:SpiderNest","floor":11,"gold_loss":0},{"damage_healed":0,"gold_gain":0,"player_choice":"Toss","damage_taken":0,"max_hp_gain":0,"max_hp_loss":0,"event_name":"Elementarium:OnrushingOffering","floor":20,"gold_loss":20,"cards_obtained":["Elementarium:GildedEssence"]},{"damage_healed":0,"gold_gain":0,"player_choice":"Graft","damage_taken":0,"max_hp_gain":6,"max_hp_loss":0,"event_name":"Elementarium:SculptureGarden","floor":25,"gold_loss":0},{"damage_healed":0,"gold_gain":0,"player_choice":"Ignored","damage_taken":0,"max_hp_gain":0,"max_hp_loss":0,"event_name":"Elementarium:ChestOfTheGoldenMirage","floor":37,"gold_loss":0}],"is_beta":false,"boss_relics":[{"not_picked":["ReplayTheSpireMod:DimensionalGlitch","reliquary:RedPaperclip"],"picked":"halation:LoveArrow"},{"not_picked":["halation:Yufonium","aspiration:FutureDiary"],"picked":"CosmicIsotope"}],"items_purged_floors":[],"is_endless":false,"potions_floor_spawned":[3,7,10,12,22,24,27],"killed_by":"Reptomancer","ascension_level":20}}