{"host":"8d3fefv2347kqkpz","time":1611957905,"event":{"mods":["AchievementEnabler","Act Like it!","Aspiration","BaseMod","Better Vampires","Colored Map","Colored Powertips","Conspire","GifTheSpireLib","Highlight Path","Hubris","Mimic Mod","Minty Spire (QoL Compilation)","Quick Restart","Rare Cards Sparkle","Relic Stats","Replay The Spire","Spicy Shops","StSLib","The Jungle","Waifu the Spire"],"gold_per_floor":[119,138,27,57,70,1,1,27,76,1,28,28,40,51,51,149,149,163,175,100,119,129,154,154,3,3,3,3,3,14,27,27,122,122,140,140,240,250,267,267,267,282,282,350,362,379,118,118,118,118],"floor_reached":51,"language":"ZHS","playtime":1826,"items_purged":["Strike_R","Defend_R"],"score":929,"play_id":"c16c8828-3b16-43c8-b5c5-eafe8d0fa422","local_time":"20210130060505","is_ascension_mode":false,"campfire_choices":[{"data":"Rupture","floor":7.0,"key":"SMITH"},{"data":"Metallicize","floor":12.0,"key":"SMITH"},{"floor":15.0,"key":"REST"},{"floor":27.0,"key":"REST"},{"data":"Massacre","floor":32.0,"key":"SMITH"},{"data":"Metallicize","floor":41.0,"key":"SMITH"},{"floor":49,"key":"REST"}],"circlet_count":0,"master_deck":["Strike_R","Defend_R","Defend_R","Defend_R","Bash","Offering","Combust","Rupture+1","Heavy Blade","Metallicize+1","Limit Break","Massacre+1","Armaments+1","Metallicize+1","Metallicize+1","Rampage","Double Tap","Inflame","Armaments+1"],"relics":["Burning Blood","Replay:Rubber Ducky","Eternal Feather","hubris:ToyBattleship","Centennial Puzzle","hubris:VirtuousBlindfold","Replay:WaspNest","Replay:Bottled Snecko","Electric Blood","ReplayTheSpireMod:Lightbulb","Replay:Bottled Flurry"],"acts_visited":["Exordium","TheCity","TheBeyond"],"potions_floor_usage":[46],"damage_taken":[{"damage":7.0,"enemies":"Cultist","floor":1.0,"turns":4.0},{"damage":1.0,"enemies":"Jaw Worm","floor":2.0,"turns":5.0},{"damage":36.0,"enemies":"conspire:MimicChest","floor":4.0,"turns":5.0},{"damage":2.0,"enemies":"Small Slimes","floor":5.0,"turns":4.0},{"damage":10.0,"enemies":"Lagavulin","floor":8.0,"turns":5.0},{"damage":16.0,"enemies":"Gremlin Nob","floor":11.0,"turns":4.0},{"damage":7.0,"enemies":"Blue Slaver","floor":13.0,"turns":2.0},{"damage":11.0,"enemies":"Looter","floor":14.0,"turns":3.0},{"damage":19.0,"enemies":"Fading Forest","floor":16.0,"turns":11.0},{"damage":9.0,"enemies":"3 Byrds","floor":18.0,"turns":6.0},{"damage":10.0,"enemies":"Spheric Guardian","floor":19.0,"turns":4.0},{"damage":11.0,"enemies":"Centurion and Healer","floor":21.0,"turns":4.0},{"damage":10.0,"enemies":"Sentry and Sphere","floor":22.0,"turns":5.0},{"damage":42.0,"enemies":"Slavers","floor":23.0,"turns":5.0},{"damage":9.0,"enemies":"Snecko","floor":30.0,"turns":3.0},{"damage":11.0,"enemies":"Centurion and Healer","floor":31.0,"turns":6.0},{"damage":11.0,"enemies":"Champ","floor":33.0,"turns":6.0},{"damage":16.0,"enemies":"3 Darklings","floor":35.0,"turns":4.0},{"damage":16.0,"enemies":"Orb Walker","floor":38.0,"turns":2.0},{"damage":17.0,"enemies":"3 Darklings","floor":39.0,"turns":4.0},{"damage":18.0,"enemies":"Jaw Worm Horde","floor":42.0,"turns":2.0},{"damage":21,"enemies":"Maw","floor":45,"turns":5},{"damage":28,"enemies":"Transient","floor":46,"turns":5},{"damage":26,"enemies":"hubris:GrandSnecko","floor":50,"turns":4}],"seed_played":"5325547422415515385","potions_obtained":[{"floor":1.0,"key":"SteroidPotion"},{"floor":2.0,"key":"Swift Potion"},{"floor":5.0,"key":"BlessingOfTheForge"},{"floor":13.0,"key":"PowerPotion"},{"floor":16.0,"key":"FairyPotion"},{"floor":19.0,"key":"Dexterity Potion"},{"floor":39.0,"key":"BloodPotion"},{"floor":42.0,"key":"Strength Potion"},{"floor":46,"key":"Ancient Potion"}],"is_trial":false,"path_per_floor":["M","M","$","?","M","$","R","E","T","$","E","R","M","M","R","B",null,"M","M","?","M","M","E","?","$","T","R","$","?","M","M","R","B",null,"M","?","?","M","M","?","R","M","T","?","M","M","$","?","R","B",null],"character_chosen":"IRONCLAD","items_purchased":["Combust","Metallicize","Metallicize","Replay:Bottled Flurry"],"campfire_rested":3,"item_purchase_floors":[3,6,25,47],"current_hp_per_floor":[79,80,80,50,54,54,54,50,50,50,40,46,45,40,70,79,80,77,73,73,68,64,28,28,28,28,61,61,61,58,53,62,57,80,70,70,70,60,49,49,58,46,46,46,31,25,25,25,58,38],"gold":118,"neow_bonus":"TRANSFORM_CARD","is_daily":false,"chose_seed":false,"campfire_upgraded":4,"win_rate":0.0,"timestamp":1611957905,"path_taken":["M","?","$","?","M","?","R","E","T","$","E","R","M","M","R","BOSS","M","M","?","M","M","E","?","$","T","R","$","?","M","?","R","BOSS","M","?","?","M","?","?","R","M","T","?","M","M","?","?","R","BOSS"],"items_purchased_type":["Card","Card","Card","Relic"],"build_version":"2020-12-22","purchased_purges":2,"victory":true,"max_hp_per_floor":[80,80,80,80,80,80,80,80,80,80,80,80,80,80,80,80,80,80,80,80,80,80,80,80,80,80,80,80,80,80,80,80,80,80,80,80,80,80,80,80,80,80,80,80,80,80,80,80,80,80],"relic_stats":{"Centennial Puzzle":[54],"counters":[24,108],"Eternal Feather":48,"obtain_stats":[{"Centennial Puzzle":11,"hubris:VirtuousBlindfold":17,"Eternal Feather":8,"Replay:WaspNest":23,"hubris:ToyBattleship":9,"Replay:Bottled Flurry":47,"Replay:Bottled Snecko":26,"Electric Blood":34,"ReplayTheSpireMod:Lightbulb":44,"Burning Blood":0,"Replay:Rubber Ducky":4},{"Centennial Puzzle":6,"hubris:VirtuousBlindfold":9,"Eternal Feather":5,"Replay:WaspNest":14,"hubris:ToyBattleship":5,"Replay:Bottled Flurry":23,"Replay:Bottled Snecko":14,"Electric Blood":17,"ReplayTheSpireMod:Lightbulb":21,"Burning Blood":0,"Replay:Rubber Ducky":3},{"Centennial Puzzle":27,"hubris:VirtuousBlindfold":43,"Eternal Feather":23,"Replay:WaspNest":67,"hubris:ToyBattleship":23,"Replay:Bottled Flurry":104,"Replay:Bottled Snecko":67,"Electric Blood":82,"ReplayTheSpireMod:Lightbulb":94,"Burning Blood":0,"Replay:Rubber Ducky":14}],"Burning Blood":140},"card_choices":[{"not_picked":["Sentinel","ReplayTheSpireMod:Stacked","Thunderclap"],"picked":"SKIP","floor":1.0},{"not_picked":["Armaments","Thunderclap","Ghostly Armor"],"picked":"SKIP","floor":2.0},{"not_picked":["Havoc","Wild Strike"],"picked":"Rupture","floor":4.0},{"not_picked":["hubris:ReadiedAction","Iron Wave"],"picked":"Heavy Blade","floor":5.0},{"not_picked":["Clash","Iron Wave","Body Slam"],"picked":"SKIP","floor":8.0},{"not_picked":["Feel No Pain","hubris:StunningStrike","Thunderclap"],"picked":"SKIP","floor":11.0},{"not_picked":["ReplayReversal","hubris:CleavingFinish","ReplayTheSpireMod:LeadingStrike"],"picked":"SKIP","floor":13.0},{"not_picked":["Flex","Body Slam","Entrench"],"picked":"SKIP","floor":14.0},{"not_picked":["conspire:HitWhereItHurts","Bludgeon"],"picked":"Limit Break","floor":16.0},{"not_picked":["Havoc","True Grit","Defy Death"],"picked":"SKIP","floor":18.0},{"not_picked":["Intimidate+1","Clothesline","Pommel Strike"],"picked":"SKIP","floor":19.0},{"not_picked":["Iron Wave","Heavy Blade+1","Replay:Undeath\u0027s Touch+1"],"picked":"SKIP","floor":21.0},{"not_picked":["Massacre","Body Slam+1","Cleave"],"picked":"SKIP","floor":22.0},{"not_picked":["Body Slam+1","Cleave"],"picked":"Massacre","floor":22.0},{"not_picked":["Sword Boomerang","Sever Soul"],"picked":"Armaments+1","floor":23.0},{"not_picked":["Disarm+1","Blood for Blood"],"picked":"Rampage","floor":30.0},{"not_picked":["Shrug It Off+1","ReplayTheSpireMod:Strike From Hell","Cleave"],"picked":"SKIP","floor":31.0},{"not_picked":["Barricade","Corruption"],"picked":"Double Tap","floor":33.0},{"not_picked":["conspire:ExplosiveBarrier","Abandon+1","Heavy Blade+1"],"picked":"SKIP","floor":35.0},{"not_picked":["ReplayTheSpireMod:Limb From Limb+1","Clash+1","ReplayTheSpireMod:Corrosion Curse+1"],"picked":"SKIP","floor":38.0},{"not_picked":["Pummel","Warcry"],"picked":"Inflame","floor":39.0},{"not_picked":["Dropkick+1","True Grit+1","Flex"],"picked":"SKIP","floor":42.0},{"not_picked":["Warcry","Twin Strike"],"picked":"Armaments+1","floor":44.0},{"not_picked":["True Grit+1","Pommel Strike","Massacre+1"],"picked":"SKIP","floor":45},{"not_picked":["Power Through","Thunderclap+1","Pommel Strike"],"picked":"SKIP","floor":46}],"player_experience":230912,"relics_obtained":[{"floor":4.0,"key":"Replay:Rubber Ducky"},{"floor":8.0,"key":"Eternal Feather"},{"floor":9.0,"key":"hubris:ToyBattleship"},{"floor":11.0,"key":"Centennial Puzzle"},{"floor":23.0,"key":"Replay:WaspNest"},{"floor":26.0,"key":"Replay:Bottled Snecko"},{"floor":44.0,"key":"ReplayTheSpireMod:Lightbulb"}],"event_choices":[{"cards_removed":["Strike_R"],"damage_healed":0.0,"max_hp_gain":0.0,"max_hp_loss":0.0,"gold_gain":0.0,"event_name":"Beggar","player_choice":"Gave Gold","floor":20.0,"gold_loss":75.0,"damage_taken":0.0},{"damage_healed":0.0,"max_hp_gain":0.0,"max_hp_loss":0.0,"gold_gain":0.0,"event_name":"Ghosts","player_choice":"Ignored","floor":24.0,"gold_loss":0.0,"damage_taken":0.0},{"damage_healed":0.0,"max_hp_gain":0.0,"max_hp_loss":0.0,"gold_gain":100.0,"event_name":"Golden Shrine","player_choice":"Pray","floor":37.0,"gold_loss":0.0,"damage_taken":0.0},{"cards_removed":["Strike_R"],"damage_healed":0.0,"max_hp_gain":0.0,"max_hp_loss":0.0,"gold_gain":0.0,"event_name":"Falling","player_choice":"Removed Attack","floor":40.0,"gold_loss":0.0,"damage_taken":0.0}],"is_beta":false,"boss_relics":[{"not_picked":["hubris:BlackHole","conspire:SeveredTorchhead"],"picked":"hubris:VirtuousBlindfold"},{"not_picked":["aspiration:DefectSkillbook","conspire:SlowCooker"],"picked":"Electric Blood"}],"items_purged_floors":[10,25],"is_endless":false,"potions_floor_spawned":[1,2,5,13,16,19,22,23,31,39,42,46],"ascension_level":0}}