{"host":"zrwwt1jjq0fpdjej","time":1611896889,"event":{"mods":["AchievementEnabler","BaseMod","Colored Map","Minty Spire (QoL Compilation)","StSLib","SuperFastMode"],"gold_per_floor":[115,115,128,140,160,160,187,197,250,279,279,279,23,87,87,186,186,206,218,30,210,223,255,255,255,307,406,406,406,406],"floor_reached":29,"language":"KOR","playtime":1448,"items_purged":[],"score":491,"play_id":"8c121fb4-35ce-449b-9d0f-f69789bb86ba","local_time":"20210129140809","is_ascension_mode":true,"campfire_choices":[{"data":"Storm of Steel","floor":6.0,"key":"SMITH"},{"floor":11.0,"key":"REST"},{"floor":15.0,"key":"REST"},{"floor":24,"key":"REST"}],"circlet_count":0,"master_deck":["Strike_G","Strike_G","Strike_G","Strike_G","Strike_G","Defend_G","Defend_G","Defend_G","Defend_G","Defend_G","Survivor","Neutralize","Storm of Steel+1","Dagger Spray","Deadly Poison","Cloak And Dagger","Noxious Fumes","Bouncing Flask+1","Deadly Poison","Backflip","Adrenaline","Sucker Punch+1","Acrobatics","Footwork","PiercingWail","PiercingWail"],"relics":["Ring of the Snake","The Specimen","Snake Skull","StrikeDummy","Matryoshka","Nunchaku","Black Star","TwistedFunnel","Blood Vial","Blue Candle","Bag of Preparation","Enchiridion"],"acts_visited":["Exordium","TheCity"],"potions_floor_usage":[23,23,29],"damage_taken":[{"damage":7.0,"enemies":"2 Louse","floor":1.0,"turns":3.0},{"damage":2.0,"enemies":"Jaw Worm","floor":3.0,"turns":4.0},{"damage":1.0,"enemies":"Small Slimes","floor":4.0,"turns":3.0},{"damage":0.0,"enemies":"2 Fungi Beasts","floor":5.0,"turns":3.0},{"damage":26.0,"enemies":"Lagavulin","floor":7.0,"turns":8.0},{"damage":5.0,"enemies":"Looter","floor":8.0,"turns":2.0},{"damage":16.0,"enemies":"3 Sentries","floor":10.0,"turns":4.0},{"damage":24.0,"enemies":"3 Sentries","floor":14.0,"turns":5.0},{"damage":18.0,"enemies":"Slime Boss","floor":16.0,"turns":7.0},{"damage":4.0,"enemies":"Shell Parasite","floor":18.0,"turns":3.0},{"damage":6.0,"enemies":"Spheric Guardian","floor":19.0,"turns":3.0},{"damage":15.0,"enemies":"Snake Plant","floor":22.0,"turns":4.0},{"damage":14,"enemies":"Gremlin Leader","floor":23,"turns":5},{"damage":15,"enemies":"Slavers","floor":29,"turns":1}],"seed_played":"-8328851799718720779","potions_obtained":[{"floor":1.0,"key":"Weak Potion"},{"floor":7.0,"key":"DuplicationPotion"},{"floor":8.0,"key":"FearPotion"},{"floor":14.0,"key":"Weak Potion"},{"floor":16.0,"key":"Regen Potion"},{"floor":18.0,"key":"SneckoOil"},{"floor":19.0,"key":"EssenceOfSteel"},{"floor":23,"key":"Fire Potion"}],"is_trial":false,"path_per_floor":["M","?","M","M","M","R","E","M","T","E","R","?","$","?","R","B",null,"M","M","$","?","M","E","R","?","T","?","?","E"],"character_chosen":"THE_SILENT","items_purchased":["Matryoshka","TwistedFunnel","Footwork"],"campfire_rested":3,"item_purchase_floors":[13,20,20],"current_hp_per_floor":[56,61,59,58,58,58,32,27,27,11,33,33,33,9,31,13,60,68,62,62,43,28,14,36,22,22,22,6,0,0],"gold":406,"neow_bonus":"ONE_RANDOM_RARE_CARD","is_daily":false,"chose_seed":false,"campfire_upgraded":1,"win_rate":0.0,"timestamp":1611896889,"path_taken":["M","?","M","M","M","R","E","M","T","E","R","?","$","?","R","BOSS","M","M","$","?","?","E","R","?","T","?","?","E"],"items_purchased_type":["Relic","Relic","Card"],"build_version":"2020-12-22","purchased_purges":0,"victory":false,"max_hp_per_floor":[70,75,75,75,75,75,75,75,75,75,75,75,75,75,75,75,75,75,75,75,75,75,75,75,80,80,80,80,80,80],"card_choices":[{"not_picked":["Tactician","Bane"],"picked":"Dagger Spray","floor":1.0},{"not_picked":["Riddle With Holes","Dash"],"picked":"Deadly Poison","floor":3.0},{"not_picked":["Dash","Quick Slash"],"picked":"Cloak And Dagger","floor":4.0},{"not_picked":["Bouncing Flask","Slice"],"picked":"Noxious Fumes","floor":5.0},{"not_picked":["Underhanded Strike","Blade Dance"],"picked":"Bouncing Flask","floor":7.0},{"not_picked":["Finisher","Well Laid Plans","Flying Knee"],"picked":"SKIP","floor":8.0},{"not_picked":["Accuracy","Night Terror"],"picked":"Deadly Poison","floor":10.0},{"not_picked":["Terror","Blade Dance"],"picked":"Backflip","floor":14.0},{"not_picked":["Night Terror","Phantasmal Killer"],"picked":"Adrenaline","floor":16.0},{"not_picked":["Cloak And Dagger","Dagger Throw"],"picked":"Sucker Punch+1","floor":18.0},{"not_picked":["Prepared","Setup"],"picked":"Acrobatics","floor":19.0},{"not_picked":["Deflect","Sucker Punch"],"picked":"PiercingWail","floor":22.0},{"not_picked":["Sucker Punch+1","Quick Slash"],"picked":"PiercingWail","floor":23}],"player_experience":226154,"relics_obtained":[{"floor":7.0,"key":"The Specimen"},{"floor":9.0,"key":"Snake Skull"},{"floor":10.0,"key":"StrikeDummy"},{"floor":14.0,"key":"Nunchaku"},{"floor":23,"key":"Blood Vial"},{"floor":23,"key":"Blue Candle"},{"floor":26,"key":"Bag of Preparation"},{"floor":28,"key":"Enchiridion"}],"event_choices":[{"damage_healed":0.0,"max_hp_gain":5.0,"max_hp_loss":0.0,"gold_gain":0.0,"event_name":"Big Fish","player_choice":"Donut","floor":2.0,"gold_loss":0.0,"damage_taken":0.0},{"damage_healed":0.0,"max_hp_gain":0.0,"max_hp_loss":0.0,"gold_gain":0.0,"event_name":"Living Wall","player_choice":"Grow","floor":12.0,"gold_loss":0.0,"damage_taken":0.0,"cards_upgraded":["Bouncing Flask"]},{"damage_healed":0.0,"max_hp_gain":0.0,"max_hp_loss":0.0,"gold_gain":0.0,"event_name":"Dead Adventurer","player_choice":"Searched \u00271\u0027 times","floor":14.0,"gold_loss":0.0,"damage_taken":0.0},{"damage_healed":0.0,"max_hp_gain":0.0,"max_hp_loss":0.0,"gold_gain":180.0,"event_name":"Knowing Skull","player_choice":"GOLD GOLD ","floor":21.0,"potions_obtained":[],"gold_loss":0.0,"damage_taken":19.0,"cards_obtained":[]},{"damage_healed":0,"gold_gain":0,"player_choice":"Shed Blood","damage_taken":19,"max_hp_gain":5,"max_hp_loss":0,"event_name":"Forgotten Altar","floor":25,"gold_loss":0},{"damage_healed":0,"gold_gain":99,"player_choice":"Stole From Cult","damage_taken":0,"max_hp_gain":0,"max_hp_loss":0,"event_name":"Nest","floor":27,"gold_loss":0},{"damage_healed":0,"gold_gain":0,"player_choice":"Obtained Book","damage_taken":16,"max_hp_gain":0,"max_hp_loss":0,"event_name":"Cursed Tome","floor":28,"gold_loss":0}],"is_beta":false,"boss_relics":[{"not_picked":["Philosopher\u0027s Stone","SacredBark"],"picked":"Black Star"}],"items_purged_floors":[],"is_endless":false,"potions_floor_spawned":[1,7,8,14,16,18,19,23],"killed_by":"Slavers","ascension_level":8}}