{"host":"d30a110yzuqvj3hw","time":1611919790,"event":{"mods":["Alarm Clock","Aspiration","BaseMod","Downfall","Energized Spire","Gremlin Mod","Highlight Path","KomeijiMod","Minty Spire (QoL Compilation)","Quarter Circle Forward PUNCH!","Quick Restart","Replay The Spire","Slay the StarCraft II Mod","Spicy Shops","Spire Arcade","StSLib","The Disciple","[GremlinLeader]The Maniac"],"gold_per_floor":[110,130,130,156,3,36,36,67,67,97,115,115,125,141,141,241,241,261,261,295,309,309,309,309],"floor_reached":23,"language":"ZHS","playtime":1075,"items_purged":[],"score":234,"play_id":"f6f860e8-ff09-4be6-82de-68c2dd2ad45f","local_time":"20210129192950","is_ascension_mode":false,"campfire_choices":[{"data":"Gremlin:Pinprick","floor":7.0,"key":"SMITH"},{"data":"Gremlin:TagTeam","floor":12,"key":"SMITH"}],"circlet_count":0,"master_deck":["Gremlin:Strike","Gremlin:Defend","Gremlin:Defend","Gremlin:Defend","Gremlin:Defend","Gremlin:TagTeam+1","Gremlin:GremlinDance","Gremlin:Pinprick+1","Gremlin:Presto+1","Gremlin:Fury","Gremlin:FeelTheAudience","Gremlin:CongaLine","Gremlin:Pretaliation","Gremlin:Patsy","Gremlin:Irritability","Gremlin:Necromancy","Gremlin:DaggerDance+1","Gremlin:Stupend","Gremlin:Glimmer","RitualDagger"],"relics":["Gremlin:GremlinKnob","NeowsBlessing","Nunchaku","Membership Card","qcfpunch:Wild_Herbs_Ointment","Replay:Wax Seal","qcfpunch:Not_Strongest_Fighting_Style_Guidebook","Dream Catcher","Replay:Drink Me","Red Mask"],"acts_visited":["Exordium","TheCity"],"potions_floor_usage":[15,23],"damage_taken":[{"damage":0.0,"enemies":"Small Slimes","floor":1.0,"turns":1.0},{"damage":0.0,"enemies":"Jaw Worm","floor":2.0,"turns":1.0},{"damage":0.0,"enemies":"Gremlin Nob","floor":6.0,"turns":2.0},{"damage":54,"enemies":"Lagavulin","floor":8,"turns":6},{"damage":3,"enemies":"3 Sentries","floor":10,"turns":3},{"damage":2,"enemies":"2 Louse","floor":11,"turns":2},{"damage":13,"enemies":"Exordium Wildlife","floor":13,"turns":4},{"damage":7,"enemies":"Large Slime","floor":14,"turns":3},{"damage":50,"enemies":"Slime Boss","floor":16,"turns":8},{"damage":0,"enemies":"Chosen","floor":18,"turns":4},{"damage":10,"enemies":"Masked Bandits","floor":20,"turns":2},{"damage":0,"enemies":"Shell Parasite","floor":21,"turns":4},{"damage":0,"enemies":"Slavers","floor":23,"turns":2}],"seed_played":"-8571370232350698135","potions_obtained":[{"floor":8,"key":"champ:CounterPotion"},{"floor":10,"key":"LiquidBronze"},{"floor":14,"key":"Fruit Juice"},{"floor":21,"key":"Block Potion"}],"is_trial":false,"path_per_floor":["M","M","?","T","$","E","R","E","T","E","M","R","M","M","R","B",null,"M","?","?","M","?","E"],"character_chosen":"GREMLIN","items_purchased":["Membership Card"],"campfire_rested":0,"item_purchase_floors":[5],"current_hp_per_floor":[20,20,20,20,20,20,20,3,3,20,20,20,4,8,9,3,22,22,17,23,23,21,15,15],"gold":309,"neow_bonus":"THREE_ENEMY_KILL","is_daily":false,"chose_seed":false,"campfire_upgraded":2,"win_rate":0.0,"timestamp":1611919790,"path_taken":["M","M","?","?","?","E","R","E","T","E","M","R","M","M","R","BOSS","M","?","?","M","?","E"],"items_purchased_type":["Relic"],"build_version":"2020-12-22","purchased_purges":0,"victory":false,"max_hp_per_floor":[20,20,20,20,20,20,20,21,21,21,21,21,22,22,22,23,22,22,23,23,23,23,23,23],"card_choices":[{"not_picked":["Gremlin:ShankStone","Gremlin:ToeStub"],"picked":"Gremlin:Pinprick","floor":1.0},{"not_picked":["Gremlin:CatScratch","Gremlin:CounterStrike"],"picked":"Gremlin:MakeshiftArmor","floor":2.0},{"not_picked":["Gremlin:Patsy","Gremlin:Jeer"],"picked":"Gremlin:Fury","floor":6.0},{"not_picked":["Gremlin:Irritability","Gremlin:TwistTheKnife"],"picked":"Gremlin:FeelTheAudience","floor":8},{"not_picked":["Gremlin:GremlinMeal","Gremlin:PartyStick"],"picked":"Gremlin:CongaLine","floor":10},{"not_picked":["Gremlin:Tricksy","Gremlin:Patsy"],"picked":"Gremlin:Pretaliation","floor":11},{"not_picked":["Gremlin:ToeStub","Gremlin:Presto"],"picked":"Gremlin:Patsy","floor":13},{"not_picked":["Gremlin:PourSalt","Gremlin:ShowOfHands"],"picked":"Gremlin:Irritability","floor":14},{"not_picked":["Gremlin:FairyDust","Gremlin:Erupt"],"picked":"Gremlin:Necromancy","floor":16},{"not_picked":["Gremlin:Revel","Gremlin:ToeStub"],"picked":"Gremlin:DaggerDance+1","floor":18},{"not_picked":["Gremlin:DaggerDance+1","Gremlin:GremlinMeal"],"picked":"Gremlin:Stupend","floor":20},{"not_picked":["Gremlin:BulkUp","Gremlin:PourSalt"],"picked":"Gremlin:Glimmer","floor":21}],"player_experience":502082,"relics_obtained":[{"floor":4.0,"key":"Nunchaku"},{"floor":6.0,"key":"qcfpunch:Wild_Herbs_Ointment"},{"floor":8,"key":"Replay:Wax Seal"},{"floor":9,"key":"qcfpunch:Not_Strongest_Fighting_Style_Guidebook"},{"floor":10,"key":"Dream Catcher"},{"floor":20,"key":"Red Mask"}],"event_choices":[{"damage_healed":0,"gold_gain":0,"player_choice":"Shed Blood","damage_taken":6,"max_hp_gain":5,"max_hp_loss":0,"event_name":"Forgotten Altar","floor":19,"gold_loss":0},{"damage_healed":0,"gold_gain":0,"player_choice":"Fought Bandits","damage_taken":0,"max_hp_gain":0,"max_hp_loss":0,"event_name":"Masked Bandits","floor":20,"gold_loss":0},{"damage_healed":0,"gold_gain":0,"player_choice":"Joined the Cult","damage_taken":6,"max_hp_gain":0,"max_hp_loss":0,"event_name":"Nest","floor":22,"gold_loss":0,"cards_obtained":["RitualDagger"]}],"is_beta":false,"boss_relics":[{"not_picked":["Sozu","Ring of Chaos"],"picked":"Replay:Drink Me"}],"items_purged_floors":[],"is_endless":false,"potions_floor_spawned":[8,10,14,21],"killed_by":"Slavers","ascension_level":0}}