{"host":"51f0ad793vly1w6u","time":1611935747,"event":{"mods":["BaseMod","Colored Map","DeckTracker","Minty Spire (QoL Compilation)","Replay The Spire","StSLib","SuperFastMode"],"gold_per_floor":[110,128,128,140,140,169,169,181,181,181,181,181],"floor_reached":11,"language":"KOR","playtime":183,"items_purged":[],"score":146,"play_id":"f23fb086-d2e8-41aa-adf7-39eb10ca00c8","local_time":"20210130005547","is_ascension_mode":true,"campfire_choices":[{"floor":7,"key":"REST"},{"data":"Zap","floor":10,"key":"SMITH"}],"circlet_count":0,"master_deck":["AscendersBane","Strike_B","Strike_B","Strike_B","Strike_B","Defend_B","Defend_B","Defend_B","Defend_B","Zap+1","Dualcast","Gash","Cold Snap","Aggregate+1","Conserve Battery","Panic Button","White Noise"],"relics":["Cracked Core","Replay:WaspNest","Letter Opener"],"acts_visited":[],"potions_floor_usage":[],"damage_taken":[{"damage":3,"enemies":"2 Louse","floor":1,"turns":2},{"damage":1,"enemies":"Cultist","floor":2,"turns":4},{"damage":1,"enemies":"Small Slimes","floor":4,"turns":3},{"damage":49,"enemies":"3 Sentries","floor":6,"turns":10},{"damage":2,"enemies":"Exordium Wildlife","floor":8,"turns":4},{"damage":55,"enemies":"Gremlin Nob","floor":11,"turns":3}],"seed_played":"-5972054155712702790","potions_obtained":[{"floor":2,"key":"Energy Potion"}],"is_trial":false,"path_per_floor":["M","M","?","M","?","E","R","M","T","R","E"],"character_chosen":"DEFECT","items_purchased":[],"campfire_rested":1,"item_purchase_floors":[],"current_hp_per_floor":[61,60,65,64,64,15,37,35,35,35,0,0],"gold":181,"neow_bonus":"THREE_CARDS","is_daily":false,"chose_seed":false,"campfire_upgraded":1,"win_rate":0.0,"timestamp":1611935747,"path_taken":["M","M","?","M","?","E","R","M","T","R","E"],"items_purchased_type":[],"build_version":"2020-12-22","purchased_purges":0,"victory":false,"max_hp_per_floor":[71,71,76,76,76,76,76,76,76,76,76,76],"card_choices":[{"not_picked":["Leap","Stack"],"picked":"Gash","floor":0},{"not_picked":["Conserve Battery","Go for the Eyes"],"picked":"Cold Snap","floor":1},{"not_picked":["Tempest","Cold Snap"],"picked":"Aggregate","floor":2},{"not_picked":["Rebound","Cold Snap"],"picked":"Conserve Battery","floor":4},{"not_picked":["Steam Power","Crystallizer"],"picked":"Panic Button","floor":6},{"not_picked":["ReplayTheSpireMod:Reroute Power","Hologram"],"picked":"White Noise","floor":8}],"player_experience":1423600,"relics_obtained":[{"floor":6,"key":"Replay:WaspNest"},{"floor":9,"key":"Letter Opener"}],"event_choices":[{"damage_healed":0,"gold_gain":0,"player_choice":"Donut","damage_taken":0,"max_hp_gain":5,"max_hp_loss":0,"event_name":"Big Fish","floor":3,"gold_loss":0},{"damage_healed":0,"gold_gain":0,"player_choice":"Forge","damage_taken":0,"max_hp_gain":0,"max_hp_loss":0,"event_name":"Accursed Blacksmith","floor":5,"gold_loss":0,"cards_upgraded":["Aggregate"]}],"is_beta":false,"boss_relics":[],"items_purged_floors":[],"is_endless":false,"potions_floor_spawned":[2],"killed_by":"Gremlin Nob","ascension_level":20}}