{"host":"lzlnscgb2n0l5w2m","time":1611906152,"event":{"mods":["AchievementEnabler","BaseMod","Block Reminder","Colored Powertips","Googly Eyes","Highlight Path","Minty Spire (QoL Compilation)","Permanent Neow","Relic Stats","StSLib"],"gold_per_floor":[116,134,145,162,173,202,222,255,255,112,112,130,5,19,19,119,119,135,35,46,63,76,76,95,95,95,95,126,1,1,1,1,104,104,114,37,1036,1059,1075,1108,492,492,492,504,504,123,140,159,159,159,159],"floor_reached":50,"language":"ZHT","playtime":4653,"items_purged":["Defend_B","Defend_B","Defend_B","Normality","Normality"],"score":799,"play_id":"5015e257-6cd8-4b4c-a2a9-3435da77049c","local_time":"20210129154232","is_ascension_mode":true,"campfire_choices":[{"data":"Hyperbeam","floor":15.0,"key":"SMITH"},{"data":"Hyperbeam","floor":23.0,"key":"SMITH"},{"data":"Reinforced Body","floor":25.0,"key":"SMITH"},{"data":"Seek","floor":27.0,"key":"SMITH"},{"data":"Go for the Eyes","floor":30.0,"key":"SMITH"},{"data":"Undo","floor":32.0,"key":"SMITH"},{"floor":49.0,"key":"RECALL"}],"circlet_count":0,"master_deck":["Strike_B+1","Strike_B+1","Strike_B+1","Strike_B+1","Defend_B+1","Undo+1","Chill","Melter","Go for the Eyes+1","Self Repair","Reinforced Body+1","Gash","Hyperbeam+1","Seek+1","FTL","Hyperbeam+1","Stack","Core Surge","All For One","FTL","Gash","Auto Shields","Skim","Fission","Machine Learning+1","Chill+1","Electrodynamics+1","Self Repair","Sunder+1","Panacea","Gash+1","Gash"],"relics":["Velvet Choker","Art of War","Bronze Scales","Shuriken","Philosopher\u0027s Stone","Akabeko","Astrolabe","Ancient Tea Set","Question Card","Toolbox","Ice Cream","Pocketwatch","Oddly Smooth Stone"],"acts_visited":["Exordium","TheCity","TheBeyond"],"potions_floor_usage":[50],"damage_taken":[{"damage":1.0,"enemies":"Cultist","floor":1.0,"turns":3.0},{"damage":4.0,"enemies":"Jaw Worm","floor":2.0,"turns":5.0},{"damage":0.0,"enemies":"Small Slimes","floor":3.0,"turns":4.0},{"damage":0.0,"enemies":"3 Louse","floor":4.0,"turns":5.0},{"damage":1.0,"enemies":"Exordium Thugs","floor":5.0,"turns":5.0},{"damage":2.0,"enemies":"3 Sentries","floor":6.0,"turns":8.0},{"damage":9.0,"enemies":"Red Slaver","floor":7.0,"turns":5.0},{"damage":14.0,"enemies":"Lagavulin","floor":8.0,"turns":9.0},{"damage":11.0,"enemies":"Exordium Wildlife","floor":12.0,"turns":3.0},{"damage":0.0,"enemies":"3 Louse","floor":14.0,"turns":1.0},{"damage":7.0,"enemies":"Hexaghost","floor":16.0,"turns":7.0},{"damage":25.0,"enemies":"Shell Parasite","floor":18.0,"turns":3.0},{"damage":12.0,"enemies":"2 Thieves","floor":20.0,"turns":2.0},{"damage":0.0,"enemies":"Snecko","floor":21.0,"turns":3.0},{"damage":0.0,"enemies":"Sentry and Sphere","floor":22.0,"turns":1.0},{"damage":0.0,"enemies":"Chosen and Byrds","floor":24.0,"turns":3.0},{"damage":0.0,"enemies":"Slavers","floor":28.0,"turns":1.0},{"damage":35.0,"enemies":"Collector","floor":33.0,"turns":6.0},{"damage":0.0,"enemies":"3 Darklings","floor":35.0,"turns":2.0},{"damage":2.0,"enemies":"Orb Walker","floor":39.0,"turns":3.0},{"damage":41.0,"enemies":"Reptomancer","floor":40.0,"turns":5.0},{"damage":6.0,"enemies":"Spire Growth","floor":44.0,"turns":5.0},{"damage":12.0,"enemies":"Maw","floor":47.0,"turns":7.0},{"damage":0.0,"enemies":"3 Darklings","floor":48.0,"turns":1.0},{"damage":65,"enemies":"Time Eater","floor":50,"turns":9}],"seed_played":"3784914376322280665","potions_obtained":[{"floor":1.0,"key":"BlessingOfTheForge"},{"floor":3.0,"key":"Strength Potion"},{"floor":5.0,"key":"Block Potion"},{"floor":6.0,"key":"SpeedPotion"},{"floor":8.0,"key":"PowerPotion"},{"floor":14.0,"key":"DistilledChaos"},{"floor":20.0,"key":"LiquidMemories"},{"floor":22.0,"key":"Explosive Potion"},{"floor":24.0,"key":"Fire Potion"},{"floor":40.0,"key":"Energy Potion"},{"floor":44.0,"key":"BlessingOfTheForge"},{"floor":48.0,"key":"BlessingOfTheForge"}],"is_trial":false,"path_per_floor":["M","M","M","M","M","E","M","E","T","$","?","M","$","M","R","B",null,"M","$","M","M","M","R","M","R","T","R","E","$","R","?","R","B",null,"M","$","?","T","M","E","$","?","T","M","T","$","M","M","R","B"],"character_chosen":"DEFECT","items_purchased":["Hyperbeam","Hyperbeam","Stack","Self Repair","Toolbox","Ice Cream","Oddly Smooth Stone","Gash"],"campfire_rested":0,"item_purchase_floors":[10,13,13,36,41,41,46,46],"current_hp_per_floor":[74,70,70,70,69,74,72,65,65,65,65,54,54,54,54,54,75,57,57,52,59,66,66,73,73,73,73,75,75,75,75,75,47,75,75,75,75,75,75,48,48,48,48,56,56,56,61,61,61,0,0],"gold":159,"neow_bonus":"BOSS_RELIC","is_daily":false,"chose_seed":false,"campfire_upgraded":6,"win_rate":0.0,"timestamp":1611906152,"path_taken":["M","?","M","?","M","E","M","E","T","$","?","M","?","M","R","BOSS","M","?","M","M","M","R","M","R","T","R","E","$","R","?","R","BOSS","M","$","?","?","?","E","$","?","T","M","?","$","M","M","R","BOSS"],"items_purchased_type":["Card","Card","Card","Card","Relic","Relic","Relic","Card"],"build_version":"2020-12-22","purchased_purges":5,"victory":false,"max_hp_per_floor":[75,75,75,75,75,75,75,75,75,75,75,75,75,75,75,75,75,75,75,75,75,75,75,75,75,75,75,75,75,75,75,75,75,75,75,75,75,75,75,75,75,75,75,75,75,75,75,75,75,75,75],"relic_stats":{"counters":[25,106],"Shuriken":[40],"Bronze Scales":[181],"Astrolabe":["Machine Learning","Chill","Electrodynamics"],"Art of War":[6],"Question Card":4,"obtain_stats":[{"Ice Cream":41,"Astrolabe":34,"Velvet Choker":0,"Oddly Smooth Stone":46,"Ancient Tea Set":38,"Question Card":40,"Akabeko":28,"Shuriken":9,"Bronze Scales":8,"Toolbox":41,"Philosopher\u0027s Stone":17,"Art of War":6,"Cracked Core":0,"Pocketwatch":45},{"Ice Cream":21,"Astrolabe":18,"Velvet Choker":0,"Oddly Smooth Stone":22,"Ancient Tea Set":19,"Question Card":21,"Akabeko":17,"Shuriken":8,"Bronze Scales":8,"Toolbox":21,"Philosopher\u0027s Stone":11,"Art of War":6,"Cracked Core":0,"Pocketwatch":22},{"Ice Cream":84,"Astrolabe":74,"Velvet Choker":0,"Oddly Smooth Stone":89,"Ancient Tea Set":76,"Question Card":84,"Akabeko":68,"Shuriken":44,"Bronze Scales":44,"Toolbox":84,"Philosopher\u0027s Stone":55,"Art of War":30,"Cracked Core":0,"Pocketwatch":89}],"Pocketwatch":[5]},"card_choices":[{"not_picked":["Steam Power","Double Energy"],"picked":"Undo","floor":1.0},{"not_picked":["Barrage","Compile Driver"],"picked":"Chill","floor":2.0},{"not_picked":["Gash","Leap"],"picked":"Melter","floor":3.0},{"not_picked":["Streamline","Hologram"],"picked":"Go for the Eyes","floor":4.0},{"not_picked":["Scrape","White Noise"],"picked":"Self Repair","floor":5.0},{"not_picked":["Ball Lightning","Conserve Battery"],"picked":"Reinforced Body","floor":6.0},{"not_picked":["Go for the Eyes","Streamline"],"picked":"Lockon","floor":7.0},{"not_picked":["Melter","Barrage"],"picked":"Gash","floor":8.0},{"not_picked":["Coolheaded","Static Discharge"],"picked":"FTL","floor":12.0},{"not_picked":["Barrage","Reinforced Body"],"picked":"Core Surge","floor":14.0},{"not_picked":["Echo Form","Machine Learning"],"picked":"All For One","floor":16.0},{"not_picked":["Sweeping Beam","Aggregate","Chill"],"picked":"SKIP","floor":18.0},{"not_picked":["Rebound","Barrage","BootSequence"],"picked":"SKIP","floor":20.0},{"not_picked":["Conserve Battery","Coolheaded"],"picked":"FTL","floor":21.0},{"not_picked":["Fusion","Streamline"],"picked":"Gash","floor":22.0},{"not_picked":["Barrage","Beam Cell"],"picked":"Auto Shields","floor":24.0},{"not_picked":["Turbo","Static Discharge"],"picked":"Skim","floor":28.0},{"not_picked":["All For One","Amplify"],"picked":"Fission","floor":33.0},{"not_picked":["Stack","Cold Snap","Compile Driver+1"],"picked":"SKIP","floor":35.0},{"not_picked":["Sweeping Beam","Coolheaded","Barrage"],"picked":"SKIP","floor":39.0},{"not_picked":["Fusion","Fission"],"picked":"Sunder+1","floor":40.0},{"not_picked":["Deep Breath","PanicButton","The Bomb"],"picked":"Panacea","floor":42.0},{"not_picked":["Steam Power+1","Barrage","Sunder"],"picked":"Gash+1","floor":44.0},{"not_picked":["Go for the Eyes+1","Aggregate","Steam","Cold Snap+1"],"picked":"SKIP","floor":47.0},{"not_picked":["Capacitor","Coolheaded","Hologram+1","Leap"],"picked":"SKIP","floor":48.0}],"player_experience":271764,"relics_obtained":[{"floor":6.0,"key":"Art of War"},{"floor":8.0,"key":"Bronze Scales"},{"floor":9.0,"key":"Shuriken"},{"floor":28.0,"key":"Akabeko"},{"floor":38.0,"key":"Ancient Tea Set"},{"floor":40.0,"key":"Question Card"},{"floor":45.0,"key":"Pocketwatch"}],"event_choices":[{"damage_healed":0.0,"max_hp_gain":0.0,"max_hp_loss":0.0,"gold_gain":0.0,"event_name":"Match and Keep!","player_choice":"1 cards matched","floor":11.0,"gold_loss":0.0,"damage_taken":0.0,"cards_obtained":["Seek"]},{"damage_healed":0.0,"max_hp_gain":0.0,"max_hp_loss":0.0,"gold_gain":0.0,"event_name":"Match and Keep!","player_choice":"1 cards matched","floor":11.0,"gold_loss":0.0,"damage_taken":0.0,"cards_obtained":["Seek"]},{"damage_healed":0.0,"max_hp_gain":0.0,"max_hp_loss":0.0,"gold_gain":0.0,"event_name":"Back to Basics","player_choice":"Simplicity","floor":31.0,"gold_loss":0.0,"damage_taken":0.0,"cards_upgraded":["Strike_B","Strike_B","Strike_B","Strike_B","Defend_B"]},{"damage_healed":0.0,"max_hp_gain":0.0,"max_hp_loss":0.0,"gold_gain":999.0,"event_name":"MindBloom","player_choice":"Gold","floor":37.0,"gold_loss":0.0,"damage_taken":0.0,"cards_obtained":["Normality","Normality"]},{"damage_healed":0.0,"max_hp_gain":0.0,"max_hp_loss":0.0,"gold_gain":0.0,"event_name":"SensoryStone","player_choice":"Memory 1","floor":42.0,"gold_loss":0.0,"damage_taken":0.0}],"is_beta":false,"boss_relics":[{"not_picked":["Runic Dome","Runic Pyramid"],"picked":"Philosopher\u0027s Stone"},{"not_picked":["Tiny House","Fusion Hammer"],"picked":"Astrolabe"}],"items_purged_floors":[10,19,29,41,46],"is_endless":false,"potions_floor_spawned":[1,3,5,6,8,14,20,22,24,28,40,44,48],"killed_by":"Time Eater","ascension_level":2}}