{"host":"hl3ams4am2ku5u4p","time":1611922623,"event":{"mods":["AchievementEnabler","Aspiration","BaseMod","Beaked The Cultist","BetterRewards","CatGirl Mod","Colored Map","Colored Powertips","Conspire","Downfall","Energized Spire","Halation","HornydragonMod","Hubris","Infinite Spire","Mad Scientist","Magitek Elite","Minty Spire (QoL Compilation)","READ ME - Guardian Mod","Replay The Spire","Spikes Relics","StSLib","SuperFastMode","The Blackbeard","The Bug Knight","The Construct","The Disciple","The Jungle","The Mystic","The Necromancer","The Senshi"],"gold_per_floor":[117,132,64,94,110,129,129,129,154,185,204,220,220,298,298,402,402,414,414,431,451,451,451,451,451,500,512,512,523,473,489,489,489,489],"floor_reached":33,"language":"FRA","playtime":1610,"items_purged":["Strike_P"],"score":249,"play_id":"ee049bc1-20f0-4ef1-b095-c200fc107ac7","local_time":"20210129131703","is_ascension_mode":false,"campfire_choices":[{"data":"Eruption","floor":7,"key":"SMITH"},{"floor":13,"key":"REST"},{"data":"Indignation","floor":15,"key":"SMITH"},{"data":"ConjureBlade","floor":23,"key":"SMITH"},{"data":"Vigilance","floor":25,"key":"SMITH"},{"data":"Adaptation","floor":28,"key":"SMITH"},{"floor":32,"key":"REST"}],"circlet_count":0,"master_deck":["Strike_P","Strike_P","Strike_P","Defend_P","Defend_P","Defend_P","Defend_P","Eruption+1","Vigilance+1","Replay:DivineShield+1","FollowUp+1","SandsOfTime+1","Bandage Up+1","Tantrum+1","Wallop+1","EmptyFist+1","Indignation+1","DeusExMachina","Consecrate+1","ConjureBlade+1","Worship","TalkToTheHand+1","ReachHeaven+1","Adaptation+1","ClearTheMind","Worship"],"relics":["PureWater","Molten Egg 2","Vajra","aspiration:Lifesprig","Angel_Ring","aspiration:FetidBarrel","halation:PinkSoulGem","halation:AfternoonTea"],"acts_visited":["Exordium","Exordium"],"potions_floor_usage":[4,16,33,33],"damage_taken":[{"damage":1,"enemies":"Jaw Worm","floor":1,"turns":2},{"damage":0,"enemies":"2 Louse","floor":2,"turns":2},{"damage":9,"enemies":"conspire:MimicChest","floor":4,"turns":3},{"damage":0,"enemies":"Cultist","floor":5,"turns":2},{"damage":5,"enemies":"3 Louse","floor":6,"turns":2},{"damage":9,"enemies":"Gremlin Nob","floor":10,"turns":3},{"damage":3,"enemies":"Exordium Wildlife","floor":11,"turns":3},{"damage":7,"enemies":"Blue Slaver","floor":12,"turns":2},{"damage":42,"enemies":"Hexaghost","floor":16,"turns":6},{"damage":0,"enemies":"theJungle:GiantWrat","floor":18,"turns":2},{"damage":4,"enemies":"theJungle:5_Spyders","floor":20,"turns":5},{"damage":6,"enemies":"theJungle:JungleHuntersEncounter","floor":21,"turns":5},{"damage":3,"enemies":"theJungle:Snecko_Cultist_And_Trap","floor":27,"turns":4},{"damage":22,"enemies":"theJungle:Lyon","floor":29,"turns":5},{"damage":13,"enemies":"theJungle:JungleHuntersEncounter","floor":31,"turns":4},{"damage":84,"enemies":"theJungle:TotemBoss","floor":33,"turns":6}],"seed_played":"-8611936733497790730","potions_obtained":[{"floor":1,"key":"hexamod:SoulburnPotion"},{"floor":4,"key":"sneckomod:MuddlingPotion"},{"floor":16,"key":"Strength Potion"},{"floor":20,"key":"Elixir"},{"floor":31,"key":"infinitespire:BlackPotion"}],"is_trial":false,"path_per_floor":["M","M","$","?","M","M","R","?","T","E","M","M","R","T","R","B",null,"M","?","M","M","?","R","?","R","T","M","R","M","?","M","R","B"],"character_chosen":"WATCHER","items_purchased":["Replay:DivineShield","Molten Egg 2","FollowUp+1","SandsOfTime+1","Bandage Up","Wallop+1"],"campfire_rested":2,"item_purchase_floors":[0,0,0,0,0,3],"current_hp_per_floor":[61,61,61,56,60,59,59,59,59,50,53,46,67,67,67,31,72,72,72,72,72,72,72,72,72,72,69,69,47,47,34,55,0,0],"gold":489,"neow_bonus":"","is_daily":false,"chose_seed":false,"campfire_upgraded":5,"win_rate":0.0,"timestamp":1611922623,"path_taken":["M","M","$","?","M","?","R","?","T","E","M","M","R","?","R","BOSS","M","?","M","M","?","R","?","R","T","M","R","?","?","M","R","BOSS"],"items_purchased_type":["Card","Relic","Card","Card","Card","Card"],"build_version":"2020-12-22","purchased_purges":1,"victory":false,"max_hp_per_floor":[72,72,72,72,72,72,72,72,72,72,72,72,72,72,72,72,72,72,72,72,72,72,72,72,72,72,72,72,72,72,72,72,72,72],"card_choices":[{"not_picked":["Protect","SashWhip+1"],"picked":"Tantrum+1","floor":1},{"not_picked":["SandsOfTime+1","FlurryOfBlows+1","SignatureMove+1"],"picked":"SKIP","floor":2},{"not_picked":["Replay:ManipulateFuture","EmptyBody"],"picked":"EmptyFist+1","floor":4},{"not_picked":["BowlingBash+1","FlyingSleeves+1"],"picked":"Indignation","floor":5},{"not_picked":["Replay:LoomingThreat","JustLucky+1","FlurryOfBlows+1"],"picked":"SKIP","floor":6},{"not_picked":["CrushJoints+1","WheelKick+1"],"picked":"DeusExMachina","floor":10},{"not_picked":["Protect","Crescendo"],"picked":"Consecrate+1","floor":11},{"not_picked":["EmptyFist+1","Consecrate+1","Replay:AtTheReady"],"picked":"SKIP","floor":12},{"not_picked":["Replay:AllIn","DevaForm"],"picked":"ConjureBlade","floor":16},{"not_picked":["CutThroughFate+1","Evaluate","CrushJoints+1"],"picked":"SKIP","floor":18},{"not_picked":["EmptyFist+1","SashWhip+1"],"picked":"TalkToTheHand+1","floor":20},{"not_picked":["ClearTheMind","Collect"],"picked":"ReachHeaven+1","floor":21},{"not_picked":["BowlingBash+1","Weave+1"],"picked":"Adaptation","floor":27},{"not_picked":["LessonLearned+1","FlurryOfBlows+1"],"picked":"ClearTheMind","floor":29},{"not_picked":["Collect+1","BowlingBash+1"],"picked":"Worship","floor":31}],"player_experience":31959,"relics_obtained":[{"floor":4,"key":"Vajra"},{"floor":9,"key":"aspiration:Lifesprig"},{"floor":10,"key":"Angel_Ring"},{"floor":14,"key":"aspiration:FetidBarrel"},{"floor":26,"key":"halation:AfternoonTea"}],"event_choices":[{"damage_healed":0,"gold_gain":0,"player_choice":"Grow","damage_taken":0,"max_hp_gain":0,"max_hp_loss":0,"event_name":"Living Wall","floor":8,"gold_loss":0,"cards_upgraded":["Bandage Up"]},{"damage_healed":0,"gold_gain":0,"player_choice":"Upgraded","damage_taken":0,"max_hp_gain":0,"max_hp_loss":0,"event_name":"Upgrade Shrine","floor":24,"gold_loss":0,"cards_upgraded":["Replay:DivineShield"]}],"is_beta":false,"boss_relics":[{"not_picked":["energizedSpire:StickyHand","energizedSpire:EnergizedDie","bronze:MakeshiftBattery"]}],"items_purged_floors":[0],"is_endless":false,"potions_floor_spawned":[1,4,16,20,31],"killed_by":"theJungle:TotemBoss","ascension_level":0}}