{"host":"1p8eqzpvl5sxeu5t","time":1611900050,"event":{"mods":["BaseMod","Bestiary","Block Reminder","Colored Map","Colored Powertips","Curses Come First","Downfall","Highlight Path","Minty Spire (QoL Compilation)","Relic Stats","StSLib","The IronCluck","Waifu the Spire","everything is the same but u backflip on backflip","slay the spire mod where everything is the same but ironclad has a cowboy hat"],"gold_per_floor":[349,362,377,377,78,78,78,98,116,145,145,172,72,101,112,112,112,112],"floor_reached":16,"language":"ENG","playtime":675,"items_purged":["Pain"],"score":126,"play_id":"226de43c-3389-4f65-b0d9-59ebfc3da006","local_time":"20210129140050","is_ascension_mode":true,"campfire_choices":[{"floor":1,"key":"RECALL"},{"data":"Chrysalis","floor":13,"key":"SMITH"}],"circlet_count":0,"master_deck":["sneckomod:Strike","sneckomod:Strike","sneckomod:Strike","sneckomod:Defend","sneckomod:Defend","sneckomod:Defend","sneckomod:TailWhip","sneckomod:SnekBite","sneckomod:Unknown","sneckomod:Unknown","sneckomod:UnendingSupply","sneckomod:DiceCrush","sneckomod:RainOfDice","sneckomod:UnknownBlock","Chrysalis+1","sneckomod:UnknownUncommonPower","sneckomod:SoulDraw+1","Parasite","sneckomod:UnknownBoss+1","sneckomod:UnknownCommonSkill+1","sneckomod:MasterEye"],"relics":["sneckomod:SneckoSoul","WarpedTongs","Toxic Egg 2","Eternal Feather","Vajra","Kunai","downfall:HeartBlessingGreen","Art of War"],"acts_visited":["Exordium"],"potions_floor_usage":[12,14,16],"damage_taken":[{"damage":0,"enemies":"Small Slimes","floor":2,"turns":2},{"damage":6,"enemies":"Cultist","floor":3,"turns":3},{"damage":2,"enemies":"downfall:FleeingMerchant","floor":5,"turns":4},{"damage":6,"enemies":"2 Louse","floor":8,"turns":2},{"damage":12,"enemies":"Blue Slaver","floor":9,"turns":5},{"damage":33,"enemies":"3 Sentries","floor":10,"turns":7},{"damage":16,"enemies":"Gremlin Nob","floor":12,"turns":3},{"damage":12,"enemies":"3 Sentries","floor":14,"turns":5},{"damage":7,"enemies":"3 Louse","floor":15,"turns":5},{"damage":20,"enemies":"IC_STATUS_ARCHETYPE","floor":16,"turns":2}],"seed_played":"3251971704957138541","potions_obtained":[{"floor":3,"key":"SteroidPotion"},{"floor":10,"key":"SteroidPotion"},{"floor":12,"key":"DistilledChaos"}],"is_trial":false,"path_per_floor":["R","M","M","?","$","?","T","M","M","E","?","E","R","E","M","B"],"character_chosen":"THE_SNECKO","items_purchased":["sneckomod:UnknownBlock","Chrysalis"],"campfire_rested":0,"item_purchase_floors":[5,5],"current_hp_per_floor":[81,81,75,75,73,66,66,63,51,18,39,23,32,20,13,0,0,0],"gold":112,"neow_bonus":"TWO_FIFTY_GOLD","is_daily":false,"chose_seed":false,"campfire_upgraded":1,"win_rate":0.0,"timestamp":1611900050,"path_taken":["R","M","M","?","?","?","T","M","M","E","?","E","R","E","M","BOSS"],"items_purchased_type":["Card","Card"],"build_version":"2020-12-22","purchased_purges":1,"victory":false,"max_hp_per_floor":[81,81,81,81,81,81,81,84,84,84,84,84,84,84,84,84,84,84],"relic_stats":{"counters":[10,37],"Eternal Feather":9,"Art of War":[1],"Kunai":[1],"obtain_stats":[{"Vajra":10,"Eternal Feather":7,"downfall:HeartBlessingGreen":13,"Art of War":14,"Kunai":12,"Toxic Egg 2":6,"sneckomod:SneckoSoul":0,"WarpedTongs":4},{"Vajra":6,"Eternal Feather":3,"downfall:HeartBlessingGreen":7,"Art of War":8,"Kunai":7,"Toxic Egg 2":3,"sneckomod:SneckoSoul":0,"WarpedTongs":2},{"Vajra":22,"Eternal Feather":8,"downfall:HeartBlessingGreen":25,"Art of War":30,"Kunai":25,"Toxic Egg 2":8,"sneckomod:SneckoSoul":0,"WarpedTongs":4}],"WarpedTongs":[33]},"card_choices":[{"not_picked":["sneckomod:UnknownDraw","sneckomod:SerpentIdol"],"picked":"sneckomod:UnendingSupply","floor":2},{"not_picked":["sneckomod:SoulCleanse","sneckomod:IronFang"],"picked":"sneckomod:DiceCrush","floor":3},{"not_picked":["sneckomod:UnendingSupply","sneckomod:SnekBeam"],"picked":"sneckomod:RainOfDice","floor":5},{"not_picked":["sneckomod:CheapStock","sneckomod:DiceCrush","sneckomod:RainOfDice"],"picked":"SKIP","floor":8},{"not_picked":["sneckomod:SoulRoll+1","sneckomod:ImprovisedAttack"],"picked":"sneckomod:UnknownUncommonPower","floor":9},{"not_picked":["sneckomod:ImprovisedGuard+1","sneckomod:DiceCrush"],"picked":"sneckomod:SoulDraw+1","floor":10},{"not_picked":["sneckomod:Unknown0Cost+1","sneckomod:UnknownCommonAttack"],"picked":"sneckomod:UnknownBoss+1","floor":12},{"not_picked":["sneckomod:ImprovisedGuard+1","sneckomod:PureSnecko+1"],"picked":"sneckomod:UnknownCommonSkill+1","floor":14},{"not_picked":["sneckomod:QuickBite","sneckomod:UnknownCommonSkill+1"],"picked":"sneckomod:MasterEye","floor":15}],"player_experience":869003,"relics_obtained":[{"floor":7,"key":"Eternal Feather"},{"floor":10,"key":"Vajra"},{"floor":12,"key":"Kunai"},{"floor":14,"key":"Art of War"}],"event_choices":[{"damage_healed":0,"gold_gain":0,"player_choice":"Rummage","damage_taken":0,"relics_obtained":["WarpedTongs"],"max_hp_gain":0,"max_hp_loss":0,"event_name":"Accursed Blacksmith","floor":4,"gold_loss":0,"cards_obtained":["Pain"]},{"damage_healed":0,"gold_gain":0,"player_choice":"Success","damage_taken":7,"relics_obtained":["Toxic Egg 2"],"max_hp_gain":0,"max_hp_loss":0,"event_name":"Scrap Ooze","floor":6,"gold_loss":0},{"damage_healed":21,"gold_gain":0,"player_choice":"Healed and dodged fight","damage_taken":0,"max_hp_gain":0,"max_hp_loss":0,"event_name":"Mushrooms","floor":11,"gold_loss":0,"cards_obtained":["Parasite"]}],"is_beta":false,"boss_relics":[],"items_purged_floors":[5],"is_endless":false,"potions_floor_spawned":[3,10,12],"killed_by":"IC_STATUS_ARCHETYPE","ascension_level":1}}