{"host":"3fsg94jzvcky9b5u","time":1611917568,"event":{"mods":["2.2 Compatiblity","AchievementEnabler","BaseMod","Better Third Choice","Colored Powertips","Downfall","Hermit","MarisaÅiñ∂âJÅ@ñÇóùçπÅj","Minty Spire (QoL Compilation)","Rare Cards Sparkle","Shop Mod","StSLib","The Cursed","The Disciple","The Hierophant","The Servant 0.9.4"],"gold_per_floor":[99,99,99,99,119,119,10000,8668,8686,8700,8700,7420,7220,7231,7251,7353,7353,7353,7367,6273,6273,6283,6283,6331,6349,6375,6392,6417,6436,6336,6351,6363,6467,6467,6467,6478,6494,6494,6509,6537,6537,6555,6555,6565,6565,6565,6584,6164,6181,6181,6181,6209,4996,4996,4996,4996,4996,4996],"floor_reached":56,"language":"ENG","playtime":3929,"items_purged":["bronze:Defend","bronze:Strike","bronze:Defend","bronze:Strike","bronze:WhirlingStrike"],"score":863,"play_id":"d74f7f9f-a12c-4908-9069-5d2d4a933799","local_time":"20210129185248","is_ascension_mode":false,"campfire_choices":[{"floor":1,"key":"RECALL"},{"floor":13,"key":"REST"},{"data":"1","floor":18,"key":"LIFT"},{"floor":30,"key":"REST"},{"data":"2","floor":35,"key":"LIFT"},{"floor":43,"key":"REST"},{"floor":46,"key":"REST"},{"data":"3","floor":54,"key":"LIFT"}],"circlet_count":0,"master_deck":["bronze:Strike+1","bronze:Defend","bronze:Replicate","bronze:Goto","bronze:FineTuning","bronze:WhirlingStrike","bronze:BuggyMess","bronze:CloningBeam","bronze:ChosenStrike","bronze:Flail","bronze:InfiniteBeams","expansioncontent:AwakenDeath","Secret Technique+1","bronze:Allocate+1","bronze:Terminator","bronze:DelayedSlice","bronze:Refactor","bronze:Backtrace","bronze:Repulsor","Madness","Secret Technique","bronze:Iterate","bronze:OilSpill","bronze:InfiniteLoop","bronze:Turbo","bronze:ChosenStrike+1","Sadistic Nature","bronze:CutThrough","bronze:BugBarrage","bronze:FineTuning","Necronomicurse","bronze:Separator","bronze:BronzeOrb+1","bronze:Branch+1","bronze:Turbo+1","bronze:Iterate","bronze:Optimize+1","bronze:Mutator+1","bronze:Turbo","bronze:DelayedSlice+1","bronze:Branch","Swift Strike","bronze:Repair","bronze:DelayedGuard","bronze:Allocate","bronze:GetLatest+1","bronze:Constructor+1","bronze:GetLatest+1","bronze:Shield","bronze:CutThrough+1","bronze:HardenedForm+1","bronze:ChosenStrike","expansioncontent:StudyTheSpire+1","bronze:Return","bronze:Constructor"],"relics":["bronze:BronzeCore","downfall:HeartsMalice","MerchantsRug","Eternal Feather","Sling","Ornamental Fan","Girya","ClockworkSouvenir","downfall:HeartBlessingRed","downfall:HeartBlessingBlue","Black Star","Darkstone Periapt","Question Card","Lee\u0027s Waffle","downfall:RedIOU","Necronomicon","Pen Nib","Pantograph","Frozen Egg 2","Torii","Ancient Tea Set","downfall:HeartBlessingGreen","SlaversCollar","Bottled Lightning","Bottled Flame","InkBottle","Orrery","War Paint","Ice Cream","Bird Faced Urn","Mango","DollysMirror"],"acts_visited":["Exordium","TheCity","TheBeyond","TheEnding"],"potions_floor_usage":[20,56,56,56],"damage_taken":[{"damage":0,"enemies":"Jaw Worm","floor":2,"turns":1},{"damage":0,"enemies":"2 Louse","floor":3,"turns":1},{"damage":0,"enemies":"Cultist","floor":4,"turns":1},{"damage":6,"enemies":"Exordium Wildlife","floor":5,"turns":2},{"damage":10,"enemies":"downfall:FleeingMerchant","floor":8,"turns":4},{"damage":27,"enemies":"Exordium Thugs","floor":9,"turns":3},{"damage":0,"enemies":"Gremlin Gang","floor":10,"turns":1},{"damage":12,"enemies":"downfall:FleeingMerchant","floor":12,"turns":4},{"damage":16,"enemies":"Large Slime","floor":14,"turns":4},{"damage":2,"enemies":"Exordium Wildlife","floor":15,"turns":2},{"damage":62,"enemies":"SI_SHIV_ARCHETYPE","floor":16,"turns":6},{"damage":0,"enemies":"Chosen","floor":19,"turns":3},{"damage":16,"enemies":"downfall:FleeingMerchant","floor":20,"turns":4},{"damage":14,"enemies":"3 Byrds","floor":22,"turns":4},{"damage":1,"enemies":"Cultist and Chosen","floor":25,"turns":3},{"damage":15,"enemies":"Slavers","floor":26,"turns":3},{"damage":0,"enemies":"Shelled Parasite and Fungi","floor":27,"turns":2},{"damage":13,"enemies":"Book of Stabbing","floor":28,"turns":3},{"damage":7,"enemies":"Centurion and Healer","floor":29,"turns":2},{"damage":0,"enemies":"Snake Plant","floor":31,"turns":3},{"damage":0,"enemies":"Snecko","floor":32,"turns":2},{"damage":93,"enemies":"DF_ARCHETYPE_CLAW","floor":33,"turns":7},{"damage":26,"enemies":"3 Darklings","floor":36,"turns":7},{"damage":1,"enemies":"Orb Walker","floor":37,"turns":2},{"damage":0,"enemies":"Sphere and 2 Shapes","floor":39,"turns":1},{"damage":9,"enemies":"Giant Head","floor":40,"turns":5},{"damage":49,"enemies":"Transient","floor":42,"turns":5},{"damage":21,"enemies":"Maw","floor":44,"turns":4},{"damage":5,"enemies":"Sphere and 2 Shapes","floor":47,"turns":2},{"damage":0,"enemies":"downfall:FleeingMerchant","floor":48,"turns":1},{"damage":0,"enemies":"Spire Growth","floor":49,"turns":2},{"damage":69,"enemies":"WA_ARCHETYPE_DIVINITY","floor":50,"turns":5},{"damage":50,"enemies":"downfall:CharBossMerchant","floor":52,"turns":6},{"damage":68,"enemies":"downfall:NeowBoss","floor":55,"turns":12},{"damage":115,"enemies":"downfall:NeowBossFinal","floor":56,"turns":5}],"seed_played":"-8762417691133735706","potions_obtained":[{"floor":9,"key":"Explosive Potion"},{"floor":10,"key":"FearPotion"},{"floor":16,"key":"hexamod:SoulburnPotion"},{"floor":31,"key":"Guardian:BlockOnCardUsePotion"},{"floor":36,"key":"CultistPotion"}],"is_trial":false,"path_per_floor":["R","M","M","M","M","?","T","$","M","M","?","$","R","M","M","B",null,"R","M","$","?","M","?","T","M","E","M","E","M","R","M","M","B",null,"R","M","M","?","M","E","T","M","R","M","?","R","M","?","M","B",null,"E","$","R","B","B"],"character_chosen":"THE_AUTOMATON","items_purchased":["Strawberry","MerchantsRug","Eternal Feather","Sling","SkillPotion","bronze:ChosenStrike","bronze:Flail","bronze:InfiniteBeams","expansioncontent:AwakenDeath","Secret Technique","bronze:Allocate","Ornamental Fan","Girya","ClockworkSouvenir","bronze:Backtrace","bronze:Repulsor","Madness","Secret Technique","FairyPotion","Darkstone Periapt","Question Card","Lee\u0027s Waffle","Sadistic Nature","bronze:CutThrough","bronze:BugBarrage","Strength Potion","InkBottle","Swift Strike","bronze:Repair","bronze:DelayedGuard","Orrery","Bird Faced Urn","Mango","DollysMirror","expansioncontent:StudyTheSpire","bronze:Return","bronze:Constructor"],"campfire_rested":4,"item_purchase_floors":[8,8,8,8,8,8,8,8,8,8,8,12,12,12,12,12,12,12,12,20,20,20,20,20,20,20,48,48,48,48,48,53,53,53,53,53,53],"current_hp_per_floor":[70,70,70,70,64,64,64,61,34,34,34,22,73,57,55,19,87,87,87,94,94,80,70,70,69,54,54,41,34,85,85,85,14,100,100,74,73,65,65,56,56,14,68,47,47,100,95,95,95,31,100,57,71,104,55,0,0,0],"gold":4996,"neow_bonus":"THREE_ENEMY_KILL","is_daily":false,"chose_seed":false,"campfire_upgraded":0,"win_rate":0.0,"timestamp":1611917568,"path_taken":["R","M","M","M","M","?","T","$","M","M","?","?","R","M","M","BOSS","R","M","$","?","M","?","T","?","E","M","E","M","R","M","M","BOSS","R","M","?","?","M","E","T","?","R","?","?","R","M","?","M","BOSS","E","$","R","BOSS","BOSS"],"items_purchased_type":["Relic","Relic","Relic","Relic","Potion","Card","Card","Card","Card","Card","Card","Relic","Relic","Relic","Card","Card","Card","Card","Potion","Relic","Relic","Relic","Card","Card","Card","Potion","Relic","Card","Card","Card","Relic","Relic","Relic","Relic","Card","Card","Card"],"build_version":"2020-12-22","purchased_purges":5,"victory":false,"max_hp_per_floor":[70,70,70,70,70,70,70,77,77,77,77,77,87,87,87,87,87,87,87,94,94,94,100,100,100,100,100,100,100,100,100,100,100,100,100,100,100,100,100,100,100,100,100,100,100,100,100,100,100,100,100,100,114,114,114,114,114,114],"card_choices":[{"not_picked":["bronze:Shield","bronze:ChildClass"],"picked":"bronze:FineTuning","floor":2},{"not_picked":["bronze:DelayedGuard","bronze:Overheat"],"picked":"bronze:WhirlingStrike","floor":3},{"not_picked":["bronze:ForLoop","bronze:ClassDefault"],"picked":"bronze:WhirlingStrike","floor":4},{"not_picked":["bronze:DelayedGuard","bronze:Shield"],"picked":"bronze:BuggyMess","floor":5},{"not_picked":["bronze:Turbo","bronze:Invalidate"],"picked":"bronze:CloningBeam","floor":8},{"not_picked":["bronze:BitShift","bronze:GetLatest"],"picked":"bronze:Terminator","floor":9},{"not_picked":["bronze:Frontload","bronze:BugBarrage"],"picked":"bronze:DelayedSlice","floor":10},{"not_picked":["bronze:CleanCode","bronze:Optimize"],"picked":"bronze:Refactor","floor":12},{"not_picked":["bronze:OilSpill","bronze:WhirlingStrike"],"picked":"bronze:Iterate","floor":14},{"not_picked":["bronze:FineTuning","bronze:Constructor"],"picked":"bronze:OilSpill","floor":15},{"not_picked":["bronze:AlphaBuild","bronze:Break"],"picked":"bronze:InfiniteLoop","floor":16},{"not_picked":["bronze:Branch","bronze:Boost"],"picked":"bronze:Turbo","floor":19},{"not_picked":["bronze:Flail","bronze:OilSpill"],"picked":"bronze:ChosenStrike+1","floor":20},{"not_picked":["bronze:BuggyMess","bronze:HardenedForm","bronze:DelayedGuard"],"picked":"bronze:FineTuning","floor":22},{"not_picked":["bronze:Terminator","bronze:Backtrace","bronze:WildBeam"],"picked":"bronze:Separator","floor":25},{"not_picked":["bronze:WildBeam","bronze:Allocate","bronze:FollowUp+1"],"picked":"bronze:BronzeOrb+1","floor":26},{"not_picked":["bronze:Frontload","bronze:Separator","bronze:ForLoop+1"],"picked":"bronze:Branch+1","floor":27},{"not_picked":["bronze:Break","bronze:Fortify","bronze:Refactor"],"picked":"bronze:Turbo+1","floor":28},{"not_picked":["bronze:FineTuning","bronze:Invalidate","bronze:Deprecate"],"picked":"bronze:Iterate","floor":29},{"not_picked":["bronze:FineTuning+1","bronze:Deprecate","bronze:WhirlingStrike"],"picked":"bronze:Repair","floor":31},{"not_picked":["bronze:BuggyMess","bronze:BitShift","bronze:OilSpill"],"picked":"bronze:Optimize+1","floor":32},{"not_picked":["bronze:RecursiveStrike","bronze:SpaghettiCode","bronze:Break"],"picked":"bronze:Mutator+1","floor":33},{"not_picked":["bronze:BugBarrage","bronze:BronzeOrb","bronze:Fortify+1","bronze:ChildClass+1"],"picked":"SKIP","floor":36},{"not_picked":["bronze:Return","bronze:CloningBeam+1","bronze:BuggyMess","bronze:ForceShield+1"],"picked":"SKIP","floor":37},{"not_picked":["bronze:Branch","bronze:BuggyMess","bronze:CloningBeam"],"picked":"bronze:Turbo","floor":39},{"not_picked":["bronze:Shield","bronze:Allocate","bronze:Refactor"],"picked":"bronze:DelayedSlice+1","floor":40},{"not_picked":["bronze:BugBarrage","bronze:Iterate","bronze:Safeguard+1","bronze:Shield"],"picked":"SKIP","floor":42},{"not_picked":["bronze:Iterate+1","bronze:Separator+1","bronze:Deprecate+1","bronze:ChosenStrike"],"picked":"SKIP","floor":44},{"not_picked":["bronze:CloningBeam","bronze:Separator+1","bronze:RecursiveStrike","bronze:ChosenStrike+1"],"picked":"SKIP","floor":47},{"not_picked":["bronze:OilSpill","bronze:ClassDefault+1","bronze:Overheat"],"picked":"bronze:Branch","floor":48},{"not_picked":["bronze:WhirlingStrike","bronze:GetLatest","bronze:ChildClass"],"picked":"bronze:Allocate","floor":48},{"not_picked":["bronze:BuggyMess","bronze:Iterate","bronze:Shield"],"picked":"bronze:GetLatest+1","floor":48},{"not_picked":["bronze:CleanCode+1","bronze:BronzeArmor","bronze:Shell"],"picked":"bronze:Constructor+1","floor":48},{"not_picked":["bronze:Iterate+1","bronze:ClassDefault+1","bronze:Branch"],"picked":"bronze:GetLatest+1","floor":48},{"not_picked":["bronze:Invalidate+1","bronze:Separator+1","bronze:Constructor+1"],"picked":"bronze:Shield","floor":48},{"not_picked":["bronze:Terminator","bronze:WhirlingStrike+1","bronze:FollowUp+1"],"picked":"bronze:CutThrough+1","floor":49},{"not_picked":["bronze:Overheat","bronze:Invalidate","bronze:Virus"],"picked":"bronze:HardenedForm+1","floor":52}],"player_experience":94685,"relics_obtained":[{"floor":23,"key":"Necronomicon"},{"floor":24,"key":"Pen Nib"},{"floor":26,"key":"Pantograph"},{"floor":26,"key":"Frozen Egg 2"},{"floor":28,"key":"Torii"},{"floor":28,"key":"Ancient Tea Set"},{"floor":40,"key":"bronze:SilverBullet"},{"floor":40,"key":"Bottled Lightning"},{"floor":41,"key":"Bottled Flame"},{"floor":52,"key":"War Paint"},{"floor":52,"key":"Ice Cream"}],"event_choices":[{"cards_removed":["bronze:Repair"],"damage_healed":0,"gold_gain":0,"player_choice":"Removed Skill","damage_taken":0,"max_hp_gain":0,"max_hp_loss":0,"event_name":"Falling","floor":45,"gold_loss":0}],"is_beta":false,"boss_relics":[{"not_picked":["Busted Crown","Calling Bell"],"picked":"Black Star"},{"not_picked":["Empty Cage","Runic Pyramid"],"picked":"SlaversCollar"}],"items_purged_floors":[8,12,20,48,53],"is_endless":false,"potions_floor_spawned":[9,10,14,15,16,25,26,28,31,32,36,44,47,49],"killed_by":"downfall:NeowBossFinal","ascension_level":0}}