{"host":"b7j598ve05halrwk","time":1611881809,"event":{"mods":["2.2 Compatiblity","BaseMod","Block Reminder","DeckTracker","Minty Spire (QoL Compilation)","Relic Stats","Slay the Relics Exporter","StSLib","ojb\u0027s Better Paths Mod","ojb\u0027s Info Mod"],"gold_per_floor":[118,138,138,7,7,39,39,70,124,134,156,187,187,187,187],"floor_reached":14,"language":"ENG","playtime":469,"items_purged":["Regret"],"score":262,"play_id":"894ba795-5b4b-4d40-9537-a1bd766aa7cc","local_time":"20210128195649","is_ascension_mode":true,"campfire_choices":[{"data":"Beam Cell","floor":7.0,"key":"SMITH"}],"circlet_count":0,"master_deck":["AscendersBane","Strike_B","Strike_B","Strike_B","Defend_B","Defend_B","Defend_B","Defend_B","Zap","Dualcast","Streamline","Beam Cell+1","Doom and Gloom","Self Repair","Static Discharge","BootSequence"],"relics":["Cracked Core","NeowsBlessing","Tiny Chest","Thread and Needle","DataDisk","Strawberry","Odd Mushroom","Bottled Tornado"],"acts_visited":["Exordium"],"potions_floor_usage":[8,14],"damage_taken":[{"damage":0.0,"enemies":"2 Louse","floor":1.0,"turns":1.0},{"damage":0.0,"enemies":"Small Slimes","floor":2.0,"turns":1.0},{"damage":0.0,"enemies":"3 Sentries","floor":6.0,"turns":1.0},{"damage":16,"enemies":"Lagavulin","floor":8,"turns":4},{"damage":0,"enemies":"Cultist","floor":10,"turns":3},{"damage":21,"enemies":"The Mushroom Lair","floor":11,"turns":4},{"damage":25,"enemies":"3 Sentries","floor":12,"turns":6},{"damage":35,"enemies":"Gremlin Nob","floor":14,"turns":3}],"seed_played":"8292125808868656786","potions_obtained":[{"floor":1.0,"key":"BlessingOfTheForge"},{"floor":12,"key":"Dexterity Potion"}],"is_trial":false,"path_per_floor":["M","M","?","$","?","E","R","E","T","M","?","E","?","E"],"character_chosen":"DEFECT","items_purchased":["Beam Cell"],"campfire_rested":0,"item_purchase_floors":[4],"current_hp_per_floor":[64,64,64,64,57,57,57,41,48,55,41,23,23,0,0],"gold":187,"neow_bonus":"THREE_ENEMY_KILL","is_daily":false,"chose_seed":false,"campfire_upgraded":1,"win_rate":0.0,"timestamp":1611881809,"path_taken":["M","M","?","$","?","E","R","E","T","M","?","E","?","E"],"items_purchased_type":["Card"],"build_version":"2020-12-22","purchased_purges":1,"victory":false,"max_hp_per_floor":[71,71,71,71,71,71,71,71,78,78,78,78,78,78,78],"relic_stats":{"counters":[8,23],"Tiny Chest":0,"obtain_stats":[{"DataDisk":8,"NeowsBlessing":0,"Strawberry":9,"Tiny Chest":3,"Thread and Needle":6,"Odd Mushroom":11,"Bottled Tornado":12,"Cracked Core":0},{"DataDisk":4,"NeowsBlessing":0,"Strawberry":4,"Tiny Chest":2,"Thread and Needle":3,"Odd Mushroom":6,"Bottled Tornado":7,"Cracked Core":0},{"DataDisk":7,"NeowsBlessing":0,"Strawberry":7,"Tiny Chest":2,"Thread and Needle":3,"Odd Mushroom":14,"Bottled Tornado":20,"Cracked Core":0}]},"card_choices":[{"not_picked":["Heatsinks","Reprogram","Stack"],"picked":"SKIP","floor":1.0},{"not_picked":["Go for the Eyes","Compile Driver"],"picked":"Streamline","floor":2.0},{"not_picked":["Barrage","Creative AI"],"picked":"Doom and Gloom","floor":6.0},{"not_picked":["Redo","Consume"],"picked":"Self Repair","floor":8},{"not_picked":["Double Energy","Beam Cell","Darkness"],"picked":"SKIP","floor":10},{"not_picked":["Redo","Blizzard"],"picked":"Static Discharge","floor":11},{"not_picked":["Stack","Heatsinks"],"picked":"BootSequence","floor":12}],"player_experience":1057479,"relics_obtained":[{"floor":6.0,"key":"Thread and Needle"},{"floor":8,"key":"DataDisk"},{"floor":9,"key":"Strawberry"},{"floor":11,"key":"Odd Mushroom"},{"floor":12,"key":"Bottled Tornado"}],"event_choices":[{"damage_healed":0.0,"max_hp_gain":0.0,"max_hp_loss":0.0,"gold_gain":0.0,"event_name":"Big Fish","player_choice":"Box","floor":3.0,"gold_loss":0.0,"damage_taken":0.0,"relics_obtained":["Tiny Chest"],"cards_obtained":["Regret"]},{"cards_removed":["Strike_B"],"damage_healed":0.0,"max_hp_gain":0.0,"max_hp_loss":0.0,"gold_gain":0.0,"event_name":"Golden Wing","player_choice":"Card Removal","floor":5.0,"gold_loss":0.0,"damage_taken":7.0},{"damage_healed":0,"gold_gain":0,"player_choice":"Fought Mushrooms","damage_taken":0,"max_hp_gain":0,"max_hp_loss":0,"event_name":"Mushrooms","floor":11,"gold_loss":0},{"damage_healed":0,"gold_gain":0,"player_choice":"Ignored","damage_taken":0,"max_hp_gain":0,"max_hp_loss":0,"event_name":"Liars Game","floor":13,"gold_loss":0}],"is_beta":false,"boss_relics":[],"items_purged_floors":[4],"is_endless":false,"potions_floor_spawned":[1,12],"killed_by":"Gremlin Nob","ascension_level":20}}