{"host":"hixkpep13ay54y5b","time":1611932508,"event":{"mods":["AchievementEnabler","BaseMod","BetterRewards","Colored Map","Hubris","Infinite Spire","Minty Spire (QoL Compilation)","Quick Restart","Replay The Spire","Shop Mod","StSLib","SuperFastMode"],"gold_per_floor":[116,116,116,116,66,93,93,108,108,108,33,33,121,136,136,232,232,250,250,250,267,267,267,467,487,514,514,514,614,630,657,657,753,753,766,766,395,406,422,422,441,441,441,459,489,589,600,650,650,650,650],"floor_reached":50,"language":"ENG","playtime":1035,"items_purged":["Strike_R","Strike_R","Strike_R"],"score":661,"play_id":"da0d9975-7483-49c6-a9f9-555cc55b88a7","local_time":"20210129100148","is_ascension_mode":false,"campfire_choices":[{"data":"Searing Blow","floor":10.0,"key":"SMITH"},{"data":"Searing Blow+1","floor":10.0,"key":"SMITH"},{"data":"Searing Blow+2","floor":12.0,"key":"SMITH"},{"data":"Searing Blow+3","floor":12.0,"key":"SMITH"},{"data":"Demon Form","floor":15.0,"key":"SMITH"},{"data":"Bash","floor":15.0,"key":"SMITH"},{"data":"Searing Blow+4","floor":23.0,"key":"SMITH"},{"data":"Searing Blow+5","floor":23.0,"key":"SMITH"},{"floor":32.0,"key":"REST"},{"data":"Metallicize","floor":40,"key":"SMITH"},{"data":"Defend_R","floor":40,"key":"SMITH"},{"data":"Defend_R","floor":42,"key":"SMITH"},{"data":"Defend_R","floor":42,"key":"SMITH"},{"floor":49,"key":"REST"}],"circlet_count":0,"master_deck":["Defend_R+1","Defend_R+1","Defend_R+1","Defend_R+1","Bash+1","Cleave","Cleave","Searing Blow+6","Demon Form+1","Double Tap+1","Seeing Red+1","Armaments+1","Metallicize+1","Heavy Blade+1","Thunderclap"],"relics":["Burning Blood","NeowsBlessing","Replay:Arrowhead","Dream Catcher","Shuriken","PreservedInsect","hubris:Towel","Anchor","infinitespire:Broken Mirror","Torii","Mummified Hand","Akabeko","MerchantsRug","hubris:64BitClover","Chameleon Ring","StrikeDummy","Mango"],"acts_visited":["Exordium","TheCity","TheBeyond"],"potions_floor_usage":[33,41,41,45,48],"damage_taken":[{"damage":0.0,"enemies":"2 Louse","floor":1.0,"turns":1.0},{"damage":0.0,"enemies":"Gremlin Nob","floor":6.0,"turns":1.0},{"damage":0.0,"enemies":"Cultist","floor":8.0,"turns":1.0},{"damage":1.0,"enemies":"Jaw Worm","floor":14.0,"turns":3.0},{"damage":0.0,"enemies":"Slime Boss","floor":16.0,"turns":5.0},{"damage":10.0,"enemies":"Spheric Guardian","floor":18.0,"turns":3.0},{"damage":20.0,"enemies":"Chosen","floor":21.0,"turns":4.0},{"damage":32.0,"enemies":"Centurion and Healer","floor":25.0,"turns":3.0},{"damage":1.0,"enemies":"Colosseum Slavers","floor":29.0,"turns":3.0},{"damage":0.0,"enemies":"Colosseum Nobs","floor":29.0,"turns":2.0},{"damage":18.0,"enemies":"3 Cultists","floor":30.0,"turns":3.0},{"damage":37.0,"enemies":"Nightmare","floor":31.0,"turns":6.0},{"damage":19,"enemies":"Collector","floor":33,"turns":3},{"damage":0,"enemies":"Orb Walker","floor":35,"turns":2},{"damage":4,"enemies":"3 Shapes","floor":38,"turns":2},{"damage":35,"enemies":"Maw","floor":39,"turns":7},{"damage":19,"enemies":"3 Darklings","floor":41,"turns":5},{"damage":13,"enemies":"Jaw Worm Horde","floor":44,"turns":4},{"damage":57,"enemies":"R_Hoarder","floor":45,"turns":8},{"damage":7,"enemies":"Sphere and 2 Shapes","floor":47,"turns":13},{"damage":4,"enemies":"Mind Bloom Boss Battle","floor":48,"turns":5},{"damage":76,"enemies":"Donu and Deca","floor":50,"turns":5}],"seed_played":"-8985106557373965098","potions_obtained":[{"floor":1.0,"key":"FearPotion"},{"floor":14.0,"key":"Swift Potion"},{"floor":16.0,"key":"ColorlessPotion"},{"floor":21.0,"key":"DuplicationPotion"},{"floor":25.0,"key":"PowerPotion"},{"floor":30.0,"key":"Toxic Potion"},{"floor":31.0,"key":"EssenceOfSteel"},{"floor":33,"key":"EssenceOfSteel"},{"floor":35,"key":"Fire Potion"},{"floor":39,"key":"BlessingOfTheForge"},{"floor":44,"key":"Regen Potion"},{"floor":47,"key":"PowerPotion"}],"is_trial":false,"path_per_floor":["M","?","$","?","$","E","?","M","T","R","$","R","?","M","R","B",null,"M","?","?","M","?","R","?","M","T","?","AVR","?","M","NM","R","B",null,"M","?","$","M","M","R","M","R","T","M","E","?","M","?","R","B"],"character_chosen":"IRONCLAD","items_purchased":["Cleave","MerchantsRug","hubris:64BitClover","Metallicize"],"campfire_rested":2,"item_purchase_floors":[5,37,37,37],"current_hp_per_floor":[80,80,80,80,80,80,68,74,74,74,74,74,74,79,79,80,80,76,76,76,62,62,62,62,36,36,36,44,55,43,12,38,25,88,88,88,88,88,59,59,46,46,46,39,16,16,15,31,61,0,0],"gold":650,"neow_bonus":"THREE_ENEMY_KILL","is_daily":false,"chose_seed":false,"campfire_upgraded":12,"win_rate":0.0,"timestamp":1611932508,"path_taken":["M","?","?","?","$","E","?","?","T","R","$","R","?","M","R","BOSS","M","?","?","?","?","R","?","?","T","?","AVR","?","M","NM","R","BOSS","M","?","$","M","M","R","M","R","T","M","E","?","?","?","R","BOSS"],"items_purchased_type":["Card","Relic","Relic","Card"],"build_version":"2020-12-22","purchased_purges":3,"victory":false,"max_hp_per_floor":[80,80,80,80,80,80,80,80,80,80,80,80,80,80,80,80,80,80,80,80,80,80,80,80,80,80,80,88,88,88,88,88,88,88,88,88,88,88,88,88,88,88,88,88,88,88,88,102,102,102,102],"card_choices":[{"not_picked":["Replay:Undeath\u0027s Touch","ReplayTheSpireMod:Strike From Hell"],"picked":"Cleave","floor":1.0},{"not_picked":["Cleave","ReplayTheSpireMod:Corrosion Curse","Dark Embrace"],"picked":"SKIP","floor":6.0},{"not_picked":["Power Through","Replay:Undeath\u0027s Touch"],"picked":"Searing Blow","floor":8.0},{"not_picked":["Iron Wave","Twin Strike"],"picked":"Demon Form","floor":14.0},{"not_picked":["Replay:Many Hands","Brutality"],"picked":"Double Tap","floor":16.0},{"not_picked":["Sword Boomerang+1","Shockwave+1","Replay:Undeath\u0027s Touch"],"picked":"SKIP","floor":18.0},{"not_picked":["Clash","infinitespire:OneForAll","ReplayTheSpireMod:Strike From Hell"],"picked":"SKIP","floor":21.0},{"not_picked":["Perfected Strike","Offering","Cleave"],"picked":"SKIP","floor":25.0},{"not_picked":["Twin Strike","hubris:ReadiedAction","Eclipse"],"picked":"SKIP","floor":30.0},{"not_picked":["Double Tap","True Grit"],"picked":"Seeing Red+1","floor":31.0},{"not_picked":["Replay:Undeath\u0027s Touch+1","Inflame"],"picked":"Armaments+1","floor":32.0},{"not_picked":["hubris:ReadiedAction","Second Wind+1","Headbutt"],"picked":"SKIP","floor":35},{"not_picked":["Rampage","Run Through+1","Dual Wield+1"],"picked":"SKIP","floor":38},{"not_picked":["ReplayTheSpireMod:Strike From Hell","Inflame","Pommel Strike"],"picked":"SKIP","floor":39},{"not_picked":["Pommel Strike","Rage+1","Abandon"],"picked":"SKIP","floor":41},{"not_picked":["Anger+1","Twin Strike+1"],"picked":"Heavy Blade+1","floor":44},{"not_picked":["True Grit","Impervious","Clothesline"],"picked":"SKIP","floor":45},{"not_picked":["Perfected Strike","Second Wind"],"picked":"Thunderclap","floor":47}],"player_experience":155617,"relics_obtained":[{"floor":6.0,"key":"Replay:Arrowhead"},{"floor":9.0,"key":"Shuriken"},{"floor":13.0,"key":"PreservedInsect"},{"floor":26.0,"key":"Anchor"},{"floor":29.0,"key":"Torii"},{"floor":29.0,"key":"Mummified Hand"},{"floor":31.0,"key":"Akabeko"},{"floor":43,"key":"Chameleon Ring"},{"floor":45,"key":"StrikeDummy"},{"floor":48,"key":"Mango"}],"event_choices":[{"damage_healed":0.0,"max_hp_gain":0.0,"max_hp_loss":0.0,"gold_gain":0.0,"event_name":"Accursed Blacksmith","player_choice":"Forge","floor":2.0,"gold_loss":0.0,"damage_taken":0.0,"cards_upgraded":["Defend_R"]},{"damage_healed":0.0,"max_hp_gain":0.0,"max_hp_loss":0.0,"gold_gain":0.0,"event_name":"Scrap Ooze","player_choice":"Success","floor":7.0,"gold_loss":0.0,"damage_taken":12.0,"relics_obtained":["Dream Catcher"]},{"damage_healed":0.0,"max_hp_gain":0.0,"max_hp_loss":0.0,"gold_gain":250.0,"event_name":"The Joust","player_choice":"Bet on Owner","floor":24.0,"gold_loss":50.0,"damage_taken":0.0},{"damage_healed":0.0,"max_hp_gain":0.0,"max_hp_loss":0.0,"gold_gain":0.0,"event_name":"Colosseum","player_choice":"Fight","floor":29.0,"gold_loss":0.0,"damage_taken":0.0},{"damage_healed":0.0,"max_hp_gain":0.0,"max_hp_loss":0.0,"gold_gain":0.0,"event_name":"Colosseum","player_choice":"Fought Nobs","floor":29.0,"gold_loss":0.0,"damage_taken":0.0},{"damage_healed":0,"gold_gain":0,"player_choice":"Memory 1","damage_taken":0,"max_hp_gain":0,"max_hp_loss":0,"event_name":"SensoryStone","floor":36,"gold_loss":0},{"damage_healed":0,"gold_gain":100,"player_choice":"Pray","damage_taken":0,"max_hp_gain":0,"max_hp_loss":0,"event_name":"Golden Shrine","floor":46,"gold_loss":0},{"damage_healed":0,"gold_gain":0,"player_choice":"Fight","damage_taken":0,"max_hp_gain":0,"max_hp_loss":0,"event_name":"MindBloom","floor":48,"gold_loss":0}],"is_beta":false,"boss_relics":[{"not_picked":["infinitespire:Burning Sword","Painkiller Herb","hubris:RunicObelisk"]},{"not_picked":["Replay:Drink Me","Abe\u0027s Treasure"],"picked":"hubris:BlackHole"}],"items_purged_floors":[11,28,37],"is_endless":true,"potions_floor_spawned":[1,14,16,21,25,29,30,31,33,35,39,44,47],"killed_by":"Donu and Deca","ascension_level":0}}