{"host":"fi2ijdbyuc8hzivc","time":1611938781,"event":{"mods":["BaseMod","Highlight Path","Key Reminder","Minty Spire (QoL Compilation)","Relic Stats"],"gold_per_floor":[367,12,12,31,46,46,46],"floor_reached":6,"language":"ENG","playtime":437,"items_purged":["Strike_G"],"score":72,"play_id":"38501aff-ab24-478a-8949-73be8dbe5523","local_time":"20210129164621","is_ascension_mode":true,"campfire_choices":[],"circlet_count":0,"master_deck":["AscendersBane","Strike_G","Strike_G","Strike_G","Strike_G","Defend_G","Defend_G","Defend_G","Defend_G","Defend_G","Survivor","Neutralize","Flying Knee","Dash","Footwork","Deflect"],"relics":["Ring of the Snake","Membership Card","Bag of Marbles"],"acts_visited":["Exordium"],"potions_floor_usage":[6],"damage_taken":[{"damage":7,"enemies":"Small Slimes","floor":1,"turns":4},{"damage":3,"enemies":"Jaw Worm","floor":4,"turns":4},{"damage":0,"enemies":"2 Louse","floor":5,"turns":4},{"damage":35,"enemies":"Lagavulin","floor":6,"turns":13}],"seed_played":"844552175811910840","potions_obtained":[{"floor":5,"key":"Poison Potion"}],"is_trial":false,"path_per_floor":["M","$","?","M","M","E"],"character_chosen":"THE_SILENT","items_purchased":["Membership Card","Dash","Footwork","Bag of Marbles"],"campfire_rested":0,"item_purchase_floors":[2,2,2,2],"current_hp_per_floor":[52,52,52,49,49,14,14],"gold":46,"neow_bonus":"TWO_FIFTY_GOLD","is_daily":false,"chose_seed":false,"campfire_upgraded":0,"win_rate":0.0,"timestamp":1611938781,"path_taken":["M","$","?","M","M","E"],"items_purchased_type":["Relic","Card","Card","Relic"],"build_version":"2020-12-22","purchased_purges":1,"victory":false,"max_hp_per_floor":[60,60,60,60,60,60,60],"relic_stats":{"counters":[4,25],"obtain_stats":[{"Bag of Marbles":2,"Membership Card":2,"Ring of the Snake":0},{"Bag of Marbles":1,"Membership Card":1,"Ring of the Snake":0},{"Bag of Marbles":4,"Membership Card":4,"Ring of the Snake":0}],"Ring of the Snake":[8]},"card_choices":[{"not_picked":["Underhanded Strike","Dodge and Roll"],"picked":"Flying Knee","floor":1},{"not_picked":["Acrobatics","Well Laid Plans","Expertise"],"picked":"SKIP","floor":4},{"not_picked":["Concentrate","Prepared"],"picked":"Deflect","floor":5}],"player_experience":1849822,"relics_obtained":[],"event_choices":[{"damage_healed":0,"gold_gain":0,"player_choice":"Ignored","damage_taken":0,"max_hp_gain":0,"max_hp_loss":0,"event_name":"Liars Game","floor":3,"gold_loss":0}],"is_beta":false,"boss_relics":[],"items_purged_floors":[2],"is_endless":false,"potions_floor_spawned":[5],"killed_by":"Lagavulin","ascension_level":20}}