{"host":"jhy70w0yh8dayqay","time":1611919467,"event":{"mods":["AchievementEnabler","BaseMod","Colored Map","Colored Powertips","DeckTracker","Minty Spire (QoL Compilation)","Permanent Neow","SuperFastMode"],"gold_per_floor":[118,40,54,66,84,119,119,145,145,160,174,27,53,71,71,174,174,190,190,37,51,1,32,32,32,32,13,44,44,44,74,74,171,171],"floor_reached":33,"language":"KOR","playtime":1365,"items_purged":["Strike_P","Defend_P"],"score":646,"play_id":"7b56cb0c-ac1a-48d9-863c-1f51fd825efb","local_time":"20210129202427","is_ascension_mode":true,"campfire_choices":[{"data":"Adaptation","floor":7,"key":"SMITH"},{"floor":15,"key":"DIG"},{"floor":24,"key":"REST"},{"data":"MentalFortress","floor":29,"key":"SMITH"},{"floor":32,"key":"REST"}],"circlet_count":0,"master_deck":["Strike_P","Strike_P","Defend_P","Defend_P","Eruption+1","Vigilance","CarveReality","Adaptation+1","FlurryOfBlows","EmptyFist","Perseverance","SashWhip","Perseverance","SandsOfTime","Tantrum","TalkToTheHand","MasterReality","EmptyMind","Pray","MentalFortress+1","Meditate"],"relics":["PureWater","Bag of Preparation","Darkstone Periapt","Lizard Tail","Shovel","Mercury Hourglass","Runic Pyramid","Membership Card","Nunchaku","Bottled Lightning","Red Mask","Regal Pillow","Pear"],"acts_visited":["Exordium","TheCity"],"potions_floor_usage":[6,8,13,21,21,23,33],"damage_taken":[{"damage":2,"enemies":"Cultist","floor":1,"turns":3},{"damage":7,"enemies":"Jaw Worm","floor":3,"turns":2},{"damage":3,"enemies":"2 Louse","floor":4,"turns":3},{"damage":6,"enemies":"Looter","floor":5,"turns":2},{"damage":3,"enemies":"Lagavulin","floor":6,"turns":5},{"damage":0,"enemies":"Gremlin Nob","floor":8,"turns":1},{"damage":0,"enemies":"Large Slime","floor":10,"turns":3},{"damage":0,"enemies":"Lots of Slimes","floor":11,"turns":3},{"damage":25,"enemies":"Lagavulin","floor":13,"turns":4},{"damage":0,"enemies":"2 Fungi Beasts","floor":14,"turns":2},{"damage":10,"enemies":"The Guardian","floor":16,"turns":7},{"damage":8,"enemies":"3 Byrds","floor":18,"turns":5},{"damage":11,"enemies":"2 Thieves","floor":21,"turns":3},{"damage":16,"enemies":"Gremlin Leader","floor":23,"turns":4},{"damage":22,"enemies":"Masked Bandits","floor":28,"turns":3},{"damage":17,"enemies":"Slavers","floor":31,"turns":4},{"damage":31,"enemies":"Collector","floor":33,"turns":9}],"seed_played":"7510256787238472118","potions_obtained":[{"floor":5,"key":"BottledMiracle"},{"floor":6,"key":"SteroidPotion"},{"floor":10,"key":"Weak Potion"},{"floor":14,"key":"Explosive Potion"},{"floor":16,"key":"Block Potion"},{"floor":18,"key":"EssenceOfSteel"},{"floor":33,"key":"Fruit Juice"}],"is_trial":false,"path_per_floor":["M","$","M","M","M","E","R","E","T","M","M","$","E","M","R","B",null,"M","?","$","M","$","E","R","?","T","$","?","R","T","E","R","B"],"character_chosen":"WATCHER","items_purchased":["Adaptation","SandsOfTime","Membership Card","MentalFortress"],"campfire_rested":2,"item_purchase_floors":[2,12,20,27],"current_hp_per_floor":[63,63,56,53,47,44,44,44,44,44,44,44,19,19,19,9,56,48,48,48,37,37,21,42,42,42,42,20,20,20,13,52,26,26],"gold":171,"neow_bonus":"UPGRADE_CARD","is_daily":false,"chose_seed":false,"campfire_upgraded":2,"win_rate":0.0,"timestamp":1611919467,"path_taken":["M","?","M","M","M","E","R","E","T","?","M","?","E","M","R","BOSS","M","?","$","M","$","E","R","?","T","$","?","R","?","E","R","BOSS"],"items_purchased_type":["Card","Card","Relic","Card"],"build_version":"2020-12-22","purchased_purges":2,"victory":false,"max_hp_per_floor":[72,72,72,72,72,72,72,72,72,72,72,72,72,72,72,72,72,72,72,72,72,72,72,72,72,72,72,72,72,72,82,82,87,87],"card_choices":[{"not_picked":["ThirdEye","WaveOfTheHand"],"picked":"CarveReality","floor":1},{"not_picked":["WheelKick","WaveOfTheHand"],"picked":"FlurryOfBlows","floor":3},{"not_picked":["WheelKick","PathToVictory"],"picked":"EmptyFist","floor":4},{"not_picked":["Wallop","Halt"],"picked":"Perseverance","floor":5},{"not_picked":["Perseverance","Prostrate"],"picked":"SashWhip","floor":6},{"not_picked":["Weave","Study"],"picked":"Perseverance","floor":8},{"not_picked":["Worship","Pray","FollowUp"],"picked":"SKIP","floor":10},{"not_picked":["Prostrate","FollowUp","EmptyFist"],"picked":"SKIP","floor":11},{"not_picked":["Judgement","FollowUp"],"picked":"Tantrum","floor":13},{"not_picked":["SashWhip","PathToVictory"],"picked":"TalkToTheHand","floor":14},{"not_picked":["Judgement","DevaForm"],"picked":"MasterReality","floor":16},{"not_picked":["ForeignInfluence+1","EmptyBody","Consecrate"],"picked":"SKIP","floor":18},{"not_picked":["Vengeance","Evaluate","ForeignInfluence+1"],"picked":"SKIP","floor":21},{"not_picked":["CrushJoints","Protect","ReachHeaven"],"picked":"SKIP","floor":23},{"not_picked":["Vengeance","SandsOfTime"],"picked":"Meditate","floor":31}],"player_experience":455889,"relics_obtained":[{"floor":6,"key":"Bag of Preparation"},{"floor":8,"key":"Darkstone Periapt"},{"floor":9,"key":"Lizard Tail"},{"floor":13,"key":"Shovel"},{"floor":15,"key":"Mercury Hourglass"},{"floor":23,"key":"Nunchaku"},{"floor":26,"key":"Bottled Lightning"},{"floor":28,"key":"Red Mask"},{"floor":30,"key":"Regal Pillow"},{"floor":31,"key":"Pear"}],"event_choices":[{"damage_healed":0,"gold_gain":0,"player_choice":"Ignored","damage_taken":0,"max_hp_gain":0,"max_hp_loss":0,"event_name":"The Mausoleum","floor":19,"gold_loss":0},{"damage_healed":0,"gold_gain":0,"cards_transformed":["Strike_P","Defend_P"],"player_choice":"Became Test Subject","damage_taken":0,"max_hp_gain":0,"max_hp_loss":0,"event_name":"Drug Dealer","floor":25,"gold_loss":0,"cards_obtained":["EmptyMind","Pray"]},{"damage_healed":0,"gold_gain":0,"player_choice":"Fought Bandits","damage_taken":0,"max_hp_gain":0,"max_hp_loss":0,"event_name":"Masked Bandits","floor":28,"gold_loss":0}],"is_beta":false,"boss_relics":[{"not_picked":["Black Star","Ectoplasm"],"picked":"Runic Pyramid"}],"items_purged_floors":[12,22],"is_endless":false,"potions_floor_spawned":[5,6,10,14,16,18,33],"killed_by":"Collector","ascension_level":9}}