{"host":"y087t2reloz9bi43","time":1611933560,"event":{"mods":["2.2 Compatiblity","AchievementEnabler","Aspiration","BaseMod","Beaked The Cultist","Bestiary","Better Note","Better Vampires","BetterRewards","ChefMod","Clockwork Mod","Colored Map","Colored Powertips","Conspire","Downfall","Ekko","Fireblade Mod","Friendly Minions","GifTheSpireLib","Gold Saver","Gremlin Mod","Halation","Hermit","Hubris","Infinite Spire","Jedi Mod","JesterMod","Jorbs\u0027s Wanderer Trilogy","Mad Scientist","Marisa????????","Mimic Mod","Minty Spire (QoL Compilation)","Permanent Neow","Potionbrewer","Rare Cards Sparkle","Relic Stats","Robot Space Explorer","Shade Mod","Shop Mod","StSLib","The Alterego","The Blackbeard","The Bug Knight","The Construct","The Cursed","The Disciple","The Elementalist","The Exalted","The Hierophant","The Jungle","The Marked","The Mystic","The Necromancer","The Runesmith","The Senshi","The Servant 0.9.4","TheBandit","TheFirefly","TheHero","TheVacant","Transform Curses","Uncapped","everything is the same but u backflip on backflip","thorton"],"gold_per_floor":[1394,1404,1504,1368,1368,913,940,953,971,984,984,999,1028,1041,1053,1053,1053,1053],"floor_reached":16,"language":"ENG","playtime":2029,"items_purged":["champ:Strike","champ:Defend"],"score":104,"play_id":"87ee3b1a-9713-4372-b925-87434b23a1cd","local_time":"20210129151920","is_ascension_mode":false,"campfire_choices":[{"data":"champ:CheapShot","floor":1,"key":"SMITH"},{"data":"Discovery","floor":11,"key":"SMITH"}],"circlet_count":0,"master_deck":["champ:Strike","champ:Strike","champ:Strike","champ:Defend","champ:Defend+1","champ:Defend+1","champ:Execute+1","champ:Taunt","champ:CheapShot+1","champ:FocusedBerserking","champ:StanceDance","champ:FocusedBerserking","champ:FanOfKnives","downfall:Malfunctioning","champ:Backstep","Discovery+1","champ:HeartStrike","champ:SwordThrow"],"relics":["champ:ChampionCrown","WristBlade","Singing Bowl","Happy Flower","halation:AfternoonTea"],"acts_visited":["Exordium"],"potions_floor_usage":[10,12,13,15,16],"damage_taken":[{"damage":12,"enemies":"Cultist","floor":2,"turns":5},{"damage":66,"enemies":"Cultist","floor":3,"turns":7},{"damage":30,"enemies":"downfall:FleeingMerchant","floor":4,"turns":5},{"damage":25,"enemies":"downfall:FleeingMerchant","floor":6,"turns":5},{"damage":27,"enemies":"Small Slimes","floor":8,"turns":4},{"damage":8,"enemies":"Jaw Worm","floor":9,"turns":3},{"damage":13,"enemies":"Exordium Thugs","floor":10,"turns":3},{"damage":18,"enemies":"Lots of Slimes","floor":12,"turns":3},{"damage":41,"enemies":"3 Sentries","floor":13,"turns":5},{"damage":12,"enemies":"Blue Slaver","floor":14,"turns":3},{"damage":10,"enemies":"2 Fungi Beasts","floor":15,"turns":1},{"damage":27,"enemies":"WA_ARCHETYPE_RETAIN","floor":16,"turns":4}],"seed_played":"-3638633653418989444","potions_obtained":[{"floor":3,"key":"champ:CounterPotion"},{"floor":8,"key":"potionbrewer:SplittingPotion"},{"floor":12,"key":"LiquidBronze"},{"floor":13,"key":"Energy Potion"}],"is_trial":false,"path_per_floor":["R","M","?","$","?","$","T","M","M","M","R","M","E","M","M","B"],"character_chosen":"THE_CHAMP","items_purchased":["champ:FanOfKnives","Singing Bowl","Discovery"],"campfire_rested":0,"item_purchase_floors":[4,6,6],"current_hp_per_floor":[90,88,52,52,52,52,52,50,49,38,38,37,13,15,15,0,0,0],"gold":1053,"neow_bonus":"ONE_RANDOM_RARE_CARD","is_daily":false,"chose_seed":false,"campfire_upgraded":2,"win_rate":0.0,"timestamp":1611933560,"path_taken":["R","M","?","?","?","$","T","M","M","M","R","M","E","?","M","BOSS"],"items_purchased_type":["Card","Relic","Card"],"build_version":"2020-12-22","purchased_purges":2,"victory":false,"max_hp_per_floor":[90,90,90,90,90,90,90,90,92,94,94,96,98,100,100,100,100,100],"relic_stats":{"Singing Bowl":10,"Happy Flower":[8],"counters":[12,48],"obtain_stats":[{"WristBlade":3,"Singing Bowl":6,"Happy Flower":7,"champ:ChampionCrown":0,"halation:AfternoonTea":13},{"WristBlade":2,"Singing Bowl":4,"Happy Flower":4,"champ:ChampionCrown":0,"halation:AfternoonTea":9},{"WristBlade":12,"Singing Bowl":22,"Happy Flower":22,"champ:ChampionCrown":0,"halation:AfternoonTea":40}]},"card_choices":[{"not_picked":["champ:FanOfKnives","champ:CrownThrow"],"picked":"champ:FocusedBerserking","floor":2},{"not_picked":["champ:FlashCut","champ:FanOfKnives"],"picked":"champ:StanceDance","floor":3},{"not_picked":["champ:FlashCut","champ:Endure"],"picked":"champ:FocusedBerserking","floor":4},{"not_picked":["champ:EnGarde","champ:Circumvent"],"picked":"champ:Backstep","floor":6},{"not_picked":["champ:Lariat","champ:CrownThrow"],"picked":"champ:HeartStrike","floor":8},{"not_picked":["champ:BerserkersShout","champ:FalseCounter","champ:SetATrap"],"picked":"Singing Bowl","floor":9},{"not_picked":["champ:BladeFlurry","champ:BerserkersShout","champ:Parry"],"picked":"Singing Bowl","floor":10},{"not_picked":["champ:SkillfulDodge","champ:SetATrap","champ:HeartStrike"],"picked":"Singing Bowl","floor":12},{"not_picked":["champ:EndlessRage","champ:FlashCut","champ:DeathBlow"],"picked":"Singing Bowl","floor":13},{"not_picked":["champ:DeathBlow","champ:Backstep","champ:GutPunch"],"picked":"Singing Bowl","floor":14},{"not_picked":["champ:EndlessRage","champ:Haymaker"],"picked":"champ:SwordThrow","floor":15}],"player_experience":454475,"relics_obtained":[{"floor":3,"key":"WristBlade"},{"floor":7,"key":"Happy Flower"},{"floor":13,"key":"halation:AfternoonTea"}],"event_choices":[],"is_beta":false,"boss_relics":[],"items_purged_floors":[4,6],"is_endless":false,"potions_floor_spawned":[3,8,12,13],"killed_by":"WA_ARCHETYPE_RETAIN","ascension_level":0}}