{"host":"w8jq41i5zn1fudf9","time":1611906757,"event":{"mods":["AchievementEnabler","BaseMod","Colored Map","Colored Powertips","Curses Come First","GifTheSpireLib","Googly Eyes","Minty Spire (QoL Compilation)","Quick Restart","Rare Cards Sparkle","Relic Stats","StSLib","The Awakened One except there are too many feathers","egg","everything is the same but u backflip on backflip","slay the spire mod where everything is the same but ironclad has a cowboy hat"],"gold_per_floor":[115,115,40,215,234,234,184,31,56,56,91,21,21,33,33,132,132,150,150,160,85,100,100,116,116,165,197,197,208,170,201,201,306,306,319,336,336,354,365,365,117,117,117,133,148,25,50,50,50,50],"floor_reached":51,"language":"ENG","playtime":1832,"items_purged":["Shame","Regret","Parasite"],"score":834,"play_id":"0ef04e84-8215-48a0-8b08-fd6065f8ffbe","local_time":"20210129005237","is_ascension_mode":true,"campfire_choices":[{"data":"Zap","floor":6,"key":"SMITH"},{"data":"Defragment","floor":13,"key":"SMITH"},{"floor":15,"key":"REST"},{"data":"Fission","floor":23,"key":"SMITH"},{"floor":25,"key":"REST"},{"data":"Defragment","floor":32,"key":"SMITH"},{"data":"Echo Form","floor":40,"key":"SMITH"},{"data":"Storm","floor":42,"key":"SMITH"},{"floor":49,"key":"REST"}],"circlet_count":0,"master_deck":["Zap+1","Dualcast","Sweeping Beam","Ball Lightning","Gash","Ball Lightning","Defragment+1","Cold Snap","Fission+1","Steam","Glacier","Electrodynamics","Leap","Gash","Amplify","Defragment+1","Echo Form+1","Scrape","Storm+1","Chill+1","Conserve Battery","Reprogram+1"],"relics":["FrozenCore","PreservedInsect","War Paint","Potion Belt","White Beast Statue","Pandora\u0027s Box","Enchiridion","Art of War","Bird Faced Urn","Smiling Mask","Letter Opener","Mummified Hand","Mango"],"acts_visited":["Exordium","TheCity","TheBeyond"],"potions_floor_usage":[27,33,38,44,50,50,50,50],"damage_taken":[{"damage":0,"enemies":"2 Louse","floor":1,"turns":2},{"damage":7,"enemies":"Jaw Worm","floor":5,"turns":3},{"damage":16,"enemies":"Gremlin Nob","floor":11,"turns":3},{"damage":0,"enemies":"Cultist","floor":14,"turns":2},{"damage":22,"enemies":"Slime Boss","floor":16,"turns":8},{"damage":0,"enemies":"Chosen","floor":18,"turns":3},{"damage":16,"enemies":"2 Thieves","floor":20,"turns":3},{"damage":3,"enemies":"Snake Plant","floor":22,"turns":3},{"damage":0,"enemies":"Cultist and Chosen","floor":24,"turns":3},{"damage":0,"enemies":"Book of Stabbing","floor":27,"turns":4},{"damage":0,"enemies":"Chosen and Byrds","floor":29,"turns":3},{"damage":0,"enemies":"Slavers","floor":31,"turns":1},{"damage":33,"enemies":"Collector","floor":33,"turns":6},{"damage":3,"enemies":"Orb Walker","floor":35,"turns":3},{"damage":17,"enemies":"3 Darklings","floor":36,"turns":3},{"damage":0,"enemies":"Sphere and 2 Shapes","floor":38,"turns":4},{"damage":0,"enemies":"Maw","floor":39,"turns":5},{"damage":13,"enemies":"3 Darklings","floor":44,"turns":3},{"damage":17,"enemies":"Writhing Mass","floor":45,"turns":3},{"damage":48,"enemies":"Nemesis","floor":47,"turns":7},{"damage":27,"enemies":"Donu and Deca","floor":50,"turns":5}],"seed_played":"7234870091202648158","potions_obtained":[{"floor":1,"key":"LiquidBronze"},{"floor":5,"key":"SpeedPotion"},{"floor":11,"key":"FearPotion"},{"floor":14,"key":"Strength Potion"},{"floor":16,"key":"Swift Potion"},{"floor":18,"key":"PowerPotion"},{"floor":24,"key":"FocusPotion"},{"floor":27,"key":"PowerPotion"},{"floor":33,"key":"ColorlessPotion"},{"floor":38,"key":"Strength Potion"},{"floor":44,"key":"Dexterity Potion"}],"is_trial":false,"path_per_floor":["M","?","$","?","M","R","?","$","T","T","E","$","R","M","R","B",null,"M","?","M","?","M","R","M","R","T","E","?","M","$","E","R","B",null,"M","M","?","M","M","R","$","R","T","M","M","$","E","?","R","B",null],"character_chosen":"DEFECT","items_purchased":["Ball Lightning","Defragment","Defragment","Letter Opener","DistilledChaos"],"campfire_rested":3,"item_purchase_floors":[8,12,30,41,46],"current_hp_per_floor":[75,75,75,75,68,68,68,68,68,68,52,52,52,52,74,52,75,75,59,43,43,40,40,40,62,62,62,62,68,68,75,75,51,75,75,62,62,72,75,75,75,75,75,62,57,57,35,35,60,49],"gold":50,"neow_bonus":"TRANSFORM_TWO_CARDS","is_daily":false,"chose_seed":false,"campfire_upgraded":6,"win_rate":0.0,"timestamp":1611906757,"path_taken":["M","?","$","?","M","R","?","$","T","?","E","?","R","M","R","BOSS","M","?","M","?","M","R","M","R","T","E","?","?","$","E","R","BOSS","M","?","?","M","M","R","?","R","T","M","M","$","E","?","R","BOSS"],"items_purchased_type":["Card","Card","Card","Relic","Potion"],"build_version":"2020-12-22","purchased_purges":3,"victory":true,"max_hp_per_floor":[75,75,75,75,75,75,75,75,75,75,75,75,75,75,75,75,75,75,75,75,75,75,75,75,75,75,75,75,75,75,75,75,75,75,75,75,75,75,75,75,75,75,75,75,75,72,86,86,86,86],"relic_stats":{"counters":[21,76],"Mummified Hand":[22],"Bird Faced Urn":[82],"Pandora\u0027s Box":["Steam","Glacier","Turbo","Electrodynamics","Leap","Hello World"],"PreservedInsect":149,"Art of War":[4],"Letter Opener":[21],"War Paint":["Defend_B","Defend_B"],"Smiling Mask":75,"obtain_stats":[{"Potion Belt":10,"Enchiridion":19,"Mango":47,"PreservedInsect":2,"Letter Opener":41,"War Paint":9,"Smiling Mask":31,"White Beast Statue":11,"FrozenCore":34,"Mummified Hand":43,"Bird Faced Urn":27,"Pandora\u0027s Box":17,"Art of War":26,"Cracked Core":0},{"Potion Belt":2,"Enchiridion":6,"Mango":20,"PreservedInsect":1,"Letter Opener":17,"War Paint":2,"Smiling Mask":12,"White Beast Statue":3,"FrozenCore":13,"Mummified Hand":17,"Bird Faced Urn":10,"Pandora\u0027s Box":5,"Art of War":9,"Cracked Core":0},{"Potion Belt":5,"Enchiridion":21,"Mango":71,"PreservedInsect":2,"Letter Opener":58,"War Paint":5,"Smiling Mask":38,"White Beast Statue":8,"FrozenCore":43,"Mummified Hand":58,"Bird Faced Urn":34,"Pandora\u0027s Box":18,"Art of War":30,"Cracked Core":0}],"FrozenCore":[5]},"card_choices":[{"not_picked":["Go for the Eyes","Sweeping Beam","Coolheaded"],"picked":"SKIP","floor":1},{"not_picked":["Cold Snap","Steam Power"],"picked":"Gash","floor":5},{"not_picked":["Hyperbeam","Auto Shields","Sweeping Beam"],"picked":"SKIP","floor":11},{"not_picked":["Beam Cell","Chaos"],"picked":"Cold Snap","floor":14},{"not_picked":["Hyperbeam","Buffer"],"picked":"Fission","floor":16},{"not_picked":["Stack","Redo","Turbo+1"],"picked":"SKIP","floor":18},{"not_picked":["Heatsinks+1","Beam Cell","Redo"],"picked":"SKIP","floor":20},{"not_picked":["Sunder+1","Go for the Eyes"],"picked":"Gash","floor":22},{"not_picked":["Sweeping Beam+1","Streamline","Stack"],"picked":"SKIP","floor":24},{"not_picked":["Chill","Redo+1","Blizzard"],"picked":"SKIP","floor":27},{"not_picked":["Lockon","Stack"],"picked":"Amplify","floor":29},{"not_picked":["Rebound","Rip and Tear"],"picked":"Ball Lightning","floor":31},{"not_picked":["Buffer","Machine Learning"],"picked":"Echo Form","floor":33},{"not_picked":["Steam Power+1","Stack","Undo"],"picked":"SKIP","floor":35},{"not_picked":["Redo","Compile Driver+1"],"picked":"Scrape","floor":36},{"not_picked":["Streamline+1","BootSequence+1"],"picked":"Chill+1","floor":38},{"not_picked":["Streamline","Undo+1"],"picked":"Conserve Battery","floor":39},{"not_picked":["Creative AI","Recycle+1","Hologram+1"],"picked":"SKIP","floor":44},{"not_picked":["Turbo","Hologram+1"],"picked":"Reprogram+1","floor":45},{"not_picked":["Leap","Go for the Eyes+1","Auto Shields+1"],"picked":"SKIP","floor":47}],"player_experience":72265,"relics_obtained":[{"floor":9,"key":"War Paint"},{"floor":10,"key":"Potion Belt"},{"floor":11,"key":"White Beast Statue"},{"floor":19,"key":"Enchiridion"},{"floor":26,"key":"Art of War"},{"floor":27,"key":"Bird Faced Urn"},{"floor":31,"key":"Smiling Mask"},{"floor":43,"key":"Mummified Hand"},{"floor":47,"key":"Mango"}],"event_choices":[{"damage_healed":0,"gold_gain":0,"player_choice":"Box","damage_taken":0,"relics_obtained":["PreservedInsect"],"max_hp_gain":0,"max_hp_loss":0,"event_name":"Big Fish","floor":2,"gold_loss":0,"cards_obtained":["Regret"]},{"damage_healed":0,"gold_gain":175,"player_choice":"AGREE","damage_taken":0,"max_hp_gain":0,"max_hp_loss":0,"event_name":"Liars Game","floor":4,"gold_loss":0,"cards_obtained":["Doubt"]},{"cards_removed":["Doubt"],"damage_healed":0,"gold_gain":0,"player_choice":"Card Removal","damage_taken":0,"max_hp_gain":0,"max_hp_loss":0,"event_name":"The Cleric","floor":7,"gold_loss":50},{"damage_healed":0,"gold_gain":0,"player_choice":"Obtained Book","damage_taken":16,"max_hp_gain":0,"max_hp_loss":0,"event_name":"Cursed Tome","floor":19,"gold_loss":0},{"cards_removed":["Turbo"],"damage_healed":0,"gold_gain":0,"player_choice":"Gave Gold","damage_taken":0,"max_hp_gain":0,"max_hp_loss":0,"event_name":"Beggar","floor":21,"gold_loss":75},{"damage_healed":0,"gold_gain":0,"player_choice":"Ignored","damage_taken":0,"max_hp_gain":0,"max_hp_loss":0,"event_name":"N\u0027loth","floor":28,"gold_loss":0},{"damage_healed":0,"gold_gain":0,"cards_transformed":["Hello World"],"player_choice":"Transformed","damage_taken":0,"max_hp_gain":0,"max_hp_loss":0,"event_name":"Transmorgrifier","floor":37,"gold_loss":0,"cards_obtained":["Storm"]},{"cards_removed":["Ball Lightning"],"damage_healed":0,"gold_gain":0,"player_choice":"Removed Attack","damage_taken":0,"max_hp_gain":0,"max_hp_loss":0,"event_name":"Falling","floor":48,"gold_loss":0}],"is_beta":false,"boss_relics":[{"not_picked":["Fusion Hammer","Runic Pyramid"],"picked":"Pandora\u0027s Box"},{"not_picked":["Runic Dome","Tiny House"],"picked":"FrozenCore"}],"items_purged_floors":[3,8,46],"is_endless":false,"potions_floor_spawned":[1,5,11,14,16,18,20,22,24,27,29,31,33,35,36,38,39,44,45,47],"ascension_level":2}}