{"host":"hzswyuuwdl03wwzr","time":1611953214,"event":{"mods":["100% Spire Juice","ATMod(∞¢Ë™Mod)","AchievementEnabler","Act Like it!","BaseMod","Gensokyo","Hallownest","Marisa£®ÏF”Í°°ƒß¿Ì…≥£©","Minty Spire (QoL Compilation)","Reliquary","Remilia_Scarlet Moed£®¿Ÿ√◊¿Ú—«°§Àπø®¿◊Ãÿ£©3.3.5","Replay The Spire","StSLib","The Animator","The Bug Knight","The Cursed","The Servant 0.9.4","Wide Potions","Yakumo Yukari mod","Youmu£®ªÍ∆«—˝√Œ£©","°æπ¶ƒ‹Mod°øªÏ„Á÷Æª∑–ﬁ∏¥≤π∂°","°æ“≈ŒÔø®≈∆°øREMEMod"],"gold_per_floor":[136,136,218,234,234,234,234,234,234,247,177,177,192,212,212,212,212],"floor_reached":16,"language":"ZHS","playtime":588,"items_purged":[],"score":115,"play_id":"18e24b49-5f61-420a-a873-544395effa82","local_time":"20210130044654","is_ascension_mode":false,"campfire_choices":[{"data":"REME_MagicPocketWatch","floor":6,"key":"SMITH"},{"data":"MeetDecomposer_purple","floor":8,"key":"SMITH"},{"data":"PurpleNeedle_purple","floor":12,"key":"SMITH"},{"data":"Charmbait_purple","floor":15,"key":"SMITH"}],"circlet_count":0,"master_deck":["AT_purpleEX+1","AT_purpleEX","AT_purpleEX","AT_purpleEX","Defend_purpleEX","Defend_purpleEX","Defend_purpleEX","Observe_purple_1","Observe_purple_2","REME_MagicPocketWatch+1","MeetDecomposer_purple","MeetDecomposer_purple+1","Boundary_LightAndDark_purple+1","PurpleNeedle_purple+1","Charmbait_purple+1","MeetDecomposer_purple","Shallow_ocean_purpleEX"],"relics":["Boundary_crack","Memoryfragments_purpleEX","AT_ATBox","REME_ComplimentaryCards","Replay:Bottled Steam","REME_LimitBreaker"],"acts_visited":["Gensokyo:Gensokyo"],"potions_floor_usage":[16],"damage_taken":[{"damage":5,"enemies":"Gensokyo:3_Fairies","floor":1,"turns":5},{"damage":0,"enemies":"Gensokyo:2_Kodama","floor":4,"turns":6},{"damage":1,"enemies":"Gensokyo:Python","floor":10,"turns":5},{"damage":0,"enemies":"Gensokyo:5_Fairies","floor":13,"turns":3},{"damage":11,"enemies":"Gensokyo:Kitsune","floor":14,"turns":4},{"damage":60,"enemies":"Gensokyo:Reimu","floor":16,"turns":13}],"seed_played":"7589250933160120179","potions_obtained":[{"floor":14,"key":"Elixir"}],"is_trial":false,"path_per_floor":["M","?","T","M","?","R","$","R","T","M","?","R","M","M","R","B"],"character_chosen":"Youkari","items_purchased":[],"campfire_rested":0,"item_purchase_floors":[],"current_hp_per_floor":[67,67,67,67,67,67,67,67,67,66,66,66,66,55,55,0,0],"gold":212,"neow_bonus":"RANDOM_COLORLESS","is_daily":false,"chose_seed":false,"campfire_upgraded":4,"win_rate":0.0,"timestamp":1611953214,"path_taken":["M","?","?","?","?","R","$","R","T","?","?","R","M","?","R","BOSS"],"items_purchased_type":[],"build_version":"2020-12-22","purchased_purges":0,"victory":false,"max_hp_per_floor":[70,70,70,70,70,70,70,70,70,70,70,70,70,70,70,70,70],"card_choices":[{"not_picked":["AT_CelerityRune","Mind Blast"],"picked":"REME_MagicPocketWatch","floor":0},{"not_picked":["Boundary_of_Extermination_purpleEX","OmniscientAndOmnipotent_Monster_purple"],"picked":"MeetDecomposer_purple","floor":1},{"not_picked":["Line_surface_state_purple","MonsterNeedle_purple"],"picked":"MeetDecomposer_purple","floor":2},{"not_picked":["Realm_recovery_purpleEX","ExistenceContinue_purple"],"picked":"Boundary_LightAndDark_purple","floor":2},{"not_picked":["EighthInstrument_OneDividesIntoTwo_purple","StateErode_purple"],"picked":"PurpleNeedle_purple","floor":4},{"not_picked":["PurpleNeedle_purple","StateDuplicate_purple"],"picked":"Charmbait_purple","floor":10},{"not_picked":["MetroBOOM_purple","Worldmountain_purple"],"picked":"MeetDecomposer_purple","floor":13},{"not_picked":["Photoelasticity_Doppler_Effect_purple","RuleDissolution_purple"],"picked":"Shallow_ocean_purpleEX","floor":14}],"player_experience":31056,"relics_obtained":[{"floor":3,"key":"Replay:Bottled Steam"},{"floor":9,"key":"REME_LimitBreaker"}],"event_choices":[],"is_beta":false,"boss_relics":[],"items_purged_floors":[],"is_endless":false,"potions_floor_spawned":[14],"killed_by":"Gensokyo:Reimu","ascension_level":0}}