{"host":"15f3wpiimhe5yrng","time":1611959874,"event":{"mods":["BaseMod","Better Altar","Better Match","Better Note","Better Sensory Stone","Better Skull","Better Third Choice","Colored Map","Downfall","GifTheSpireLib","Good Game Mod","Minty Spire (QoL Compilation)","Permanent Neow","StSLib"],"gold_per_floor":[99,111,127,139,139,166,166,177,177,204,223,242,271,271,289,289,289,289],"floor_reached":16,"language":"ENG","playtime":871,"items_purged":[],"score":124,"play_id":"451d51f8-e8c3-4680-9538-644078d01664","local_time":"20210129233754","is_ascension_mode":false,"campfire_choices":[{"floor":1,"key":"RECALL"}],"circlet_count":0,"master_deck":["hexamod:Strike","hexamod:Strike","hexamod:Strike","hexamod:Defend","hexamod:Defend","hexamod:Defend","hexamod:Sear","hexamod:Float","A Thousand Cuts+1","hexamod:GhostflameBarrier","hexamod:ApocalypseNow","hexamod:SuperheatedStrike+1","hexamod:SwordOfDarkness","hexamod:SwordOfDarkness","hexamod:SwordOfDarkness","downfall:Icky","hexamod:RetreatToShadows","hexamod:HeatMetal","hexamod:CatchUp","Trip+1","hexamod:HeatMetal"],"relics":["hexamod:SpiritBrand","REME:ComplimentaryCards","Letter Opener","Strawberry","Turnip","Ornamental Fan"],"acts_visited":["Exordium"],"potions_floor_usage":[16,16,16],"damage_taken":[{"damage":0,"enemies":"Small Slimes","floor":2,"turns":3},{"damage":1,"enemies":"Cultist","floor":3,"turns":3},{"damage":0,"enemies":"2 Louse","floor":4,"turns":2},{"damage":12,"enemies":"3 Sentries","floor":6,"turns":9},{"damage":3,"enemies":"Red Slaver","floor":8,"turns":2},{"damage":6,"enemies":"Gremlin Nob","floor":10,"turns":3},{"damage":17,"enemies":"Exordium Thugs","floor":11,"turns":4},{"damage":0,"enemies":"Exordium Wildlife","floor":12,"turns":3},{"damage":10,"enemies":"3 Sentries","floor":13,"turns":3},{"damage":0,"enemies":"Lots of Slimes","floor":15,"turns":2},{"damage":8,"enemies":"DF_ARCHETYPE_STREAMLINE","floor":16,"turns":4}],"seed_played":"4110996678395319186","potions_obtained":[{"floor":2,"key":"SpeedPotion"},{"floor":5,"key":"EssenceOfSteel"},{"floor":5,"key":"ColorlessPotion"},{"floor":15,"key":"Regen Potion"}],"is_trial":false,"path_per_floor":["R","M","M","M","?","E","T","M","?","E","M","M","E","?","M","B"],"character_chosen":"THE_SPIRIT","items_purchased":[],"campfire_rested":0,"item_purchase_floors":[],"current_hp_per_floor":[49,49,48,48,48,36,43,40,40,34,17,17,7,7,7,4,4,4],"gold":289,"neow_bonus":"TRANSFORM_TWO_CARDS","is_daily":false,"chose_seed":false,"campfire_upgraded":0,"win_rate":0.0,"timestamp":1611959874,"path_taken":["R","M","M","M","?","E","T","?","?","E","?","M","E","?","M","BOSS"],"items_purchased_type":[],"build_version":"2020-12-22","purchased_purges":0,"victory":false,"max_hp_per_floor":[70,70,70,70,70,70,77,77,77,77,77,77,77,77,77,77,77,77],"card_choices":[{"not_picked":["hexamod:HauntingEcho","hexamod:FastForward"],"picked":"hexamod:SuperheatedStrike","floor":2},{"not_picked":["hexamod:BurningTouch","hexamod:GhostLash"],"picked":"hexamod:SwordOfDarkness","floor":3},{"not_picked":["hexamod:HeatMetal","hexamod:BacktrackSmack"],"picked":"hexamod:SwordOfDarkness","floor":4},{"not_picked":["hexamod:Firestarter","hexamod:ApocalypseNow"],"picked":"hexamod:SwordOfDarkness","floor":6},{"not_picked":["hexamod:InspiringFlames","hexamod:HeatCrush","hexamod:HauntingEcho"],"picked":"SKIP","floor":8},{"not_picked":["hexamod:ThirdSeal","hexamod:RainOfEmbers"],"picked":"hexamod:RetreatToShadows","floor":10},{"not_picked":["hexamod:SwordOfDarkness","hexamod:Again","hexamod:NightmareStrike"],"picked":"SKIP","floor":11},{"not_picked":["hexamod:ThirdSeal","hexamod:ChargedBarrage"],"picked":"hexamod:HeatMetal","floor":12},{"not_picked":["hexamod:StepThrough","hexamod:RecurringNightmare"],"picked":"hexamod:CatchUp","floor":13},{"not_picked":["hexamod:GhostOfSpireFuture","hexamod:FastForward"],"picked":"hexamod:HeatMetal","floor":15}],"player_experience":99834,"relics_obtained":[{"floor":6,"key":"Letter Opener"},{"floor":7,"key":"Strawberry"},{"floor":10,"key":"Turnip"},{"floor":13,"key":"Ornamental Fan"}],"event_choices":[{"damage_healed":0,"gold_gain":0,"player_choice":"Got Potions","damage_taken":0,"max_hp_gain":0,"max_hp_loss":0,"event_name":"Lab","floor":5,"gold_loss":0},{"cards_removed":["A Thousand Cuts"],"damage_healed":0,"gold_gain":0,"player_choice":"Take \u0026 Give","damage_taken":0,"max_hp_gain":0,"max_hp_loss":0,"event_name":"betterNote:BetterNote","floor":14,"gold_loss":0,"cards_obtained":["Trip"]}],"is_beta":false,"boss_relics":[],"items_purged_floors":[],"is_endless":false,"potions_floor_spawned":[2,6,10,15],"killed_by":"DF_ARCHETYPE_STREAMLINE","ascension_level":0}}