{"host":"lh9qfzqeqctr28d2","time":1611922365,"event":{"mods":["BaseMod","CapriCore","Luminous","Minty Spire (QoL Compilation)","Quick Restart","Relic Stats","Remilia£®¿Ÿ√◊¿Ú—«£©","StSLib","Yakumo Yukari mod"],"gold_per_floor":[115,215,231,231,11,11,27,58,138,152,233,251,270,141,141,141,141],"floor_reached":16,"language":"ZHS","playtime":358,"items_purged":["Injury"],"score":112,"play_id":"ccc52954-d963-469e-b605-e4c01d2e69a5","local_time":"20210129201245","is_ascension_mode":true,"campfire_choices":[{"data":"Die Die Die","floor":6,"key":"SMITH"},{"data":"Cloak And Dagger","floor":15,"key":"SMITH"}],"circlet_count":0,"master_deck":["Strike_G","Strike_G","Strike_G","Strike_G","Strike_G","Defend_G","Defend_G","Defend_G","Defend_G","Defend_G","Survivor","Neutralize","Die Die Die+1","Slice","Dagger Spray","Cloak And Dagger+1","Finisher","Grand Finale","Prepared"],"relics":["Ring of the Snake","Golden Idol","Vajra","Lantern","Blue Candle","Ornamental Fan"],"acts_visited":["Exordium"],"potions_floor_usage":[],"damage_taken":[{"damage":1,"enemies":"Cultist","floor":1,"turns":3},{"damage":0,"enemies":"2 Louse","floor":3,"turns":1},{"damage":0,"enemies":"Jaw Worm","floor":7,"turns":3},{"damage":5,"enemies":"3 Sentries","floor":8,"turns":6},{"damage":0,"enemies":"Blue Slaver","floor":10,"turns":3},{"damage":0,"enemies":"Red Slaver","floor":12,"turns":2},{"damage":0,"enemies":"3 Louse","floor":13,"turns":1},{"damage":66,"enemies":"Slime Boss","floor":16,"turns":8}],"seed_played":"8842167283412529469","potions_obtained":[{"floor":7,"key":"Block Potion"},{"floor":12,"key":"Weak Potion"},{"floor":13,"key":"Weak Potion"}],"is_trial":false,"path_per_floor":["M","?","M","?","$","R","M","E","T","M","T","M","M","$","R","B"],"character_chosen":"THE_SILENT","items_purchased":["Vajra","Grand Finale","Prepared"],"campfire_rested":0,"item_purchase_floors":[5,14,14],"current_hp_per_floor":[69,69,69,69,69,69,69,64,64,64,64,64,64,64,64,0,0],"gold":141,"neow_bonus":"ONE_RANDOM_RARE_CARD","is_daily":false,"chose_seed":false,"campfire_upgraded":2,"win_rate":0.0,"timestamp":1611922365,"path_taken":["M","?","?","?","$","R","M","E","T","M","?","M","M","$","R","BOSS"],"items_purchased_type":["Relic","Card","Card"],"build_version":"2020-12-22","purchased_purges":1,"victory":false,"max_hp_per_floor":[70,70,70,70,70,70,70,70,70,70,70,70,70,70,70,70,70],"relic_stats":{"counters":[8,27],"Golden Idol":20,"Ornamental Fan":[28],"Blue Candle":[0],"obtain_stats":[{"Lantern":8,"Golden Idol":4,"Ornamental Fan":11,"Blue Candle":9,"Vajra":5,"Ring of the Snake":0},{"Lantern":4,"Golden Idol":2,"Ornamental Fan":5,"Blue Candle":4,"Vajra":2,"Ring of the Snake":0},{"Lantern":13,"Golden Idol":4,"Ornamental Fan":16,"Blue Candle":13,"Vajra":4,"Ring of the Snake":0}],"Ring of the Snake":[16]},"card_choices":[{"not_picked":["Quick Slash","Prepared"],"picked":"Slice","floor":1},{"not_picked":["Noxious Fumes","Dodge and Roll","Calculated Gamble"],"picked":"SKIP","floor":3},{"not_picked":["Blur","Acrobatics"],"picked":"Dagger Spray","floor":7},{"not_picked":["Caltrops","Riddle With Holes"],"picked":"Cloak And Dagger","floor":8},{"not_picked":["Deflect","Slice"],"picked":"Finisher","floor":10},{"not_picked":["Flying Knee","Skewer","Setup"],"picked":"SKIP","floor":12},{"not_picked":["Setup","Reflex","Poisoned Stab"],"picked":"SKIP","floor":13}],"player_experience":463065,"relics_obtained":[{"floor":8,"key":"Lantern"},{"floor":9,"key":"Blue Candle"},{"floor":11,"key":"Ornamental Fan"}],"event_choices":[{"damage_healed":0,"gold_gain":100,"player_choice":"Gold","damage_taken":0,"max_hp_gain":0,"max_hp_loss":0,"event_name":"Wheel of Change","floor":2,"gold_loss":0},{"damage_healed":0,"gold_gain":0,"player_choice":"Take Wound","damage_taken":0,"relics_obtained":["Golden Idol"],"max_hp_gain":0,"max_hp_loss":0,"event_name":"Golden Idol","floor":4,"gold_loss":0,"cards_obtained":["Injury"]}],"is_beta":false,"boss_relics":[],"items_purged_floors":[5],"is_endless":false,"potions_floor_spawned":[7,12,13],"killed_by":"Slime Boss","ascension_level":2}}