{"host":"j4g6ia6asvpyu2b0","time":1611940604,"event":{"mods":["BaseMod","Colored Map","Minty Spire (QoL Compilation)","Permanent Neow","Quick Restart","Relic Stats","StSLib","Unceasing Turn Reminder"],"gold_per_floor":[110,128,78,78,29,60,76,76,76,106,120,120,146,176,176,274,274,292,278,59,59,59,93,93,419,419,431,431,444,473,489,489,587,587,601,601,601,1600,1620,1620,1653,1653,1653,1653,1180,1215,1227,1241,1241,1241,1241,1241,317,351,351],"floor_reached":56,"language":"ENG","playtime":1818,"items_purged":["Decay","Regret","Strike_R+1"],"score":1833,"play_id":"9e6c86d1-4cb5-461e-a834-1dc393adc05e","local_time":"20210129101644","is_ascension_mode":true,"campfire_choices":[{"data":"Uppercut","floor":12.0,"key":"SMITH"},{"data":"Bash","floor":15.0,"key":"SMITH"},{"floor":24.0,"key":"REST"},{"data":"Demon Form","floor":28.0,"key":"SMITH"},{"data":"Dual Wield","floor":32.0,"key":"SMITH"},{"data":"Madness","floor":40.0,"key":"SMITH"},{"data":"Madness","floor":44,"key":"SMITH"},{"floor":49,"key":"RECALL"},{"data":"Body Slam","floor":52,"key":"SMITH"}],"circlet_count":0,"master_deck":["Strike_R+1","Strike_R+1","Defend_R+1","Defend_R+1","Defend_R+1","Bash+1","Feed","Iron Wave","Flame Barrier","Headbutt","Uppercut+1","Metallicize","Twin Strike+1","Thunderclap","Dropkick","Demon Form+1","Anger+1","Pommel Strike","Whirlwind+1","Sword Boomerang","Dual Wield+1","Flame Barrier","Infernal Blade","Reaper","Feel No Pain+1","Madness+1","Madness+1","Demon Form+1","Panacea+1","Finesse+1","Magnetism+1","Dark Embrace+1","Body Slam+1","Entrench+1","Thunderclap+1","Magnetism+1","Finesse","Pommel Strike"],"relics":["Burning Blood","FossilizedHelix","Omamori","White Beast Statue","Bird Faced Urn","Black Star","Brimstone","Art of War","Eternal Feather","Potion Belt","Old Coin","Letter Opener","Meat on the Bone","Frozen Egg 2","Cursed Key","Whetstone","Nunchaku","Paper Frog","Gremlin Horn","War Paint","Blood Vial","Bronze Scales","Cauldron","Sundial","TungstenRod","InkBottle"],"acts_visited":["Exordium","TheCity","TheBeyond","TheEnding"],"potions_floor_usage":[54,55,55,55,55,55,55,55,55,55,55],"damage_taken":[{"damage":6.0,"enemies":"Cultist","floor":1.0,"turns":4.0},{"damage":8.0,"enemies":"Jaw Worm","floor":2.0,"turns":4.0},{"damage":44.0,"enemies":"Lagavulin","floor":6.0,"turns":7.0},{"damage":0.0,"enemies":"Small Slimes","floor":7.0,"turns":5.0},{"damage":1.0,"enemies":"3 Sentries","floor":10.0,"turns":11.0},{"damage":4.0,"enemies":"Exordium Wildlife","floor":11.0,"turns":4.0},{"damage":23.0,"enemies":"Gremlin Nob","floor":13.0,"turns":6.0},{"damage":26.0,"enemies":"Hexaghost","floor":16.0,"turns":11.0},{"damage":18.0,"enemies":"Spheric Guardian","floor":18.0,"turns":5.0},{"damage":24.0,"enemies":"2 Thieves","floor":19.0,"turns":4.0},{"damage":0.0,"enemies":"Gremlin Leader","floor":23.0,"turns":6.0},{"damage":25.0,"enemies":"Book of Stabbing","floor":25.0,"turns":4.0},{"damage":0.0,"enemies":"Chosen and Byrds","floor":27.0,"turns":4.0},{"damage":0.0,"enemies":"Sentry and Sphere","floor":29.0,"turns":3.0},{"damage":0.0,"enemies":"Gremlin Leader","floor":30.0,"turns":2.0},{"damage":20.0,"enemies":"Shelled Parasite and Fungi","floor":31.0,"turns":5.0},{"damage":85.0,"enemies":"Automaton","floor":33.0,"turns":8.0},{"damage":29.0,"enemies":"3 Darklings","floor":35.0,"turns":3.0},{"damage":16.0,"enemies":"Orb Walker","floor":39.0,"turns":4.0},{"damage":4,"enemies":"Giant Head","floor":41,"turns":5},{"damage":35,"enemies":"Reptomancer","floor":46,"turns":4},{"damage":0,"enemies":"Maw","floor":47,"turns":5},{"damage":7,"enemies":"Spire Growth","floor":48,"turns":3},{"damage":102,"enemies":"Awakened One","floor":50,"turns":9},{"damage":39,"enemies":"Shield and Spear","floor":54,"turns":5},{"damage":106,"enemies":"The Heart","floor":55,"turns":6}],"seed_played":"-2481618452379037067","potions_obtained":[{"floor":1.0,"key":"ElixirPotion"},{"floor":6.0,"key":"HeartOfIron"},{"floor":13.0,"key":"Ancient Potion"},{"floor":16.0,"key":"Dexterity Potion"},{"floor":18.0,"key":"PowerPotion"},{"floor":19.0,"key":"Energy Potion"},{"floor":25.0,"key":"AttackPotion"},{"floor":27.0,"key":"AttackPotion"},{"floor":29.0,"key":"EntropicBrew"},{"floor":30.0,"key":"BloodPotion"},{"floor":31.0,"key":"LiquidMemories"},{"floor":53,"key":"LiquidBronze"},{"floor":54,"key":"BlessingOfTheForge"}],"is_trial":false,"path_per_floor":["M","M","?","?","$","E","M","?","T","E","M","R","E","?","R","B",null,"M","M","$","?","?","E","R","E","T","M","R","M","E","M","R","B",null,"M","?","?","?","M","R","E","?","T","R","$","E","M","M","R","B",null,"R","$","E","B",null],"character_chosen":"IRONCLAD","items_purchased":["Headbutt","Brimstone","Gremlin Horn","Dark Embrace+1","Body Slam","Bronze Scales","Magnetism+1","Cauldron","Finesse","Sundial"],"campfire_rested":1,"item_purchase_floors":[5,20,45,45,45,53,53,53,53,53],"current_hp_per_floor":[75,76,76,69,69,31,40,40,40,48,53,53,39,39,39,21,79,72,59,59,59,38,49,94,75,75,84,96,102,108,99,114,49,101,94,79,79,79,90,105,113,103,103,118,118,112,118,118,118,108,116,118,118,117,57],"gold":351,"neow_bonus":"ONE_RANDOM_RARE_CARD","is_daily":false,"chose_seed":false,"campfire_upgraded":7,"win_rate":0.0,"timestamp":1611940604,"path_taken":["M","M","?","?","?","E","M","?","T","E","?","R","E","?","R","BOSS","M","M","$","?","?","E","R","E","T","M","R","M","E","?","R","BOSS","M","?","?","?","M","R","E","?","T","R","$","E","M","M","R","BOSS","R","$","E","BOSS"],"items_purchased_type":["Card","Relic","Relic","Card","Card","Relic","Card","Relic","Card","Relic"],"build_version":"2020-12-22","purchased_purges":3,"victory":true,"max_hp_per_floor":[83,86,86,86,86,86,89,89,89,92,95,95,98,98,98,98,98,101,104,104,104,109,112,112,112,112,115,115,115,115,118,118,118,118,118,118,118,118,118,118,118,118,118,118,118,118,118,118,118,118,118,118,118,121,121],"relic_stats":{"Gremlin Horn":[7,7],"counters":[26,137],"Eternal Feather":71,"Letter Opener":[55],"Whetstone":["Twin Strike","Anger"],"War Paint":["Finesse","Panacea"],"Cursed Key":1,"Burning Blood":144,"Blood Vial":4,"Nunchaku":[8],"Sundial":[0],"Bird Faced Urn":[62],"Bronze Scales":[60],"Black Star":6,"Art of War":[6],"obtain_stats":[{"Gremlin Horn":45,"Whetstone":41,"Cursed Key":34,"Burning Blood":0,"Old Coin":25,"Blood Vial":46,"Nunchaku":41,"Sundial":53,"InkBottle":54,"Paper Frog":43,"Potion Belt":25,"Eternal Feather":23,"Omamori":10,"Letter Opener":26,"Frozen Egg 2":30,"War Paint":46,"White Beast Statue":13,"Cauldron":53,"Brimstone":20,"Bird Faced Urn":14,"Bronze Scales":53,"Black Star":17,"Art of War":23,"FossilizedHelix":6,"TungstenRod":54,"Meat on the Bone":30},{"Gremlin Horn":20,"Whetstone":20,"Cursed Key":17,"Burning Blood":0,"Old Coin":12,"Blood Vial":21,"Nunchaku":20,"Sundial":24,"InkBottle":25,"Paper Frog":20,"Potion Belt":12,"Eternal Feather":11,"Omamori":5,"Letter Opener":12,"Frozen Egg 2":15,"War Paint":21,"White Beast Statue":7,"Cauldron":24,"Brimstone":10,"Bird Faced Urn":7,"Bronze Scales":24,"Black Star":8,"Art of War":11,"FossilizedHelix":3,"TungstenRod":25,"Meat on the Bone":15},{"Gremlin Horn":105,"Whetstone":105,"Cursed Key":93,"Burning Blood":0,"Old Coin":71,"Blood Vial":109,"Nunchaku":105,"Sundial":126,"InkBottle":131,"Paper Frog":105,"Potion Belt":71,"Eternal Feather":67,"Omamori":31,"Letter Opener":71,"Frozen Egg 2":80,"War Paint":109,"White Beast Statue":41,"Cauldron":126,"Brimstone":61,"Bird Faced Urn":41,"Bronze Scales":126,"Black Star":52,"Art of War":67,"FossilizedHelix":15,"TungstenRod":131,"Meat on the Bone":80}],"TungstenRod":21,"InkBottle":[4],"Meat on the Bone":24},"card_choices":[{"not_picked":["Evolve","Havoc"],"picked":"Iron Wave","floor":1.0},{"not_picked":["Havoc","Twin Strike"],"picked":"Flame Barrier","floor":2.0},{"not_picked":["Infernal Blade","Second Wind"],"picked":"Uppercut","floor":6.0},{"not_picked":["True Grit","Warcry"],"picked":"Metallicize","floor":7.0},{"not_picked":["Sword Boomerang","Clash"],"picked":"Twin Strike","floor":10.0},{"not_picked":["Warcry","Heavy Blade"],"picked":"Thunderclap","floor":11.0},{"not_picked":["Havoc","Brutality"],"picked":"Dropkick","floor":13.0},{"not_picked":["Reaper","Offering"],"picked":"Demon Form","floor":16.0},{"not_picked":["Thunderclap","Heavy Blade"],"picked":"Anger","floor":18.0},{"not_picked":["Rampage","Flex"],"picked":"Pommel Strike","floor":19.0},{"not_picked":["Combust","Entrench","Searing Blow+1"],"picked":"SKIP","floor":23.0},{"not_picked":["Power Through+1","Reckless Charge"],"picked":"Whirlwind+1","floor":25.0},{"not_picked":["Iron Wave+1","Warcry+1"],"picked":"Sword Boomerang","floor":27.0},{"not_picked":["Havoc","Anger"],"picked":"Dual Wield","floor":29.0},{"not_picked":["Entrench+1","Armaments+1"],"picked":"Flame Barrier","floor":30.0},{"not_picked":["Pommel Strike","Shrug It Off"],"picked":"Infernal Blade","floor":31.0},{"not_picked":["Double Tap","Corruption+1"],"picked":"Reaper","floor":33.0},{"not_picked":["Clothesline","Wild Strike"],"picked":"Feel No Pain+1","floor":35.0},{"not_picked":["Clothesline","Perfected Strike+1"],"picked":"Demon Form+1","floor":39.0},{"not_picked":["Armaments","Warcry","Reckless Charge"],"picked":"SKIP","floor":41},{"not_picked":["Blind","Dramatic Entrance"],"picked":"Panacea","floor":42},{"not_picked":["Secret Weapon","Metamorphosis"],"picked":"Finesse","floor":42},{"not_picked":["Dramatic Entrance","Mind Blast"],"picked":"Magnetism+1","floor":42},{"not_picked":["Pommel Strike","True Grit"],"picked":"Entrench+1","floor":46},{"not_picked":["Fire Breathing+1","Havoc","Anger+1"],"picked":"SKIP","floor":47},{"not_picked":["Havoc","Clash+1"],"picked":"Thunderclap+1","floor":48},{"not_picked":["Warcry+1","Burning Pact"],"picked":"Pommel Strike","floor":54}],"player_experience":1084008,"relics_obtained":[{"floor":6.0,"key":"FossilizedHelix"},{"floor":10.0,"key":"Omamori"},{"floor":13.0,"key":"White Beast Statue"},{"floor":23.0,"key":"Art of War"},{"floor":23.0,"key":"Eternal Feather"},{"floor":25.0,"key":"Potion Belt"},{"floor":25.0,"key":"Old Coin"},{"floor":26.0,"key":"Letter Opener"},{"floor":30.0,"key":"Meat on the Bone"},{"floor":30.0,"key":"Frozen Egg 2"},{"floor":41,"key":"Whetstone"},{"floor":41,"key":"Nunchaku"},{"floor":43,"key":"Paper Frog"},{"floor":46,"key":"War Paint"},{"floor":46,"key":"Blood Vial"},{"floor":54,"key":"TungstenRod"},{"floor":54,"key":"InkBottle"}],"event_choices":[{"cards_removed":["Defend_R"],"damage_healed":0.0,"max_hp_gain":0.0,"max_hp_loss":0.0,"gold_gain":0.0,"event_name":"The Cleric","player_choice":"Card Removal","floor":3.0,"gold_loss":50.0,"damage_taken":0.0},{"cards_removed":["Strike_R"],"damage_healed":0.0,"max_hp_gain":0.0,"max_hp_loss":0.0,"gold_gain":0.0,"event_name":"Golden Wing","player_choice":"Card Removal","floor":4.0,"gold_loss":0.0,"damage_taken":7.0},{"damage_healed":0.0,"max_hp_gain":0.0,"max_hp_loss":0.0,"gold_gain":0.0,"event_name":"Wheel of Change","player_choice":"Cursed","floor":8.0,"gold_loss":0.0,"damage_taken":0.0,"cards_obtained":["Decay"]},{"damage_healed":0.0,"max_hp_gain":0.0,"max_hp_loss":0.0,"gold_gain":30.0,"event_name":"Dead Adventurer","player_choice":"Searched \u00272\u0027 times","floor":14.0,"gold_loss":0.0,"damage_taken":0.0,"relics_obtained":["Bird Faced Urn"]},{"damage_healed":0.0,"max_hp_gain":0.0,"max_hp_loss":0.0,"gold_gain":0.0,"event_name":"Back to Basics","player_choice":"Simplicity","floor":21.0,"gold_loss":0.0,"damage_taken":0.0,"cards_upgraded":["Strike_R","Strike_R","Strike_R","Strike_R","Defend_R","Defend_R","Defend_R"]},{"damage_healed":0.0,"max_hp_gain":5.0,"max_hp_loss":0.0,"gold_gain":0.0,"event_name":"Forgotten Altar","player_choice":"Shed Blood","floor":22.0,"gold_loss":0.0,"damage_taken":26.0},{"damage_healed":0.0,"max_hp_gain":0.0,"max_hp_loss":0.0,"gold_gain":0.0,"event_name":"Winding Halls","player_choice":"Embrace Madness","floor":36.0,"gold_loss":0.0,"damage_taken":15.0,"cards_obtained":["Madness","Madness"]},{"cards_removed":["Strike_R"],"damage_healed":0.0,"max_hp_gain":0.0,"max_hp_loss":0.0,"gold_gain":0.0,"event_name":"Falling","player_choice":"Removed Attack","floor":37.0,"gold_loss":0.0,"damage_taken":0.0},{"damage_healed":0.0,"max_hp_gain":0.0,"max_hp_loss":0.0,"gold_gain":999.0,"event_name":"MindBloom","player_choice":"Gold","floor":38.0,"gold_loss":0.0,"damage_taken":0.0,"cards_obtained":["Normality","Normality"]},{"damage_healed":0,"gold_gain":0,"player_choice":"Memory 3","damage_taken":10,"max_hp_gain":0,"max_hp_loss":0,"event_name":"SensoryStone","floor":42,"gold_loss":0}],"is_beta":false,"boss_relics":[{"not_picked":["Mark of Pain","Tiny House"],"picked":"Black Star"},{"not_picked":["Velvet Choker","Astrolabe"],"picked":"Cursed Key"}],"items_purged_floors":[20,45,53],"is_endless":false,"potions_floor_spawned":[1,6,13,16,18,19,23,25,27,29,30,31,33,35,39,41,46,47,48,54],"ascension_level":7}}