{"host":"zxkjcgzis4pm3za5","time":1611931423,"event":{"mods":["AchievementEnabler","Act Like it!","BaseMod","Colored Map","Colored Powertips","Friendly Minions","GifTheSpireLib","Minty Spire (QoL Compilation)","Quick Restart","RNG Fix","Random Character Button","Relic Filter Mod","Relic Sorter","Relic Stats","StSLib"],"gold_per_floor":[117,130,205,68,82,82,112,112,135,45,45,62,62,62],"floor_reached":13,"language":"ENG","playtime":324,"items_purged":[],"score":158,"play_id":"af75746d-cb4a-43ec-824b-4c18f757066e","local_time":"20210129201343","is_ascension_mode":true,"campfire_choices":[{"data":"Infinite Blades","floor":6,"key":"SMITH"}],"circlet_count":0,"master_deck":["AscendersBane","Strike_G","Strike_G","Strike_G","Strike_G","Defend_G","Defend_G","Defend_G","Defend_G","Defend_G","Survivor","Neutralize","Well Laid Plans","Infinite Blades+1","Sucker Punch","Bouncing Flask","Caltrops+1","Poisoned Stab"],"relics":["Busted Crown","Frozen Egg 2","Art of War","Potion Belt"],"acts_visited":["Exordium"],"potions_floor_usage":[7,13],"damage_taken":[{"damage":7,"enemies":"Small Slimes","floor":1,"turns":4},{"damage":1,"enemies":"Cultist","floor":2,"turns":4},{"damage":2,"enemies":"2 Louse","floor":5,"turns":2},{"damage":16,"enemies":"3 Sentries","floor":7,"turns":11},{"damage":5,"enemies":"Red Slaver","floor":12,"turns":4},{"damage":22,"enemies":"Gremlin Nob","floor":13,"turns":3}],"seed_played":"8073481545706776782","potions_obtained":[{"floor":2,"key":"EssenceOfSteel"},{"floor":7,"key":"Block Potion"}],"is_trial":false,"path_per_floor":["M","M","?","$","M","R","E","T","T","$","?","M","E"],"character_chosen":"THE_SILENT","items_purchased":["Infinite Blades","Sucker Punch","Caltrops+1"],"campfire_rested":0,"item_purchase_floors":[4,4,10],"current_hp_per_floor":[52,51,40,40,38,38,22,22,22,22,15,10,0,0],"gold":62,"neow_bonus":"BOSS_RELIC","is_daily":false,"chose_seed":false,"campfire_upgraded":1,"win_rate":0.0,"timestamp":1611931423,"path_taken":["M","M","?","$","?","R","E","?","T","$","?","M","E"],"items_purchased_type":["Card","Card","Card"],"build_version":"2020-12-22","purchased_purges":0,"victory":false,"max_hp_per_floor":[66,66,66,66,66,66,66,66,66,66,66,66,66,66],"relic_stats":{"Busted Crown":10,"counters":[6,28],"Art of War":[1],"obtain_stats":[{"Potion Belt":9,"Busted Crown":0,"Art of War":8,"Frozen Egg 2":7,"Ring of the Snake":0},{"Potion Belt":4,"Busted Crown":0,"Art of War":4,"Frozen Egg 2":4,"Ring of the Snake":0},{"Potion Belt":21,"Busted Crown":0,"Art of War":21,"Frozen Egg 2":21,"Ring of the Snake":0}]},"card_choices":[{"not_picked":["Tactician"],"picked":"SKIP","floor":1},{"not_picked":[],"picked":"Well Laid Plans","floor":2},{"not_picked":["Underhanded Strike"],"picked":"SKIP","floor":5},{"not_picked":[],"picked":"Bouncing Flask","floor":7},{"not_picked":[],"picked":"Poisoned Stab","floor":12}],"player_experience":284907,"relics_obtained":[{"floor":7,"key":"Frozen Egg 2"},{"floor":8,"key":"Art of War"},{"floor":9,"key":"Potion Belt"}],"event_choices":[{"damage_healed":0,"gold_gain":75,"player_choice":"Gather Gold","damage_taken":11,"max_hp_gain":0,"max_hp_loss":0,"event_name":"World of Goop","floor":3,"gold_loss":0},{"cards_removed":["Strike_G"],"damage_healed":0,"gold_gain":0,"player_choice":"Card Removal","damage_taken":7,"max_hp_gain":0,"max_hp_loss":0,"event_name":"Golden Wing","floor":11,"gold_loss":0}],"is_beta":false,"boss_relics":[],"items_purged_floors":[],"is_endless":false,"potions_floor_spawned":[2,7],"killed_by":"Gremlin Nob","ascension_level":18}}