{"host":"8ps61jsaamsawqze","time":1611936606,"event":{"mods":["Act Like it!","BaseMod","BetterRewards","Block Reminder","Card Forge","Colored Powertips","Downfall","Energized Spire","Friendly Minions","GifTheSpireLib","Halation","KomeijiMod","Marisa????????","Mimic Mod","Minty Spire (QoL Compilation)","Railgun Mod","Random Character Button","Rare Cards Sparkle","Relic Stats","Shedinja","Shop Mod","StSLib","The Blue Laboratory","The Construct","The Cursed","The Gatherer","The Jungle","The Necromancer","The Poker Player","Uncapped","Waifu the Spire","Yohane!"],"gold_per_floor":[115,115,135,147,160,160,160],"floor_reached":6,"language":"ENG","playtime":291,"items_purged":[],"score":76,"play_id":"88ce5173-f6a0-4382-8981-8a6a493de65a","local_time":"20210129111006","is_ascension_mode":true,"campfire_choices":[],"circlet_count":0,"master_deck":["AscendersBane","Yohane:Strike_Grey","Yohane:Strike_Grey","Yohane:Strike_Grey","Yohane:Strike_Grey","Yohane:Defend_Grey","Yohane:Defend_Grey","Yohane:Defend_Grey","Yohane:Defend_Grey","Yohane:Little_Demon_Lily","Yohane:Well_Laid_Ambush","Yohane:Imagine_Breaker","Yohane:Hakodate","Yohane:Grand_Entrance"],"relics":["Yohane:AngelWings","Hammer of Thor","Seething Fire","Anvil of the Gods"],"acts_visited":["Exordium"],"potions_floor_usage":[6],"damage_taken":[{"damage":2,"enemies":"Jaw Worm","floor":1,"turns":4},{"damage":6,"enemies":"Cultist","floor":3,"turns":3},{"damage":20,"enemies":"Small Slimes","floor":4,"turns":3},{"damage":7,"enemies":"2 Fungi Beasts","floor":5,"turns":4},{"damage":20,"enemies":"Lagavulin","floor":6,"turns":2}],"seed_played":"4117001674703142238","potions_obtained":[{"floor":1,"key":"CalmPotion"},{"floor":3,"key":"blueLaboratory:LouseDecoction"}],"is_trial":false,"path_per_floor":["M","?","M","M","M","E"],"character_chosen":"FallenAngel","items_purchased":[],"campfire_rested":0,"item_purchase_floors":[],"current_hp_per_floor":[48,48,42,22,15,0,0],"gold":160,"neow_bonus":"ONE_RANDOM_RARE_CARD","is_daily":false,"chose_seed":false,"campfire_upgraded":0,"win_rate":0.0,"timestamp":1611936606,"path_taken":["M","?","M","M","M","E"],"items_purchased_type":[],"build_version":"2020-12-22","purchased_purges":0,"victory":false,"max_hp_per_floor":[55,55,55,55,55,55,55],"relic_stats":{"counters":[5,16],"obtain_stats":[{"Anvil of the Gods":0,"Hammer of Thor":0,"Yohane:AngelWings":0,"Seething Fire":0,"halation:StarCompass":2},{"Anvil of the Gods":0,"Hammer of Thor":0,"Yohane:AngelWings":0,"Seething Fire":0,"halation:StarCompass":1},{"Anvil of the Gods":0,"Hammer of Thor":0,"Yohane:AngelWings":0,"Seething Fire":0,"halation:StarCompass":4}]},"card_choices":[{"not_picked":["Yohane:Perfection","Yohane:Impressive_Display"],"picked":"Yohane:Hakodate","floor":1},{"not_picked":["Yohane:Perfection","Yohane:Blazing","Yohane:Guilty_Kiss"],"picked":"SKIP","floor":3},{"not_picked":["Yohane:Gluttony","Yohane:Dark_Shield","Yohane:Backfoot"],"picked":"SKIP","floor":4},{"not_picked":["Yohane:Dark_Rest","Yohane:Angel_Tears"],"picked":"Yohane:Grand_Entrance","floor":5}],"player_experience":213552,"relics_obtained":[],"event_choices":[],"is_beta":false,"boss_relics":[],"items_purged_floors":[],"is_endless":false,"potions_floor_spawned":[1,3,4],"killed_by":"Lagavulin","ascension_level":20}}