{"host":"dvdvdvm357cut69v","time":1611933671,"event":{"mods":["BaseMod","Downfall","Minty Spire (QoL Compilation)","StSLib"],"gold_per_floor":[16,16,16,32,32,32,59,78,130,160,15,26,42,77,77,182,182,170,186,186,33,46,72,72,0,23,35,114,176,11,160,160,260,260,280,330,395,1,15,65,78,78,78,90,107,124,17,29,29,29],"floor_reached":51,"language":"ENG","playtime":2288,"items_purged":["Defend_B","Strike_B","Zap+1"],"score":1181,"play_id":"116c6d4d-6e14-4da4-b996-688ca76f48f5","local_time":"20210129182111","is_ascension_mode":true,"campfire_choices":[{"floor":6,"key":"REST"},{"floor":15,"key":"REST"},{"floor":24,"key":"REST"},{"floor":32,"key":"REST"},{"floor":42,"key":"RECALL"},{"floor":49,"key":"REST"}],"circlet_count":0,"master_deck":["AscendersBane","Strike_B","Defend_B","Defend_B","Apotheosis+1","BootSequence+1","Beam Cell","Go for the Eyes","Conserve Battery","Ball Lightning","Hologram","Fission","Streamline","Steam+1","Hello World","Echo Form","Undo","Gash+1","Reboot","FTL","Compile Driver","Self Repair","Defragment","Machine Learning","Creative AI","Capacitor"],"relics":["Cracked Core","Bag of Marbles","Oddly Smooth Stone","Membership Card","Prayer Wheel","Empty Cage","Bronze Scales","Unceasing Top","MawBank","SsserpentHead","PreservedInsect","War Paint","Fusion Hammer","Centennial Puzzle","Bottled Tornado","Mummified Hand","Lee\u0027s Waffle","Lizard Tail"],"acts_visited":["Exordium","TheCity","TheBeyond"],"potions_floor_usage":[13,14,22,33,33,50,50],"damage_taken":[{"damage":5,"enemies":"Small Slimes","floor":1,"turns":4},{"damage":0,"enemies":"2 Louse","floor":4,"turns":2},{"damage":36,"enemies":"Gremlin Nob","floor":7,"turns":4},{"damage":0,"enemies":"Cultist","floor":8,"turns":3},{"damage":0,"enemies":"3 Louse","floor":12,"turns":2},{"damage":0,"enemies":"2 Fungi Beasts","floor":13,"turns":3},{"damage":9,"enemies":"Lagavulin","floor":14,"turns":5},{"damage":12,"enemies":"The Guardian","floor":16,"turns":12},{"damage":16,"enemies":"2 Thieves","floor":18,"turns":5},{"damage":0,"enemies":"Chosen","floor":19,"turns":3},{"damage":12,"enemies":"Shelled Parasite and Fungi","floor":22,"turns":5},{"damage":38,"enemies":"Slavers","floor":23,"turns":8},{"damage":19,"enemies":"Chosen and Byrds","floor":28,"turns":6},{"damage":20,"enemies":"Automaton","floor":33,"turns":10},{"damage":25,"enemies":"3 Darklings","floor":35,"turns":8},{"damage":2,"enemies":"3 Shapes","floor":37,"turns":6},{"damage":5,"enemies":"3 Darklings","floor":39,"turns":4},{"damage":0,"enemies":"4 Shapes","floor":41,"turns":6},{"damage":0,"enemies":"Jaw Worm Horde","floor":44,"turns":4},{"damage":17,"enemies":"Transient","floor":45,"turns":5},{"damage":12,"enemies":"Writhing Mass","floor":46,"turns":7},{"damage":4,"enemies":"Maw","floor":48,"turns":6},{"damage":62,"enemies":"Time Eater","floor":50,"turns":12}],"seed_played":"-2864564992989252859","potions_obtained":[{"floor":7,"key":"Block Potion"},{"floor":8,"key":"EntropicBrew"},{"floor":14,"key":"SteroidPotion"},{"floor":23,"key":"LiquidMemories"},{"floor":33,"key":"Regen Potion"},{"floor":35,"key":"BlessingOfTheForge"},{"floor":45,"key":"FocusPotion"}],"is_trial":false,"path_per_floor":["M","?","?","M","?","R","E","M","T","?","$","M","M","E","R","B",null,"M","M","?","$","M","E","R","?","T","?","M","?","$","?","R","B",null,"M","?","M","$","M","?","M","R","T","M","M","M","$","M","R","B",null],"character_chosen":"DEFECT","items_purchased":["Membership Card","Bronze Scales","Hello World","PreservedInsect","War Paint","FocusPotion","Bottled Tornado","Mummified Hand","Lee\u0027s Waffle","Self Repair","Capacitor","FocusPotion"],"campfire_rested":5,"item_purchase_floors":[11,21,21,30,30,30,38,38,38,38,47,47],"current_hp_per_floor":[63,63,68,68,61,80,44,44,44,44,44,44,44,35,59,47,72,56,56,56,56,44,6,30,30,30,30,11,11,11,11,35,15,64,39,39,37,87,87,87,87,87,87,87,77,79,79,85,87,35],"gold":29,"neow_bonus":"RANDOM_COLORLESS_2","is_daily":false,"chose_seed":false,"campfire_upgraded":0,"win_rate":0.0,"timestamp":1611933671,"path_taken":["M","?","?","M","?","R","E","M","T","?","?","M","M","E","R","BOSS","M","M","?","$","M","E","R","?","T","?","?","?","$","?","R","BOSS","M","?","?","$","M","?","M","R","T","M","M","M","$","M","R","BOSS"],"items_purchased_type":["Relic","Relic","Card","Relic","Relic","Potion","Relic","Relic","Relic","Card","Card","Potion"],"build_version":"2020-12-13","purchased_purges":3,"victory":true,"max_hp_per_floor":[75,75,80,80,80,80,80,80,80,80,80,80,80,80,80,80,80,80,80,80,80,80,80,80,80,80,80,80,80,80,80,80,80,80,80,80,80,87,87,87,87,87,87,87,87,87,87,87,87,87],"card_choices":[{"not_picked":["Violence","HandOfGreed"],"picked":"Apotheosis","floor":0},{"not_picked":["Storm","Leap"],"picked":"BootSequence","floor":1},{"not_picked":["Static Discharge","Reprogram"],"picked":"Beam Cell","floor":4},{"not_picked":["Beam Cell","Leap"],"picked":"Go for the Eyes","floor":7},{"not_picked":["Chill","Rainbow"],"picked":"Cold Snap","floor":8},{"not_picked":["Hello World","Barrage"],"picked":"Conserve Battery","floor":12},{"not_picked":["BootSequence","Scrape"],"picked":"Ball Lightning","floor":13},{"not_picked":["Chaos","Go for the Eyes"],"picked":"Hologram","floor":14},{"not_picked":["Amplify","Thunder Strike"],"picked":"Fission","floor":16},{"not_picked":["Reprogram","Compile Driver"],"picked":"Streamline","floor":18},{"not_picked":["Chaos","Redo","Stack"],"picked":"SKIP","floor":18},{"not_picked":["Barrage+1","Compile Driver"],"picked":"Steam+1","floor":19},{"not_picked":["Reprogram","Streamline","Ball Lightning"],"picked":"SKIP","floor":19},{"not_picked":["Cold Snap","Undo"],"picked":"Echo Form","floor":22},{"not_picked":["Sweeping Beam","Rebound"],"picked":"Undo","floor":22},{"not_picked":["Amplify","Darkness","Ball Lightning+1"],"picked":"SKIP","floor":23},{"not_picked":["Steam","Beam Cell"],"picked":"Gash+1","floor":28},{"not_picked":["Skim+1","Leap","Rip and Tear"],"picked":"SKIP","floor":28},{"not_picked":["Electrodynamics","Fission"],"picked":"Reboot","floor":33},{"not_picked":["Steam Power","Heatsinks"],"picked":"FTL","floor":35},{"not_picked":["Cold Snap","Stack+1"],"picked":"Compile Driver","floor":35},{"not_picked":["Lockon+1","Compile Driver","Redo+1"],"picked":"SKIP","floor":37},{"not_picked":["Turbo","Ball Lightning","Conserve Battery+1"],"picked":"SKIP","floor":37},{"not_picked":["Lockon+1","Compile Driver","Redo+1"],"picked":"SKIP","floor":37},{"not_picked":["Turbo","Ball Lightning","Conserve Battery+1"],"picked":"SKIP","floor":37},{"not_picked":["Tempest","Redo","Beam Cell"],"picked":"SKIP","floor":39},{"not_picked":["Turbo+1","Sweeping Beam","Gash"],"picked":"SKIP","floor":39},{"not_picked":["Chaos","Sweeping Beam"],"picked":"Defragment","floor":41},{"not_picked":["Ball Lightning","Lockon+1"],"picked":"Machine Learning","floor":41},{"not_picked":["Consume+1","Force Field","Stack"],"picked":"SKIP","floor":44},{"not_picked":["Fusion","Reprogram+1","Steam"],"picked":"SKIP","floor":44},{"not_picked":["Redo","Hologram","Go for the Eyes"],"picked":"SKIP","floor":45},{"not_picked":["Scrape","Leap+1","Go for the Eyes"],"picked":"SKIP","floor":45},{"not_picked":["Self Repair","Beam Cell"],"picked":"Creative AI","floor":46},{"not_picked":["Recycle","Loop","Ball Lightning"],"picked":"SKIP","floor":46},{"not_picked":["Streamline","Sweeping Beam+1","Turbo"],"picked":"SKIP","floor":48},{"not_picked":["Sweeping Beam+1","Rebound","Ball Lightning"],"picked":"SKIP","floor":48}],"player_experience":103295,"relics_obtained":[{"floor":7,"key":"Bag of Marbles"},{"floor":9,"key":"Oddly Smooth Stone"},{"floor":14,"key":"Prayer Wheel"},{"floor":23,"key":"Unceasing Top"},{"floor":26,"key":"MawBank"},{"floor":43,"key":"Lizard Tail"}],"event_choices":[{"damage_healed":0,"gold_gain":0,"player_choice":"Grow","damage_taken":0,"max_hp_gain":0,"max_hp_loss":0,"event_name":"Living Wall","floor":2,"gold_loss":0,"cards_upgraded":["Apotheosis"]},{"damage_healed":0,"gold_gain":0,"player_choice":"Donut","damage_taken":0,"max_hp_gain":5,"max_hp_loss":0,"event_name":"Big Fish","floor":3,"gold_loss":0},{"cards_removed":["Defend_B"],"damage_healed":0,"gold_gain":0,"player_choice":"Card Removal","damage_taken":7,"max_hp_gain":0,"max_hp_loss":0,"event_name":"Golden Wing","floor":5,"gold_loss":0},{"damage_healed":0,"gold_gain":30,"player_choice":"Searched \u00272\u0027 times","damage_taken":0,"max_hp_gain":0,"max_hp_loss":0,"event_name":"Dead Adventurer","floor":10,"gold_loss":0},{"damage_healed":0,"gold_gain":0,"player_choice":"Paid Fearfully","damage_taken":0,"max_hp_gain":0,"max_hp_loss":0,"event_name":"Masked Bandits","floor":25,"gold_loss":72},{"damage_healed":0,"gold_gain":0,"player_choice":"Trade","damage_taken":0,"relics_obtained":["SsserpentHead"],"max_hp_gain":0,"max_hp_loss":0,"event_name":"FaceTrader","floor":27,"gold_loss":0},{"damage_healed":0,"gold_gain":0,"player_choice":"Ignored","damage_taken":0,"max_hp_gain":0,"max_hp_loss":0,"event_name":"Ghosts","floor":29,"gold_loss":0},{"damage_healed":0,"gold_gain":99,"player_choice":"Stole From Cult","damage_taken":0,"max_hp_gain":0,"max_hp_loss":0,"event_name":"Nest","floor":31,"gold_loss":0},{"cards_removed":["Cold Snap"],"damage_healed":0,"gold_gain":0,"player_choice":"Gave Card","damage_taken":0,"relics_obtained":["Centennial Puzzle"],"max_hp_gain":0,"max_hp_loss":0,"event_name":"WeMeetAgain","floor":36,"gold_loss":0},{"cards_removed":["Dualcast"],"damage_healed":0,"gold_gain":0,"player_choice":"Removed Skill","damage_taken":0,"max_hp_gain":0,"max_hp_loss":0,"event_name":"Falling","floor":40,"gold_loss":0}],"is_beta":false,"boss_relics":[{"not_picked":["Coffee Dripper","Astrolabe"],"picked":"Empty Cage"},{"not_picked":["FrozenCore","Runic Pyramid"],"picked":"Fusion Hammer"}],"items_purged_floors":[21,38,47],"is_endless":false,"potions_floor_spawned":[7,8,13,14,18,23,33,35,44,45,48],"ascension_level":12}}