{"host":"sum4dy402bbv9y4o","time":1611949120,"event":{"mods":["Aspiration","BaseMod","Conspire","Highlight Path","Minty Spire (QoL Compilation)","StSLib"],"gold_per_floor":[119,39,53,73,85,85,413,423,423,458,458,63,63,78,78,152,202,219,234,234,47,47,47,47,47],"floor_reached":24,"language":"ENG","playtime":846,"items_purged":["Strike_P","Strike_P"],"score":512,"play_id":"307e7657-5657-4488-83dd-18ce85f7ce5c","local_time":"20210129223840","is_ascension_mode":true,"campfire_choices":[{"data":"Eruption","floor":6,"key":"SMITH"},{"data":"Adaptation","floor":11,"key":"SMITH"},{"data":"LessonLearned","floor":15,"key":"SMITH"},{"floor":23,"key":"REST"}],"circlet_count":0,"master_deck":["AscendersBane","Strike_P","Defend_P","Defend_P","Eruption+1","Vigilance+1","EmptyBody","CutThroughFate","SashWhip","EmptyFist","WheelKick","BowlingBash","ConjureBlade","Adaptation+1","ClearTheMind","LessonLearned+1","Weave","Wireheading","Finisher","Prepared","Deflect","Protect","BowlingBash","LikeWater"],"relics":["PureWater","aspiration:Nostalgia","Ring of the Snake","Old Coin","StrikeDummy","Pantograph","Tiny House"],"acts_visited":["Exordium","TheCity"],"potions_floor_usage":[7,10,16,18,18,18,18,19],"damage_taken":[{"damage":3,"enemies":"2 Louse","floor":1,"turns":3},{"damage":0,"enemies":"Cultist","floor":3,"turns":2},{"damage":4,"enemies":"Small Slimes","floor":4,"turns":3},{"damage":0,"enemies":"Looter","floor":5,"turns":3},{"damage":13,"enemies":"3 Sentries","floor":7,"turns":8},{"damage":2,"enemies":"3 Louse","floor":8,"turns":4},{"damage":1,"enemies":"Gremlin Nob","floor":10,"turns":3},{"damage":3,"enemies":"Red Slaver","floor":14,"turns":2},{"damage":0,"enemies":"Slime Boss","floor":16,"turns":3},{"damage":15,"enemies":"2 Thieves","floor":18,"turns":3},{"damage":25,"enemies":"3 Byrds","floor":19,"turns":7},{"damage":42,"enemies":"Book of Stabbing","floor":24,"turns":3}],"seed_played":"-7247362065628759960","potions_obtained":[{"floor":3,"key":"LiquidBronze"},{"floor":5,"key":"PowerPotion"},{"floor":7,"key":"Strength Potion"},{"floor":16,"key":"EntropicBrew"},{"floor":18,"key":"Energy Potion"}],"is_trial":false,"path_per_floor":["M","$","M","M","M","R","E","M","T","E","R","$","?","M","R","B",null,"M","M","?","$","?","R","E"],"character_chosen":"WATCHER","items_purchased":["CutThroughFate","SashWhip","LessonLearned","Weave","Wireheading","FearPotion","LikeWater"],"campfire_rested":1,"item_purchase_floors":[2,2,12,12,12,12,21],"current_hp_per_floor":[58,58,58,54,54,54,41,39,39,38,38,38,38,35,35,60,71,56,31,10,10,10,33,0,0],"gold":47,"neow_bonus":"NOSTALGIA","is_daily":false,"chose_seed":false,"campfire_upgraded":3,"win_rate":0.0,"timestamp":1611949120,"path_taken":["M","$","M","M","M","R","E","M","T","E","R","$","?","?","R","BOSS","M","M","?","$","?","R","E"],"items_purchased_type":["Card","Card","Card","Card","Card","Potion","Card"],"build_version":"2020-12-22","purchased_purges":2,"victory":false,"max_hp_per_floor":[68,68,68,68,68,68,68,68,68,68,68,68,68,68,68,68,73,73,73,78,78,78,78,78,78],"card_choices":[{"not_picked":["FlyingSleeves","JustLucky"],"picked":"EmptyBody","floor":1},{"not_picked":["Consecrate","Study"],"picked":"EmptyFist","floor":3},{"not_picked":["ClearTheMind","CutThroughFate"],"picked":"WheelKick","floor":4},{"not_picked":["SashWhip","ClearTheMind"],"picked":"BowlingBash","floor":5},{"not_picked":["JustLucky","Pray"],"picked":"ConjureBlade","floor":7},{"not_picked":["Halt","BowlingBash"],"picked":"Adaptation","floor":8},{"not_picked":["PathToVictory","Devotion"],"picked":"ClearTheMind","floor":10},{"not_picked":["FollowUp","Consecrate"],"picked":"Protect","floor":14},{"not_picked":["Adaptation","JustLucky"],"picked":"BowlingBash","floor":18},{"not_picked":["FlyingSleeves","Adaptation","SashWhip"],"picked":"SKIP","floor":19}],"player_experience":3020526,"relics_obtained":[{"floor":7,"key":"Old Coin"},{"floor":9,"key":"StrikeDummy"},{"floor":10,"key":"Pantograph"}],"event_choices":[{"damage_healed":0,"gold_gain":0,"player_choice":"Shed Blood","damage_taken":26,"max_hp_gain":5,"max_hp_loss":0,"event_name":"Forgotten Altar","floor":20,"gold_loss":0}],"is_beta":false,"boss_relics":[{"not_picked":["aspiration:RandomNobGenerator","Black Star"],"picked":"Tiny House"}],"items_purged_floors":[12,21],"is_endless":false,"potions_floor_spawned":[3,5,7,16,18],"killed_by":"Book of Stabbing","ascension_level":20}}