{"host":"j4g6ia6asvpyu2b0","time":1611882886,"event":{"mods":["BaseMod","Colored Map","Minty Spire (QoL Compilation)","Permanent Neow","Quick Restart","Relic Stats","StSLib","Unceasing Turn Reminder"],"gold_per_floor":[119,135,147,147,159,190,40,70,70,100,100,100,117,151,151,246,246,261,261,261,280,312,312,326,326,326,253,253,253,278,278,278,380,380,396,414,636,652,670,700,700,730,730,730,744,773,773,827,827,827,827,827,24,53,53],"floor_reached":56,"language":"ENG","playtime":5068,"items_purged":["Strike_G"],"score":1820,"play_id":"c9e048cf-9ef7-4755-8126-ffe8fa4f2ec1","local_time":"20210128181446","is_ascension_mode":true,"campfire_choices":[{"floor":12,"key":"REST"},{"data":"Footwork","floor":15,"key":"SMITH"},{"data":"Adrenaline","floor":23,"key":"SMITH"},{"data":"Deadly Poison","floor":25,"key":"SMITH"},{"data":"Cloak And Dagger","floor":28,"key":"SMITH"},{"data":"Burst","floor":32,"key":"SMITH"},{"data":"A Thousand Cuts","floor":41,"key":"SMITH"},{"floor":44,"key":"RECALL"},{"data":"Blade Dance","floor":47,"key":"SMITH"},{"data":"Bouncing Flask","floor":49,"key":"SMITH"},{"data":"Blade Dance","floor":52,"key":"SMITH"}],"circlet_count":0,"master_deck":["Strike_G","Strike_G","Strike_G","Defend_G","Defend_G","Defend_G","Defend_G+1","Defend_G","Survivor","Neutralize","Sucker Punch","Deadly Poison+1","PiercingWail","Cloak And Dagger+1","Escape Plan","Noxious Fumes+1","Blade Dance+1","Dagger Spray","Bullet Time+1","Footwork+1","Flying Knee","Flying Knee","Adrenaline+1","CurseOfTheBell","Deadly Poison","Blade Dance+1","Dagger Spray","PiercingWail","Burst+1","Blade Dance+1","A Thousand Cuts+1","PiercingWail","Leg Sweep+1","Catalyst+1","Deadly Poison","Noxious Fumes+1","PiercingWail+1","Cloak And Dagger","Finisher+1","Bouncing Flask+1","Adrenaline","Catalyst","Accuracy","Dagger Throw"],"relics":["Runic Pyramid","Letter Opener","Pantograph","Blue Candle","Boot","Calling Bell","Akabeko","Darkstone Periapt","Thread and Needle","Red Mask","Kunai","Toy Ornithopter","Sozu","Ornamental Fan","FossilizedHelix","Mercury Hourglass","Pear","Bird Faced Urn","Lantern","Bottled Tornado","War Paint"],"acts_visited":["Exordium","TheCity","TheBeyond","TheEnding"],"potions_floor_usage":[10,16,55,55],"damage_taken":[{"damage":1,"enemies":"2 Louse","floor":1,"turns":3},{"damage":0,"enemies":"Small Slimes","floor":2,"turns":3},{"damage":0,"enemies":"Jaw Worm","floor":3,"turns":4},{"damage":0,"enemies":"Large Slime","floor":5,"turns":8},{"damage":10,"enemies":"Lagavulin","floor":6,"turns":10},{"damage":10,"enemies":"3 Sentries","floor":8,"turns":5},{"damage":30,"enemies":"Gremlin Nob","floor":10,"turns":4},{"damage":0,"enemies":"Blue Slaver","floor":13,"turns":3},{"damage":5,"enemies":"3 Sentries","floor":14,"turns":6},{"damage":0,"enemies":"The Guardian","floor":16,"turns":10},{"damage":7,"enemies":"Shell Parasite","floor":18,"turns":5},{"damage":13,"enemies":"2 Thieves","floor":21,"turns":3},{"damage":0,"enemies":"Masked Bandits","floor":22,"turns":3},{"damage":0,"enemies":"Sentry and Sphere","floor":24,"turns":4},{"damage":0,"enemies":"Book of Stabbing","floor":30,"turns":5},{"damage":17,"enemies":"Champ","floor":33,"turns":13},{"damage":5,"enemies":"3 Shapes","floor":35,"turns":6},{"damage":0,"enemies":"Orb Walker","floor":36,"turns":4},{"damage":0,"enemies":"Maw","floor":38,"turns":9},{"damage":12,"enemies":"Sphere and 2 Shapes","floor":39,"turns":4},{"damage":1,"enemies":"Giant Head","floor":40,"turns":7},{"damage":12,"enemies":"Reptomancer","floor":42,"turns":5},{"damage":0,"enemies":"Jaw Worm Horde","floor":45,"turns":3},{"damage":0,"enemies":"Nemesis","floor":46,"turns":3},{"damage":8,"enemies":"2 Orb Walkers","floor":48,"turns":4},{"damage":20,"enemies":"Awakened One","floor":50,"turns":16},{"damage":1,"enemies":"Shield and Spear","floor":54,"turns":5},{"damage":18,"enemies":"The Heart","floor":55,"turns":8}],"seed_played":"7926915105072260896","potions_obtained":[{"floor":1,"key":"SkillPotion"},{"floor":10,"key":"Strength Potion"},{"floor":14,"key":"LiquidMemories"},{"floor":16,"key":"Fruit Juice"},{"floor":22,"key":"FearPotion"},{"floor":24,"key":"SkillPotion"}],"is_trial":false,"path_per_floor":["M","M","M","?","M","E","$","E","T","E","?","R","M","E","R","B",null,"M","?","?","M","?","R","M","R","T","$","R","$","E","?","R","B",null,"M","M","?","M","M","E","R","E","T","R","M","E","R","?","R","B",null,"R","$","E","B",null],"character_chosen":"THE_SILENT","items_purchased":["Noxious Fumes","Blade Dance","Dagger Spray","Burst","Lantern","Bottled Tornado","Adrenaline","Catalyst","Accuracy","Dagger Throw"],"campfire_rested":1,"item_purchase_floors":[7,7,7,27,53,53,53,53,53,53],"current_hp_per_floor":[62,62,62,55,55,45,45,35,35,5,5,26,26,21,21,51,69,62,48,48,35,35,35,35,35,35,35,35,35,35,35,35,43,71,66,66,66,66,54,53,53,41,41,41,41,51,51,43,43,56,82,82,82,90,78],"gold":53,"neow_bonus":"BOSS_RELIC","is_daily":false,"chose_seed":false,"campfire_upgraded":9,"win_rate":0.0,"timestamp":1611882886,"path_taken":["M","M","M","?","M","E","$","E","T","E","?","R","M","E","R","BOSS","M","?","?","M","?","R","M","R","T","$","R","?","E","?","R","BOSS","M","M","?","M","M","E","R","E","T","R","M","E","R","?","R","BOSS","R","$","E","BOSS"],"items_purchased_type":["Card","Card","Card","Card","Relic","Relic","Card","Card","Card","Card"],"build_version":"2020-12-22","purchased_purges":1,"victory":true,"max_hp_per_floor":[70,70,70,70,70,70,70,70,70,70,70,70,70,70,70,75,75,75,80,80,80,80,80,80,80,80,80,80,80,80,80,80,80,80,80,80,80,80,80,80,80,80,80,80,80,90,90,90,90,90,90,90,90,90,90],"relic_stats":{"Darkstone Periapt":0,"counters":[28,163],"Blue Candle":[6],"Letter Opener":[519],"War Paint":["Bullet Time","Defend_G"],"Boot":[322],"Mercury Hourglass":[145],"Sozu":4,"Ornamental Fan":[148],"Pantograph":75,"Bird Faced Urn":[21],"Kunai":[75],"obtain_stats":[{"Darkstone Periapt":17,"Lantern":53,"Pear":46,"Blue Candle":10,"Thread and Needle":17,"Letter Opener":6,"Bottled Tornado":53,"War Paint":54,"Boot":14,"Akabeko":17,"Mercury Hourglass":43,"Calling Bell":17,"Sozu":34,"Ornamental Fan":40,"Pantograph":8,"Bird Faced Urn":48,"Red Mask":22,"Kunai":26,"Toy Ornithopter":30,"FossilizedHelix":42,"Ring of the Snake":0,"Runic Pyramid":0},{"Darkstone Periapt":10,"Lantern":26,"Pear":24,"Blue Candle":7,"Thread and Needle":10,"Letter Opener":5,"Bottled Tornado":26,"War Paint":27,"Boot":9,"Akabeko":10,"Mercury Hourglass":22,"Calling Bell":10,"Sozu":16,"Ornamental Fan":21,"Pantograph":6,"Bird Faced Urn":25,"Red Mask":13,"Kunai":14,"Toy Ornithopter":15,"FossilizedHelix":22,"Ring of the Snake":0,"Runic Pyramid":0},{"Darkstone Periapt":56,"Lantern":150,"Pear":130,"Blue Candle":37,"Thread and Needle":56,"Letter Opener":28,"Bottled Tornado":150,"War Paint":155,"Boot":46,"Akabeko":56,"Mercury Hourglass":124,"Calling Bell":56,"Sozu":89,"Ornamental Fan":119,"Pantograph":33,"Bird Faced Urn":134,"Red Mask":67,"Kunai":71,"Toy Ornithopter":76,"FossilizedHelix":124,"Ring of the Snake":0,"Runic Pyramid":0}],"Toy Ornithopter":2},"card_choices":[{"not_picked":["Accuracy","Prepared"],"picked":"Sucker Punch","floor":1},{"not_picked":["Reflex","Backflip"],"picked":"Deadly Poison","floor":2},{"not_picked":["Accuracy","Slice"],"picked":"PiercingWail","floor":3},{"not_picked":["Sucker Punch","Reflex"],"picked":"Cloak And Dagger","floor":5},{"not_picked":["Eviscerate","Bane"],"picked":"Escape Plan","floor":6},{"not_picked":["Riddle With Holes","A Thousand Cuts"],"picked":"Bullet Time","floor":8},{"not_picked":["Quick Slash","PiercingWail"],"picked":"Footwork","floor":10},{"not_picked":["Terror","Tactician"],"picked":"Flying Knee","floor":13},{"not_picked":["Bane","Endless Agony"],"picked":"Flying Knee","floor":14},{"not_picked":["Die Die Die","Glass Knife"],"picked":"Adrenaline","floor":16},{"not_picked":["Quick Slash","Flying Knee+1"],"picked":"Deadly Poison","floor":18},{"not_picked":["Dagger Throw","Escape Plan+1"],"picked":"Blade Dance","floor":21},{"not_picked":["Concentrate","Quick Slash+1"],"picked":"Dagger Spray","floor":22},{"not_picked":["Riddle With Holes+1","Deadly Poison"],"picked":"PiercingWail","floor":24},{"not_picked":["A Thousand Cuts","Dagger Throw"],"picked":"Blade Dance+1","floor":30},{"not_picked":["Adrenaline","Grand Finale"],"picked":"A Thousand Cuts","floor":33},{"not_picked":["Underhanded Strike+1","Concentrate"],"picked":"PiercingWail","floor":35},{"not_picked":["Backflip","Dash"],"picked":"Leg Sweep+1","floor":36},{"not_picked":["Doppelganger","Prepared"],"picked":"Catalyst+1","floor":38},{"not_picked":["Finisher","Calculated Gamble+1"],"picked":"Deadly Poison","floor":39},{"not_picked":["Deflect+1","Doppelganger"],"picked":"Noxious Fumes+1","floor":40},{"not_picked":["Flying Knee+1","Dodge and Roll"],"picked":"PiercingWail+1","floor":42},{"not_picked":["Dodge and Roll","Deflect"],"picked":"Cloak And Dagger","floor":45},{"not_picked":["Deflect+1","Sucker Punch+1"],"picked":"Finisher+1","floor":46},{"not_picked":["Slice+1","Dagger Spray"],"picked":"Bouncing Flask","floor":48},{"not_picked":["Concentrate","Underhanded Strike","Slice+1"],"picked":"SKIP","floor":54}],"player_experience":1065996,"relics_obtained":[{"floor":6,"key":"Letter Opener"},{"floor":8,"key":"Pantograph"},{"floor":10,"key":"Blue Candle"},{"floor":14,"key":"Boot"},{"floor":17,"key":"Akabeko"},{"floor":17,"key":"Darkstone Periapt"},{"floor":17,"key":"Thread and Needle"},{"floor":22,"key":"Red Mask"},{"floor":26,"key":"Kunai"},{"floor":30,"key":"Toy Ornithopter"},{"floor":40,"key":"Ornamental Fan"},{"floor":42,"key":"FossilizedHelix"},{"floor":43,"key":"Mercury Hourglass"},{"floor":46,"key":"Pear"},{"floor":48,"key":"Bird Faced Urn"},{"floor":54,"key":"War Paint"}],"event_choices":[{"cards_removed":["Strike_G"],"damage_healed":0,"gold_gain":0,"player_choice":"Card Removal","damage_taken":7,"max_hp_gain":0,"max_hp_loss":0,"event_name":"Golden Wing","floor":4,"gold_loss":0},{"damage_healed":0,"gold_gain":0,"player_choice":"Grow","damage_taken":0,"max_hp_gain":0,"max_hp_loss":0,"event_name":"Living Wall","floor":11,"gold_loss":0,"cards_upgraded":["Noxious Fumes"]},{"damage_healed":0,"gold_gain":0,"player_choice":"Shed Blood","damage_taken":19,"max_hp_gain":5,"max_hp_loss":0,"event_name":"Forgotten Altar","floor":19,"gold_loss":0},{"damage_healed":0,"gold_gain":0,"player_choice":"Ignored","damage_taken":0,"max_hp_gain":0,"max_hp_loss":0,"event_name":"Ghosts","floor":20,"gold_loss":0},{"damage_healed":0,"gold_gain":0,"player_choice":"Fought Bandits","damage_taken":0,"max_hp_gain":0,"max_hp_loss":0,"event_name":"Masked Bandits","floor":22,"gold_loss":0},{"damage_healed":0,"gold_gain":0,"player_choice":"Ignored","damage_taken":0,"max_hp_gain":0,"max_hp_loss":0,"event_name":"Vampires","floor":31,"gold_loss":0},{"damage_healed":0,"gold_gain":222,"player_choice":"Wore Mask","damage_taken":0,"max_hp_gain":0,"max_hp_loss":0,"event_name":"Tomb of Lord Red Mask","floor":37,"gold_loss":0},{"damage_healed":0,"gold_gain":0,"player_choice":"Fight","damage_taken":0,"max_hp_gain":0,"max_hp_loss":0,"event_name":"Mysterious Sphere","floor":48,"gold_loss":0}],"is_beta":false,"boss_relics":[{"not_picked":["HoveringKite","SlaversCollar"],"picked":"Calling Bell"},{"not_picked":["Astrolabe","Cursed Key"],"picked":"Sozu"}],"items_purged_floors":[53],"is_endless":false,"potions_floor_spawned":[1,10,14,16,22,24,30,35,40,42,45],"ascension_level":6}}