{"host":"o53tqjtgf9f1tbo6","time":1611914460,"event":{"mods":["BaseMod","Bestiary","Downfall","Marisa????????","Minty Spire (QoL Compilation)","StSLib","The Cursed"],"gold_per_floor":[99,109,122,136,136,177,224,224,23,42,42,99,199,233,256,379,379,279,459,476,111,111,137,161,172,215,68,68,93,93,113,127,224,224,24,37,37,64,64,84,84,78,78,98,22,22,47,94,106,106,106,141,4,4,4,4,4,4],"floor_reached":56,"language":"ENG","playtime":6859,"items_purged":["hexamod:Strike","Normality","hexamod:Defend","hexamod:GhostOfSpirePresent+1"],"score":829,"play_id":"f89c31b4-1ca0-4da4-aedb-f0e1adaf0b55","local_time":"20210129120100","is_ascension_mode":false,"campfire_choices":[{"data":"hexamod:Float","floor":1.0,"key":"SMITH"},{"floor":8.0,"key":"REST"},{"data":"hexamod:RainOfEmbers","floor":11.0,"key":"SMITH"},{"floor":18.0,"key":"RECALL"},{"floor":28.0,"key":"REST"},{"data":"hexamod:ShieldOfDarkness","floor":35.0,"key":"SMITH"},{"data":"expansioncontent:DashGenerateEvil","floor":43.0,"key":"SMITH"},{"data":"expansioncontent:DashGenerateEvil","floor":46.0,"key":"SMITH"},{"floor":54,"key":"REST"}],"circlet_count":0,"master_deck":["hexamod:Strike+1","hexamod:Strike","hexamod:Strike+1","hexamod:Defend+1","hexamod:Defend+1","hexamod:Defend+1","hexamod:Sear+1","hexamod:Float+1","hexamod:RadiantFlame+1","hexamod:RainOfEmbers+1","hexamod:FastForward+1","hexamod:SpectersWail+1","hexamod:ShieldOfDarkness+1","hexamod:SearingWound+1","hexamod:Sear+1","hexamod:AdvancingGuard+1","hexamod:CatchUp+1","hexamod:ParanormalForm+1","Deep Breath+1","hexamod:SixthSeal","hexamod:SpectersWail+1","hexamod:GhostShield+1","hexamod:GhostShield+1","hexamod:VolcanoVisage+1","hexamod:TimeOfNeed+1","expansioncontent:AwakenDeath","expansioncontent:DashGenerateEvil+1","expansioncontent:DashGenerateEvil+1","hexamod:Hexaguard+1"],"relics":["hexamod:UnbrokenSoul","CeramicFish","Blood Vial","Membership Card","Question Card","Pocketwatch","downfall:HeartBlessingGreen","downfall:GremlinSack","hexamod:TheBrokenSeal","Toolbox","Gremlin Horn","Shuriken","Pen Nib","Toy Ornithopter","Bag of Preparation","Centennial Puzzle","Blue Candle","hexamod:IceCube","downfall:HeartBlessingRed","downfall:HeartBlessingBlue","Nunchaku","Regal Pillow","Sling","Pantograph","Juzu Bracelet","Lantern","Orichalcum","Gambling Chip","War Paint","Happy Flower"],"acts_visited":["Exordium","TheCity","TheBeyond","TheEnding"],"potions_floor_usage":[55,56],"damage_taken":[{"damage":1.0,"enemies":"Jaw Worm","floor":2.0,"turns":3.0},{"damage":0.0,"enemies":"Small Slimes","floor":3.0,"turns":4.0},{"damage":1.0,"enemies":"2 Louse","floor":4.0,"turns":3.0},{"damage":44.0,"enemies":"Gremlin Nob","floor":6.0,"turns":5.0},{"damage":0.0,"enemies":"downfall:FleeingMerchant","floor":9.0,"turns":4.0},{"damage":13.0,"enemies":"Lagavulin","floor":12.0,"turns":7.0},{"damage":18.0,"enemies":"3 Sentries","floor":14.0,"turns":8.0},{"damage":6.0,"enemies":"Large Slime","floor":15.0,"turns":5.0},{"damage":4.0,"enemies":"SI_SHIV_ARCHETYPE","floor":16.0,"turns":7.0},{"damage":40.0,"enemies":"SI_SHIV_ARCHETYPE","floor":19.0,"turns":5.0},{"damage":0.0,"enemies":"3 Byrds","floor":20.0,"turns":4.0},{"damage":2.0,"enemies":"downfall:FleeingMerchant","floor":21.0,"turns":4.0},{"damage":0.0,"enemies":"Chosen","floor":22.0,"turns":1.0},{"damage":0.0,"enemies":"Snecko","floor":25.0,"turns":3.0},{"damage":23.0,"enemies":"Slavers","floor":26.0,"turns":6.0},{"damage":9.0,"enemies":"downfall:FleeingMerchant","floor":27.0,"turns":4.0},{"damage":8.0,"enemies":"Book of Stabbing","floor":29.0,"turns":6.0},{"damage":10.0,"enemies":"Shelled Parasite and Fungi","floor":31.0,"turns":3.0},{"damage":0.0,"enemies":"Snake Plant","floor":32.0,"turns":4.0},{"damage":42.0,"enemies":"DF_ARCHETYPE_CLAW","floor":33.0,"turns":8.0},{"damage":0.0,"enemies":"3 Shapes","floor":36.0,"turns":1.0},{"damage":0.0,"enemies":"3 Darklings","floor":40.0,"turns":3.0},{"damage":0.0,"enemies":"downfall:FleeingMerchant","floor":42.0,"turns":4.0},{"damage":0.0,"enemies":"4 Shapes","floor":44.0,"turns":1.0},{"damage":4.0,"enemies":"Giant Head","floor":47.0,"turns":7.0},{"damage":56.0,"enemies":"2 Orb Walkers","floor":48.0,"turns":5.0},{"damage":0.0,"enemies":"Jaw Worm Horde","floor":49.0,"turns":2.0},{"damage":30.0,"enemies":"IC_BLOCK_ARCHETYPE","floor":50.0,"turns":8.0},{"damage":49,"enemies":"downfall:CharBossMerchant","floor":52,"turns":8},{"damage":51,"enemies":"downfall:NeowBoss","floor":55,"turns":13},{"damage":129,"enemies":"downfall:NeowBossFinal","floor":56,"turns":11}],"seed_played":"6209710649192590212","potions_obtained":[{"floor":4.0,"key":"Guardian:BlockOnCardUsePotion"},{"floor":12.0,"key":"PowerPotion"},{"floor":12.0,"key":"LiquidBronze"},{"floor":14.0,"key":"SneckoOil"},{"floor":15.0,"key":"hexamod:EctoCoolerPotion"},{"floor":25.0,"key":"EssenceOfSteel"},{"floor":29.0,"key":"CultistPotion"},{"floor":31.0,"key":"champ:CounterPotion"}],"is_trial":false,"path_per_floor":["R","M","M","M","?","E","T","R","$","?","R","E","?","E","M","B",null,"R","?","M","$","M","T","T","M","E","$","R","E","?","M","M","B",null,"R","M","?","?","?","M","T","$","R","M","$","R","E","?","M","B",null,"E","$","R","B","B"],"character_chosen":"THE_SPIRIT","items_purchased":["Membership Card","hexamod:RainOfEmbers","Toolbox","Gremlin Horn","Shuriken","Bag of Preparation","Sling","Pantograph","Juzu Bracelet","Lantern","Happy Flower","DuplicationPotion","SkillPotion"],"campfire_rested":3,"item_purchase_floors":[9,9,21,21,21,27,42,42,42,45,53,53,53],"current_hp_per_floor":[77,76,76,75,75,31,31,54,56,56,56,52,52,36,39,37,77,77,37,39,87,87,87,87,87,64,57,83,77,72,64,66,26,87,97,97,97,87,87,89,89,91,91,93,93,93,91,37,39,51,97,48,48,92,49,0,0,0],"gold":4,"neow_bonus":"TEN_PERCENT_HP_BONUS","is_daily":false,"chose_seed":false,"campfire_upgraded":5,"win_rate":0.0,"timestamp":1611914460,"path_taken":["R","M","M","M","?","E","T","R","$","?","R","E","?","E","M","BOSS","R","?","M","?","?","?","T","M","E","$","R","E","?","M","M","BOSS","R","M","?","?","?","M","T","?","R","M","$","R","E","?","M","BOSS","E","$","R","BOSS","BOSS"],"items_purchased_type":["Relic","Card","Relic","Relic","Relic","Relic","Relic","Relic","Relic","Relic","Relic","Potion","Potion"],"build_version":"2020-12-22","purchased_purges":4,"victory":false,"max_hp_per_floor":[77,77,77,77,77,77,77,77,77,77,77,77,77,77,77,77,77,77,77,77,87,87,87,87,87,87,87,87,87,87,87,87,87,87,97,97,97,97,97,97,97,97,97,97,97,97,97,97,97,97,97,97,97,97,97,97,97,97],"card_choices":[{"not_picked":["hexamod:BacktrackSmack","hexamod:RecurringNightmare"],"picked":"hexamod:InspiringFlames","floor":2.0},{"not_picked":["hexamod:HeatShield","hexamod:RetreatToShadows","hexamod:PhantomCloak"],"picked":"SKIP","floor":3.0},{"not_picked":["hexamod:InspiringFlames","hexamod:NecessarySacrifice"],"picked":"hexamod:RadiantFlame","floor":4.0},{"not_picked":["hexamod:ExtraCrispy","hexamod:FirstSeal"],"picked":"hexamod:SixthSeal","floor":6.0},{"not_picked":["hexamod:Hexaguard","hexamod:ShieldOfDarkness"],"picked":"hexamod:FirstSeal","floor":9.0},{"not_picked":["hexamod:Firestarter","hexamod:FourthSeal"],"picked":"hexamod:GhostOfSpirePresent","floor":12.0},{"not_picked":["hexamod:FourthSeal","hexamod:GhostOfSpirePast"],"picked":"hexamod:FastForward","floor":12.0},{"not_picked":["hexamod:Firestarter","hexamod:ThermalTransfer","hexamod:SwordOfDarkness"],"picked":"hexamod:SpectersWail","floor":14.0},{"not_picked":["hexamod:ThermalTransfer","hexamod:Hexaguard","hexamod:TurnItUp"],"picked":"hexamod:ShieldOfDarkness","floor":15.0},{"not_picked":["hexamod:RecurringNightmare","hexamod:NightmareStrike","hexamod:NightmareGuise","hexamod:BurningTouch"],"picked":"SKIP","floor":15.0},{"not_picked":["hexamod:HexaLevel","hexamod:GhostflameInferno","hexamod:UnleashSpirits"],"picked":"hexamod:FifthSeal","floor":16.0},{"not_picked":["hexamod:ParanormalForm","hexamod:GhostflameInferno","hexamod:WildfireWeapon"],"picked":"hexamod:SearingWound","floor":16.0},{"not_picked":["hexamod:SecondSeal","hexamod:FourthSeal"],"picked":"hexamod:SixthSeal","floor":19.0},{"not_picked":["hexamod:StepThrough","hexamod:Haunt+1","hexamod:AdvancingGuard"],"picked":"hexamod:SpectersWail+1","floor":19.0},{"not_picked":["hexamod:Firestarter","hexamod:GhostflameBarrier","hexamod:ShieldOfDarkness+1","hexamod:GhostflameInferno"],"picked":"SKIP","floor":20.0},{"not_picked":["hexamod:FirstSeal","hexamod:GhostLash","hexamod:ShieldOfDarkness"],"picked":"hexamod:GhostShield+1","floor":21.0},{"not_picked":["hexamod:GhostOfSpireFuture","hexamod:HexaLevel","hexamod:FifthSeal"],"picked":"hexamod:GhostShield+1","floor":21.0},{"not_picked":["hexamod:AdvancingGuard","hexamod:GhostShield","hexamod:FirstSeal","hexamod:NightmareGuise"],"picked":"SKIP","floor":22.0},{"not_picked":["hexamod:AdvancingGuard","hexamod:BurningTouch","hexamod:Firestarter","hexamod:ChargedBarrage+1"],"picked":"SKIP","floor":25.0},{"not_picked":["hexamod:NightmareGuise+1","hexamod:FastForward","hexamod:SecondSeal"],"picked":"hexamod:VolcanoVisage","floor":26.0},{"not_picked":["hexamod:Firestarter","hexamod:HauntingEcho+1","hexamod:BacktrackSmack+1"],"picked":"hexamod:TimeOfNeed","floor":27.0},{"not_picked":["hexamod:SpectersWail","hexamod:Incineration+1","hexamod:EtherealExpedition","hexamod:BurningTouch"],"picked":"SKIP","floor":29.0},{"not_picked":["hexamod:HeatMetal","hexamod:InspiringFlames","hexamod:BurningTouch+1","hexamod:FastForward"],"picked":"SKIP","floor":31.0},{"not_picked":["hexamod:RainOfEmbers","hexamod:BacktrackSmack","hexamod:Incineration","hexamod:Firestarter"],"picked":"SKIP","floor":32.0},{"not_picked":["hexamod:BurningTouch","hexamod:Again+1","hexamod:Firestarter","hexamod:NightmareStrike"],"picked":"SKIP","floor":36.0},{"not_picked":["expansioncontent:PolyBeam","expansioncontent:PrepareCrush"],"picked":"expansioncontent:AwakenDeath","floor":38.0},{"not_picked":["expansioncontent:DecaShield","expansioncontent:AwakenDeath"],"picked":"expansioncontent:DashGenerateEvil","floor":38.0},{"not_picked":["expansioncontent:StudyTheSpire","expansioncontent:Chronoboost"],"picked":"expansioncontent:DashGenerateEvil","floor":38.0},{"not_picked":["hexamod:ThermalTransfer","hexamod:HauntingEcho","hexamod:FastForward+1","hexamod:GhostShield"],"picked":"SKIP","floor":40.0},{"not_picked":["hexamod:InspiringFlames","hexamod:NightmareGuise+1","hexamod:GhostflameBarrier","hexamod:GhostLash"],"picked":"SKIP","floor":42.0},{"not_picked":["hexamod:NightmareStrike+1","hexamod:ThermalTransfer","hexamod:BurningTouch","hexamod:FifthSeal"],"picked":"SKIP","floor":44.0},{"not_picked":["hexamod:GhostLash","hexamod:GhostflameInferno","hexamod:StepThrough","hexamod:SpectersWail+1"],"picked":"SKIP","floor":47.0},{"not_picked":["hexamod:SpectersWail+1","hexamod:NightmareGuise+1","hexamod:BurningTouch+1","hexamod:ShieldOfDarkness+1"],"picked":"SKIP","floor":49.0},{"not_picked":["hexamod:HeatMetal+1","hexamod:HauntingEcho","hexamod:SixthSeal"],"picked":"hexamod:Hexaguard+1","floor":52}],"player_experience":94206,"relics_obtained":[{"floor":6.0,"key":"CeramicFish"},{"floor":7.0,"key":"Blood Vial"},{"floor":12.0,"key":"Question Card"},{"floor":14.0,"key":"Pocketwatch"},{"floor":19.0,"key":"downfall:GremlinSack"},{"floor":24.0,"key":"Pen Nib"},{"floor":26.0,"key":"Toy Ornithopter"},{"floor":29.0,"key":"Centennial Puzzle"},{"floor":37.0,"key":"Nunchaku"},{"floor":41.0,"key":"Regal Pillow"},{"floor":47.0,"key":"Orichalcum"},{"floor":48.0,"key":"Gambling Chip"},{"floor":52,"key":"War Paint"}],"event_choices":[{"damage_healed":0.0,"max_hp_gain":0.0,"max_hp_loss":0.0,"gold_gain":0.0,"event_name":"Mysterious Sphere","player_choice":"Fight","floor":48.0,"gold_loss":0.0,"damage_taken":0.0}],"is_beta":false,"boss_relics":[{"not_picked":["Sozu","Busted Crown"],"picked":"hexamod:UnbrokenSoul"},{"not_picked":["Astrolabe","Black Star"],"picked":"hexamod:IceCube"}],"items_purged_floors":[9,21,27,42],"is_endless":false,"potions_floor_spawned":[4,12,14,15,16,25,29,31,33,44,48],"killed_by":"downfall:NeowBossFinal","ascension_level":0}}