{"host":"kdt6w7ix8lwe69i9","time":1611894648,"event":{"mods":["100% Spire Juice","BaseMod","ChefMod","Evolution","Minty Spire (QoL Compilation)","Poor People Problems","Reimu（博丽灵梦）","Robot Space Explorer","Shade Mod","StSLib","The Dragonkin","The Gatherer","TheSurvivalist"],"gold_per_floor":[110,186,204,204,204,235,235,254,254,303,341,341,37,63,63,171,171,193,193,193,193,193,235,235,255,279,288,288,288,310,332,332,442,442,462,488,488,48,0,0,25,66,89,108,108,148,157,176,176,176],"floor_reached":51,"language":"ENG","playtime":5778,"items_purged":["Regret"],"score":806,"play_id":"fb0dbe89-75d6-4355-b789-9193f9615551","local_time":"20210128233048","is_ascension_mode":false,"campfire_choices":[{"data":"survmod:SimpleMutation","floor":7,"key":"SMITH"},{"floor":12,"key":"REST"},{"data":"survmod:BendAndBow","floor":15,"key":"SMITH"},{"data":"survmod:MutantEnergy","floor":24,"key":"SMITH"},{"data":"survmod:FlareBarrage","floor":29,"key":"SMITH"},{"floor":32,"key":"REST"},{"data":"survmod:MarkedShot","floor":40,"key":"SMITH"},{"floor":45,"key":"REST"},{"floor":49,"key":"REST"}],"circlet_count":0,"master_deck":["survmod:NockAnArrow","survmod:NockAnArrow","survmod:NockAnArrow","survmod:DuckAndFlare","survmod:DuckAndFlare","survmod:DuckAndFlare","survmod:DuckAndFlare","survmod:VersatileOffense+1","survmod:Sprint","survmod:SimpleMutation+1","survmod:TacticalManeuver","survmod:MarkTrap","survmod:ShrapnelTraps","survmod:FlashbangTrap","survmod:BendAndBow+1","survmod:MutantEnergy+1","survmod:DuckAndFlare","survmod:DuckAndFlare","survmod:SimpleMutation","survmod:FlareBarrage+1","survmod:NockAnArrow","survmod:GoForFace+1","survmod:MercifulShot","survmod:FocusedFire+1","survmod:QuickThinking","survmod:MarkedShot+1","survmod:QuickDash+1","survmod:DuckAndFlare","survmod:MarkTrap","survmod:SkillfulManeuver","survmod:FlareBarrage"],"relics":["EVO:Axolotl","Busted Crown","Pear","survmod:ShotGlass","Ornamental Fan","CeramicFish","Omamori","TentaclePot:ReiMu","Calling Bell","Oddly Smooth Stone","White Beast Statue","CaptainsWheel","Frozen Egg 2","Boot","MealTicket","Black Star","Singing Bowl","Strange Spoon","Red Mask","FossilizedHelix","Toy Ornithopter","Vajra","Gremlin Horn","Sundial"],"acts_visited":["Exordium","TheCity","TheBeyond"],"potions_floor_usage":[11,18,25,30,30,33,33,33,42,42,42,44,46,48,50],"damage_taken":[{"damage":0,"enemies":"2 Louse","floor":1,"turns":2},{"damage":0,"enemies":"Small Slimes","floor":3,"turns":2},{"damage":10,"enemies":"Gremlin Nob","floor":6,"turns":6},{"damage":3,"enemies":"Jaw Worm","floor":8,"turns":3},{"damage":24,"enemies":"3 Sentries","floor":11,"turns":10},{"damage":0,"enemies":"Blue Slaver","floor":14,"turns":4},{"damage":4,"enemies":"The Guardian","floor":16,"turns":8},{"damage":0,"enemies":"Spheric Guardian","floor":18,"turns":3},{"damage":9,"enemies":"Book of Stabbing","floor":23,"turns":6},{"damage":0,"enemies":"3 Byrds","floor":25,"turns":4},{"damage":3,"enemies":"Snake Plant","floor":30,"turns":4},{"damage":12,"enemies":"Centurion and Healer","floor":31,"turns":6},{"damage":24,"enemies":"Collector","floor":33,"turns":11},{"damage":9,"enemies":"3 Darklings","floor":35,"turns":6},{"damage":1,"enemies":"Orb Walker","floor":36,"turns":5},{"damage":1,"enemies":"4 Shapes","floor":41,"turns":4},{"damage":45,"enemies":"Giant Head","floor":42,"turns":11},{"damage":7,"enemies":"3 Darklings","floor":44,"turns":5},{"damage":0,"enemies":"Nemesis","floor":46,"turns":7},{"damage":5,"enemies":"Jaw Worm Horde","floor":48,"turns":4},{"damage":53,"enemies":"Awakened One","floor":50,"turns":17}],"seed_played":"2435671672025805780","potions_obtained":[{"floor":3,"key":"Weak Potion"},{"floor":11,"key":"Fire Potion"},{"floor":14,"key":"Weak Potion"},{"floor":16,"key":"Energy Potion"},{"floor":18,"key":"Block Potion"},{"floor":25,"key":"ZuzhouPotion:ReiMu"},{"floor":30,"key":"Strength Potion"},{"floor":31,"key":"DuplicationPotion"},{"floor":33,"key":"Dexterity Potion"},{"floor":35,"key":"Block Potion"},{"floor":36,"key":"GamblersBrew"},{"floor":42,"key":"PowerPotion"},{"floor":44,"key":"EssenceOfSteel"},{"floor":46,"key":"LiquidBronze"},{"floor":48,"key":"SteroidPotion"}],"is_trial":false,"path_per_floor":["M","?","M","?","?","E","R","M","T","T","E","R","$","M","R","B",null,"M","?","?","?","?","E","R","M","T","?","?","R","M","M","R","B",null,"M","M","?","$","?","R","M","E","T","M","R","E","?","M","R","B",null],"character_chosen":"THE_SURVIVOR","items_purchased":["survmod:FlashbangTrap","survmod:ShrapnelTraps","TentaclePot:ReiMu","Singing Bowl","Strange Spoon","survmod:MarkedShot"],"campfire_rested":4,"item_purchase_floors":[13,13,13,38,38,38],"current_hp_per_floor":[51,51,51,51,61,51,51,48,48,48,24,42,42,42,42,38,61,61,61,61,61,61,52,52,52,52,52,52,52,49,37,55,31,61,52,51,51,61,61,61,60,15,15,15,33,38,38,38,56,8],"gold":176,"neow_bonus":"BOSS_RELIC","is_daily":false,"chose_seed":false,"campfire_upgraded":5,"win_rate":0.0,"timestamp":1611894648,"path_taken":["M","?","M","?","?","E","R","M","T","?","E","R","$","M","R","BOSS","M","?","?","?","?","E","R","?","T","?","?","R","M","M","R","BOSS","M","?","?","$","?","R","M","E","T","M","R","E","?","?","R","BOSS"],"items_purchased_type":["Card","Card","Relic","Relic","Relic","Card"],"build_version":"2020-12-22","purchased_purges":1,"victory":true,"max_hp_per_floor":[51,51,51,51,61,61,61,61,61,61,61,61,61,61,61,61,61,61,61,61,61,61,61,61,61,61,61,61,61,61,61,61,61,61,61,61,61,61,61,61,61,61,61,63,63,63,63,63,63,63],"card_choices":[{"not_picked":[],"picked":"survmod:SimpleMutation","floor":1},{"not_picked":[],"picked":"survmod:TacticalManeuver","floor":3},{"not_picked":[],"picked":"survmod:MarkTrap","floor":6},{"not_picked":[],"picked":"survmod:ShrapnelTraps","floor":8},{"not_picked":[],"picked":"survmod:BearTrap","floor":11},{"not_picked":[],"picked":"survmod:BendAndBow","floor":14},{"not_picked":[],"picked":"survmod:MutantEnergy","floor":16},{"not_picked":[],"picked":"survmod:DuckAndFlare","floor":18},{"not_picked":[],"picked":"survmod:DuckAndFlare","floor":23},{"not_picked":[],"picked":"survmod:SimpleMutation","floor":25},{"not_picked":[],"picked":"survmod:NockAnArrow","floor":30},{"not_picked":[],"picked":"survmod:GoForFace+1","floor":31},{"not_picked":[],"picked":"survmod:MercifulShot","floor":33},{"not_picked":[],"picked":"survmod:FocusedFire+1","floor":35},{"not_picked":[],"picked":"survmod:QuickThinking","floor":36},{"not_picked":[],"picked":"survmod:QuickDash+1","floor":41},{"not_picked":[],"picked":"survmod:DuckAndFlare","floor":42},{"not_picked":["survmod:PenetratingShot"],"picked":"Singing Bowl","floor":44},{"not_picked":[],"picked":"survmod:MarkTrap","floor":46},{"not_picked":[],"picked":"survmod:FlareBarrage","floor":48}],"player_experience":1146589,"relics_obtained":[{"floor":6,"key":"survmod:ShotGlass"},{"floor":9,"key":"Ornamental Fan"},{"floor":10,"key":"CeramicFish"},{"floor":11,"key":"Omamori"},{"floor":17,"key":"Oddly Smooth Stone"},{"floor":17,"key":"White Beast Statue"},{"floor":17,"key":"CaptainsWheel"},{"floor":23,"key":"Boot"},{"floor":26,"key":"MealTicket"},{"floor":42,"key":"FossilizedHelix"},{"floor":42,"key":"Toy Ornithopter"},{"floor":43,"key":"Vajra"},{"floor":46,"key":"Gremlin Horn"},{"floor":46,"key":"Sundial"}],"event_choices":[{"damage_healed":0,"gold_gain":76,"player_choice":"Gained Gold","damage_taken":0,"max_hp_gain":0,"max_hp_loss":0,"event_name":"Golden Wing","floor":2,"gold_loss":0},{"damage_healed":0,"gold_gain":0,"player_choice":"Grow","damage_taken":0,"max_hp_gain":0,"max_hp_loss":0,"event_name":"Living Wall","floor":4,"gold_loss":0,"cards_upgraded":["survmod:VersatileOffense"]},{"damage_healed":0,"gold_gain":0,"player_choice":"Box","damage_taken":0,"relics_obtained":["Pear"],"max_hp_gain":0,"max_hp_loss":0,"event_name":"Big Fish","floor":5,"gold_loss":0,"cards_obtained":["Regret"]},{"damage_healed":0,"gold_gain":0,"player_choice":"Ignored","damage_taken":0,"max_hp_gain":0,"max_hp_loss":0,"event_name":"Vampires","floor":19,"gold_loss":0},{"damage_healed":0,"gold_gain":0,"player_choice":"Ignored","damage_taken":0,"max_hp_gain":0,"max_hp_loss":0,"event_name":"Ghosts","floor":20,"gold_loss":0},{"damage_healed":0,"gold_gain":0,"player_choice":"Ignored","damage_taken":0,"max_hp_gain":0,"max_hp_loss":0,"event_name":"Beggar","floor":21,"gold_loss":0},{"damage_healed":0,"gold_gain":0,"player_choice":"Stole Relic","damage_taken":0,"relics_obtained":["Frozen Egg 2"],"max_hp_gain":0,"max_hp_loss":0,"event_name":"Addict","floor":22,"gold_loss":0,"cards_obtained":["Shame"]},{"damage_healed":0,"gold_gain":0,"player_choice":"Read","damage_taken":0,"max_hp_gain":0,"max_hp_loss":0,"event_name":"The Library","floor":27,"gold_loss":0,"cards_obtained":["survmod:FlareBarrage"]},{"cards_removed":["survmod:BearTrap"],"damage_healed":0,"gold_gain":0,"player_choice":"Card Removal","damage_taken":0,"max_hp_gain":0,"max_hp_loss":0,"event_name":"Wheel of Change","floor":28,"gold_loss":0},{"cards_removed":["survmod:NockAnArrow"],"damage_healed":0,"gold_gain":0,"player_choice":"Removed Attack","damage_taken":0,"max_hp_gain":0,"max_hp_loss":0,"event_name":"Falling","floor":37,"gold_loss":0},{"damage_healed":0,"gold_gain":0,"player_choice":"Paid","damage_taken":0,"relics_obtained":["Red Mask"],"max_hp_gain":0,"max_hp_loss":0,"event_name":"Tomb of Lord Red Mask","floor":39,"gold_loss":48},{"damage_healed":0,"gold_gain":0,"cards_transformed":["survmod:ShrapnelTraps"],"player_choice":"Transformed","damage_taken":0,"max_hp_gain":0,"max_hp_loss":0,"event_name":"Transmorgrifier","floor":47,"gold_loss":0,"cards_obtained":["survmod:SkillfulManeuver"]}],"is_beta":false,"boss_relics":[{"not_picked":["Philosopher\u0027s Stone","Sozu"],"picked":"Calling Bell"},{"not_picked":["Runic Pyramid","Astrolabe"],"picked":"Black Star"}],"items_purged_floors":[13],"is_endless":false,"potions_floor_spawned":[3,11,14,16,18,23,25,30,31,33,35,36,41,42,44,46,48],"ascension_level":0}}