{"host":"mhk64yc8b8cafbgt","time":1611897655,"event":{"mods":["Act Like it!","BaseMod","BetterRewards","CapriCore","Energized Spire","Friendly Minions","GifTheSpireLib","Gold Saver","Marked Mod","Minty Spire (QoL Compilation)","MostiFishMod","Quick Restart","READ ME - Guardian Mod","Reliquary","Robot Space Explorer","RumiaBox-露米娅的神秘盒子","Ryuuou龙王","Shop Mod","Spicy Shops","StSLib","TestMod","Uncapped","[IsaacMod]以撒尖塔","noobMod","【功能Mod】混沌之环修复补丁","【遗物卡牌】REMEMod","残留之物"],"gold_per_floor":[110,123,123,139,139,170,170,23,23,38,69,69,144,183,183,306,306,328,25,54,54,97,157,200,257,257,322,345,345,345,388,388,529,529,552,552,628,961,978,1021,1021,1058,1129,1183,1183,1225,1282,1301,1301,1320,1320,1320,331,362,387],"floor_reached":56,"language":"ZHS","playtime":5326,"items_purged":["Regret","PlaceholderMod:BaseStrike","PlaceholderMod:BaseDefend","DoctorFetus+1","PlaceholderMod:InnerSoften","PlaceholderMod:HealingAttack"],"score":1912,"play_id":"3871b1fc-b046-48ad-a651-76dc8bf7d781","local_time":"20210129132055","is_ascension_mode":true,"campfire_choices":[{"floor":12,"key":"RECALL"},{"data":"DoctorFetus","floor":15,"key":"SMITH"},{"data":"PlaceholderMod:ConsolidateHit","floor":29,"key":"SMITH"},{"data":"PlaceholderMod:DoublePoint","floor":32,"key":"SMITH"},{"data":"PlaceholderMod:Activation","floor":41,"key":"SMITH"},{"data":"PlaceholderMod:NearChange","floor":45,"key":"SMITH"},{"data":"PlaceholderMod:Activation","floor":49,"key":"SMITH"},{"data":"PlaceholderMod:FinalSpray","floor":52,"key":"SMITH"}],"circlet_count":0,"master_deck":["PlaceholderMod:NearChange+1","PlaceholderMod:FastReaction","PlaceholderMod:Activation+1","PlaceholderMod:HardStrike","PlaceholderMod:AngryAttack","PlaceholderMod:PoisonBlast","PlaceholderMod:Activation+1","PlaceholderMod:ConsolidateHit+1","PlaceholderMod:ThreeBenzyolStart","PlaceholderMod:ParasiteChange","PlaceholderMod:DoublePoint+1","PlaceholderMod:PericyclicReaction","PlaceholderMod:PericyclicReaction","PlaceholderMod:AbsorbTouch","PlaceholderMod:FinalSpray+1","PlaceholderMod:HornyCollision","PlaceholderMod:ConsolidateHit+1","PlaceholderMod:DoublePoint+1","Trip+1","PlaceholderMod:Colorful+1","PlaceholderMod:MultiReaction+1","PlaceholderMod:PoisonExcitation+1","REME_EyeOfCthun","PlaceholderMod:Stratification+1"],"relics":["PlaceholderMod:Tancle","REME_ComplimentaryCards","DaveBox","testmod-TestBox","HushsDoor","KeepersGift","ice","SynthV:TestCard","reliquary:SilkGlove","MerchantsRug","Matryoshka","reliquary:IridiumChain","testmod-DeterminationOfClimber","GuppysTail","GuppysHead","Damocles","GodSword3","Turnip","testmod-EqualTreatment","ImprovedEquipment","SumBook","testmod-IntensifyImprint","Regal Pillow","HornCleat","Nunchaku","NineVolt","Toxic Egg 2","testmod-Fortitude","JellyFishMachine","GuppysCollar","Kunai","testmod-FatalChain","reliquary:Stiletto","Ornamental Fan","Art of War","testmod-InfectionSource","testmod-LifeArmor","Akabeko","Pear","Blue Candle","DaCapo","Ancient Tea Set","ThornShield","Vajra","SecretRecord","REME_LimitBreaker","testmod-Justice","BookofShadows","MoreBug"],"acts_visited":["Exordium","TheCity","TheBeyond","TheEnding"],"potions_floor_usage":[4,6,55,55,55],"damage_taken":[{"damage":0,"enemies":"Cultist","floor":1,"turns":4},{"damage":0,"enemies":"Small Slimes","floor":2,"turns":4},{"damage":0,"enemies":"Jaw Worm","floor":4,"turns":5},{"damage":18,"enemies":"Gremlin Nob","floor":6,"turns":4},{"damage":2,"enemies":"Looter","floor":10,"turns":3},{"damage":11,"enemies":"3 Sentries","floor":11,"turns":8},{"damage":2,"enemies":"Lagavulin","floor":14,"turns":5},{"damage":31,"enemies":"The Guardian","floor":16,"turns":6},{"damage":0,"enemies":"Shell Parasite","floor":18,"turns":2},{"damage":0,"enemies":"3 Byrds","floor":20,"turns":2},{"damage":0,"enemies":"Snake Plant","floor":22,"turns":1},{"damage":0,"enemies":"Book of Stabbing","floor":23,"turns":2},{"damage":0,"enemies":"3 Cultists","floor":24,"turns":1},{"damage":0,"enemies":"Gremlin Leader","floor":25,"turns":2},{"damage":0,"enemies":"REME_1_Revenger","floor":27,"turns":1},{"damage":0,"enemies":"Snecko","floor":28,"turns":1},{"damage":0,"enemies":"Slavers","floor":31,"turns":1},{"damage":0,"enemies":"Champ","floor":33,"turns":1},{"damage":0,"enemies":"Orb Walker","floor":35,"turns":1},{"damage":0,"enemies":"2 Orb Walkers","floor":37,"turns":1},{"damage":0,"enemies":"3 Darklings","floor":39,"turns":1},{"damage":0,"enemies":"Nemesis","floor":40,"turns":2},{"damage":0,"enemies":"Reptomancer","floor":42,"turns":1},{"damage":0,"enemies":"Giant Head","floor":44,"turns":1},{"damage":0,"enemies":"Spire Growth","floor":46,"turns":2},{"damage":0,"enemies":"Nemesis","floor":47,"turns":1},{"damage":0,"enemies":"Sphere and 2 Shapes","floor":48,"turns":1},{"damage":0,"enemies":"Donu and Deca","floor":50,"turns":1},{"damage":0,"enemies":"Shield and Spear","floor":54,"turns":1},{"damage":0,"enemies":"The Heart","floor":55,"turns":3}],"seed_played":"-7919183822902393411","potions_obtained":[{"floor":1,"key":"BlessingOfTheForge"},{"floor":4,"key":"Fruit Juice"},{"floor":18,"key":"SkillPotion"},{"floor":23,"key":"SmokeBomb"},{"floor":37,"key":"Explosive Potion"},{"floor":54,"key":"PlaceholderMod:PlaceholderPotion"}],"is_trial":false,"path_per_floor":["M","M","?","M","?","E","?","$","T","M","E","R","?","E","R","B",null,"M","$","M","?","M","E","M","E","T","E","M","R","T","E","R","B",null,"M","?","?","?","M","E","R","E","T","E","R","M","E","M","R","B",null,"R","$","E","B",null],"character_chosen":"THE_PLACEHOLDER","items_purchased":["MerchantsRug","GuppysTail","GuppysHead","PlaceholderMod:ThreeBenzyolStart","GuppysCollar","REME_LimitBreaker","testmod-Justice","REME_EyeOfCthun"],"campfire_rested":0,"item_purchase_floors":[8,17,17,19,34,53,53,53],"current_hp_per_floor":[57,64,64,79,79,61,41,41,41,48,47,47,36,38,38,7,63,63,63,63,63,63,63,63,63,63,63,63,63,63,63,63,63,45,45,45,45,45,45,45,45,45,55,55,55,55,55,55,55,55,55,55,55,55,55],"gold":387,"neow_bonus":"REMOVE_TWO","is_daily":false,"chose_seed":false,"campfire_upgraded":7,"win_rate":0.0,"timestamp":1611897655,"path_taken":["M","M","?","M","?","E","?","$","T","M","E","R","?","E","R","BOSS","M","$","M","?","?","E","M","E","T","E","M","R","?","E","R","BOSS","M","?","?","?","M","E","R","E","T","E","R","M","E","M","R","BOSS","R","$","E","BOSS"],"items_purchased_type":["Relic","Relic","Relic","Card","Relic","Relic","Relic","Card"],"build_version":"2020-12-22","purchased_purges":6,"victory":true,"max_hp_per_floor":[78,78,78,83,83,83,83,83,83,83,83,83,83,83,83,83,63,63,63,63,63,63,63,63,63,63,63,63,63,63,63,63,63,45,45,45,45,45,45,45,45,45,55,55,55,55,55,55,55,55,55,55,55,55,55],"card_choices":[{"not_picked":[],"picked":"DoctorFetus","floor":0},{"not_picked":["PlaceholderMod:Polyp","Bomb"],"picked":"PlaceholderMod:HealingAttack","floor":1},{"not_picked":["PlaceholderMod:TriggerStrike","PlaceholderMod:DirectingGroup","PlaceholderMod:Sweep","PlaceholderMod:HardStinger"],"picked":"PlaceholderMod:FastReaction","floor":2},{"not_picked":["PlaceholderMod:StrongAcid","PlaceholderMod:Sweep","PlaceholderMod:OHStrongAttack","PlaceholderMod:SpinBlade"],"picked":"PlaceholderMod:Activation","floor":4},{"not_picked":["PlaceholderMod:DirectingGroup","PlaceholderMod:Sweep","PlaceholderMod:Stable","PlaceholderMod:ProliferateStrike","PlaceholderMod:OHStrongAttack"],"picked":"SKIP","floor":6},{"not_picked":["PlaceholderMod:EnergyAbsorb","PlaceholderMod:Hyperplasia","PlaceholderMod:Polyp","PlaceholderMod:Internalization"],"picked":"PlaceholderMod:HardStrike","floor":10},{"not_picked":["PlaceholderMod:MultiReaction","PlaceholderMod:StrongAcid","PlaceholderMod:HardStinger","PlaceholderMod:NearChange"],"picked":"PlaceholderMod:AngryAttack","floor":11},{"not_picked":["PlaceholderMod:AttackAsDefend","PlaceholderMod:DiffusionChemical","PlaceholderMod:PoisonExcitation","PlaceholderMod:ConsolidateHit"],"picked":"PlaceholderMod:PoisonBlast","floor":14},{"not_picked":["PlaceholderMod:GrowthForm","PlaceholderMod:BlastSpray","PlaceholderMod:MultiReaction","PlaceholderMod:DiffusionPoison"],"picked":"PlaceholderMod:Activation","floor":16},{"not_picked":["PlaceholderMod:OHStrongAttack","PlaceholderMod:ProliferateStrike","PlaceholderMod:HardStrike+1","PlaceholderMod:HornyBlast"],"picked":"PlaceholderMod:ConsolidateHit","floor":18},{"not_picked":["PlaceholderMod:MultipleOxi+1","PlaceholderMod:InnerStable","PlaceholderMod:PoisonExcitation","PlaceholderMod:AbsorbTouch","PlaceholderMod:DissolvingSpikes+1"],"picked":"SKIP","floor":20},{"not_picked":["PlaceholderMod:HighConcentration","PlaceholderMod:Internalization","PlaceholderMod:ContinueSpray+1","PlaceholderMod:Sweep"],"picked":"PlaceholderMod:ParasiteChange","floor":22},{"not_picked":["PlaceholderMod:HardStinger","PlaceholderMod:ComplexForm","PlaceholderMod:PoisonBlast","PlaceholderMod:SubstitutionNucleophilic1+1"],"picked":"PlaceholderMod:DoublePoint","floor":23},{"not_picked":["PlaceholderMod:ProliferateStrike","PlaceholderMod:HardStinger+1","PlaceholderMod:HornyBlast+1","PlaceholderMod:Polyp","PlaceholderMod:SeverePoisonStrike"],"picked":"SKIP","floor":24},{"not_picked":["PlaceholderMod:PoisonExcitation","PlaceholderMod:PoisonBlast","PlaceholderMod:NearChange","PlaceholderMod:ParasiteChange","PlaceholderMod:FastReaction"],"picked":"SKIP","floor":25},{"not_picked":["PlaceholderMod:SeverePoisonStrike","PlaceholderMod:Polyp","PlaceholderMod:Assimilation","PlaceholderMod:ConsolidateHit+1","PlaceholderMod:SelectReaction"],"picked":"SKIP","floor":27},{"not_picked":["PlaceholderMod:SeverePoisonStrike","PlaceholderMod:Polyp","PlaceholderMod:Assimilation","PlaceholderMod:SelectReaction"],"picked":"PlaceholderMod:ConsolidateHit+1","floor":27},{"not_picked":["PlaceholderMod:Sweep","PlaceholderMod:PoisonExcitation+1","PlaceholderMod:ConsolidateHit+1","PlaceholderMod:SeverePoisonStrike+1","PlaceholderMod:Turn+1"],"picked":"SKIP","floor":28},{"not_picked":["PlaceholderMod:ContinueSpray","PlaceholderMod:ProliferateStrike","PlaceholderMod:NearChange+1","PlaceholderMod:NutritionAbsorb+1","PlaceholderMod:StressReaction+1"],"picked":"SKIP","floor":31},{"not_picked":["PlaceholderMod:Assimilation","PlaceholderMod:GrowthForm","PlaceholderMod:InnerSoften+1","PlaceholderMod:AbsorbTouch"],"picked":"PlaceholderMod:DoublePoint+1","floor":33},{"not_picked":["PlaceholderMod:AttackAsDefend+1","PlaceholderMod:Internalization+1","PlaceholderMod:ProliferateStrike","PlaceholderMod:DirectingGroup+1","PlaceholderMod:FastReaction+1"],"picked":"SKIP","floor":35},{"not_picked":["testmod-PainDetonator","testmod-WeaknessCounterattack","Purity+1","Metamorphosis+1"],"picked":"Trip+1","floor":36},{"not_picked":["PlaceholderMod:Polyp+1","PlaceholderMod:TriggerStrike+1","PlaceholderMod:InnerStable+1","PlaceholderMod:Corrosion+1"],"picked":"PlaceholderMod:Colorful+1","floor":39},{"not_picked":["PlaceholderMod:SeverePoisonStrike+1","PlaceholderMod:DissolvingSpikes","PlaceholderMod:AttackAsDefend+1","PlaceholderMod:HardStrike+1","PlaceholderMod:Crystallization+1"],"picked":"SKIP","floor":40},{"not_picked":["PlaceholderMod:Hard+1","PlaceholderMod:OHStrongAttack","PlaceholderMod:DirectingGroup+1","PlaceholderMod:EvolutionSpray+1","PlaceholderMod:DoublePoint+1"],"picked":"SKIP","floor":42},{"not_picked":["PlaceholderMod:PoisonExcitation+1","PlaceholderMod:HealingAttack","PlaceholderMod:SubstitutionNucleophilic1","PlaceholderMod:PoisonAbsorb+1"],"picked":"PlaceholderMod:MultiReaction+1","floor":44},{"not_picked":["PlaceholderMod:AttackAsDefend+1","PlaceholderMod:DissolvingSpikes","PlaceholderMod:HardStrike","PlaceholderMod:StrongAcid+1","PlaceholderMod:DirectingGroup+1"],"picked":"SKIP","floor":46},{"not_picked":["PlaceholderMod:Hyperplasia+1","PlaceholderMod:SeverePoisonStrike+1","PlaceholderMod:AttackAsDefend","PlaceholderMod:Crystallization","PlaceholderMod:ConsolidateHit"],"picked":"SKIP","floor":47},{"not_picked":["PlaceholderMod:StressReaction+1","PlaceholderMod:UnpureUse","PlaceholderMod:ComplexForm","PlaceholderMod:SprayAttack"],"picked":"PlaceholderMod:PoisonExcitation+1","floor":48},{"not_picked":["PlaceholderMod:ParasiteChange+1","PlaceholderMod:PoisonAbsorb+1","PlaceholderMod:NearChange+1","PlaceholderMod:AngryAttack"],"picked":"PlaceholderMod:Stratification+1","floor":54}],"player_experience":251611,"relics_obtained":[{"floor":1,"key":"SynthV:TestCard"},{"floor":6,"key":"reliquary:SilkGlove"},{"floor":11,"key":"Matryoshka"},{"floor":14,"key":"reliquary:IridiumChain"},{"floor":23,"key":"Damocles"},{"floor":24,"key":"GodSword3"},{"floor":25,"key":"Turnip"},{"floor":25,"key":"testmod-EqualTreatment"},{"floor":26,"key":"ImprovedEquipment"},{"floor":26,"key":"SumBook"},{"floor":27,"key":"testmod-IntensifyImprint"},{"floor":27,"key":"Regal Pillow"},{"floor":28,"key":"HornCleat"},{"floor":30,"key":"Nunchaku"},{"floor":30,"key":"NineVolt"},{"floor":31,"key":"Toxic Egg 2"},{"floor":31,"key":"testmod-Fortitude"},{"floor":35,"key":"Kunai"},{"floor":37,"key":"testmod-FatalChain"},{"floor":37,"key":"reliquary:Stiletto"},{"floor":39,"key":"Ornamental Fan"},{"floor":40,"key":"Art of War"},{"floor":40,"key":"testmod-InfectionSource"},{"floor":42,"key":"testmod-LifeArmor"},{"floor":42,"key":"Akabeko"},{"floor":43,"key":"Pear"},{"floor":44,"key":"Blue Candle"},{"floor":44,"key":"DaCapo"},{"floor":46,"key":"Ancient Tea Set"},{"floor":47,"key":"ThornShield"},{"floor":47,"key":"Vajra"},{"floor":48,"key":"SecretRecord"},{"floor":54,"key":"BookofShadows"},{"floor":54,"key":"MoreBug"}],"event_choices":[{"cards_removed":["PlaceholderMod:BaseStrike"],"damage_healed":0,"gold_gain":0,"player_choice":"Forget","damage_taken":0,"max_hp_gain":0,"max_hp_loss":0,"event_name":"Living Wall","floor":3,"gold_loss":0},{"damage_healed":0,"gold_gain":0,"player_choice":"Box","damage_taken":0,"relics_obtained":["Prayer Wheel"],"max_hp_gain":0,"max_hp_loss":0,"event_name":"Big Fish","floor":5,"gold_loss":0,"cards_obtained":["Regret"]},{"damage_healed":0,"gold_gain":0,"player_choice":"Take Damage","damage_taken":20,"relics_obtained":["Golden Idol"],"max_hp_gain":0,"max_hp_loss":0,"event_name":"Golden Idol","floor":7,"gold_loss":0},{"damage_healed":0,"gold_gain":75,"player_choice":"Gather Gold","damage_taken":11,"max_hp_gain":0,"max_hp_loss":0,"event_name":"World of Goop","floor":13,"gold_loss":0},{"cards_removed":["PlaceholderMod:BaseStrike"],"damage_healed":0,"gold_gain":0,"player_choice":"Elegance","damage_taken":0,"max_hp_gain":0,"max_hp_loss":0,"event_name":"Back to Basics","floor":21,"gold_loss":0},{"damage_healed":0,"gold_gain":0,"player_choice":"Memory 1","damage_taken":0,"max_hp_gain":0,"max_hp_loss":0,"event_name":"SensoryStone","floor":36,"gold_loss":0},{"damage_healed":0,"gold_gain":0,"player_choice":"Fight","damage_taken":0,"max_hp_gain":0,"max_hp_loss":0,"event_name":"Mysterious Sphere","floor":37,"gold_loss":0},{"damage_healed":0,"gold_gain":333,"player_choice":"Gave Idol","damage_taken":0,"max_hp_gain":0,"max_hp_loss":0,"event_name":"The Moai Head","floor":38,"relics_lost":["Golden Idol"],"gold_loss":0}],"is_beta":false,"boss_relics":[{"not_picked":["Fusion Hammer","REME_DuelDisc"],"picked":"testmod-DeterminationOfClimber"},{"not_picked":[]},{"not_picked":["testmod-KeyOfTheVoid","Velvet Choker"],"picked":"JellyFishMachine"},{"not_picked":[]}],"items_purged_floors":[8,19,19,34,53,53],"is_endless":false,"potions_floor_spawned":[1,4,18,23,27,33,37,39,44,54],"ascension_level":1}}