{"host":"jhy70w0yh8dayqay","time":1611909203,"event":{"mods":["AchievementEnabler","BaseMod","Colored Map","Colored Powertips","DeckTracker","Minty Spire (QoL Compilation)","Permanent Neow","SuperFastMode"],"gold_per_floor":[13,88,101,26,44,44,72,92,92,106,106,106],"floor_reached":11,"language":"KOR","playtime":391,"items_purged":["Strike_R"],"score":124,"play_id":"bbd1dc8f-b924-467c-b4c1-9eef7b43fa47","local_time":"20210129173323","is_ascension_mode":true,"campfire_choices":[{"data":"True Grit","floor":6,"key":"SMITH"}],"circlet_count":0,"master_deck":["AscendersBane","Strike_R","Strike_R","Strike_R","Strike_R","Defend_R","Defend_R","Defend_R","Defend_R","Bash","Wild Strike","Demon Form","True Grit+1","Evolve","Wild Strike"],"relics":["Burning Blood","Dead Branch","Sundial","Singing Bowl"],"acts_visited":["Exordium"],"potions_floor_usage":[10,11],"damage_taken":[{"damage":6,"enemies":"Jaw Worm","floor":1,"turns":4},{"damage":0,"enemies":"Cultist","floor":3,"turns":2},{"damage":4,"enemies":"Small Slimes","floor":5,"turns":3},{"damage":32,"enemies":"3 Sentries","floor":7,"turns":7},{"damage":13,"enemies":"Blue Slaver","floor":8,"turns":5},{"damage":13,"enemies":"Exordium Thugs","floor":10,"turns":4},{"damage":38,"enemies":"Gremlin Nob","floor":11,"turns":4}],"seed_played":"-6782432873679841312","potions_obtained":[{"floor":1,"key":"DuplicationPotion"},{"floor":7,"key":"AttackPotion"}],"is_trial":false,"path_per_floor":["M","?","M","$","M","R","E","M","T","M","E"],"character_chosen":"IRONCLAD","items_purchased":[],"campfire_rested":0,"item_purchase_floors":[],"current_hp_per_floor":[72,64,70,70,72,72,46,39,39,34,0,0],"gold":106,"neow_bonus":"ONE_RARE_RELIC","is_daily":false,"chose_seed":false,"campfire_upgraded":1,"win_rate":0.0,"timestamp":1611909203,"path_taken":["M","?","M","$","M","R","E","M","T","?","E"],"items_purchased_type":[],"build_version":"2020-12-22","purchased_purges":1,"victory":false,"max_hp_per_floor":[80,80,80,80,80,80,80,80,80,82,82,82],"card_choices":[{"not_picked":["Dual Wield","Clothesline"],"picked":"Wild Strike","floor":1},{"not_picked":["Cleave","Entrench"],"picked":"Demon Form","floor":3},{"not_picked":["Clash","Bloodletting"],"picked":"True Grit","floor":5},{"not_picked":["Anger","Shrug It Off"],"picked":"Evolve","floor":7},{"not_picked":["Sentinel","Armaments"],"picked":"Wild Strike","floor":8},{"not_picked":["Rage","Havoc","Clothesline"],"picked":"Singing Bowl","floor":10}],"player_experience":447590,"relics_obtained":[{"floor":7,"key":"Sundial"},{"floor":9,"key":"Singing Bowl"}],"event_choices":[{"damage_healed":0,"gold_gain":75,"player_choice":"Touch","damage_taken":8,"max_hp_gain":0,"max_hp_loss":0,"event_name":"FaceTrader","floor":2,"gold_loss":0}],"is_beta":false,"boss_relics":[],"items_purged_floors":[4],"is_endless":false,"potions_floor_spawned":[1,7],"killed_by":"Gremlin Nob","ascension_level":13}}