{"host":"gfxjwtol062e9znw","time":1611960965,"event":{"mods":["BaseMod","Colored Map","Minty Spire (QoL Compilation)"],"gold_per_floor":[116,127,144,161,171,171,199,199,222,98,140,140,73,100,100,100,100],"floor_reached":16,"language":"ENG","playtime":686,"items_purged":["Defend_R"],"score":126,"play_id":"8a855859-f7bb-4824-95d6-dd7dc06e637f","local_time":"20210130095605","is_ascension_mode":true,"campfire_choices":[{"data":"Entrench","floor":6,"key":"SMITH"},{"data":"True Grit","floor":8,"key":"SMITH"},{"floor":12,"key":"REST"},{"data":"Body Slam","floor":15,"key":"SMITH"}],"circlet_count":0,"master_deck":["Strike_R","Strike_R","Strike_R","Strike_R","Strike_R","Defend_R","Defend_R","Defend_R","Bash","Exhume","Entrench+1","Twin Strike","Sword Boomerang","Shockwave","True Grit+1","Power Through","Body Slam+1","Immolate","Flame Barrier"],"relics":["Burning Blood","Potion Belt","Lantern","CeramicFish","PreservedInsect"],"acts_visited":["Exordium"],"potions_floor_usage":[7,14,16],"damage_taken":[{"damage":1,"enemies":"Cultist","floor":1,"turns":3},{"damage":8,"enemies":"Jaw Worm","floor":2,"turns":4},{"damage":2,"enemies":"2 Louse","floor":3,"turns":3},{"damage":13,"enemies":"Red Slaver","floor":4,"turns":4},{"damage":9,"enemies":"Looter","floor":5,"turns":3},{"damage":14,"enemies":"Gremlin Nob","floor":7,"turns":5},{"damage":33,"enemies":"3 Sentries","floor":11,"turns":10},{"damage":6,"enemies":"Lagavulin","floor":14,"turns":5},{"damage":63,"enemies":"Slime Boss","floor":16,"turns":9}],"seed_played":"5076576317585994450","potions_obtained":[{"floor":2,"key":"Block Potion"},{"floor":3,"key":"Energy Potion"},{"floor":14,"key":"SkillPotion"}],"is_trial":false,"path_per_floor":["M","M","M","M","M","R","E","R","T","$","E","R","$","E","R","B"],"character_chosen":"IRONCLAD","items_purchased":["Body Slam","Flame Barrier"],"campfire_rested":1,"item_purchase_floors":[10,13],"current_hp_per_floor":[80,78,80,73,70,70,62,62,62,62,35,59,59,59,59,0,0],"gold":100,"neow_bonus":"ONE_RANDOM_RARE_CARD","is_daily":false,"chose_seed":false,"campfire_upgraded":3,"win_rate":0.0,"timestamp":1611960965,"path_taken":["M","M","M","M","M","R","E","R","T","$","E","R","?","E","R","BOSS"],"items_purchased_type":["Card","Card"],"build_version":"2020-12-22","purchased_purges":1,"victory":false,"max_hp_per_floor":[80,80,80,80,80,80,80,80,80,80,80,80,80,80,80,80,80],"card_choices":[{"not_picked":["Iron Wave","Havoc"],"picked":"Entrench","floor":1},{"not_picked":["Clothesline","Cleave"],"picked":"Twin Strike","floor":2},{"not_picked":["Second Wind","Anger"],"picked":"Sword Boomerang","floor":3},{"not_picked":["Seeing Red","Iron Wave"],"picked":"Shockwave","floor":4},{"not_picked":["Body Slam","Dual Wield"],"picked":"True Grit","floor":5},{"not_picked":["Shrug It Off","Inflame"],"picked":"Power Through","floor":7},{"not_picked":["Clash","Anger"],"picked":"Immolate","floor":11},{"not_picked":["Warcry","Body Slam","Carnage"],"picked":"SKIP","floor":14}],"player_experience":39605,"relics_obtained":[{"floor":7,"key":"Potion Belt"},{"floor":9,"key":"Lantern"},{"floor":11,"key":"CeramicFish"},{"floor":14,"key":"PreservedInsect"}],"event_choices":[],"is_beta":false,"boss_relics":[],"items_purged_floors":[10],"is_endless":false,"potions_floor_spawned":[2,3,14],"killed_by":"Slime Boss","ascension_level":1}}