{"host":"o3n4et6u1y1w2h5j","time":1611891342,"event":{"mods":["AchievementEnabler","BaseMod","Minty Spire (QoL Compilation)","StSLib"],"gold_per_floor":[115,40,50,61,61,61,91,105,131,40,72,72,72,72,72,201,201,225,225,56,56,75,75,110,110,133,152,169,169,189,214,214,310,310,330,380,400,400,413,440,440,440,440,450,450,468,478,106,106,106,106,106,29,57,57,57],"floor_reached":55,"language":"ENG","playtime":3760,"items_purged":["Decay","Strike_G","Writhe"],"score":722,"play_id":"abc60691-71ee-465e-80f5-08995bb06435","local_time":"20210128193542","is_ascension_mode":false,"campfire_choices":[{"data":"Blade Dance","floor":6,"key":"SMITH"},{"data":"Infinite Blades","floor":13,"key":"SMITH"},{"floor":15,"key":"REST"},{"data":"Accuracy","floor":23,"key":"SMITH"},{"data":"Blade Dance","floor":25,"key":"SMITH"},{"data":"After Image","floor":32,"key":"SMITH"},{"data":"Envenom","floor":41,"key":"SMITH"},{"data":"PiercingWail","floor":45,"key":"SMITH"},{"floor":49,"key":"RECALL"},{"data":"Crippling Poison","floor":52,"key":"SMITH"}],"circlet_count":0,"master_deck":["Defend_G","Defend_G","Defend_G","Survivor","Neutralize","Distraction","Blade Dance+1","Cloak And Dagger","Infinite Blades+1","Deadly Poison","Deadly Poison","Accuracy+1","Corpse Explosion","Venomology","Crippling Poison+1","Venomology","Blade Dance+1","Clumsy","After Image+1","Envenom+1","Skewer+1","Riddle With Holes+1","Slice+1","PiercingWail+1","Catalyst+1","Writhe","Writhe","Night Terror","Noxious Fumes+1","Calculated Gamble","Adrenaline"],"relics":["Ring of the Snake","Happy Flower","Potion Belt","Toy Ornithopter","Bloody Idol","Cursed Key","Paper Crane","Vajra","Oddly Smooth Stone","Incense Burner","Astrolabe","Calipers","Bag of Preparation","Sundial","Ninja Scroll","Letter Opener"],"acts_visited":["Exordium","TheCity","TheBeyond","TheEnding"],"potions_floor_usage":[11,12,22,22,24,24,27,27,27,27,28,31,31,31,33,33,33,35,36,36,36,39,39,40,40,46,47,47,47,50,50,50,50,50,54,55],"damage_taken":[{"damage":0,"enemies":"Cultist","floor":1,"turns":4},{"damage":7,"enemies":"Jaw Worm","floor":3,"turns":6},{"damage":2,"enemies":"Small Slimes","floor":4,"turns":5},{"damage":28,"enemies":"3 Sentries","floor":7,"turns":8},{"damage":8,"enemies":"3 Louse","floor":8,"turns":3},{"damage":16,"enemies":"Lagavulin","floor":11,"turns":5},{"damage":0,"enemies":"Gremlin Gang","floor":12,"turns":1},{"damage":32,"enemies":"Slime Boss","floor":16,"turns":7},{"damage":13,"enemies":"Shell Parasite","floor":18,"turns":3},{"damage":1,"enemies":"Chosen","floor":22,"turns":4},{"damage":10,"enemies":"Book of Stabbing","floor":24,"turns":4},{"damage":18,"enemies":"Sentry and Sphere","floor":27,"turns":4},{"damage":18,"enemies":"Shelled Parasite and Fungi","floor":28,"turns":4},{"damage":0,"enemies":"Snecko","floor":30,"turns":3},{"damage":6,"enemies":"Gremlin Leader","floor":31,"turns":5},{"damage":27,"enemies":"Champ","floor":33,"turns":10},{"damage":7,"enemies":"3 Darklings","floor":35,"turns":3},{"damage":2,"enemies":"Mind Bloom Boss Battle","floor":36,"turns":6},{"damage":12,"enemies":"3 Shapes","floor":37,"turns":3},{"damage":8,"enemies":"Sphere and 2 Shapes","floor":39,"turns":4},{"damage":20,"enemies":"Nemesis","floor":40,"turns":5},{"damage":7,"enemies":"3 Darklings","floor":44,"turns":3},{"damage":4,"enemies":"Writhing Mass","floor":46,"turns":5},{"damage":0,"enemies":"4 Shapes","floor":47,"turns":7},{"damage":40,"enemies":"Awakened One","floor":50,"turns":10},{"damage":53,"enemies":"Shield and Spear","floor":54,"turns":5},{"damage":44,"enemies":"The Heart","floor":55,"turns":2}],"seed_played":"5085213926682688888","potions_obtained":[{"floor":4,"key":"SmokeBomb"},{"floor":16,"key":"Explosive Potion"},{"floor":24,"key":"FearPotion"},{"floor":28,"key":"SpeedPotion"},{"floor":31,"key":"CunningPotion"},{"floor":33,"key":"PowerPotion"},{"floor":35,"key":"Poison Potion"},{"floor":37,"key":"ColorlessPotion"},{"floor":44,"key":"Strength Potion"},{"floor":47,"key":"SteroidPotion"}],"is_trial":false,"path_per_floor":["M","$","M","M","?","R","E","M","T","$","E","M","R","?","R","B",null,"M","?","$","?","M","R","E","R","T","M","M","?","M","E","R","B",null,"M","?","M","?","M","E","R","T","T","M","R","M","M","$","R","B",null,"R","$","E","B"],"character_chosen":"THE_SILENT","items_purchased":["Accuracy","Poison Potion","Crippling Poison","Ninja Scroll","Calculated Gamble"],"campfire_rested":1,"item_purchase_floors":[10,10,20,48,53],"current_hp_per_floor":[70,70,63,61,61,61,33,25,25,25,9,14,14,14,33,1,65,52,52,52,52,65,65,65,65,65,52,44,44,49,63,63,46,65,63,65,58,58,62,57,57,57,57,55,55,61,65,65,65,37,65,65,65,22,0,0],"gold":57,"neow_bonus":"TRANSFORM_TWO_CARDS","is_daily":false,"chose_seed":false,"campfire_upgraded":8,"win_rate":0.0,"timestamp":1611891342,"path_taken":["M","?","M","M","?","R","E","M","T","$","E","?","R","?","R","BOSS","M","?","$","?","M","R","E","R","T","?","M","?","M","E","R","BOSS","M","?","M","?","M","E","R","?","T","?","R","M","M","$","R","BOSS","R","$","E","BOSS"],"items_purchased_type":["Card","Potion","Card","Relic","Card"],"build_version":"2020-12-22","purchased_purges":3,"victory":false,"max_hp_per_floor":[70,70,70,70,70,70,70,70,70,70,70,70,70,65,65,65,65,65,65,65,65,65,65,65,65,65,65,65,65,65,65,65,65,65,65,65,65,65,65,65,65,65,65,65,65,65,65,65,65,65,65,65,65,65,65,65],"card_choices":[{"not_picked":["Tactician","Escape Plan"],"picked":"Cloak And Dagger","floor":1},{"not_picked":["Backstab","Bane"],"picked":"Infinite Blades","floor":3},{"not_picked":["Infinite Blades","Catalyst"],"picked":"Deadly Poison","floor":4},{"not_picked":["Quick Slash","Deflect"],"picked":"Deadly Poison","floor":7},{"not_picked":["Infinite Blades","Sucker Punch","Expertise"],"picked":"SKIP","floor":8},{"not_picked":["Blur","Bane"],"picked":"Corpse Explosion","floor":11},{"not_picked":["Phantasmal Killer","Unload"],"picked":"Venomology","floor":16},{"not_picked":["Blade Dance","Deadly Poison"],"picked":"Flying Knee","floor":18},{"not_picked":["Riddle With Holes","Slice"],"picked":"Blade Dance","floor":22},{"not_picked":["Cloak And Dagger","Deflect","Prepared+1"],"picked":"SKIP","floor":24},{"not_picked":["Quick Slash","Terror"],"picked":"After Image","floor":27},{"not_picked":["Riddle With Holes+1","Leg Sweep","Dagger Spray"],"picked":"SKIP","floor":28},{"not_picked":["Cloak And Dagger","Quick Slash","Underhanded Strike"],"picked":"SKIP","floor":30},{"not_picked":["Deflect","Acrobatics","Bane"],"picked":"SKIP","floor":31},{"not_picked":["Unload","Malaise"],"picked":"Envenom","floor":33},{"not_picked":["Terror","Riddle With Holes+1","Poisoned Stab"],"picked":"SKIP","floor":35},{"not_picked":["Backstab","Dodge and Roll"],"picked":"PiercingWail","floor":36},{"not_picked":["Prepared+1","PiercingWail","Caltrops"],"picked":"SKIP","floor":37},{"not_picked":["Finisher+1","Flying Knee+1"],"picked":"Catalyst+1","floor":39},{"not_picked":["Blade Dance","Dagger Spray+1","PiercingWail"],"picked":"SKIP","floor":40},{"not_picked":["Underhanded Strike+1","Slice","Backstab+1"],"picked":"SKIP","floor":44},{"not_picked":["Crippling Poison","Deadly Poison+1"],"picked":"Night Terror","floor":46},{"not_picked":["Dash+1","PiercingWail"],"picked":"Noxious Fumes+1","floor":47},{"not_picked":["Dagger Throw+1","Heel Hook"],"picked":"Adrenaline","floor":54}],"player_experience":36259,"relics_obtained":[{"floor":7,"key":"Happy Flower"},{"floor":9,"key":"Potion Belt"},{"floor":11,"key":"Toy Ornithopter"},{"floor":24,"key":"Paper Crane"},{"floor":26,"key":"Vajra"},{"floor":31,"key":"Incense Burner"},{"floor":36,"key":"Calipers"},{"floor":40,"key":"Bag of Preparation"},{"floor":43,"key":"Sundial"},{"floor":54,"key":"Letter Opener"}],"event_choices":[{"cards_removed":["Defend_G"],"damage_healed":0,"gold_gain":0,"player_choice":"Purged","damage_taken":0,"max_hp_gain":0,"max_hp_loss":0,"event_name":"Purifier","floor":5,"gold_loss":0},{"damage_healed":0,"gold_gain":0,"player_choice":"Lose Max HP","damage_taken":0,"relics_obtained":["Golden Idol"],"max_hp_gain":0,"max_hp_loss":5,"event_name":"Golden Idol","floor":14,"gold_loss":0},{"damage_healed":0,"gold_gain":0,"player_choice":"Gave Idol","damage_taken":0,"relics_obtained":["Bloody Idol"],"max_hp_gain":0,"max_hp_loss":0,"event_name":"Forgotten Altar","floor":19,"relics_lost":["Golden Idol"],"gold_loss":0},{"damage_healed":0,"gold_gain":0,"player_choice":"Copied","damage_taken":0,"max_hp_gain":0,"max_hp_loss":0,"event_name":"Duplicator","floor":21,"gold_loss":0,"cards_obtained":["Venomology"]},{"damage_healed":0,"gold_gain":0,"player_choice":"Opened","damage_taken":0,"relics_obtained":["Oddly Smooth Stone"],"max_hp_gain":0,"max_hp_loss":0,"event_name":"The Mausoleum","floor":29,"gold_loss":0,"cards_obtained":["Writhe"]},{"damage_healed":0,"gold_gain":0,"player_choice":"Fight","damage_taken":0,"max_hp_gain":0,"max_hp_loss":0,"event_name":"MindBloom","floor":36,"gold_loss":0},{"cards_removed":["Flying Knee"],"damage_healed":0,"gold_gain":0,"player_choice":"Removed Attack","damage_taken":0,"max_hp_gain":0,"max_hp_loss":0,"event_name":"Falling","floor":38,"gold_loss":0}],"is_beta":false,"boss_relics":[{"not_picked":["Coffee Dripper","HoveringKite"],"picked":"Cursed Key"},{"not_picked":["Velvet Choker","Calling Bell"],"picked":"Astrolabe"}],"items_purged_floors":[2,20,48],"is_endless":false,"potions_floor_spawned":[4,12,16,24,28,31,33,35,37,44,47],"killed_by":"The Heart","ascension_level":0}}