{"host":"2q4p6kdcvpgo6z81","time":1611879775,"event":{"mods":["BaseMod","Colored Map","Downfall","Minty Spire (QoL Compilation)","StSLib"],"gold_per_floor":[99,115,115,126,21,51,124,124,152,152,152,4,179,196,213,213,213,213],"floor_reached":16,"language":"ENG","playtime":1001,"items_purged":[],"score":124,"play_id":"b79853d4-f9d1-4275-bd14-6688694ed53f","local_time":"20210128192255","is_ascension_mode":true,"campfire_choices":[{"data":"bronze:Refactor","floor":1.0,"key":"SMITH"},{"floor":8.0,"key":"REST"},{"data":"bronze:InfiniteBeams","floor":11.0,"key":"SMITH"}],"circlet_count":0,"master_deck":["bronze:Strike","bronze:Strike","bronze:Defend","bronze:Defend","bronze:Defend","bronze:Defend","bronze:Replicate","bronze:Goto","bronze:Refactor+1","bronze:Allocate","bronze:Branch","bronze:Terminator","bronze:Flail","bronze:BugBarrage","bronze:InfiniteBeams+1","bronze:ItsAFeature","bronze:DelayedGuard","bronze:BuggyMess","bronze:Library","bronze:BuggyMess","Doubt","bronze:DelayedGuard","bronze:Optimize"],"relics":["bronze:BronzeCore","Pen Nib","Blue Candle","Bottled Tornado"],"acts_visited":["Exordium"],"potions_floor_usage":[14,16,16],"damage_taken":[{"damage":8.0,"enemies":"Jaw Worm","floor":2.0,"turns":4.0},{"damage":0.0,"enemies":"2 Louse","floor":4.0,"turns":3.0},{"damage":0.0,"enemies":"downfall:FleeingMerchant","floor":5.0,"turns":4.0},{"damage":20.0,"enemies":"3 Sentries","floor":6.0,"turns":7.0},{"damage":20.0,"enemies":"Lagavulin","floor":9.0,"turns":5.0},{"damage":0.0,"enemies":"Cultist","floor":10.0,"turns":1.0},{"damage":0.0,"enemies":"downfall:FleeingMerchant","floor":12.0,"turns":4.0},{"damage":21,"enemies":"Gremlin Gang","floor":14,"turns":3},{"damage":4,"enemies":"Exordium Wildlife","floor":15,"turns":3},{"damage":8,"enemies":"SI_SHIV_ARCHETYPE","floor":16,"turns":2}],"seed_played":"-307888005331269807","potions_obtained":[{"floor":6.0,"key":"Explosive Potion"},{"floor":9.0,"key":"bronze:FreeFunctionsPotion"},{"floor":14,"key":"SpeedPotion"}],"is_trial":false,"path_per_floor":["R","M","?","M","$","E","T","R","E","M","R","$","?","M","M","B"],"character_chosen":"THE_AUTOMATON","items_purchased":["bronze:BugBarrage","bronze:InfiniteBeams","bronze:Library","bronze:BuggyMess"],"campfire_rested":1,"item_purchase_floors":[5,5,12,12],"current_hp_per_floor":[63,55,55,55,55,35,35,53,33,33,33,33,33,12,8,0,0,0],"gold":213,"neow_bonus":"TRANSFORM_TWO_CARDS","is_daily":false,"chose_seed":false,"campfire_upgraded":2,"win_rate":0.0,"timestamp":1611879775,"path_taken":["R","M","?","M","$","E","T","R","E","M","R","$","?","M","M","BOSS"],"items_purchased_type":["Card","Card","Card","Card"],"build_version":"2020-12-22","purchased_purges":0,"victory":false,"max_hp_per_floor":[63,63,63,63,63,63,63,63,63,63,63,63,63,63,63,63,63,63],"card_choices":[{"not_picked":["bronze:Invalidate","bronze:DelayedSlice"],"picked":"bronze:Branch","floor":2.0},{"not_picked":["bronze:Frontload","bronze:DigitalCarnage"],"picked":"bronze:Terminator","floor":4.0},{"not_picked":["bronze:OilSpill","bronze:Repair"],"picked":"bronze:Flail","floor":5.0},{"not_picked":["bronze:BitShift","bronze:CutThrough"],"picked":"bronze:ItsAFeature","floor":6.0},{"not_picked":["bronze:Constructor","bronze:RecursiveStrike"],"picked":"bronze:DelayedGuard","floor":9.0},{"not_picked":["bronze:WildBeam","bronze:DelayedSlice","bronze:BitShift"],"picked":"SKIP","floor":10.0},{"not_picked":["bronze:Fortify","bronze:ForLoop"],"picked":"bronze:BuggyMess","floor":12.0},{"not_picked":["bronze:DelayedSlice","bronze:BitShift"],"picked":"bronze:DelayedGuard","floor":14},{"not_picked":["bronze:Backtrace","bronze:Repair"],"picked":"bronze:Optimize","floor":15}],"player_experience":1578278,"relics_obtained":[{"floor":6.0,"key":"Pen Nib"},{"floor":7.0,"key":"Blue Candle"},{"floor":9.0,"key":"Bottled Tornado"}],"event_choices":[],"is_beta":false,"boss_relics":[],"items_purged_floors":[],"is_endless":false,"potions_floor_spawned":[6,9,14],"killed_by":"SI_SHIV_ARCHETYPE","ascension_level":3}}