{"host":"zrwwt1jjq0fpdjej","time":1611881202,"event":{"mods":["AchievementEnabler","BaseMod","Colored Map","Minty Spire (QoL Compilation)","StSLib","SuperFastMode"],"gold_per_floor":[118,118,128,53,23,58,71,106,106,106,106,140,153,181,181,181,181],"floor_reached":16,"language":"KOR","playtime":641,"items_purged":["Regret"],"score":196,"play_id":"c498895e-6776-4019-af4e-ed811c78f027","local_time":"20210129094642","is_ascension_mode":true,"campfire_choices":[{"data":"Eruption","floor":10.0,"key":"SMITH"},{"floor":15.0,"key":"REST"}],"circlet_count":0,"master_deck":["Strike_P","Strike_P","Strike_P","Strike_P","Defend_P","Defend_P","Defend_P","Defend_P","Eruption+1","Vigilance","Consecrate","EmptyBody","EmptyFist","MentalFortress","FlurryOfBlows"],"relics":["PureWater","NeowsBlessing","Singing Bowl","MealTicket","CeramicFish","Oddly Smooth Stone","Bottled Lightning"],"acts_visited":["Exordium"],"potions_floor_usage":[16],"damage_taken":[{"damage":0.0,"enemies":"Small Slimes","floor":1.0,"turns":1.0},{"damage":0.0,"enemies":"Cultist","floor":3.0,"turns":1.0},{"damage":0.0,"enemies":"Gremlin Nob","floor":6.0,"turns":1.0},{"damage":0.0,"enemies":"Jaw Worm","floor":7.0,"turns":3.0},{"damage":20.0,"enemies":"3 Sentries","floor":8.0,"turns":6.0},{"damage":15.0,"enemies":"Lagavulin","floor":12.0,"turns":8.0},{"damage":3.0,"enemies":"Large Slime","floor":13.0,"turns":3.0},{"damage":4.0,"enemies":"Gremlin Gang","floor":14.0,"turns":5.0},{"damage":37,"enemies":"Hexaghost","floor":16,"turns":9}],"seed_played":"-8757788540950912268","potions_obtained":[{"floor":5.0,"key":"Ambrosia"},{"floor":5.0,"key":"Explosive Potion"},{"floor":12.0,"key":"AttackPotion"},{"floor":13.0,"key":"FearPotion"}],"is_trial":false,"path_per_floor":["M","?","M","$","?","E","M","E","T","R","T","E","M","M","R","B"],"character_chosen":"WATCHER","items_purchased":[],"campfire_rested":1,"item_purchase_floors":[],"current_hp_per_floor":[65,65,65,65,65,65,65,47,47,47,47,34,33,29,52,15,15],"gold":181,"neow_bonus":"THREE_ENEMY_KILL","is_daily":false,"chose_seed":false,"campfire_upgraded":1,"win_rate":0.0,"timestamp":1611881202,"path_taken":["M","?","M","$","?","E","?","E","T","R","?","E","M","M","R","BOSS"],"items_purchased_type":[],"build_version":"2020-12-22","purchased_purges":1,"victory":false,"max_hp_per_floor":[72,72,72,72,72,72,72,74,74,74,74,76,78,78,78,78,78],"card_choices":[{"not_picked":["BowlingBash","Fasting2"],"picked":"Consecrate","floor":1.0},{"not_picked":["ThirdEye","SashWhip"],"picked":"EmptyBody","floor":3.0},{"not_picked":["Meditate","ForeignInfluence"],"picked":"EmptyFist","floor":6.0},{"not_picked":["Halt","WindmillStrike"],"picked":"MentalFortress","floor":7.0},{"not_picked":["Devotion","ThirdEye","EmptyBody"],"picked":"Singing Bowl","floor":8.0},{"not_picked":["Tantrum","FollowUp","MasterReality"],"picked":"Singing Bowl","floor":12.0},{"not_picked":["EmptyMind","Collect","PathToVictory"],"picked":"Singing Bowl","floor":13.0},{"not_picked":["WheelKick","Meditate"],"picked":"FlurryOfBlows","floor":14.0}],"player_experience":219182,"relics_obtained":[{"floor":6.0,"key":"MealTicket"},{"floor":8.0,"key":"CeramicFish"},{"floor":11.0,"key":"Oddly Smooth Stone"},{"floor":12.0,"key":"Bottled Lightning"}],"event_choices":[{"damage_healed":0.0,"max_hp_gain":0.0,"max_hp_loss":0.0,"gold_gain":0.0,"event_name":"Big Fish","player_choice":"Box","floor":2.0,"gold_loss":0.0,"damage_taken":0.0,"relics_obtained":["Singing Bowl"],"cards_obtained":["Regret"]},{"damage_healed":0.0,"max_hp_gain":0.0,"max_hp_loss":0.0,"gold_gain":0.0,"event_name":"The Woman in Blue","player_choice":"Bought 2 Potions","floor":5.0,"gold_loss":0.0,"damage_taken":0.0}],"is_beta":false,"boss_relics":[],"items_purged_floors":[4],"is_endless":false,"potions_floor_spawned":[12,13],"killed_by":"Hexaghost","ascension_level":7}}