{"host":"jlk2k69f9c6o7b3e","time":1611908778,"event":{"mods":["AchievementEnabler","BaseMod","Minty Spire (QoL Compilation)","StSLib"],"gold_per_floor":[117,127,127,146,146,186,186,204,204,228,242,242,242],"floor_reached":12,"language":"ZHS","playtime":1006,"items_purged":[],"score":107,"play_id":"56259af8-cd6f-470f-a07b-4f58ee93226a","local_time":"20210129162618","is_ascension_mode":true,"campfire_choices":[{"data":"A Thousand Cuts","floor":7.0,"key":"SMITH"}],"circlet_count":0,"master_deck":["Strike_G","Strike_G","Strike_G","Strike_G","Strike_G","Defend_G","Defend_G","Defend_G","Defend_G","Defend_G","Survivor","Neutralize","A Thousand Cuts+1","Dagger Throw","Prepared","Injury","Heel Hook","Pain","Adrenaline","Backflip","Accuracy","Escape Plan"],"relics":["Ring of the Snake","Golden Idol","WarpedTongs","Blue Candle","Sundial"],"acts_visited":["Exordium"],"potions_floor_usage":[12],"damage_taken":[{"damage":0.0,"enemies":"Cultist","floor":1.0,"turns":4.0},{"damage":2.0,"enemies":"2 Louse","floor":2.0,"turns":3.0},{"damage":5.0,"enemies":"Small Slimes","floor":4.0,"turns":4.0},{"damage":32.0,"enemies":"3 Sentries","floor":6.0,"turns":9.0},{"damage":11.0,"enemies":"Gremlin Gang","floor":8.0,"turns":4.0},{"damage":5.0,"enemies":"2 Fungi Beasts","floor":10.0,"turns":3.0},{"damage":0.0,"enemies":"3 Louse","floor":11.0,"turns":2.0},{"damage":9,"enemies":"Lagavulin","floor":12,"turns":5}],"seed_played":"2109388822626746214","potions_obtained":[{"floor":1.0,"key":"Energy Potion"},{"floor":8.0,"key":"PowerPotion"}],"is_trial":false,"path_per_floor":["M","M","?","M","?","E","R","M","T","M","M","E"],"character_chosen":"THE_SILENT","items_purchased":[],"campfire_rested":0,"item_purchase_floors":[],"current_hp_per_floor":[63,61,61,56,56,24,24,13,13,8,8,0,0],"gold":242,"neow_bonus":"ONE_RANDOM_RARE_CARD","is_daily":false,"chose_seed":false,"campfire_upgraded":1,"win_rate":0.0,"timestamp":1611908778,"path_taken":["M","M","?","M","?","E","R","?","T","M","M","E"],"items_purchased_type":[],"build_version":"2020-12-22","purchased_purges":0,"victory":false,"max_hp_per_floor":[70,70,70,70,70,70,70,70,70,70,70,70,70],"card_choices":[{"not_picked":["Dash","Underhanded Strike"],"picked":"Dagger Throw","floor":1.0},{"not_picked":["Masterful Stab","Backflip"],"picked":"Prepared","floor":2.0},{"not_picked":["Well Laid Plans","Dagger Spray"],"picked":"Heel Hook","floor":4.0},{"not_picked":["Dash","Noxious Fumes"],"picked":"Adrenaline","floor":6.0},{"not_picked":["Catalyst","Dodge and Roll"],"picked":"Backflip","floor":8.0},{"not_picked":["Underhanded Strike","Backstab"],"picked":"Accuracy","floor":10.0},{"not_picked":["Crippling Poison","Poisoned Stab"],"picked":"Escape Plan","floor":11.0}],"player_experience":303406,"relics_obtained":[{"floor":6.0,"key":"Blue Candle"},{"floor":9.0,"key":"Sundial"}],"event_choices":[{"damage_healed":0.0,"max_hp_gain":0.0,"max_hp_loss":0.0,"gold_gain":0.0,"event_name":"Golden Idol","player_choice":"Take Wound","floor":3.0,"gold_loss":0.0,"damage_taken":0.0,"relics_obtained":["Golden Idol"],"cards_obtained":["Injury"]},{"damage_healed":0.0,"max_hp_gain":0.0,"max_hp_loss":0.0,"gold_gain":0.0,"event_name":"Accursed Blacksmith","player_choice":"Rummage","floor":5.0,"gold_loss":0.0,"damage_taken":0.0,"relics_obtained":["WarpedTongs"],"cards_obtained":["Pain"]}],"is_beta":false,"boss_relics":[],"items_purged_floors":[],"is_endless":false,"potions_floor_spawned":[1,8],"killed_by":"Lagavulin","ascension_level":6}}