{"host":"w7pthw6r6331n954","time":1611890327,"event":{"mods":["AchievementEnabler","BaseMod","BetterRewards","Card Forge","Colored Map","Colored Powertips","Custom Start","Hero for Fun","Jorbs\u0027s Wanderer Trilogy","Minty Spire (QoL Compilation)","Replay The Spire","Shop Mod","StSLib"],"gold_per_floor":[113,55,55,145,168,168,187,211,211,245,265,265,280,32,32,157,157,172,188,188,206,31,74,74,94,94,94,128,171,16,37,37,166,166,187,187,207,222,95,95,130,18,18,18,18,18,18,49,49,49,49,49,2,34,34],"floor_reached":56,"language":"ENG","playtime":6258,"items_purged":["Spreading Infection"],"score":1765,"play_id":"7f3ccbca-0f06-4142-a2c4-8bab4f765384","local_time":"20210128221847","is_ascension_mode":true,"campfire_choices":[{"floor":6,"key":"RECALL"},{"floor":12,"key":"REST"},{"floor":15,"key":"REST"},{"floor":24,"key":"REST"},{"data":"White Noise","floor":27,"key":"SMITH"},{"data":"1","floor":32,"key":"LIFT"},{"data":"2","floor":40,"key":"LIFT"},{"data":"3","floor":47,"key":"LIFT"},{"data":"Creative AI","floor":49,"key":"SMITH"}],"circlet_count":0,"master_deck":["Strike_B","Strike_B","Strike_B","Strike_B","Defend_B","Defend_B","Defend_B","Zap","Dualcast","ReplayGash","Good Instincts","Beam Cell","FIFO Queue","Seek","Conserve Battery","Beam Cell","Sunder","Undo","Ball Lightning","Undo","Genetic Algorithm","Buffer","stsjorbsmod:Procrastination","ReplayTheSpireMod:Omega Cannon","Steam","Barrage","Rainbow","BootSequence","Turbo","Panic Button+1","White Noise+1","Leap","ReplayGash","Fusion","Creative AI+1","ReplaySolidLightProjector+1","Beam Cell","Double Energy+1","Pot Of Greed","Pot Of Greed","Pot Of Greed","Pot Of Greed","Aggregate","White Noise","White Noise","ReplayTheSpireMod:Private Reserves","Madness","Madness","ReplayUltimateDefense","Bandage Up","Discovery","Voices","Buffer","Gash","Double Energy"],"relics":["Cracked Core","Hammer of Thor","Seething Fire","Anvil of the Gods","MerchantsRug","Bag of Marbles","Replay:Antivirus Software","Chameleon Ring","Mercury Hourglass","Snack Pack","Carrot","Ice Cream","HornCleat","Calipers","Girya","Red Mask","Membership Card","Runic Capacitor","Toy Ornithopter","ClockworkSouvenir","Onion Ring","Ring of Misfortune","Emotion Chip","Ginger","Replay:Ringing Soul"],"acts_visited":["Exordium","TheCity","TheBeyond","TheEnding"],"potions_floor_usage":[5,5,10,14,16,18,18,19,21,21,25,28,29,48,50,50,54,55,55],"damage_taken":[{"damage":3,"enemies":"2 Louse","floor":1,"turns":2},{"damage":0,"enemies":"Jaw Worm","floor":5,"turns":3},{"damage":0,"enemies":"Cultist","floor":7,"turns":2},{"damage":10,"enemies":"3 Sentries","floor":10,"turns":3},{"damage":0,"enemies":"Blue Slaver","floor":11,"turns":2},{"damage":1,"enemies":"Red Slaver","floor":13,"turns":2},{"damage":31,"enemies":"Slime Boss","floor":16,"turns":6},{"damage":0,"enemies":"Chosen","floor":18,"turns":6},{"damage":0,"enemies":"2 Thieves","floor":19,"turns":1},{"damage":2,"enemies":"3 Cultists","floor":21,"turns":3},{"damage":19,"enemies":"Gremlin Leader","floor":23,"turns":6},{"damage":0,"enemies":"Centurion and Healer","floor":25,"turns":3},{"damage":0,"enemies":"Replay:Snechameleon","floor":28,"turns":7},{"damage":15,"enemies":"Masked Bandits","floor":29,"turns":4},{"damage":0,"enemies":"Snake Plant","floor":31,"turns":4},{"damage":67,"enemies":"Collector","floor":33,"turns":13},{"damage":18,"enemies":"3 Darklings","floor":35,"turns":5},{"damage":0,"enemies":"3 Shapes","floor":37,"turns":3},{"damage":24,"enemies":"3 Darklings","floor":38,"turns":4},{"damage":0,"enemies":"R_Hoarder","floor":41,"turns":7},{"damage":29,"enemies":"Giant Head","floor":48,"turns":7},{"damage":52,"enemies":"Time Eater","floor":50,"turns":9},{"damage":29,"enemies":"Shield and Spear","floor":54,"turns":8},{"damage":89,"enemies":"The Heart","floor":55,"turns":11}],"seed_played":"7500934393567785071","potions_obtained":[{"floor":0,"key":"EntropicBrew"},{"floor":0,"key":"SpeedPotion"},{"floor":0,"key":"Weak Potion"},{"floor":4,"key":"EntropicBrew"},{"floor":4,"key":"Energy Potion"},{"floor":13,"key":"PowerPotion"},{"floor":18,"key":"FocusPotion"},{"floor":19,"key":"SpeedPotion"},{"floor":23,"key":"EssenceOfDarkness"},{"floor":25,"key":"Strength Potion"},{"floor":38,"key":"DuplicationPotion"},{"floor":41,"key":"ColorlessPotion"},{"floor":48,"key":"ColorlessPotion"},{"floor":52,"key":"FairyPotion"},{"floor":52,"key":"Dexterity Potion"},{"floor":54,"key":"Energy Potion"}],"is_trial":false,"path_per_floor":["M","$","?","?","M","R","M","T","T","E","M","R","M","$","R","B",null,"M","M","?","M","$","E","R","M","T","R","E","?","$","M","R","B",null,"M","?","M","M","$","R","E","$","T","?","?","?","R","E","R","B",null,"R","$","E","B",null],"character_chosen":"DEFECT","items_purchased":["MerchantsRug","Matryoshka","Bag of Marbles","ReplayGash","Good Instincts","Beam Cell","Cauldron","Seek","Snack Pack","Fruit Juice","BootSequence","Turbo","Membership Card","Eternal Feather","Runic Capacitor","Grinning Jar","ClockworkSouvenir","White Noise","ReplayTheSpireMod:Private Reserves","Ginger","Adrenaline Potion","Gash"],"campfire_rested":3,"item_purchase_floors":[0,0,0,0,0,0,0,2,14,14,22,22,30,39,39,39,42,42,42,53,53,53],"current_hp_per_floor":[40,40,40,40,40,40,40,40,40,30,30,52,51,58,82,55,82,82,82,82,80,80,61,82,82,82,82,82,67,67,69,69,8,82,66,66,68,48,48,72,78,78,78,68,58,58,82,60,82,37,82,82,82,60,25],"gold":34,"neow_bonus":"","is_daily":false,"chose_seed":false,"campfire_upgraded":2,"win_rate":0.0,"timestamp":1611890327,"path_taken":["M","$","?","?","?","R","M","?","T","E","M","R","M","?","R","BOSS","M","M","?","?","$","E","R","M","T","R","E","?","$","M","R","BOSS","M","?","?","M","$","R","E","$","T","?","?","?","R","E","R","BOSS","R","$","E","BOSS"],"items_purchased_type":["Relic","Relic","Relic","Card","Card","Card","Relic","Card","Relic","Potion","Card","Card","Relic","Relic","Relic","Relic","Relic","Card","Card","Relic","Potion","Card"],"build_version":"2020-12-22","purchased_purges":1,"victory":true,"max_hp_per_floor":[75,75,75,75,75,75,75,75,75,75,75,75,75,82,82,82,82,82,82,82,82,82,82,82,82,82,82,82,82,82,82,82,82,82,82,82,82,82,82,82,82,82,82,82,82,82,82,82,82,82,82,82,82,85,85],"card_choices":[{"not_picked":["Stack","Beam Cell"],"picked":"FIFO Queue","floor":1},{"not_picked":["Barrage","Leap"],"picked":"Conserve Battery","floor":4},{"not_picked":["Coolheaded","Redo"],"picked":"Beam Cell","floor":4},{"not_picked":["Coolheaded","Loop"],"picked":"Sunder","floor":5},{"not_picked":["Storm","Darkness"],"picked":"Undo","floor":7},{"not_picked":["Streamline","Hello World"],"picked":"Ball Lightning","floor":10},{"not_picked":["Leap","Streamline"],"picked":"Undo","floor":11},{"not_picked":["Hologram","Stack"],"picked":"Genetic Algorithm","floor":13},{"not_picked":["Rainbow","ReplayRNGCard"],"picked":"Buffer","floor":16},{"not_picked":["CurseOfTheBell","Decay"],"picked":"Spreading Infection","floor":17},{"not_picked":["Replay:Hysterical Blindness","Overencumbered"],"picked":"stsjorbsmod:Procrastination","floor":17},{"not_picked":["Normality","stsjorbsmod:Amnesia"],"picked":"Hallucinations","floor":17},{"not_picked":["Rip and Tear","Streamline+1"],"picked":"ReplayTheSpireMod:Omega Cannon","floor":18},{"not_picked":["Rebound","Redo"],"picked":"Steam","floor":19},{"not_picked":["Streamline+1","Crystallizer"],"picked":"Rainbow","floor":21},{"not_picked":["Blizzard","Conserve Battery"],"picked":"Panic Button+1","floor":23},{"not_picked":["BootSequence","Cold Snap"],"picked":"White Noise","floor":25},{"not_picked":["Thunder Strike","Skim"],"picked":"Leap","floor":28},{"not_picked":["Barrage","Go for the Eyes"],"picked":"ReplayGash","floor":29},{"not_picked":["Conserve Battery","Coolheaded"],"picked":"Fusion","floor":31},{"not_picked":["Core Surge","Machine Learning"],"picked":"Creative AI","floor":33},{"not_picked":["Doom and Gloom","ReplayTheSpireMod:Calculation Training"],"picked":"ReplaySolidLightProjector+1","floor":35},{"not_picked":["Conserve Battery","Storm+1"],"picked":"Beam Cell","floor":37},{"not_picked":["Melter+1","BasicCrystalCard+1"],"picked":"Double Energy+1","floor":38},{"not_picked":["Cold Snap","Stack"],"picked":"Aggregate","floor":41},{"not_picked":["PanicButton","Trip"],"picked":"ReplayUltimateDefense","floor":45},{"not_picked":["Replay:Parry","HandOfGreed"],"picked":"Bandage Up","floor":45},{"not_picked":["ReplayTheSpireMod:Trickstab","Poisoned Strike"],"picked":"Discovery","floor":45},{"not_picked":["Static Discharge+1","Rebound"],"picked":"Buffer","floor":48},{"not_picked":["Time Bomb+1","Beam Cell"],"picked":"Double Energy","floor":54}],"player_experience":1170813,"relics_obtained":[{"floor":4,"key":"Pet Ghost"},{"floor":8,"key":"Replay:Antivirus Software"},{"floor":9,"key":"Chameleon Ring"},{"floor":10,"key":"Mercury Hourglass"},{"floor":23,"key":"HornCleat"},{"floor":26,"key":"Calipers"},{"floor":28,"key":"Girya"},{"floor":29,"key":"Red Mask"},{"floor":41,"key":"Toy Ornithopter"},{"floor":43,"key":"Onion Ring"},{"floor":46,"key":"Ring of Misfortune"},{"floor":48,"key":"Emotion Chip"},{"floor":54,"key":"Replay:Ringing Soul"}],"event_choices":[{"damage_healed":0,"gold_gain":0,"player_choice":"Take Wound","damage_taken":0,"relics_obtained":["Golden Idol"],"max_hp_gain":0,"max_hp_loss":0,"event_name":"Golden Idol","floor":3,"gold_loss":0,"cards_obtained":["Injury"]},{"damage_healed":0,"gold_gain":0,"cards_transformed":["Defend_B"],"player_choice":"Transformed","damage_taken":0,"max_hp_gain":0,"max_hp_loss":0,"event_name":"Transmorgrifier","floor":20,"gold_loss":0,"cards_obtained":["Barrage"]},{"damage_healed":0,"gold_gain":0,"player_choice":"Fought Bandits","damage_taken":0,"max_hp_gain":0,"max_hp_loss":0,"event_name":"Masked Bandits","floor":29,"gold_loss":0},{"cards_removed":["Injury"],"damage_healed":0,"gold_gain":0,"player_choice":"Card Removal","damage_taken":0,"max_hp_gain":0,"max_hp_loss":0,"event_name":"Wheel of Change","floor":36,"gold_loss":0},{"damage_healed":0,"gold_gain":0,"player_choice":"Embrace Madness","damage_taken":10,"max_hp_gain":0,"max_hp_loss":0,"event_name":"Winding Halls","floor":44,"gold_loss":0,"cards_obtained":["Madness","Madness"]},{"damage_healed":0,"gold_gain":0,"player_choice":"Memory 3","damage_taken":10,"max_hp_gain":0,"max_hp_loss":0,"event_name":"SensoryStone","floor":45,"gold_loss":0}],"is_beta":false,"boss_relics":[{"not_picked":["Cursed Key","Calling Bell"],"picked":"Replay:Ancient Bell"},{"not_picked":["Replay:Rubber Ducky","Happy Flower"],"picked":"Replay:Baseball"},{"not_picked":["InkBottle","Pear"],"picked":"Carrot"},{"not_picked":["Peace Pipe","Thread and Needle"],"picked":"Ice Cream"},{"not_picked":["SlaversCollar","Runic Dome"],"picked":"Empty Cage"}],"items_purged_floors":[22],"is_endless":false,"potions_floor_spawned":[13,18,19,23,25,38,41,48,54],"ascension_level":2}}