{"host":"97gqqvl04geh4ia8","time":1611922660,"event":{"mods":["BaseMod","Curses Come First","Downfall","Minty Spire (QoL Compilation)","Say the Spire","StSLib","UnlockEverythingMod","[IsaacMod]ÒÔÈö¼âËþ","¡¾ÒÅÎï¿¨ÅÆ¡¿REMEMod"],"gold_per_floor":[115,133,308,320,334,334,348,348,372,372,385,385,385,402,402,505,505,517,371,371,381,401,432,451,461,461,461,550,550,550,550,550,675,675,707,717,376,392,409,409,409,458,458,39,67,90,90,128,128,206],"floor_reached":51,"language":"ZHS","playtime":2360,"items_purged":["Doubt","hexamod:SixthSeal","Regret","Poisoned Stab+1","Decay"],"score":888,"play_id":"9bf6ddcf-f66b-4f45-a30a-2ec5801ba99f","local_time":"20210129201740","is_ascension_mode":false,"campfire_choices":[{"data":"Neutralize","floor":6,"key":"SMITH"},{"data":"Envenom","floor":8,"key":"SMITH"},{"data":"Venomology","floor":10,"key":"SMITH"},{"data":"Survivor","floor":12,"key":"SMITH"},{"floor":15,"key":"REST"},{"data":"Tactician","floor":27,"key":"SMITH"},{"floor":29,"key":"REST"},{"floor":32,"key":"REST"},{"data":"Prepared","floor":40,"key":"SMITH"},{"data":"Bullet Time","floor":49,"key":"SMITH"}],"circlet_count":0,"master_deck":["Survivor+1","Neutralize+1","Envenom+1","Venomology+1","Burst+1","Bouncing Flask+1","Die Die Die+1","Die Die Die+1","PiercingWail+1","Backflip+1","Tactician+1","Backflip","PiercingWail+1","Prepared+1","Noxious Fumes","Finesse","REME_ProfessionalPlagiarism","Tactician+1","Leg Sweep","Bullet Time+1"],"relics":["HushsDoor","REME_ComplimentaryCards","Pandora\u0027s Box","PillsDrop","Akabeko","Cursed Key","GuppysTail","GuppysCollar","Ornamental Fan","REME_ArchaeologicalTools","Potion Belt","REME_LowDesire","Oddly Smooth Stone","Ancient Tea Set","SatanicBible","Paper Crane","Pantograph","HowToJump","DollysMirror"],"acts_visited":["Exordium","TheCity","TheBeyond"],"potions_floor_usage":[11,14,16,18,21,22,23,23,28,28,28,33,33,33,35,35,38,38,39,42,45,45,46,48,50,50],"damage_taken":[{"damage":0,"enemies":"Small Slimes","floor":1,"turns":1},{"damage":0,"enemies":"2 Louse","floor":2,"turns":2},{"damage":4,"enemies":"Cultist","floor":4,"turns":3},{"damage":12,"enemies":"Looter","floor":5,"turns":3},{"damage":16,"enemies":"Blue Slaver","floor":7,"turns":3},{"damage":0,"enemies":"Large Slime","floor":11,"turns":5},{"damage":6,"enemies":"Looter","floor":14,"turns":2},{"damage":0,"enemies":"Slime Boss","floor":16,"turns":6},{"damage":0,"enemies":"2 Thieves","floor":18,"turns":2},{"damage":0,"enemies":"Chosen","floor":21,"turns":3},{"damage":0,"enemies":"Centurion and Healer","floor":22,"turns":3},{"damage":14,"enemies":"Gremlin Leader","floor":23,"turns":8},{"damage":0,"enemies":"Snake Plant","floor":24,"turns":3},{"damage":15,"enemies":"Snecko","floor":25,"turns":3},{"damage":17,"enemies":"REME_1_Revenger","floor":28,"turns":3},{"damage":11,"enemies":"Collector","floor":33,"turns":5},{"damage":15,"enemies":"3 Darklings","floor":35,"turns":4},{"damage":9,"enemies":"3 Shapes","floor":36,"turns":1},{"damage":3,"enemies":"Jaw Worm Horde","floor":38,"turns":2},{"damage":0,"enemies":"3 Darklings","floor":39,"turns":1},{"damage":0,"enemies":"Giant Head","floor":42,"turns":7},{"damage":0,"enemies":"Writhing Mass","floor":45,"turns":3},{"damage":0,"enemies":"4 Shapes","floor":46,"turns":3},{"damage":0,"enemies":"Transient","floor":48,"turns":5},{"damage":0,"enemies":"Awakened One","floor":50,"turns":15}],"seed_played":"-3008708414801186801","potions_obtained":[{"floor":1,"key":"Ancient Potion"},{"floor":5,"key":"Fire Potion"},{"floor":11,"key":"Energy Potion"},{"floor":24,"key":"FearPotion"},{"floor":35,"key":"Explosive Potion"},{"floor":36,"key":"GhostInAJar"},{"floor":39,"key":"Strength Potion"},{"floor":42,"key":"Fire Potion"}],"is_trial":false,"path_per_floor":["M","M","?","M","M","R","M","R","T","R","M","R","?","M","R","B",null,"M","$","?","M","M","E","M","M","T","R","E","R","?","?","R","B",null,"M","M","$","M","M","R","?","E","T","$","M","M","?","M","R","B",null],"character_chosen":"THE_SILENT","items_purchased":["GuppysTail","GuppysCollar","Tactician","Noxious Fumes","SatanicBible","HowToJump","DollysMirror"],"campfire_rested":3,"item_purchase_floors":[17,17,19,34,37,44,44],"current_hp_per_floor":[65,65,65,61,52,52,39,39,39,39,39,39,25,22,44,44,46,46,46,46,49,44,30,33,21,21,21,4,19,11,11,27,16,45,30,21,21,18,18,18,18,18,18,18,18,18,18,18,18,43],"gold":206,"neow_bonus":"BOSS_RELIC","is_daily":false,"chose_seed":false,"campfire_upgraded":7,"win_rate":0.0,"timestamp":1611922660,"path_taken":["M","M","?","M","?","R","M","R","T","R","M","R","?","M","R","BOSS","M","$","?","M","M","E","M","M","T","R","E","R","?","?","R","BOSS","M","M","$","M","M","R","?","E","T","$","M","M","?","M","R","BOSS"],"items_purchased_type":["Relic","Relic","Card","Card","Relic","Relic","Relic"],"build_version":"2020-12-22","purchased_purges":5,"victory":true,"max_hp_per_floor":[65,65,65,65,68,68,71,71,71,71,71,71,71,74,74,74,46,46,46,46,49,44,44,47,50,50,50,50,50,55,55,55,55,45,45,45,45,45,45,45,45,45,45,45,45,45,45,45,45,45],"card_choices":[{"not_picked":[],"picked":"Bomb","floor":0},{"not_picked":["Underhanded Strike","Flying Knee","Dagger Spray"],"picked":"SKIP","floor":1},{"not_picked":["Deadly Poison","Riddle With Holes","Masterful Stab"],"picked":"SKIP","floor":2},{"not_picked":["Underhanded Strike","Dodge and Roll","Setup"],"picked":"SKIP","floor":4},{"not_picked":["Tactician","PiercingWail","Poisoned Stab"],"picked":"SKIP","floor":5},{"not_picked":["Underhanded Strike","Bane","REME_GreenPollution"],"picked":"SKIP","floor":7},{"not_picked":["Storm of Steel","Underhanded Strike","Dash"],"picked":"SKIP","floor":11},{"not_picked":["Bomb","Bane"],"picked":"Backflip","floor":14},{"not_picked":["REME_ShadowStrike","Bane","Blade Dance"],"picked":"SKIP","floor":18},{"not_picked":["Poisoned Stab","Setup","Tactician"],"picked":"SKIP","floor":21},{"not_picked":["Dodge and Roll","Choke","Finisher+1"],"picked":"SKIP","floor":22},{"not_picked":["Backstab","Flying Knee","Flechettes+1"],"picked":"SKIP","floor":23},{"not_picked":["Deadly Poison","Accuracy"],"picked":"PiercingWail+1","floor":24},{"not_picked":["Underhanded Strike","Bane"],"picked":"Prepared","floor":25},{"not_picked":["REME_CopyPotion","Heel Hook","Infinite Blades"],"picked":"SKIP","floor":28},{"not_picked":["Tactician","Heel Hook+1","Cloak And Dagger","REME_ShortnessOfBreath"],"picked":"SKIP","floor":35},{"not_picked":["Backflip+1","Deadly Poison+1","REME_LeechingPoison"],"picked":"Finesse","floor":36},{"not_picked":["Underhanded Strike+1","Heel Hook+1","Distraction+1"],"picked":"Bomb","floor":38},{"not_picked":["Dodge and Roll","Dagger Throw+1","Noxious Fumes","REME_PuzzleBox"],"picked":"SKIP","floor":39},{"not_picked":["Poisoned Stab+1","REME_ShadowStrike+1","Dodge and Roll+1"],"picked":"REME_ProfessionalPlagiarism","floor":42},{"not_picked":["Flying Knee","Poisoned Stab","HandOfGreed"],"picked":"Leg Sweep","floor":45},{"not_picked":["Cloak And Dagger+1","Wraith Form v2","Underhanded Strike","Forethought"],"picked":"SKIP","floor":46},{"not_picked":["Poisoned Stab","Deflect","Flying Knee","Discovery"],"picked":"SKIP","floor":48}],"player_experience":18396,"relics_obtained":[{"floor":9,"key":"Akabeko"},{"floor":23,"key":"Ornamental Fan"},{"floor":26,"key":"REME_ArchaeologicalTools"},{"floor":28,"key":"Potion Belt"},{"floor":34,"key":"Oddly Smooth Stone"},{"floor":34,"key":"Ancient Tea Set"},{"floor":42,"key":"Paper Crane"},{"floor":43,"key":"Pantograph"}],"event_choices":[{"damage_healed":0,"gold_gain":175,"player_choice":"AGREE","damage_taken":0,"max_hp_gain":0,"max_hp_loss":0,"event_name":"Liars Game","floor":3,"gold_loss":0,"cards_obtained":["Doubt"]},{"damage_healed":0,"gold_gain":0,"player_choice":"Entered Light","damage_taken":14,"max_hp_gain":0,"max_hp_loss":0,"event_name":"Shining Light","floor":13,"gold_loss":0,"cards_upgraded":["Die Die Die","Poisoned Stab"]},{"damage_healed":0,"gold_gain":0,"player_choice":"Read","damage_taken":0,"max_hp_gain":0,"max_hp_loss":0,"event_name":"The Library","floor":20,"gold_loss":0,"cards_obtained":["Backflip"]},{"damage_healed":0,"gold_gain":0,"player_choice":"Shed Blood","damage_taken":13,"max_hp_gain":5,"max_hp_loss":0,"event_name":"Forgotten Altar","floor":30,"gold_loss":0},{"damage_healed":0,"gold_gain":0,"player_choice":"Ignored","damage_taken":0,"max_hp_gain":0,"max_hp_loss":0,"event_name":"Cursed Tome","floor":31,"gold_loss":0},{"cards_removed":["Flying Knee"],"damage_healed":0,"gold_gain":0,"player_choice":"Removed Attack","damage_taken":0,"max_hp_gain":0,"max_hp_loss":0,"event_name":"Falling","floor":41,"gold_loss":0},{"damage_healed":0,"gold_gain":0,"cards_transformed":["Choke"],"player_choice":"Transformed","damage_taken":0,"max_hp_gain":0,"max_hp_loss":0,"event_name":"Transmorgrifier","floor":47,"gold_loss":0,"cards_obtained":["Bullet Time"]}],"is_beta":false,"boss_relics":[{"not_picked":["bronze:MakeshiftBattery","SacredBark"],"picked":"Cursed Key"},{"not_picked":[]},{"not_picked":["Empty Cage","WristBlade"],"picked":"REME_LowDesire"},{"not_picked":[]}],"items_purged_floors":[17,19,34,37,44],"is_endless":false,"potions_floor_spawned":[1,5,7,11,24,25,35,36,39,42],"ascension_level":0}}