{"host":"qik6c64y69p9jmph","time":1611945458,"event":{"mods":["AchievementEnabler","BaseMod","Highlight Path","Minty Spire (QoL Compilation)","Quick Restart","StSLib","Synergy Search"],"gold_per_floor":[209,221,221,165,178,178,178,212,212,287,287,104,104,135,135,234,234,252,182,197,197,122,122,138,173,173,21,21,21,41,68,68,169,169,179,179,179,229,241,276,288,300,300],"floor_reached":42,"language":"ENG","playtime":1239,"items_purged":["Decay"],"score":706,"play_id":"a57f666a-a321-4b7a-9437-1fba5b4de1ad","local_time":"20210129133738","is_ascension_mode":true,"campfire_choices":[{"data":"Spot Weakness","floor":7,"key":"SMITH"},{"data":"Whirlwind","floor":11,"key":"SMITH"},{"data":"Inflame","floor":13,"key":"SMITH"},{"floor":15,"key":"REST"},{"data":"Demon Form","floor":23,"key":"SMITH"},{"data":"Evolve","floor":29,"key":"SMITH"},{"floor":32,"key":"REST"},{"floor":41,"key":"REST"}],"circlet_count":0,"master_deck":["Strike_R","Strike_R","Strike_R","Strike_R+1","Strike_R","Defend_R","Defend_R","Defend_R","Defend_R","Bash+1","Spot Weakness+1","Twin Strike","Whirlwind+1","Inflame+1","Pommel Strike","Demon Form+1","Evolve+1","Rampage+1","Ghostly Armor","Bludgeon","Pummel+1","Blind","Shrug It Off","Iron Wave+1"],"relics":["Burning Blood","InkBottle","Ancient Tea Set","Ice Cream","Whetstone","Unceasing Top","Velvet Choker","Mercury Hourglass","Orichalcum","Lee\u0027s Waffle","PreservedInsect","Black Star","Pocketwatch","MawBank","Blood Vial"],"acts_visited":["Exordium","TheCity","TheBeyond"],"potions_floor_usage":[14,16,25,25,38,40],"damage_taken":[{"damage":3,"enemies":"Jaw Worm","floor":1,"turns":5},{"damage":6,"enemies":"Small Slimes","floor":2,"turns":5},{"damage":6,"enemies":"Cultist","floor":5,"turns":3},{"damage":20,"enemies":"Gremlin Nob","floor":8,"turns":4},{"damage":0,"enemies":"Lagavulin","floor":14,"turns":3},{"damage":0,"enemies":"Slime Boss","floor":16,"turns":4},{"damage":7,"enemies":"3 Byrds","floor":18,"turns":4},{"damage":2,"enemies":"Chosen","floor":20,"turns":4},{"damage":21,"enemies":"Snake Plant","floor":24,"turns":3},{"damage":51,"enemies":"Slavers","floor":25,"turns":4},{"damage":2,"enemies":"3 Cultists","floor":30,"turns":3},{"damage":41,"enemies":"Book of Stabbing","floor":31,"turns":5},{"damage":16,"enemies":"Collector","floor":33,"turns":5},{"damage":19,"enemies":"Orb Walker","floor":35,"turns":4},{"damage":0,"enemies":"Mind Bloom Boss Battle","floor":38,"turns":4},{"damage":32,"enemies":"3 Darklings","floor":39,"turns":3},{"damage":27,"enemies":"Giant Head","floor":40,"turns":6},{"damage":56,"enemies":"Writhing Mass","floor":42,"turns":6}],"seed_played":"5821171180255025674","potions_obtained":[{"floor":8,"key":"CultistPotion"},{"floor":14,"key":"SteroidPotion"},{"floor":16,"key":"Ancient Potion"},{"floor":18,"key":"SteroidPotion"},{"floor":20,"key":"Ancient Potion"},{"floor":31,"key":"SpeedPotion"},{"floor":35,"key":"FearPotion"}],"is_trial":false,"path_per_floor":["M","M","?","?","M","?","R","E","T","?","R","$","R","E","R","B",null,"M","$","M","?","$","R","M","E","T","$","?","R","M","E","R","B",null,"M","?","$","?","M","E","R","M"],"character_chosen":"IRONCLAD","items_purchased":["Inflame","Whetstone","Evolve","Lee\u0027s Waffle"],"campfire_rested":3,"item_purchase_floors":[12,12,19,27],"current_hp_per_floor":[75,75,75,75,75,75,75,61,61,50,50,50,50,56,80,80,80,79,79,80,80,80,80,65,20,20,87,87,87,87,52,78,68,82,69,69,69,75,49,28,54,0,0],"gold":300,"neow_bonus":"HUNDRED_GOLD","is_daily":false,"chose_seed":false,"campfire_upgraded":5,"win_rate":0.0,"timestamp":1611945458,"path_taken":["M","M","?","?","?","?","R","E","T","?","R","$","R","E","R","BOSS","M","$","M","?","$","R","M","E","T","$","?","R","?","E","R","BOSS","M","?","$","?","M","E","R","M"],"items_purchased_type":["Card","Relic","Card","Relic"],"build_version":"2020-12-22","purchased_purges":1,"victory":false,"max_hp_per_floor":[80,80,80,80,80,80,80,80,80,80,80,80,80,80,80,80,80,80,80,80,80,80,80,80,80,80,87,87,87,87,87,87,87,87,87,87,87,87,87,87,87,87,87],"card_choices":[{"not_picked":["Sword Boomerang","True Grit","Cleave"],"picked":"SKIP","floor":1},{"not_picked":["Twin Strike","Heavy Blade"],"picked":"Spot Weakness","floor":2},{"not_picked":["Body Slam","Intimidate"],"picked":"Twin Strike","floor":5},{"not_picked":["Rampage","Sever Soul"],"picked":"Whirlwind","floor":8},{"not_picked":["Body Slam","Combust"],"picked":"Pommel Strike","floor":14},{"not_picked":["Offering","Bludgeon"],"picked":"Demon Form","floor":16},{"not_picked":["Pommel Strike+1","Seeing Red","Clothesline"],"picked":"SKIP","floor":18},{"not_picked":["True Grit","Power Through"],"picked":"Rampage","floor":20},{"not_picked":["Flex","Anger+1","Whirlwind"],"picked":"SKIP","floor":24},{"not_picked":["Seeing Red","Combust"],"picked":"Ghostly Armor","floor":25},{"not_picked":["Flex","Carnage+1","Disarm"],"picked":"SKIP","floor":30},{"not_picked":["Sever Soul+1","True Grit","Dropkick"],"picked":"SKIP","floor":31},{"not_picked":["Exhume","Corruption"],"picked":"Bludgeon","floor":33},{"not_picked":["Cleave+1","Thunderclap+1"],"picked":"Pummel+1","floor":35},{"not_picked":["Metamorphosis","Good Instincts"],"picked":"Blind","floor":36},{"not_picked":["Pommel Strike","Battle Trance+1"],"picked":"Shrug It Off","floor":38},{"not_picked":["Dark Embrace+1","Sever Soul+1"],"picked":"Iron Wave+1","floor":39},{"not_picked":["Havoc+1","Flex","Carnage"],"picked":"SKIP","floor":40}],"player_experience":543238,"relics_obtained":[{"floor":8,"key":"Ancient Tea Set"},{"floor":9,"key":"Ice Cream"},{"floor":14,"key":"Unceasing Top"},{"floor":25,"key":"Mercury Hourglass"},{"floor":26,"key":"Orichalcum"},{"floor":31,"key":"PreservedInsect"},{"floor":38,"key":"Pocketwatch"},{"floor":40,"key":"MawBank"},{"floor":40,"key":"Blood Vial"}],"event_choices":[{"damage_healed":0,"gold_gain":0,"player_choice":"Ignored","damage_taken":0,"max_hp_gain":0,"max_hp_loss":0,"event_name":"Golden Wing","floor":3,"gold_loss":0},{"damage_healed":0,"gold_gain":0,"player_choice":"Paid Gold","damage_taken":0,"relics_obtained":["InkBottle"],"max_hp_gain":0,"max_hp_loss":0,"event_name":"WeMeetAgain","floor":4,"gold_loss":56},{"damage_healed":0,"gold_gain":0,"player_choice":"Leave","damage_taken":0,"max_hp_gain":0,"max_hp_loss":0,"event_name":"The Cleric","floor":6,"gold_loss":0},{"damage_healed":0,"gold_gain":75,"player_choice":"Gather Gold","damage_taken":11,"max_hp_gain":0,"max_hp_loss":0,"event_name":"World of Goop","floor":10,"gold_loss":0},{"damage_healed":0,"gold_gain":0,"player_choice":"Smashed Altar","damage_taken":0,"max_hp_gain":0,"max_hp_loss":0,"event_name":"Forgotten Altar","floor":21,"gold_loss":0,"cards_obtained":["Decay"]},{"damage_healed":0,"gold_gain":0,"player_choice":"Upgraded","damage_taken":0,"max_hp_gain":0,"max_hp_loss":0,"event_name":"Upgrade Shrine","floor":28,"gold_loss":0,"cards_upgraded":["Rampage"]},{"damage_healed":0,"gold_gain":0,"player_choice":"Memory 1","damage_taken":0,"max_hp_gain":0,"max_hp_loss":0,"event_name":"SensoryStone","floor":36,"gold_loss":0},{"damage_healed":0,"gold_gain":0,"player_choice":"Fight","damage_taken":0,"max_hp_gain":0,"max_hp_loss":0,"event_name":"MindBloom","floor":38,"gold_loss":0}],"is_beta":false,"boss_relics":[{"not_picked":["Tiny House","Runic Dome"],"picked":"Velvet Choker"},{"not_picked":["Snecko Eye","Coffee Dripper"],"picked":"Black Star"}],"items_purged_floors":[22],"is_endless":false,"potions_floor_spawned":[8,14,16,18,20,31,35],"killed_by":"Writhing Mass","ascension_level":6}}