{"host":"d54lcqy5t45er8jx","time":1611904795,"event":{"mods":["2.2 Compatiblity","BaseMod","CapriCore","Defuse TimeMaze Blight","Hermit","Hubris","Infinite Spire","Marisa£¨Ùöéë¡¡Øª×âÞÞ£©","Minty Spire (QoL Compilation)","Rare Cards Sparkle","Relic Stats","StSLib","The Animator","The Cursed","The Immortal","The Servant 0.9.4","WarShipGirlsR/??á´Ò³R mod"],"gold_per_floor":[122,152,168,19,19,44,63,95,95,95,121,121,147,192,192,295,295,315,328,341,266,286,286,324,324,349,404,431,431,431],"floor_reached":29,"language":"ENG","playtime":1751,"items_purged":["animator:Strike"],"score":293,"play_id":"3cc90ba4-5c00-445a-b4dd-07abc196854b","local_time":"20210129161955","daily_mods":["Heirloom","DeadlyEvents","Elite Swarm","Uncertain Future"],"is_ascension_mode":false,"campfire_choices":[{"data":"animator:KyokoSakura","floor":10,"key":"SMITH"},{"data":"animator:MamiTomoe","floor":12,"key":"SMITH"},{"data":"animator:Eve","floor":15,"key":"SMITH"},{"data":"animator:PinaCoLada","floor":23,"key":"SMITH"},{"data":"animator:Laby","floor":25,"key":"SMITH"}],"circlet_count":0,"master_deck":["animator:Strike_MadokaMagica+1","animator:Defend_MadokaMagica","animator:Strike","animator:Defend","animator:Defend","animator:Defend","animator:IrohaTamaki","animator:YuiTsuruno","animator:Caster","animator:KyokoSakura+1","animator:Laby+1","animator:YachiyoNanami+1","animator:MamiTomoe+1","animator:YuiTsuruno","animator:PinaCoLada+1","animator:Eve+1","animator:NagisaMomoe","animator:Saber+1","animator:MamiTomoe+1","animator:Millim+1","animator:SayakaMiki","animator:Gilgamesh+3","animator:Albedo+1","animator:Aqua"],"relics":["animator:LivingPicture","animator:TheMissingPiece","infinitespire:Joker Card","Molten Egg 2","Turnip","infinitespire:Beetle Shell","Red Skull","Frozen Egg 2","Coffee Dripper","Potion Belt","animator:AlchemistGlove","infinitespire:Lychee Nut"],"acts_visited":["Exordium","TheCity"],"potions_floor_usage":[6,6,27],"damage_taken":[{"damage":1,"enemies":"Jaw Worm","floor":1,"turns":5},{"damage":1,"enemies":"Cultist","floor":2,"turns":4},{"damage":0,"enemies":"2 Louse","floor":3,"turns":2},{"damage":9,"enemies":"Gremlin Nob","floor":6,"turns":5},{"damage":4,"enemies":"Exordium Wildlife","floor":7,"turns":6},{"damage":4,"enemies":"Lagavulin","floor":8,"turns":7},{"damage":7,"enemies":"Gremlin Nob","floor":13,"turns":4},{"damage":20,"enemies":"3 Sentries","floor":14,"turns":5},{"damage":23,"enemies":"Hexaghost","floor":16,"turns":8},{"damage":6,"enemies":"Shell Parasite","floor":18,"turns":6},{"damage":10,"enemies":"2 Thieves","floor":19,"turns":3},{"damage":24,"enemies":"3 Cultists","floor":20,"turns":5},{"damage":6,"enemies":"Sentry and Sphere","floor":22,"turns":4},{"damage":15,"enemies":"Gremlin Leader","floor":24,"turns":5},{"damage":4,"enemies":"Book of Stabbing","floor":27,"turns":5},{"damage":6,"enemies":"Centurion and Healer","floor":28,"turns":5},{"damage":12,"enemies":"Nightmare","floor":29,"turns":5}],"seed_played":"1053952013844048500","potions_obtained":[{"floor":1,"key":"Ancient Potion"},{"floor":2,"key":"Weak Potion"},{"floor":7,"key":"FairyPotion"},{"floor":19,"key":"EssenceOfSteel"},{"floor":20,"key":"SmokeBomb"},{"floor":28,"key":"SmokeBomb"}],"is_trial":true,"path_per_floor":["M","M","M","$","?","E","M","E","T","R","T","R","E","E","R","B",null,"M","M","M","?","M","R","E","R","T","E","M","NM"],"character_chosen":"THE_ANIMATOR","items_purchased":["animator:YachiyoNanami"],"campfire_rested":0,"item_purchase_floors":[4],"current_hp_per_floor":[65,64,64,64,51,43,39,35,35,35,35,35,28,8,8,27,68,62,52,28,28,23,23,8,8,8,4,4,0,0],"gold":431,"neow_bonus":"","is_daily":false,"chose_seed":false,"campfire_upgraded":5,"win_rate":0.0,"timestamp":1611904795,"path_taken":["M","M","M","$","?","E","M","E","T","R","?","R","E","?","R","BOSS","M","M","M","?","M","R","E","R","T","E","?","NM"],"items_purchased_type":["Card"],"build_version":"2020-12-22","purchased_purges":1,"victory":false,"max_hp_per_floor":[66,66,66,66,66,67,67,67,67,67,67,67,67,67,67,68,68,68,68,68,68,69,69,69,69,69,51,51,51,51],"relic_stats":{"counters":[17,84],"Turnip":[9],"obtain_stats":[{"Potion Belt":24,"infinitespire:Lychee Nut":27,"animator:TheMissingPiece":0,"Molten Egg 2":8,"animator:LivingPicture":0,"infinitespire:Joker Card":0,"Turnip":9,"infinitespire:Beetle Shell":11,"Coffee Dripper":17,"Frozen Egg 2":14,"animator:AlchemistGlove":26,"Red Skull":13},{"Potion Belt":14,"infinitespire:Lychee Nut":15,"animator:TheMissingPiece":0,"Molten Egg 2":6,"animator:LivingPicture":0,"infinitespire:Joker Card":0,"Turnip":6,"infinitespire:Beetle Shell":6,"Coffee Dripper":9,"Frozen Egg 2":8,"animator:AlchemistGlove":14,"Red Skull":7},{"Potion Belt":69,"infinitespire:Lychee Nut":74,"animator:TheMissingPiece":0,"Molten Egg 2":29,"animator:LivingPicture":0,"infinitespire:Joker Card":0,"Turnip":29,"infinitespire:Beetle Shell":29,"Coffee Dripper":46,"Frozen Egg 2":38,"animator:AlchemistGlove":69,"Red Skull":33}]},"card_choices":[{"not_picked":["animator:LeleiLaLalena","animator:Alexander"],"picked":"animator:Caster","floor":1},{"not_picked":["animator:Raven","animator:Assassin"],"picked":"animator:KyokoSakura","floor":2},{"not_picked":["animator:Kazuma","animator:IrohaTamaki"],"picked":"animator:Laby","floor":3},{"not_picked":["animator:OrikoMikuni","animator:YachiyoNanami"],"picked":"animator:MamiTomoe","floor":6},{"not_picked":["animator:SakuraMatou","animator:Millim"],"picked":"animator:YuiTsuruno","floor":7},{"not_picked":["animator:Shizu+1","animator:ItamiYouji+1"],"picked":"animator:PinaCoLada","floor":8},{"not_picked":["animator:MadokaKaname","animator:Saber+1"],"picked":"animator:Eve","floor":13},{"not_picked":["animator:KyokoSakura+1","animator:IrohaTamaki+1"],"picked":"animator:NagisaMomoe","floor":14},{"not_picked":["animator:Eris","animator:Hans+1"],"picked":"animator:Saber+1","floor":16},{"not_picked":["animator:IrohaTamaki+1","animator:Verdia"],"picked":"animator:MamiTomoe+1","floor":18},{"not_picked":["animator:Elsword+1","animator:Kuribayashi+1","animator:Archer+1"],"picked":"SKIP","floor":19},{"not_picked":["animator:Demiurge","animator:ShinjiMatou"],"picked":"animator:Millim+1","floor":20},{"not_picked":["animator:NagisaMomoe","animator:YachiyoNanami+1"],"picked":"animator:SayakaMiki","floor":22},{"not_picked":["animator:Eve+1","animator:Eris"],"picked":"animator:Gilgamesh+1","floor":24},{"not_picked":["animator:Saber+1","animator:Elesis+1"],"picked":"animator:Albedo+1","floor":27},{"not_picked":["animator:Ara+1","animator:Rider"],"picked":"animator:Aqua","floor":28}],"player_experience":930216,"relics_obtained":[{"floor":8,"key":"Molten Egg 2"},{"floor":9,"key":"Turnip"},{"floor":11,"key":"infinitespire:Beetle Shell"},{"floor":13,"key":"Red Skull"},{"floor":14,"key":"Frozen Egg 2"},{"floor":24,"key":"Potion Belt"},{"floor":26,"key":"animator:AlchemistGlove"},{"floor":27,"key":"infinitespire:Lychee Nut"}],"event_choices":[{"damage_healed":0,"gold_gain":0,"player_choice":"Entered Light","damage_taken":13,"max_hp_gain":0,"max_hp_loss":0,"event_name":"Shining Light","floor":5,"gold_loss":0,"cards_upgraded":["animator:YachiyoNanami","animator:Strike_MadokaMagica"]},{"cards_removed":["animator:Strike"],"damage_healed":0,"gold_gain":0,"player_choice":"Gave Gold","damage_taken":0,"max_hp_gain":0,"max_hp_loss":0,"event_name":"Beggar","floor":21,"gold_loss":75}],"is_beta":false,"boss_relics":[{"not_picked":["Calling Bell","hubris:BlackHole"],"picked":"Coffee Dripper"}],"items_purged_floors":[4],"is_endless":false,"potions_floor_spawned":[1,2,7,19,20,28],"killed_by":"Nightmare","ascension_level":0}}