{"host":"df48i9djcn92c5sx","time":1611929710,"event":{"mods":["Act Like it!","Arknights The Spire","BaseMod","Decade(王小明)","Downfall","Gensokyo","Marisa（F雨　魔理沙）","Minty Spire (QoL Compilation)","READ ME - Guardian Mod","READ ME - Snecko Mod","Reimu（博丽灵梦）","Remilia（蕾米莉亚）","Shop Mod","StSLib","The Jungle","The Servant 0.9.4"],"gold_per_floor":[114,129,129,229,244,274,274,124,124,124,124,124,89,89,89,189,189,204,204,204,219,244,244,259,109,134,149,164,179,179,194,194,294,294,309,309,309],"floor_reached":36,"language":"ZHS","playtime":1076,"items_purged":[],"score":387,"play_id":"83e6d952-12f8-4b67-a33a-ff4ae81486ab","local_time":"20210129221510","daily_mods":["downfall:Improvised","Hoarder","Night Terrors"],"is_ascension_mode":false,"campfire_choices":[{"data":"Glass Knife","floor":7,"key":"SMITH"},{"data":"Glass Knife","floor":10,"key":"SMITH"},{"data":"Glass Knife","floor":12,"key":"SMITH"},{"data":"sneckomod:UnknownUncommonPower","floor":15,"key":"SMITH"},{"data":"Deadly Poison","floor":23,"key":"SMITH"},{"floor":32,"key":"REST"}],"circlet_count":0,"master_deck":["Strike_G","Strike_G","Strike_G","Strike_G","Strike_G","Defend_G","Defend_G","Defend_G","Defend_G","Defend_G","Survivor","Neutralize","sneckomod:UnknownCommonAttack","sneckomod:UnknownCommonAttack","sneckomod:UnknownCommonAttack","sneckomod:UnknownCommonSkill","sneckomod:UnknownCommonSkill","sneckomod:UnknownCommonSkill","sneckomod:UnknownUncommonAttack","sneckomod:UnknownUncommonSkill","sneckomod:UnknownUncommonPower+1","sneckomod:Unknown","Glass Knife+1","Glass Knife+1","Glass Knife+1","Deadly Poison","Deadly Poison+1","Deadly Poison","Noxious Fumes+1","Noxious Fumes+1","Noxious Fumes+1","Phantasmal Killer+1","Phantasmal Killer+1","Phantasmal Killer+1","Backflip+1","Backflip+1","Backflip+1"],"relics":["Ring of the Snake","bronze:BronzeIdol","Lantern","Oddly Smooth Stone","Darkstone Periapt","bronze:MakeshiftBattery","Enchiridion","Guardian:PocketSentry","Happy Flower","Slimebound:StickyStick","Toxic Egg 2","Snecko Eye"],"acts_visited":["Exordium","TheCity","TheBeyond"],"potions_floor_usage":[16,18,33,33,33],"damage_taken":[{"damage":6,"enemies":"Jaw Worm","floor":1,"turns":3},{"damage":0,"enemies":"Small Slimes","floor":2,"turns":3},{"damage":0,"enemies":"Cultist","floor":5,"turns":2},{"damage":35,"enemies":"Gremlin Nob","floor":6,"turns":5},{"damage":29,"enemies":"Hexaghost","floor":16,"turns":8},{"damage":0,"enemies":"2 Thieves","floor":18,"turns":3},{"damage":0,"enemies":"Spheric Guardian","floor":21,"turns":3},{"damage":0,"enemies":"Snecko","floor":24,"turns":2},{"damage":15,"enemies":"Cultist and Chosen","floor":27,"turns":5},{"damage":18,"enemies":"Shelled Parasite and Fungi","floor":28,"turns":3},{"damage":3,"enemies":"Snake Plant","floor":29,"turns":2},{"damage":2,"enemies":"Centurion and Healer","floor":31,"turns":4},{"damage":4,"enemies":"Champ","floor":33,"turns":8},{"damage":1,"enemies":"3 Darklings","floor":35,"turns":4},{"damage":0,"enemies":"3 Shapes","floor":36,"turns":1}],"seed_played":"1138922244981197753","potions_obtained":[{"floor":1,"key":"Explosive Potion"},{"floor":5,"key":"SpeedPotion"},{"floor":18,"key":"DuplicationPotion"},{"floor":27,"key":"DistilledChaos"},{"floor":29,"key":"Guardian:BlockOnCardUsePotion"}],"is_trial":false,"path_per_floor":["M","M","?","?","M","E","R","$","T","R","T","R","?","$","R","B",null,"M","?","?","M","T","R","M","$","T","M","M","M","?","M","R","B",null,"M","M"],"character_chosen":"THE_SILENT","items_purchased":["Lantern","Happy Flower"],"campfire_rested":1,"item_purchase_floors":[8,25],"current_hp_per_floor":[64,64,69,69,69,34,34,34,34,34,34,34,52,52,52,23,75,75,75,59,63,63,63,63,63,63,54,36,33,33,31,70,66,70,69,69,69],"gold":309,"neow_bonus":"","is_daily":true,"chose_seed":false,"campfire_upgraded":5,"win_rate":0.0,"timestamp":1611929710,"path_taken":["M","M","?","?","?","E","R","?","T","R","?","R","?","$","R","BOSS","M","?","?","M","?","R","M","?","T","M","M","?","?","M","R","BOSS","M","M"],"items_purchased_type":["Relic","Relic"],"build_version":"2020-12-22","purchased_purges":0,"victory":false,"max_hp_per_floor":[70,70,75,75,75,75,75,75,75,75,75,75,75,75,75,75,75,75,75,75,75,75,75,75,75,75,75,75,75,75,75,70,70,70,70,70,70],"card_choices":[{"not_picked":["Blade Dance","Accuracy","Flying Knee"],"picked":"SKIP","floor":1},{"not_picked":["Poisoned Stab","Prepared","PiercingWail"],"picked":"SKIP","floor":2},{"not_picked":["Reflex","Dagger Throw","Bane"],"picked":"SKIP","floor":5},{"not_picked":["Blur","Catalyst"],"picked":"Glass Knife","floor":6},{"not_picked":["Deflect","Sucker Punch"],"picked":"Deadly Poison","floor":18},{"not_picked":["Slice","PiercingWail","Underhanded Strike"],"picked":"SKIP","floor":21},{"not_picked":["Dodge and Roll","Poisoned Stab","Deadly Poison+1"],"picked":"SKIP","floor":24},{"not_picked":["Dodge and Roll","Expertise+1","Cloak And Dagger"],"picked":"SKIP","floor":27},{"not_picked":["Tools of the Trade","PiercingWail+1"],"picked":"Noxious Fumes+1","floor":28},{"not_picked":["Poisoned Stab","Flying Knee+1","Sucker Punch+1"],"picked":"SKIP","floor":29},{"not_picked":["Underhanded Strike","Expertise+1","Blade Dance+1"],"picked":"SKIP","floor":31},{"not_picked":["Burst+1","Doppelganger+1"],"picked":"Phantasmal Killer+1","floor":33},{"not_picked":["Escape Plan+1","Bane+1"],"picked":"Backflip+1","floor":35}],"player_experience":1498135,"relics_obtained":[{"floor":6,"key":"bronze:BronzeIdol"},{"floor":9,"key":"Oddly Smooth Stone"},{"floor":11,"key":"Darkstone Periapt"},{"floor":20,"key":"Enchiridion"},{"floor":22,"key":"Guardian:PocketSentry"},{"floor":26,"key":"Slimebound:StickyStick"}],"event_choices":[{"damage_healed":0,"gold_gain":0,"player_choice":"Donut","damage_taken":0,"max_hp_gain":5,"max_hp_loss":0,"event_name":"Big Fish","floor":3,"gold_loss":0},{"damage_healed":0,"gold_gain":100,"player_choice":"Gold","damage_taken":0,"max_hp_gain":0,"max_hp_loss":0,"event_name":"Wheel of Change","floor":4,"gold_loss":0},{"damage_healed":18,"gold_gain":0,"player_choice":"Healed","damage_taken":0,"max_hp_gain":0,"max_hp_loss":0,"event_name":"The Cleric","floor":13,"gold_loss":35},{"damage_healed":0,"gold_gain":0,"player_choice":"Obtained Book","damage_taken":16,"max_hp_gain":0,"max_hp_loss":0,"event_name":"Cursed Tome","floor":20,"gold_loss":0},{"damage_healed":0,"gold_gain":0,"player_choice":"Opened","damage_taken":0,"relics_obtained":["Toxic Egg 2"],"max_hp_gain":0,"max_hp_loss":0,"event_name":"The Mausoleum","floor":30,"gold_loss":0}],"is_beta":false,"boss_relics":[{"not_picked":["Calling Bell","HoveringKite"],"picked":"bronze:MakeshiftBattery"},{"not_picked":["Cursed Key","SlaversCollar"],"picked":"Snecko Eye"}],"items_purged_floors":[],"is_endless":false,"potions_floor_spawned":[1,5,18,27,29,31],"killed_by":"3 Shapes","ascension_level":0}}