{"host":"8srk5r1dwtmjotwd","time":1611949810,"event":{"mods":["AchievementEnabler","Act Like it!","BaseMod","Beaked The Cultist","Bestiary","Better Note","Better Third Choice","Colored Map","Colored Powertips","Friendly Minions","GifTheSpireLib","Halation","Hallownest","Hermit","Hubris","Minty Spire (QoL Compilation)","Quick Restart","Rare Cards Sparkle","Replay The Spire","Shop Mod","StSLib","SuperFastMode","Synergy Search","The Bug Knight","The Construct","The Cursed","The Jungle","Thieving Mod","Yohane!","everything is the same but u backflip on backflip","slay the spire mod where everything is the same but ironclad has a cowboy hat"],"gold_per_floor":[114,114,126,140,160,160,160,160,207,207,220,249,249,249,249,348,348,365,6,22,22,40,40,40,40,40,40,58,77,77,92,92,92,92],"floor_reached":33,"language":"ENG","playtime":1720,"items_purged":[],"score":247,"play_id":"7c046d3a-f4ba-4c36-9b5c-96d2d99ddc6a","local_time":"20210129145010","is_ascension_mode":false,"campfire_choices":[{"data":"Perfected Strike","floor":6.0,"key":"SMITH"},{"data":"hubris:CleavingFinish","floor":8.0,"key":"SMITH"},{"data":"Iron Wave","floor":10.0,"key":"SMITH"},{"data":"hubris:ReadiedAction","floor":13.0,"key":"SMITH"},{"floor":15,"key":"REST"},{"floor":23,"key":"REST"},{"data":"Inflame","floor":25,"key":"SMITH"},{"data":"hubris:Insight","floor":27,"key":"SMITH"},{"data":"Perfected Strike","floor":30,"key":"SMITH"},{"floor":32,"key":"REST"}],"circlet_count":0,"master_deck":["Strike_R","Strike_R","Strike_R","Strike_R","Strike_R","Defend_R+1","Defend_R","Defend_R","Defend_R","Bash+1","Perfected Strike+1","Iron Wave+1","Metallicize","hubris:CleavingFinish+1","hubris:ReadiedAction+1","Twin Strike","Feed","Inflame+1","hubris:Insight+1","Flex","Flex","Inflame","Perfected Strike+1","Flex","Demon Form"],"relics":["Burning Blood","Regal Pillow","Durian","construct:ClawGrip","ReplayTheSpireMod:TigerMarble","Replay:Bottled Snecko"],"acts_visited":["Exordium","TheCity"],"potions_floor_usage":[16,20,20,22,33,33,33],"damage_taken":[{"damage":6.0,"enemies":"Jaw Worm","floor":1.0,"turns":2.0},{"damage":0.0,"enemies":"Small Slimes","floor":3.0,"turns":3.0},{"damage":1.0,"enemies":"2 Louse","floor":4.0,"turns":3.0},{"damage":11.0,"enemies":"Large Slime","floor":5.0,"turns":4.0},{"damage":5.0,"enemies":"Red Slaver","floor":11.0,"turns":2.0},{"damage":24.0,"enemies":"3 Sentries","floor":12.0,"turns":8.0},{"damage":22,"enemies":"Slime Boss","floor":16,"turns":15},{"damage":9,"enemies":"Spheric Guardian","floor":18,"turns":4},{"damage":21,"enemies":"Shell Parasite","floor":20,"turns":4},{"damage":16,"enemies":"Cultist and Chosen","floor":22,"turns":4},{"damage":16,"enemies":"Centurion and Healer","floor":28,"turns":3},{"damage":7,"enemies":"Sentry and Sphere","floor":29,"turns":4},{"damage":14,"enemies":"Snecko","floor":31,"turns":4},{"damage":89,"enemies":"Collector","floor":33,"turns":5}],"seed_played":"5171426932435949407","potions_obtained":[{"floor":5.0,"key":"DistilledChaos"},{"floor":12.0,"key":"Regen Potion"},{"floor":16,"key":"Venom Potion"},{"floor":18,"key":"Dexterity Potion"},{"floor":20,"key":"Languid Potion"},{"floor":28,"key":"LifebloodPotion"},{"floor":31,"key":"Adrenaline Potion"}],"is_trial":false,"path_per_floor":["M","?","M","M","M","R","?","R","T","R","M","E","R","?","R","B",null,"M","$","M","?","M","R","?","R","T","R","M","M","R","M","R","B"],"character_chosen":"IRONCLAD","items_purchased":["ReplayTheSpireMod:TigerMarble","hubris:Insight","Flex","Toxic Potion"],"campfire_rested":3,"item_purchase_floors":[19,19,19,19],"current_hp_per_floor":[80,64,70,75,70,70,80,80,80,80,80,67,67,67,82,75,82,79,79,64,64,57,85,85,85,85,85,75,78,78,70,85,0,0],"gold":92,"neow_bonus":"RANDOM_EVENT","is_daily":false,"chose_seed":false,"campfire_upgraded":7,"win_rate":0.0,"timestamp":1611949810,"path_taken":["M","?","M","M","M","R","?","R","T","R","?","E","R","?","R","BOSS","M","$","M","?","?","R","?","R","T","R","M","M","R","M","R","BOSS"],"items_purchased_type":["Relic","Card","Card","Potion"],"build_version":"2020-12-22","purchased_purges":0,"victory":false,"max_hp_per_floor":[80,80,80,80,80,80,80,80,80,80,80,85,85,82,82,82,82,82,82,82,82,85,85,85,85,85,85,85,85,85,85,85,85,85],"card_choices":[{"not_picked":["Sword Boomerang","Havoc","Armaments"],"picked":"SKIP","floor":1.0},{"not_picked":["Warcry","Fire Breathing"],"picked":"Iron Wave","floor":3.0},{"not_picked":["Clash","Rage"],"picked":"Metallicize","floor":4.0},{"not_picked":["ReplayReversal","Pommel Strike"],"picked":"hubris:CleavingFinish","floor":5.0},{"not_picked":["ReplayTheSpireMod:Limb From Limb","Anger"],"picked":"hubris:ReadiedAction","floor":11.0},{"not_picked":["Combust","Armaments"],"picked":"Twin Strike","floor":12.0},{"not_picked":["Eclipse","Demonic Infusion"],"picked":"Feed","floor":16},{"not_picked":["Power Through","hubris:ReadiedAction"],"picked":"Inflame","floor":18},{"not_picked":["ReplayTheSpireMod:Muscle Training+1","hubris:ReadiedAction+1","Thunderclap"],"picked":"SKIP","floor":20},{"not_picked":["Burning Pact+1","Shrug It Off+1","hubris:ReadiedAction+1"],"picked":"SKIP","floor":22},{"not_picked":["Headbutt","Clothesline"],"picked":"Perfected Strike","floor":28},{"not_picked":["Reckless Charge","Body Slam"],"picked":"Flex","floor":29},{"not_picked":["Clash","Cleave"],"picked":"Demon Form","floor":31}],"player_experience":78270,"relics_obtained":[{"floor":9.0,"key":"Regal Pillow"},{"floor":12.0,"key":"Durian"},{"floor":26,"key":"Replay:Bottled Snecko"}],"event_choices":[{"damage_healed":80.0,"max_hp_gain":0.0,"max_hp_loss":80.0,"gold_gain":0.0,"event_name":"betterThird:BetterShining","player_choice":"Upgrade","floor":2.0,"gold_loss":0.0,"damage_taken":16.0,"cards_upgraded":["Bash","Defend_R"]},{"damage_healed":20.0,"max_hp_gain":0.0,"max_hp_loss":0.0,"gold_gain":0.0,"event_name":"Mushrooms","player_choice":"Healed and dodged fight","floor":7.0,"gold_loss":0.0,"damage_taken":0.0,"cards_obtained":["Parasite"]},{"cards_removed":["Parasite"],"damage_healed":0,"gold_gain":0,"player_choice":"Forget","damage_taken":0,"max_hp_gain":0,"max_hp_loss":0,"event_name":"Living Wall","floor":14,"gold_loss":0},{"cards_removed":["Inflame"],"damage_healed":0,"gold_gain":0,"player_choice":"Take \u0026 Give","damage_taken":0,"max_hp_gain":0,"max_hp_loss":0,"event_name":"betterNote:BetterNote","floor":21,"gold_loss":0,"cards_obtained":["Flex"]},{"damage_healed":0,"gold_gain":0,"player_choice":"Copied","damage_taken":0,"max_hp_gain":0,"max_hp_loss":0,"event_name":"Duplicator","floor":24,"gold_loss":0,"cards_obtained":["Inflame"]}],"is_beta":false,"boss_relics":[{"not_picked":["Philosopher\u0027s Stone","Coffee Dripper"],"picked":"construct:ClawGrip"}],"items_purged_floors":[],"is_endless":false,"potions_floor_spawned":[5,12,16,18,20,28,31],"killed_by":"Collector","ascension_level":0}}