{"host":"63yhhrjweyj22b0v","time":1611903360,"event":{"mods":["BaseMod","Minty Spire (QoL Compilation)","Quick Restart"],"gold_per_floor":[117,117,117,135,153,153,166,166,166,166,180,223,223,198,198,317,317,340,340,194,194,38,73,73,173,173,173,189,228,79,79,79,207,207,231,75,89,107,131,131,145,105,105,12,12,33,33,69,69,69],"floor_reached":51,"language":"ENG","playtime":1801,"items_purged":[],"score":746,"play_id":"5680cf84-80f8-40a5-84a0-03d34d06ab6f","local_time":"20210129005600","is_ascension_mode":true,"campfire_choices":[{"data":"Static Discharge","floor":6,"key":"SMITH"},{"data":"Zap","floor":8,"key":"SMITH"},{"floor":13,"key":"REST"},{"data":"Beam Cell","floor":15,"key":"SMITH"},{"floor":24,"key":"REST"},{"data":"Thunder Strike","floor":27,"key":"SMITH"},{"floor":32,"key":"REST"},{"floor":40,"key":"REST"},{"data":"White Noise","floor":45,"key":"SMITH"},{"data":"Storm","floor":47,"key":"SMITH"},{"floor":49,"key":"REST"}],"circlet_count":0,"master_deck":["Strike_B+1","Strike_B+1","Strike_B+1","Defend_B+1","Defend_B+1","Defend_B+1","Zap+1","Dualcast","Static Discharge+1","Beam Cell+1","Beam Cell","Chaos+1","Auto Shields+1","Redo+1","Sweeping Beam","Thunder Strike+1","Storm+1","FTL+1","Sweeping Beam+1","White Noise+1","Echo Form","Melter","Leap+1"],"relics":["Cracked Core","NeowsBlessing","Golden Idol","Cables","TungstenRod","Philosopher\u0027s Stone","Bronze Scales","War Paint","Art of War","Omamori","Emotion Chip","Orrery","Busted Crown","Membership Card","Bottled Tornado","Lee\u0027s Waffle","White Beast Statue"],"acts_visited":["Exordium","TheCity","TheBeyond"],"potions_floor_usage":[12,16,31,33,33,38,38,48,48,50],"damage_taken":[{"damage":0,"enemies":"2 Louse","floor":1,"turns":1},{"damage":0,"enemies":"Jaw Worm","floor":4,"turns":1},{"damage":0,"enemies":"Cultist","floor":5,"turns":1},{"damage":6,"enemies":"2 Fungi Beasts","floor":7,"turns":2},{"damage":9,"enemies":"Gremlin Gang","floor":11,"turns":2},{"damage":15,"enemies":"Gremlin Nob","floor":12,"turns":3},{"damage":31,"enemies":"Slime Boss","floor":16,"turns":8},{"damage":10,"enemies":"Spheric Guardian","floor":18,"turns":3},{"damage":19,"enemies":"Book of Stabbing","floor":23,"turns":4},{"damage":5,"enemies":"3 Byrds","floor":28,"turns":2},{"damage":29,"enemies":"Slavers","floor":29,"turns":4},{"damage":0,"enemies":"Snecko","floor":31,"turns":1},{"damage":8,"enemies":"Champ","floor":33,"turns":7},{"damage":13,"enemies":"3 Darklings","floor":35,"turns":3},{"damage":0,"enemies":"Orb Walker","floor":37,"turns":3},{"damage":20,"enemies":"Transient","floor":38,"turns":5},{"damage":21,"enemies":"3 Darklings","floor":39,"turns":3},{"damage":13,"enemies":"Maw","floor":41,"turns":5},{"damage":10,"enemies":"Jaw Worm Horde","floor":46,"turns":3},{"damage":6,"enemies":"Nemesis","floor":48,"turns":5},{"damage":74,"enemies":"Awakened One","floor":50,"turns":6}],"seed_played":"1478453543647520456","potions_obtained":[{"floor":5,"key":"SpeedPotion"},{"floor":11,"key":"SmokeBomb"},{"floor":12,"key":"Strength Potion"},{"floor":16,"key":"PotionOfCapacity"},{"floor":29,"key":"DuplicationPotion"},{"floor":33,"key":"SteroidPotion"},{"floor":37,"key":"BlessingOfTheForge"},{"floor":41,"key":"Weak Potion"},{"floor":42,"key":"Swift Potion"},{"floor":42,"key":"SkillPotion"}],"is_trial":false,"path_per_floor":["M","?","?","M","M","R","M","R","T","?","M","E","R","$","R","B",null,"M","?","$","?","$","E","R","?","T","R","M","E","$","M","R","B",null,"M","$","M","M","M","R","M","?","T","$","R","M","R","E","R","B",null],"character_chosen":"DEFECT","items_purchased":["Sweeping Beam","Bronze Scales","War Paint","Orrery","Membership Card","Lee\u0027s Waffle","Melter"],"campfire_rested":5,"item_purchase_floors":[14,20,22,30,36,44,44],"current_hp_per_floor":[75,57,57,57,57,57,51,51,51,51,42,27,49,49,49,18,75,65,65,65,65,65,46,68,68,68,68,63,34,34,34,56,48,75,62,62,62,42,21,43,30,30,30,82,82,72,72,66,82,8],"gold":69,"neow_bonus":"THREE_ENEMY_KILL","is_daily":false,"chose_seed":false,"campfire_upgraded":6,"win_rate":0.0,"timestamp":1611903360,"path_taken":["M","?","?","?","M","R","M","R","T","?","?","E","R","$","R","BOSS","M","?","?","?","$","E","R","?","T","R","?","E","$","M","R","BOSS","M","$","M","M","?","R","M","?","T","$","R","M","R","E","R","BOSS"],"items_purchased_type":["Card","Relic","Relic","Relic","Relic","Relic","Card"],"build_version":"2020-12-22","purchased_purges":0,"victory":true,"max_hp_per_floor":[75,75,75,75,75,75,75,75,75,75,75,75,75,75,75,75,75,75,75,75,75,75,75,75,75,75,75,75,75,75,75,75,75,75,75,75,75,75,75,75,75,75,75,82,82,82,82,82,82,82],"card_choices":[{"not_picked":["Turbo","Hello World"],"picked":"Static Discharge","floor":1},{"not_picked":["Stack","Rebound"],"picked":"Beam Cell","floor":4},{"not_picked":["Coolheaded","Sweeping Beam"],"picked":"Beam Cell","floor":5},{"not_picked":["Beam Cell","Sunder"],"picked":"Chaos","floor":7},{"not_picked":["Stack","Tempest"],"picked":"Auto Shields","floor":11},{"not_picked":["Streamline","Reboot"],"picked":"Redo","floor":12},{"not_picked":["Buffer","Multi-Cast"],"picked":"Thunder Strike","floor":16},{"not_picked":["Tempest","Chill"],"picked":"Storm","floor":18},{"not_picked":["BootSequence","Rebound"],"picked":"FTL+1","floor":23},{"not_picked":["Beam Cell","Gash+1","Streamline"],"picked":"SKIP","floor":28},{"not_picked":["Darkness","Recycle","Turbo"],"picked":"SKIP","floor":29},{"not_picked":["Fusion","Gash"],"picked":"Sweeping Beam+1","floor":30},{"not_picked":["Compile Driver","Self Repair"],"picked":"White Noise","floor":30},{"not_picked":["Biased Cognition","Buffer"],"picked":"Echo Form","floor":33},{"not_picked":["Rebound+1"],"picked":"SKIP","floor":35},{"not_picked":["Streamline+1"],"picked":"SKIP","floor":37},{"not_picked":["Hologram+1"],"picked":"SKIP","floor":38},{"not_picked":["Sweeping Beam+1"],"picked":"SKIP","floor":39},{"not_picked":["Turbo"],"picked":"SKIP","floor":41},{"not_picked":["Gash"],"picked":"SKIP","floor":46},{"not_picked":[],"picked":"Leap+1","floor":48}],"player_experience":603025,"relics_obtained":[{"floor":9,"key":"Cables"},{"floor":12,"key":"TungstenRod"},{"floor":23,"key":"Art of War"},{"floor":26,"key":"Omamori"},{"floor":29,"key":"Emotion Chip"},{"floor":43,"key":"Bottled Tornado"},{"floor":48,"key":"White Beast Statue"}],"event_choices":[{"damage_healed":0,"gold_gain":0,"player_choice":"Take Damage","damage_taken":18,"relics_obtained":["Golden Idol"],"max_hp_gain":0,"max_hp_loss":0,"event_name":"Golden Idol","floor":2,"gold_loss":0},{"cards_removed":["Strike_B"],"damage_healed":0,"gold_gain":0,"player_choice":"Purged","damage_taken":0,"max_hp_gain":0,"max_hp_loss":0,"event_name":"Purifier","floor":3,"gold_loss":0},{"damage_healed":0,"gold_gain":0,"player_choice":"Forge","damage_taken":0,"max_hp_gain":0,"max_hp_loss":0,"event_name":"Accursed Blacksmith","floor":10,"gold_loss":0,"cards_upgraded":["Chaos"]},{"cards_removed":["Defend_B"],"damage_healed":0,"gold_gain":0,"player_choice":"Offered Basic","damage_taken":0,"max_hp_gain":0,"max_hp_loss":0,"event_name":"Bonfire Elementals","floor":19,"gold_loss":0},{"damage_healed":0,"gold_gain":0,"player_choice":"Simplicity","damage_taken":0,"max_hp_gain":0,"max_hp_loss":0,"event_name":"Back to Basics","floor":21,"gold_loss":0,"cards_upgraded":["Strike_B","Strike_B","Strike_B","Defend_B","Defend_B","Defend_B"]},{"damage_healed":0,"gold_gain":100,"player_choice":"Pray","damage_taken":0,"max_hp_gain":0,"max_hp_loss":0,"event_name":"Golden Shrine","floor":25,"gold_loss":0},{"damage_healed":0,"gold_gain":0,"player_choice":"Bought 3 Potions","damage_taken":0,"max_hp_gain":0,"max_hp_loss":0,"event_name":"The Woman in Blue","floor":42,"gold_loss":0}],"is_beta":false,"boss_relics":[{"not_picked":["Cursed Key","Black Star"],"picked":"Philosopher\u0027s Stone"},{"not_picked":["Nuclear Battery","Coffee Dripper"],"picked":"Busted Crown"}],"items_purged_floors":[],"is_endless":false,"potions_floor_spawned":[5,11,12,16,29,31,33,37,41,46],"ascension_level":1}}