{"host":"zk71suw73lg2r165","time":1611954069,"event":{"mods":["BaseMod","Colored Map","Minty Spire (QoL Compilation)","Permanent Neow","Relic Stats","StSLib"],"gold_per_floor":[118,118,133,151,151,186,186,206,232,275,291,307,307,4,4,98,98,113,113,113,131,25,54,54,72,95,126,137,163,13,28,28,28,28],"floor_reached":33,"language":"ENG","playtime":1318,"items_purged":["Strike_B"],"score":634,"play_id":"498c0a48-ba44-4c68-98c5-11d0bf655489","local_time":"20210129160109","is_ascension_mode":true,"campfire_choices":[{"data":"Coolheaded","floor":7.0,"key":"SMITH"},{"data":"Multi-Cast","floor":13.0,"key":"SMITH"},{"floor":15.0,"key":"REST"},{"data":"Biased Cognition","floor":24.0,"key":"SMITH"},{"data":"Defragment","floor":32,"key":"SMITH"}],"circlet_count":0,"master_deck":["AscendersBane","Defend_B","Defend_B","Defend_B","Zap+1","Dualcast","Fusion+1","Streamline","Sweeping Beam","Genetic Algorithm","Coolheaded+1","Lockon","Static Discharge","Multi-Cast+1","Ball Lightning","Conserve Battery","Defragment","Biased Cognition+1","Compile Driver","Steam+1","Darkness","Self Repair","Turbo","Skim","Defragment+1","Hologram","Loop","Meteor Strike"],"relics":["Cracked Core","Bloody Idol","Vajra","Bag of Preparation","Nunchaku","Membership Card","Coffee Dripper","Oddly Smooth Stone","FossilizedHelix","War Paint","Bag of Marbles","CaptainsWheel","Art of War"],"acts_visited":["Exordium","TheCity"],"potions_floor_usage":[27,29],"damage_taken":[{"damage":0.0,"enemies":"Small Slimes","floor":1.0,"turns":2.0},{"damage":0.0,"enemies":"Cultist","floor":3.0,"turns":3.0},{"damage":8.0,"enemies":"Jaw Worm","floor":4.0,"turns":4.0},{"damage":19.0,"enemies":"Gremlin Nob","floor":6.0,"turns":4.0},{"damage":21.0,"enemies":"Exordium Wildlife","floor":8.0,"turns":5.0},{"damage":3.0,"enemies":"3 Sentries","floor":10.0,"turns":2.0},{"damage":4.0,"enemies":"Blue Slaver","floor":11.0,"turns":4.0},{"damage":0.0,"enemies":"Large Slime","floor":12.0,"turns":3.0},{"damage":8.0,"enemies":"Hexaghost","floor":16.0,"turns":7.0},{"damage":2.0,"enemies":"3 Byrds","floor":18.0,"turns":3.0},{"damage":0.0,"enemies":"Chosen","floor":21.0,"turns":3.0},{"damage":21.0,"enemies":"Book of Stabbing","floor":23.0,"turns":4.0},{"damage":4.0,"enemies":"Centurion and Healer","floor":25.0,"turns":6.0},{"damage":55,"enemies":"Gremlin Leader","floor":27,"turns":6},{"damage":0,"enemies":"Snecko","floor":28,"turns":5},{"damage":7,"enemies":"Slavers","floor":29,"turns":4},{"damage":3,"enemies":"Chosen and Byrds","floor":31,"turns":4},{"damage":39,"enemies":"Champ","floor":33,"turns":6}],"seed_played":"2266951377876880552","potions_obtained":[{"floor":1.0,"key":"PowerPotion"},{"floor":4.0,"key":"PowerPotion"},{"floor":6.0,"key":"Regen Potion"},{"floor":8.0,"key":"Explosive Potion"},{"floor":16.0,"key":"LiquidMemories"},{"floor":18.0,"key":"Energy Potion"},{"floor":25.0,"key":"SneckoOil"},{"floor":31,"key":"Dexterity Potion"}],"is_trial":false,"path_per_floor":["M","?","M","M","?","E","R","M","T","E","M","M","R","$","R","B",null,"M","?","?","M","$","E","R","M","T","E","M","E","$","M","R","B"],"character_chosen":"DEFECT","items_purchased":["Membership Card","Defragment","Fire Potion","BlessingOfTheForge","Oddly Smooth Stone","Turbo","Art of War","Hologram","Loop"],"campfire_rested":1,"item_purchase_floors":[14,14,14,14,22,22,30,30,30],"current_hp_per_floor":[64,64,64,56,56,37,37,30,30,27,23,23,23,23,40,32,52,50,50,50,55,55,46,46,54,58,15,27,32,32,34,34,0,0],"gold":28,"neow_bonus":"TRANSFORM_TWO_CARDS","is_daily":false,"chose_seed":false,"campfire_upgraded":4,"win_rate":0.0,"timestamp":1611954069,"path_taken":["M","?","M","M","?","E","R","M","T","E","M","M","R","$","R","BOSS","M","?","?","M","$","E","R","M","T","E","M","E","?","M","R","BOSS"],"items_purchased_type":["Relic","Card","Potion","Potion","Relic","Card","Relic","Card","Card"],"build_version":"2020-12-22","purchased_purges":1,"victory":false,"max_hp_per_floor":[64,64,64,64,58,58,58,58,58,58,58,58,58,58,58,58,58,58,58,58,58,58,58,58,58,58,58,58,58,58,58,58,58,58],"relic_stats":{"Nunchaku":[7],"counters":[18,75],"Bloody Idol":39,"Bag of Preparation":[26],"Art of War":[1],"War Paint":["Zap","Steam"],"obtain_stats":[{"Golden Idol":5,"Vajra":6,"Oddly Smooth Stone":22,"Bag of Preparation":9,"War Paint":26,"Nunchaku":10,"CaptainsWheel":29,"Bloody Idol":19,"Coffee Dripper":17,"Bag of Marbles":27,"Art of War":30,"Membership Card":14,"Cracked Core":0,"FossilizedHelix":23},{"Golden Idol":3,"Vajra":4,"Oddly Smooth Stone":11,"Bag of Preparation":5,"War Paint":13,"Nunchaku":6,"CaptainsWheel":16,"Bloody Idol":10,"Coffee Dripper":9,"Bag of Marbles":14,"Art of War":16,"Membership Card":8,"Cracked Core":0,"FossilizedHelix":12},{"Golden Idol":9,"Vajra":13,"Oddly Smooth Stone":40,"Bag of Preparation":18,"War Paint":50,"Nunchaku":20,"CaptainsWheel":65,"Bloody Idol":37,"Coffee Dripper":34,"Bag of Marbles":56,"Art of War":65,"Membership Card":27,"Cracked Core":0,"FossilizedHelix":44}]},"card_choices":[{"not_picked":["Chaos","Consume"],"picked":"Sweeping Beam","floor":1.0},{"not_picked":["Gash","Self Repair"],"picked":"Genetic Algorithm","floor":3.0},{"not_picked":["Defragment","Beam Cell"],"picked":"Coolheaded","floor":4.0},{"not_picked":["Beam Cell","Conserve Battery"],"picked":"Lockon","floor":6.0},{"not_picked":["Barrage","Fusion"],"picked":"Static Discharge","floor":8.0},{"not_picked":["Rebound","Blizzard"],"picked":"Multi-Cast","floor":10.0},{"not_picked":["Conserve Battery","Leap"],"picked":"Ball Lightning","floor":11.0},{"not_picked":["Multi-Cast","Steam Power"],"picked":"Conserve Battery","floor":12.0},{"not_picked":["Seek","Echo Form"],"picked":"Biased Cognition","floor":16.0},{"not_picked":["Tempest","Stack"],"picked":"Compile Driver","floor":18.0},{"not_picked":["Redo+1","Stack"],"picked":"Self Repair","floor":21.0},{"not_picked":["Cold Snap","Barrage","Doom and Gloom"],"picked":"SKIP","floor":23.0},{"not_picked":["Doom and Gloom","Recycle","Sweeping Beam"],"picked":"SKIP","floor":25.0},{"not_picked":["Coolheaded+1","Fusion","Sweeping Beam"],"picked":"SKIP","floor":27},{"not_picked":["Ball Lightning+1","Streamline"],"picked":"Skim","floor":28},{"not_picked":["Rebound","Streamline"],"picked":"Defragment","floor":29},{"not_picked":["Compile Driver","Auto Shields+1"],"picked":"Meteor Strike","floor":31}],"player_experience":1422640,"relics_obtained":[{"floor":6.0,"key":"Vajra"},{"floor":9.0,"key":"Bag of Preparation"},{"floor":10.0,"key":"Nunchaku"},{"floor":23.0,"key":"FossilizedHelix"},{"floor":26.0,"key":"War Paint"},{"floor":27,"key":"Bag of Marbles"},{"floor":29,"key":"CaptainsWheel"}],"event_choices":[{"damage_healed":0.0,"max_hp_gain":0.0,"max_hp_loss":0.0,"gold_gain":0.0,"event_name":"Upgrade Shrine","player_choice":"Upgraded","floor":2.0,"gold_loss":0.0,"damage_taken":0.0,"cards_upgraded":["Fusion"]},{"damage_healed":0.0,"max_hp_gain":0.0,"max_hp_loss":6.0,"gold_gain":0.0,"event_name":"Golden Idol","player_choice":"Lose Max HP","floor":5.0,"gold_loss":0.0,"damage_taken":0.0,"relics_obtained":["Golden Idol"]},{"damage_healed":0.0,"max_hp_gain":0.0,"max_hp_loss":0.0,"gold_gain":0.0,"event_name":"Forgotten Altar","player_choice":"Gave Idol","floor":19.0,"relics_lost":["Golden Idol"],"gold_loss":0.0,"damage_taken":0.0,"relics_obtained":["Bloody Idol"]},{"damage_healed":0.0,"max_hp_gain":0.0,"max_hp_loss":0.0,"gold_gain":0.0,"cards_transformed":["Strike_B","Defend_B"],"event_name":"Drug Dealer","player_choice":"Became Test Subject","floor":20.0,"gold_loss":0.0,"damage_taken":0.0,"cards_obtained":["Steam","Darkness"]}],"is_beta":false,"boss_relics":[{"not_picked":["Calling Bell","Velvet Choker"],"picked":"Coffee Dripper"}],"items_purged_floors":[14],"is_endless":false,"potions_floor_spawned":[1,4,6,8,16,18,25,31],"killed_by":"Champ","ascension_level":20}}