{"host":"fflyk188z5ncxlup","time":1611926753,"event":{"mods":["AchievementEnabler","BaseMod","Bestiary","Better Third Choice","Block Reminder","Colored Map","Colored Powertips","DeckTracker","Googly Eyes","Minty Spire (QoL Compilation)","StSLib","SuperFastMode"],"gold_per_floor":[115,115,115,130,130,130,146,178,178,178,178,59,69,79,79,79,155,205,220,233,264,274,293,293,320,320,341,341,351,351,41,41,85,100,100,181,181,181,260,260,273,55,71,85,108,135,135,165,188,207,236,256,272,287,287,287,287,287,287,122,166,166],"floor_reached":63,"language":"ENG","playtime":2355,"items_purged":["Parasite","Strike_B"],"score":2636,"play_id":"4a3814e7-2c9e-413e-adaa-cc78ec0774fb","local_time":"20210129222553","is_ascension_mode":true,"campfire_choices":[{"floor":6.0,"key":"REST"},{"floor":16.0,"key":"REST"},{"data":"Juggernaut","floor":24.0,"key":"SMITH"},{"data":"Sunder","floor":26.0,"key":"SMITH"},{"data":"Coolheaded","floor":30.0,"key":"SMITH"},{"floor":35.0,"key":"REST"},{"data":"Apotheosis","floor":38.0,"key":"SMITH"},{"floor":55.0,"key":"RECALL"},{"floor":56.0,"key":"REST"},{"floor":59.0,"key":"REST"}],"circlet_count":0,"master_deck":["AscendersBane","Strike_B","Strike_B","Strike_B","Defend_B","Defend_B","Defend_B","Defend_B+1","Zap+1","Dualcast","Juggernaut+1","Static Discharge","Sunder+1","Self Repair+1","Glacier+1","Electrodynamics+1","Self Repair+1","Coolheaded+1","Defragment+1","Apotheosis+1","Glacier","Glacier","Echo Form+1","Echo Form+1","Defragment+1","Consume"],"relics":["Cracked Core","NeowsBlessing","Bird Faced Urn","Singing Bowl","Matryoshka","HornCleat","Frozen Egg 2","Tiny House","Red Mask","CeramicFish","Vajra","Bottled Tornado","Membership Card","Blue Candle","Nuclear Battery","Inserter","Thread and Needle","Toy Ornithopter","Dream Catcher","Eternal Feather","Happy Flower","Oddly Smooth Stone","Strawberry"],"acts_visited":["Exordium","TheCity","TheBeyond","TheEnding"],"potions_floor_usage":[62],"damage_taken":[{"damage":0.0,"enemies":"2 Louse","floor":1.0,"turns":1.0},{"damage":0.0,"enemies":"Small Slimes","floor":4.0,"turns":1.0},{"damage":0.0,"enemies":"Cultist","floor":7.0,"turns":1.0},{"damage":56.0,"enemies":"Gremlin Nob","floor":8.0,"turns":5.0},{"damage":1.0,"enemies":"3 Louse","floor":13.0,"turns":3.0},{"damage":0.0,"enemies":"2 Fungi Beasts","floor":14.0,"turns":2.0},{"damage":22.0,"enemies":"The Guardian","floor":17.0,"turns":11.0},{"damage":22.0,"enemies":"2 Thieves","floor":19.0,"turns":3.0},{"damage":13.0,"enemies":"Shell Parasite","floor":20.0,"turns":7.0},{"damage":58.0,"enemies":"Masked Bandits","floor":21.0,"turns":7.0},{"damage":21.0,"enemies":"Centurion and Healer","floor":22.0,"turns":6.0},{"damage":23.0,"enemies":"Snake Plant","floor":23.0,"turns":4.0},{"damage":13.0,"enemies":"Slavers","floor":25.0,"turns":3.0},{"damage":18.0,"enemies":"Chosen and Byrds","floor":27.0,"turns":6.0},{"damage":19.0,"enemies":"Shelled Parasite and Fungi","floor":29.0,"turns":8.0},{"damage":50.0,"enemies":"Book of Stabbing","floor":33.0,"turns":6.0},{"damage":11.0,"enemies":"Centurion and Healer","floor":34.0,"turns":4.0},{"damage":26.0,"enemies":"Champ","floor":36.0,"turns":13.0},{"damage":18.0,"enemies":"Champ","floor":39.0,"turns":10.0},{"damage":1.0,"enemies":"3 Shapes","floor":41.0,"turns":2.0},{"damage":2.0,"enemies":"Orb Walker","floor":43.0,"turns":2.0},{"damage":0.0,"enemies":"3 Darklings","floor":44.0,"turns":3.0},{"damage":15.0,"enemies":"Spire Growth","floor":45.0,"turns":4.0},{"damage":6.0,"enemies":"Nemesis","floor":46.0,"turns":7.0},{"damage":68.0,"enemies":"Reptomancer","floor":48.0,"turns":12.0},{"damage":0.0,"enemies":"Transient","floor":50.0,"turns":5.0},{"damage":0.0,"enemies":"Giant Head","floor":51.0,"turns":6.0},{"damage":0.0,"enemies":"Sphere and 2 Shapes","floor":52.0,"turns":4.0},{"damage":29.0,"enemies":"Maw","floor":53.0,"turns":6.0},{"damage":9.0,"enemies":"3 Darklings","floor":54.0,"turns":4.0},{"damage":48.0,"enemies":"Time Eater","floor":57.0,"turns":12.0},{"damage":63,"enemies":"Shield and Spear","floor":61,"turns":6},{"damage":65,"enemies":"The Heart","floor":62,"turns":8}],"seed_played":"-6940368655925194345","potions_obtained":[{"floor":4.0,"key":"DistilledChaos"},{"floor":14.0,"key":"DistilledChaos"},{"floor":17.0,"key":"Dexterity Potion"},{"floor":18.0,"key":"FocusPotion"},{"floor":25.0,"key":"Fire Potion"},{"floor":33.0,"key":"Dexterity Potion"},{"floor":44.0,"key":"SpeedPotion"}],"is_trial":false,"path_per_floor":["M","?","?","M","?","R","M","E","T","T","?","$","M","M","?","R","B",null,"M","M","?","M","M","R","E","R","M","T","M","R","$","?","E","M","R","B",null,"R","B",null,"M","$","M","M","M","E","?","E","T","M","E","M","M","M","R","R","B",null,"R","$","E","B",null],"character_chosen":"DEFECT","items_purchased":["Self Repair+1","Membership Card","Defragment+1","Apotheosis","Glacier","Thread and Needle","Happy Flower","Oddly Smooth Stone"],"campfire_rested":5,"item_purchase_floors":[12,31,31,31,31,42,60,60],"current_hp_per_floor":[64,64,39,39,39,60,60,6,6,6,23,23,36,38,38,59,51,70,76,79,49,60,65,65,82,82,87,87,86,86,86,86,54,61,88,90,90,90,93,93,95,95,97,99,88,101,103,91,91,97,107,109,111,106,113,115,115,115,117,117,83,55],"gold":166,"neow_bonus":"THREE_ENEMY_KILL","is_daily":false,"chose_seed":false,"campfire_upgraded":4,"win_rate":0.0,"timestamp":1611926753,"path_taken":["M","?","?","M","?","R","M","E","T","T","?","$","M","M","?","R","BOSS","M","M","?","M","M","R","E","R","M","T","M","R","$","?","E","M","R","BOSS","R","BOSS","M","$","M","M","M","E","?","E","T","M","E","M","M","M","R","R","BOSS","R","$","E","BOSS"],"items_purchased_type":["Card","Relic","Card","Card","Card","Relic","Relic","Relic"],"build_version":"2020-12-22","purchased_purges":2,"victory":true,"max_hp_per_floor":[71,71,71,71,71,71,71,71,71,71,71,68,70,70,70,70,70,75,77,79,81,83,85,85,87,87,87,87,89,89,89,89,89,91,91,91,91,91,93,93,95,95,97,99,99,101,103,105,105,105,107,109,111,113,113,115,115,115,117,117,124,124],"card_choices":[{"not_picked":["Steam","Stack","Rip and Tear"],"picked":"SKIP","floor":1.0},{"not_picked":["Go for the Eyes","Steam Power","Sweeping Beam"],"picked":"SKIP","floor":4.0},{"not_picked":["Coolheaded","Rip and Tear"],"picked":"Static Discharge","floor":7.0},{"not_picked":["Chill","Gash"],"picked":"Sunder","floor":8.0},{"not_picked":["Fusion","Reinforced Body","Go for the Eyes"],"picked":"Singing Bowl","floor":13.0},{"not_picked":["Steam Power","Compile Driver"],"picked":"Glacier","floor":14.0},{"not_picked":["Meteor Strike","Echo Form+1"],"picked":"Electrodynamics+1","floor":17.0},{"not_picked":["Streamline","Steam"],"picked":"Self Repair+1","floor":18.0},{"not_picked":["Doom and Gloom","Chaos","Fusion"],"picked":"Singing Bowl","floor":19.0},{"not_picked":["Rebound","Biased Cognition+1","Gash"],"picked":"Singing Bowl","floor":20.0},{"not_picked":["Lockon","Steam Power","Rip and Tear"],"picked":"Singing Bowl","floor":21.0},{"not_picked":["Turbo","Static Discharge+1","Steam"],"picked":"Singing Bowl","floor":22.0},{"not_picked":["Stack+1","Barrage","Redo"],"picked":"Singing Bowl","floor":23.0},{"not_picked":["Compile Driver","Steam","Hologram"],"picked":"Singing Bowl","floor":25.0},{"not_picked":["Sweeping Beam","Stack"],"picked":"Coolheaded","floor":27.0},{"not_picked":["Steam","Streamline+1","Barrage+1"],"picked":"Singing Bowl","floor":29.0},{"not_picked":["Fission","Beam Cell+1"],"picked":"Glacier","floor":33.0},{"not_picked":["Ball Lightning","Redo","Heatsinks+1"],"picked":"Singing Bowl","floor":34.0},{"not_picked":["Biased Cognition+1","Thunder Strike"],"picked":"Echo Form+1","floor":36.0},{"not_picked":["Biased Cognition+1","Meteor Strike","Hyperbeam"],"picked":"Singing Bowl","floor":39.0},{"not_picked":["Gash","Self Repair+1","Coolheaded"],"picked":"Singing Bowl","floor":41.0},{"not_picked":["Leap","Hologram","Sweeping Beam"],"picked":"Singing Bowl","floor":43.0},{"not_picked":["Beam Cell","Barrage","Glacier"],"picked":"Singing Bowl","floor":44.0},{"not_picked":["Sunder+1","Barrage"],"picked":"Echo Form+1","floor":45.0},{"not_picked":["Auto Shields","Scrape","Turbo"],"picked":"Singing Bowl","floor":46.0},{"not_picked":["Dark Shackles","Thinking Ahead","PanicButton"],"picked":"Singing Bowl","floor":47.0},{"not_picked":["Rebound","Hello World+1","Consume"],"picked":"Singing Bowl","floor":48.0},{"not_picked":["Steam","Ball Lightning"],"picked":"Defragment+1","floor":50.0},{"not_picked":["Hologram+1","Reprogram+1","White Noise"],"picked":"Singing Bowl","floor":51.0},{"not_picked":["Hologram+1","Amplify","Darkness+1"],"picked":"Singing Bowl","floor":52.0},{"not_picked":["Conserve Battery","Leap","Coolheaded"],"picked":"Singing Bowl","floor":53.0},{"not_picked":["Coolheaded","Blizzard","Thunder Strike"],"picked":"Singing Bowl","floor":54.0},{"not_picked":["Steam","BootSequence","Reinforced Body"],"picked":"Singing Bowl","floor":56.0},{"not_picked":["Beam Cell+1","Stack","Chill"],"picked":"Singing Bowl","floor":59.0},{"not_picked":["Melter","Compile Driver"],"picked":"Consume","floor":61}],"player_experience":408978,"relics_obtained":[{"floor":8.0,"key":"Singing Bowl"},{"floor":9.0,"key":"Matryoshka"},{"floor":10.0,"key":"HornCleat"},{"floor":10.0,"key":"Frozen Egg 2"},{"floor":21.0,"key":"Red Mask"},{"floor":25.0,"key":"CeramicFish"},{"floor":28.0,"key":"Vajra"},{"floor":28.0,"key":"Bottled Tornado"},{"floor":33.0,"key":"Blue Candle"},{"floor":46.0,"key":"Toy Ornithopter"},{"floor":48.0,"key":"Dream Catcher"},{"floor":51.0,"key":"Eternal Feather"},{"floor":61,"key":"Strawberry"}],"event_choices":[{"damage_healed":0.0,"max_hp_gain":0.0,"max_hp_loss":0.0,"gold_gain":0.0,"event_name":"Golden Wing","player_choice":"Ignored","floor":2.0,"gold_loss":0.0,"damage_taken":0.0},{"damage_healed":0.0,"max_hp_gain":0.0,"max_hp_loss":0.0,"gold_gain":0.0,"event_name":"Living Wall","player_choice":"Grow","floor":5.0,"gold_loss":0.0,"damage_taken":0.0,"cards_upgraded":["Zap"]},{"damage_healed":17.0,"max_hp_gain":0.0,"max_hp_loss":0.0,"gold_gain":0.0,"event_name":"Mushrooms","player_choice":"Healed and dodged fight","floor":11.0,"gold_loss":0.0,"damage_taken":0.0,"cards_obtained":["Parasite"]},{"damage_healed":0.0,"max_hp_gain":0.0,"max_hp_loss":0.0,"gold_gain":0.0,"event_name":"Upgrade Shrine","player_choice":"Upgraded","floor":15.0,"gold_loss":0.0,"damage_taken":0.0,"cards_upgraded":["Glacier"]},{"damage_healed":0.0,"max_hp_gain":0.0,"max_hp_loss":0.0,"gold_gain":0.0,"event_name":"Masked Bandits","player_choice":"Fought Bandits","floor":21.0,"gold_loss":0.0,"damage_taken":0.0},{"damage_healed":0.0,"max_hp_gain":0.0,"max_hp_loss":0.0,"gold_gain":0.0,"event_name":"SensoryStone","player_choice":"Memory 1","floor":47.0,"gold_loss":0.0,"damage_taken":0.0}],"is_beta":false,"boss_relics":[{"not_picked":["Philosopher\u0027s Stone","SacredBark"],"picked":"Tiny House"},{"not_picked":["Cursed Key","Calling Bell"],"picked":"Nuclear Battery"},{"not_picked":["SlaversCollar","Pandora\u0027s Box"],"picked":"Inserter"}],"items_purged_floors":[12,42],"is_endless":false,"potions_floor_spawned":[4,14,17,19,21,25,27,33,34,44,46,48,50],"ascension_level":16}}