{"host":"9atdgos84qs65xvt","time":1611943377,"event":{"mods":["2.2 Compatiblity","AchievementEnabler","Astrologer","BaseMod","Colored Map","Hermit","Hubris","Infinite Spire","Koishi","Marisa????????","Minty Spire (QoL Compilation)","Quick Restart","READ ME - Guardian Mod","SOS???????","StSLib","SuperFastMode","The Animator","The Construct","The Cursed","The Dragon Tamer","The Hierophant","The Necromancer","The Poker Player","The Wild Card"],"gold_per_floor":[109,120,131,150,166,166,178,32,32,48,79,79,150,167,167,272,272,297,297,326,360,378,409,409,426,450,469,489,505,44,61,61,156,156,170,189,220,270,294,334,334,368,368,368,368,388,399,413,413,423,423],"floor_reached":50,"language":"FRA","playtime":3079,"items_purged":[],"score":560,"play_id":"7b009cfb-4116-40c6-99ab-d1dee3953642","local_time":"20210129190257","is_ascension_mode":false,"campfire_choices":[{"floor":6,"key":"REST"},{"floor":12,"key":"REST"},{"floor":15,"key":"REST"},{"floor":24,"key":"REST"},{"floor":32,"key":"REST"},{"floor":41,"key":"REST"},{"data":"1","floor":49,"key":"LIFT"}],"circlet_count":0,"master_deck":["DTMod:SwitchingTactic","hermit:Strike_Hermit","hermit:Strike_Hermit","hermit:Strike_Hermit","hermit:Strike_Hermit","hermit:Defend_Hermit","hermit:Defend_Hermit","hermit:Defend_Hermit","hermit:Defend_Hermit","hermit:Snapshot","hermit:Covet","hermit:Headshot","hermit:ItchyTrigger","hermit:Quickdraw","hermit:LowProfile","hermit:GoldenBullet","hermit:Snipe","hermit:Horror","hermit:EyeOfTheStorm","hermit:WideOpen","hermit:DeadOrAlive","hermit:GoldenBullet","hermit:Scavenge","hermit:Showdown","hermit:TrackingShot","hermit:Glare","hermit:Gambit","hermit:Deadeye","hermit:Dive+1","hermit:Determination","hermit:Glare+1","hermit:BlackWind","hermit:GoldenBullet+1","hermit:Quickdraw+1","hermit:CalledShot+1","hermit:Shortfuse+1","hermit:Deadeye+1","hermit:GhostlyPresence","infinitespire:Oblivion","infinitespire:Starlight","hermit:Combo+1","Parasite","hermit:Scavenge","hermit:Maintenance+1"],"relics":["hermit:Momento","Boot","hermit:Horseshoe","Anchor","hubris:GrandSneckoEye","infinitespire:ShieldingShard","Meat on the Bone","Toolbox","hubris:VirtuousBlindfold","Girya","infinitespire:Satchel","Pear"],"acts_visited":["Exordium","TheCity","TheBeyond"],"potions_floor_usage":[11,11,16,16,23,23,27,27,38,48,50,50],"damage_taken":[{"damage":6,"enemies":"Jaw Worm","floor":1,"turns":3},{"damage":2,"enemies":"2 Louse","floor":2,"turns":4},{"damage":21,"enemies":"infinitespire:Voidling","floor":3,"turns":4},{"damage":4,"enemies":"2 Fungi Beasts","floor":4,"turns":4},{"damage":12,"enemies":"3 Louse","floor":5,"turns":4},{"damage":19,"enemies":"Blue Slaver","floor":7,"turns":6},{"damage":0,"enemies":"2 Fungi Beasts","floor":10,"turns":2},{"damage":14,"enemies":"3 Sentries","floor":11,"turns":5},{"damage":0,"enemies":"Looter","floor":14,"turns":2},{"damage":56,"enemies":"Slime Boss","floor":16,"turns":17},{"damage":0,"enemies":"Chosen","floor":18,"turns":3},{"damage":0,"enemies":"Spheric Guardian","floor":20,"turns":2},{"damage":18,"enemies":"Shelled Parasite and Fungi","floor":21,"turns":4},{"damage":31,"enemies":"3 Cultists","floor":22,"turns":6},{"damage":12,"enemies":"Book of Stabbing","floor":23,"turns":4},{"damage":12,"enemies":"Snake Plant","floor":25,"turns":3},{"damage":11,"enemies":"Centurion and Healer","floor":27,"turns":5},{"damage":2,"enemies":"3 Cultists","floor":28,"turns":5},{"damage":2,"enemies":"Sentry and Sphere","floor":29,"turns":3},{"damage":6,"enemies":"Cultist and Chosen","floor":31,"turns":5},{"damage":40,"enemies":"Collector","floor":33,"turns":9},{"damage":0,"enemies":"3 Shapes","floor":35,"turns":2},{"damage":0,"enemies":"Orb Walker","floor":36,"turns":2},{"damage":15,"enemies":"Writhing Mass","floor":37,"turns":5},{"damage":4,"enemies":"Mind Bloom Boss Battle","floor":38,"turns":4},{"damage":25,"enemies":"3 Darklings","floor":39,"turns":7},{"damage":48,"enemies":"Giant Head","floor":40,"turns":7},{"damage":4,"enemies":"Maw","floor":42,"turns":6},{"damage":1,"enemies":"4 Shapes","floor":46,"turns":4},{"damage":0,"enemies":"Writhing Mass","floor":47,"turns":3},{"damage":2,"enemies":"Sphere and 2 Shapes","floor":48,"turns":3},{"damage":78,"enemies":"Awakened One","floor":50,"turns":6}],"seed_played":"-8572689106435961308","potions_obtained":[{"floor":4,"key":"FearPotion"},{"floor":7,"key":"Ancient Potion"},{"floor":11,"key":"SkillPotion"},{"floor":14,"key":"Energy Potion"},{"floor":21,"key":"Dexterity Potion"},{"floor":22,"key":"SkillPotion"},{"floor":23,"key":"Fire Potion"},{"floor":25,"key":"Swift Potion"},{"floor":36,"key":"Fire Potion"},{"floor":40,"key":"Energy Potion"},{"floor":42,"key":"ColorlessPotion"},{"floor":48,"key":"Explosive Potion"}],"is_trial":false,"path_per_floor":["M","M","M","M","M","R","M","$","T","M","E","R","?","M","R","B",null,"M","?","M","M","M","E","R","M","T","M","M","M","$","M","R","B",null,"M","M","M","?","M","E","R","M","T","?","AVR","M","M","M","R","B"],"character_chosen":"HERMIT","items_purchased":["Boot","Meat on the Bone","Toolbox","hermit:Determination"],"campfire_rested":6,"item_purchase_floors":[8,30,30,30],"current_hp_per_floor":[76,74,53,49,37,61,42,42,42,42,28,52,52,52,76,20,82,82,82,82,64,33,21,45,33,33,22,20,18,18,24,48,20,82,82,82,67,63,50,14,38,46,56,56,56,65,65,63,63,0,0],"gold":423,"neow_bonus":"TEN_PERCENT_HP_BONUS","is_daily":false,"chose_seed":false,"campfire_upgraded":0,"win_rate":0.0,"timestamp":1611943377,"path_taken":["M","M","M","M","M","R","M","$","T","M","E","R","?","M","R","BOSS","M","?","M","M","M","E","R","M","T","M","?","M","$","M","R","BOSS","M","M","M","?","M","E","R","M","T","?","AVR","M","M","M","R","BOSS"],"items_purchased_type":["Relic","Relic","Relic","Card"],"build_version":"2020-12-22","purchased_purges":0,"victory":false,"max_hp_per_floor":[82,82,82,82,82,82,82,82,82,82,82,82,82,82,82,82,82,82,82,82,82,82,82,82,82,82,82,82,82,82,82,82,82,82,82,82,82,82,82,82,82,82,92,92,92,92,92,92,92,92,92],"card_choices":[{"not_picked":["hermit:HighCaliber","hermit:Spite"],"picked":"hermit:Headshot","floor":1},{"not_picked":["hermit:HighCaliber","hermit:Headshot"],"picked":"hermit:ItchyTrigger","floor":2},{"not_picked":["hermit:Manifest","hermit:Gambit"],"picked":"hermit:Quickdraw","floor":3},{"not_picked":["hermit:Manifest","hermit:Quickdraw"],"picked":"hermit:LowProfile","floor":4},{"not_picked":["hermit:Glare","hermit:Coalescence"],"picked":"hermit:GoldenBullet","floor":5},{"not_picked":["hermit:LoneWolf","hermit:Manifest"],"picked":"hermit:Snipe","floor":7},{"not_picked":["hermit:LowProfile","hermit:Maintenance"],"picked":"hermit:Horror","floor":10},{"not_picked":["hermit:ItchyTrigger","hermit:FinalCanter"],"picked":"hermit:EyeOfTheStorm","floor":11},{"not_picked":["hermit:Midnight","hermit:Manifest"],"picked":"hermit:WideOpen","floor":14},{"not_picked":["hermit:Purgatory","hermit:Adapt"],"picked":"hermit:DeadOrAlive","floor":16},{"not_picked":["hermit:Dive","hermit:TakeAim"],"picked":"hermit:GoldenBullet","floor":18},{"not_picked":["hermit:Glare","hermit:Enervate"],"picked":"hermit:Scavenge","floor":20},{"not_picked":["hermit:SprayPray","hermit:Misfire+1","hermit:FullyLoaded"],"picked":"SKIP","floor":21},{"not_picked":["hermit:Cheat+1","hermit:Grudge"],"picked":"hermit:Showdown","floor":22},{"not_picked":["hermit:FullyLoaded+1","hermit:Malice"],"picked":"hermit:TrackingShot","floor":23},{"not_picked":["hermit:ItchyTrigger+1","hermit:BodyArmor"],"picked":"hermit:Glare","floor":25},{"not_picked":["hermit:Vantage","hermit:LowProfile"],"picked":"hermit:Gambit","floor":27},{"not_picked":["hermit:DeadMansHand","hermit:LowProfile"],"picked":"hermit:Deadeye","floor":28},{"not_picked":["hermit:Desperado","hermit:Virtue"],"picked":"hermit:Dive+1","floor":29},{"not_picked":["hermit:TrackingShot","hermit:Enervate"],"picked":"hermit:Glare+1","floor":31},{"not_picked":["hermit:Gambit","hermit:FinalCanter"],"picked":"hermit:BlackWind","floor":33},{"not_picked":["hermit:BodyArmor","hermit:Feint","hermit:Ricochet"],"picked":"SKIP","floor":35},{"not_picked":["hermit:CursedWeapon","hermit:Dive"],"picked":"hermit:GoldenBullet+1","floor":36},{"not_picked":["hermit:HighCaliber+1","hermit:Misfire+1"],"picked":"hermit:Quickdraw+1","floor":37},{"not_picked":["hermit:LowProfile+1","hermit:DeadOrAlive"],"picked":"hermit:CalledShot+1","floor":38},{"not_picked":["hermit:Manifest","hermit:Snipe+1"],"picked":"hermit:Shortfuse+1","floor":39},{"not_picked":["hermit:ItchyTrigger+1","hermit:Quickdraw"],"picked":"hermit:Deadeye+1","floor":40},{"not_picked":["hermit:Ricochet","hermit:Headshot"],"picked":"hermit:GhostlyPresence","floor":42},{"not_picked":["hermit:Grudge","hermit:SprayPray+1"],"picked":"hermit:Combo+1","floor":46},{"not_picked":["hermit:Showdown","hermit:Cheat"],"picked":"hermit:Scavenge","floor":47},{"not_picked":["hermit:LowProfile+1","hermit:DeadMansHand"],"picked":"hermit:Maintenance+1","floor":48}],"player_experience":347176,"relics_obtained":[{"floor":9,"key":"hermit:Horseshoe"},{"floor":11,"key":"Anchor"},{"floor":23,"key":"infinitespire:ShieldingShard"},{"floor":38,"key":"Girya"},{"floor":40,"key":"infinitespire:Satchel"},{"floor":43,"key":"Pear"}],"event_choices":[{"damage_healed":0,"gold_gain":71,"player_choice":"Gained Gold","damage_taken":0,"max_hp_gain":0,"max_hp_loss":0,"event_name":"Golden Wing","floor":13,"gold_loss":0},{"damage_healed":0,"gold_gain":0,"player_choice":"Leave","damage_taken":0,"max_hp_gain":0,"max_hp_loss":0,"event_name":"FaceTrader","floor":19,"gold_loss":0},{"damage_healed":0,"gold_gain":0,"player_choice":"Fight","damage_taken":0,"max_hp_gain":0,"max_hp_loss":0,"event_name":"MindBloom","floor":38,"gold_loss":0}],"is_beta":false,"boss_relics":[{"not_picked":["Tiny House","Astrolabe"],"picked":"hubris:GrandSneckoEye"},{"not_picked":["Velvet Choker","Empty Cage"],"picked":"hubris:VirtuousBlindfold"}],"items_purged_floors":[],"is_endless":false,"potions_floor_spawned":[4,7,11,14,21,22,23,25,36,40,42,48],"killed_by":"Awakened One","ascension_level":0}}