{"host":"2js2pxuugveqjuf7","time":1611905827,"event":{"mods":["BaseMod","Colored Map","Minty Spire (QoL Compilation)","Quick Restart","Random Character Button","Relic Stats","StSLib"],"gold_per_floor":[112,129,129,140,140,140,171,171,250,250,425,469,33,108,108,238,238,254,272,21,34,34,34,34,34],"floor_reached":24,"language":"ENG","playtime":1681,"items_purged":["Doubt","Strike_B"],"score":253,"play_id":"a4abd7d3-c4b8-496e-ad58-b438cfaa836d","local_time":"20210129013707","is_ascension_mode":true,"campfire_choices":[{"data":"Chaos","floor":6,"key":"SMITH"},{"data":"Fission","floor":8,"key":"SMITH"},{"data":"Meteor Strike","floor":15,"key":"SMITH"},{"data":"Defragment","floor":23,"key":"SMITH"}],"circlet_count":0,"master_deck":["Defend_B","Defend_B","Defend_B","Zap","Dualcast","Machine Learning","Gash","Sweeping Beam","Chaos+1","Fission+1","Rebound","Gash","Meteor Strike+1","Turbo","Echo Form","Gash","Coolheaded","Coolheaded","Conserve Battery","Defragment+1","Compile Driver"],"relics":["Cracked Core","Oddly Smooth Stone","Mummified Hand","Golden Idol","DataDisk","Lee\u0027s Waffle","Empty Cage"],"acts_visited":["Exordium","TheCity"],"potions_floor_usage":[12,21,24],"damage_taken":[{"damage":7,"enemies":"2 Louse","floor":1,"turns":2},{"damage":5,"enemies":"Small Slimes","floor":2,"turns":3},{"damage":4,"enemies":"Jaw Worm","floor":4,"turns":3},{"damage":31,"enemies":"3 Sentries","floor":7,"turns":7},{"damage":3,"enemies":"Gremlin Nob","floor":12,"turns":3},{"damage":48,"enemies":"Hexaghost","floor":16,"turns":8},{"damage":14,"enemies":"Shell Parasite","floor":18,"turns":5},{"damage":6,"enemies":"Chosen","floor":19,"turns":3},{"damage":5,"enemies":"Centurion and Healer","floor":21,"turns":5},{"damage":42,"enemies":"Book of Stabbing","floor":24,"turns":5}],"seed_played":"-4356369535726447995","potions_obtained":[{"floor":2,"key":"Fruit Juice"},{"floor":7,"key":"PowerPotion"},{"floor":12,"key":"FocusPotion"},{"floor":18,"key":"Energy Potion"}],"is_trial":false,"path_per_floor":["M","M","?","M","?","R","E","R","T","?","?","E","$","?","R","B",null,"M","M","$","M","?","R","E"],"character_chosen":"DEFECT","items_purchased":["Lee\u0027s Waffle","Meteor Strike","Turbo","Coolheaded","Conserve Battery","Defragment"],"campfire_rested":0,"item_purchase_floors":[13,13,13,20,20,20],"current_hp_per_floor":[68,63,56,52,52,52,21,21,21,21,21,18,76,65,65,17,61,47,41,41,36,36,36,0,0],"gold":34,"neow_bonus":"ONE_RANDOM_RARE_CARD","is_daily":false,"chose_seed":false,"campfire_upgraded":4,"win_rate":0.0,"timestamp":1611905827,"path_taken":["M","M","?","M","?","R","E","R","T","?","?","E","$","?","R","BOSS","M","M","$","M","?","R","E"],"items_purchased_type":["Relic","Card","Card","Card","Card","Card"],"build_version":"2020-12-22","purchased_purges":2,"victory":false,"max_hp_per_floor":[75,75,75,75,75,75,75,75,75,69,69,69,76,76,76,76,76,76,76,76,76,76,76,81,81],"relic_stats":{"Lee\u0027s Waffle":58,"counters":[10,44],"Mummified Hand":[16],"Golden Idol":45,"obtain_stats":[{"DataDisk":12,"Lee\u0027s Waffle":13,"Mummified Hand":9,"Golden Idol":10,"Oddly Smooth Stone":7,"Cracked Core":0,"Empty Cage":17},{"DataDisk":5,"Lee\u0027s Waffle":5,"Mummified Hand":4,"Golden Idol":4,"Oddly Smooth Stone":4,"Cracked Core":0,"Empty Cage":6},{"DataDisk":18,"Lee\u0027s Waffle":18,"Mummified Hand":15,"Golden Idol":15,"Oddly Smooth Stone":15,"Cracked Core":0,"Empty Cage":26}]},"card_choices":[{"not_picked":["Leap","Hologram"],"picked":"Gash","floor":1},{"not_picked":["Blizzard","Redo"],"picked":"Sweeping Beam","floor":2},{"not_picked":["Steam","Barrage"],"picked":"Chaos","floor":4},{"not_picked":["BootSequence","Coolheaded"],"picked":"Rebound","floor":7},{"not_picked":["Redo","Skim"],"picked":"Gash","floor":12},{"not_picked":["Reboot","Seek"],"picked":"Echo Form","floor":16},{"not_picked":["Hologram","Hello World"],"picked":"Gash","floor":18},{"not_picked":["Barrage","Turbo"],"picked":"Coolheaded","floor":19},{"not_picked":["Conserve Battery","Auto Shields+1"],"picked":"Compile Driver","floor":21}],"player_experience":305392,"relics_obtained":[{"floor":7,"key":"Oddly Smooth Stone"},{"floor":9,"key":"Mummified Hand"},{"floor":12,"key":"DataDisk"}],"event_choices":[{"cards_removed":["Strike_B"],"damage_healed":0,"gold_gain":0,"player_choice":"Card Removal","damage_taken":7,"max_hp_gain":0,"max_hp_loss":0,"event_name":"Golden Wing","floor":3,"gold_loss":0},{"damage_healed":0,"gold_gain":0,"cards_transformed":["Defend_B"],"player_choice":"Change","damage_taken":0,"max_hp_gain":0,"max_hp_loss":0,"event_name":"Living Wall","floor":5,"gold_loss":0,"cards_obtained":["Fission"]},{"damage_healed":0,"gold_gain":0,"player_choice":"Lose Max HP","damage_taken":0,"relics_obtained":["Golden Idol"],"max_hp_gain":0,"max_hp_loss":6,"event_name":"Golden Idol","floor":10,"gold_loss":0},{"damage_healed":0,"gold_gain":175,"player_choice":"AGREE","damage_taken":0,"max_hp_gain":0,"max_hp_loss":0,"event_name":"Liars Game","floor":11,"gold_loss":0,"cards_obtained":["Doubt"]},{"damage_healed":0,"gold_gain":75,"player_choice":"Gather Gold","damage_taken":11,"max_hp_gain":0,"max_hp_loss":0,"event_name":"World of Goop","floor":14,"gold_loss":0},{"damage_healed":0,"gold_gain":0,"player_choice":"Ignored","damage_taken":0,"max_hp_gain":0,"max_hp_loss":0,"event_name":"Vampires","floor":22,"gold_loss":0}],"is_beta":false,"boss_relics":[{"not_picked":["Tiny House","Busted Crown"],"picked":"Empty Cage"}],"items_purged_floors":[13,20],"is_endless":false,"potions_floor_spawned":[2,7,12,18],"killed_by":"Book of Stabbing","ascension_level":5}}