{"host":"0ricjaa7rfq9v76t","time":1611901499,"event":{"mods":["AchievementEnabler","Aspiration","BaseMod","Better Altar","Better Match","Better Sensory Stone","Better Skull","Better Vampires","BetterRewards","Colored Powertips","Downfall","Energized Spire","Highlight Path","Hubris","Infinite Spire","Minty Spire (QoL Compilation)","Quick Restart","Rare Cards Sparkle","Relic Sorter","Reliquary","Replay The Spire","StSLib","SuperFastMode","Synergy Search","The Cursed","The Disciple","The Jungle","The Marked","The Mystic","Uncapped"],"gold_per_floor":[119,138,313,88,88,88,88,99,99,176,33,49,69,69,69,173,173,191,210,210,210,226,226,238,238,238,254,254,254,265,292,292,292,292],"floor_reached":33,"language":"ENG","playtime":1360,"items_purged":["Strike_B","Doubt"],"score":362,"play_id":"61e207cf-542c-44cd-8690-c5b118abbd36","local_time":"20210129142459","is_ascension_mode":false,"campfire_choices":[{"floor":6.0,"key":"REST"},{"floor":15.0,"key":"REST"},{"floor":23.0,"key":"REST"}],"circlet_count":0,"master_deck":["Strike_B+1","Strike_B+1","Strike_B+1","Defend_B+1","Defend_B+1","Defend_B+1","Defend_B+1","Zap+1","Dualcast","Creative AI+1","Ball Lightning","Tempest","ReplayTheSpireMod:Necrogeddon","hubris:PowerSurge","Storm+1","Double Energy","hubris:Rewind","infinitespire:Execution","Core Surge","infinitespire:SealOfDarkness+","ReplayGash+1"],"relics":["Cracked Core","Blue Doll","aspiration:HummingbirdHeart","Replay:WaspNest","Oddly Smooth Stone","hubris:KleinBottle","Medical Kit","Runic Pyramid","Gremlin Food","DataDisk","Red Mask"],"acts_visited":["Exordium","TheCity"],"potions_floor_usage":[],"damage_taken":[{"damage":10.0,"enemies":"Jaw Worm","floor":1.0,"turns":4.0},{"damage":0.0,"enemies":"2 Louse","floor":2.0,"turns":2.0},{"damage":0.0,"enemies":"Cultist","floor":8.0,"turns":3.0},{"damage":2.0,"enemies":"Exordium Wildlife","floor":12.0,"turns":2.0},{"damage":2.0,"enemies":"Gremlin Gang","floor":13.0,"turns":3.0},{"damage":32.0,"enemies":"Fading Forest","floor":16.0,"turns":11.0},{"damage":12.0,"enemies":"Shell Parasite","floor":18.0,"turns":4.0},{"damage":14.0,"enemies":"2 Thieves","floor":19.0,"turns":4.0},{"damage":16.0,"enemies":"Snake Plant","floor":22.0,"turns":4.0},{"damage":14.0,"enemies":"Shelled Parasite and Fungi","floor":24.0,"turns":4.0},{"damage":21.0,"enemies":"3 Cultists","floor":27.0,"turns":5.0},{"damage":0.0,"enemies":"Snake Plant","floor":30.0,"turns":3.0},{"damage":17.0,"enemies":"Masked Bandits","floor":31.0,"turns":4.0},{"damage":4,"enemies":"Centurion and Healer","floor":33,"turns":1}],"seed_played":"-1122466809548035797","potions_obtained":[{"floor":2.0,"key":"LiquidMemories"},{"floor":8.0,"key":"Adrenaline Potion"},{"floor":13.0,"key":"Slimebound:ThreeZeroPotion"},{"floor":16.0,"key":"PowerPotion"},{"floor":27.0,"key":"champ:CounterPotion"},{"floor":30.0,"key":"Adrenaline Potion"}],"is_trial":false,"path_per_floor":["M","M","?","$","?","R","?","M","T","T","$","M","M","$","R","B",null,"M","M","?","AVR","M","R","M","?","T","M","PTL","PTL","M","?","?","M"],"character_chosen":"DEFECT","items_purchased":["Blue Doll","Creative AI","Ball Lightning","Tempest","Storm+1","Double Energy","Oddly Smooth Stone","hubris:KleinBottle","Medical Kit"],"campfire_rested":3,"item_purchase_floors":[0,0,0,0,4,4,11,14,14],"current_hp_per_floor":[44,44,44,44,44,66,48,48,48,48,48,46,44,15,37,15,75,63,49,49,49,33,55,41,41,41,20,20,20,20,3,3,0,0],"gold":292,"neow_bonus":"","is_daily":false,"chose_seed":false,"campfire_upgraded":0,"win_rate":0.0,"timestamp":1611901499,"path_taken":["M","M","?","$","?","R","?","?","T","?","$","M","M","?","R","BOSS","M","M","?","AVR","?","R","M","?","T","M","PTL","PTL","M","?","?","M"],"items_purchased_type":["Relic","Card","Card","Card","Card","Card","Relic","Relic","Relic"],"build_version":"2020-12-22","purchased_purges":2,"victory":false,"max_hp_per_floor":[75,75,75,75,75,75,75,75,75,75,75,75,75,75,75,75,75,75,75,75,75,75,75,75,75,75,75,75,75,75,75,75,75,75],"card_choices":[{"not_picked":["Sweeping Beam","Rip and Tear","Hologram"],"picked":"SKIP","floor":1.0},{"not_picked":["Cold Snap","ReplaySort"],"picked":"hubris:PowerSurge","floor":2.0},{"not_picked":["infinitespire:SealOfDarkness+","infinitespire:FutureSight"],"picked":"hubris:Rewind","floor":7.0},{"not_picked":["BasicCrystalCard","Fission","Steam"],"picked":"SKIP","floor":8.0},{"not_picked":["Rebound","Cold Snap","Chill"],"picked":"SKIP","floor":12.0},{"not_picked":["Conserve Battery","Rebound","Leap"],"picked":"SKIP","floor":13.0},{"not_picked":["infinitespire:Punishment","infinitespire:Oblivion"],"picked":"infinitespire:Execution","floor":14.0},{"not_picked":["Echo Form","Fission"],"picked":"Core Surge","floor":16.0},{"not_picked":["ReplayTheSpireMod:Repulse+1","Cold Snap","Coolheaded"],"picked":"SKIP","floor":18.0},{"not_picked":["Stack","Capacitor","Panic Button"],"picked":"SKIP","floor":19.0},{"not_picked":["All For One","Auto Shields"],"picked":"ReplayGash+1","floor":22.0},{"not_picked":["Barrage+1","Cold Snap","Lockon"],"picked":"SKIP","floor":24.0},{"not_picked":["Steam","Beam Cell","Lockon"],"picked":"SKIP","floor":27.0},{"not_picked":["Cold Snap","Doom and Gloom+1","Leap"],"picked":"SKIP","floor":30.0}],"player_experience":243458,"relics_obtained":[{"floor":9.0,"key":"aspiration:HummingbirdHeart"},{"floor":10.0,"key":"Replay:WaspNest"},{"floor":26.0,"key":"DataDisk"},{"floor":31.0,"key":"Red Mask"}],"event_choices":[{"damage_healed":0.0,"max_hp_gain":0.0,"max_hp_loss":0.0,"gold_gain":175.0,"event_name":"Liars Game","player_choice":"AGREE","floor":3.0,"gold_loss":0.0,"damage_taken":0.0,"cards_obtained":["Doubt"]},{"damage_healed":0.0,"max_hp_gain":0.0,"max_hp_loss":0.0,"gold_gain":0.0,"event_name":"Upgrade Shrine","player_choice":"Upgraded","floor":20.0,"gold_loss":0.0,"damage_taken":0.0,"cards_upgraded":["Creative AI"]},{"damage_healed":0.0,"max_hp_gain":0.0,"max_hp_loss":0.0,"gold_gain":0.0,"event_name":"Back to Basics","player_choice":"Simplicity","floor":25.0,"gold_loss":0.0,"damage_taken":0.0,"cards_upgraded":["Strike_B","Strike_B","Strike_B","Defend_B","Defend_B","Defend_B","Defend_B"]},{"damage_healed":0.0,"max_hp_gain":0.0,"max_hp_loss":0.0,"gold_gain":0.0,"event_name":"Masked Bandits","player_choice":"Fought Bandits","floor":31.0,"gold_loss":0.0,"damage_taken":0.0},{"damage_healed":0.0,"max_hp_gain":0.0,"max_hp_loss":0.0,"gold_gain":0.0,"event_name":"Vampires","player_choice":"Ignored","floor":32.0,"gold_loss":0.0,"damage_taken":0.0}],"is_beta":false,"boss_relics":[{"not_picked":["hubris:HollowSoul","aspiration:IroncladSkillbook"],"picked":"Runic Pyramid"}],"items_purged_floors":[0,4],"is_endless":false,"potions_floor_spawned":[2,8,13,16,27,30],"killed_by":"Centurion and Healer","ascension_level":0}}