{"host":"hixkpep13ay54y5b","time":1611949549,"event":{"mods":["AchievementEnabler","BaseMod","BetterRewards","Colored Map","Hubris","Infinite Spire","Minty Spire (QoL Compilation)","Quick Restart","Replay The Spire","Shop Mod","StSLib","SuperFastMode"],"gold_per_floor":[116,116,135,60,73,105,105,131,131,131,143,143,143,160,160,255,255,275,285,44,95,107,135,148,148,197,207,225,129,140,151,151,260,260,296,335,371,251,283,332,332,332,332,332,366,276,308,347,347,347,347],"floor_reached":50,"language":"ENG","playtime":2268,"items_purged":["Strike_B","Strike_B","Strike_B","Electrodynamics","Zap"],"score":660,"play_id":"1e7ccb95-04aa-44ba-a2d0-0e21ae5c0296","local_time":"20210129144549","is_ascension_mode":false,"campfire_choices":[{"data":"FIFO Queue","floor":7.0,"key":"SMITH"},{"data":"Defend_B","floor":12.0,"key":"SMITH"},{"data":"Strike_B","floor":15.0,"key":"PURGE"},{"data":"Buffer","floor":25.0,"key":"SMITH"},{"floor":32.0,"key":"REST"},{"data":"Defragment","floor":42,"key":"SMITH"},{"data":"Defragment","floor":44,"key":"SMITH"}],"circlet_count":0,"master_deck":["Defend_B+1","Defend_B+1","Defend_B+1","Defend_B","FIFO Queue+1","Glacier+1","Buffer+1","Streamline+1","Barrage","Genetic Algorithm","Defragment+1","Blizzard","Defragment+1"],"relics":["Cracked Core","NeowsBlessing","hubris:SphereOfDissonance","Smiling Mask","Replay:Antivirus Software","Nuclear Battery","MerchantsRug","hubris:ToyBattleship","Lantern","Runic Capacitor","infinitespire:EvilPickle","infinitespire:Cupcake","infinitespire:Satchel","Inserter","Turnip","Symbiotic Virus"],"acts_visited":["Exordium","TheCity","TheBeyond"],"potions_floor_usage":[40,50,50,50],"damage_taken":[{"damage":0.0,"enemies":"2 Louse","floor":1.0,"turns":1.0},{"damage":0.0,"enemies":"Small Slimes","floor":3.0,"turns":1.0},{"damage":0.0,"enemies":"Cultist","floor":5.0,"turns":1.0},{"damage":3.0,"enemies":"Lagavulin","floor":6.0,"turns":10.0},{"damage":11.0,"enemies":"3 Sentries","floor":8.0,"turns":11.0},{"damage":2.0,"enemies":"3 Louse","floor":11.0,"turns":4.0},{"damage":9.0,"enemies":"Lots of Slimes","floor":14.0,"turns":5.0},{"damage":2.0,"enemies":"The Guardian","floor":16.0,"turns":19.0},{"damage":1.0,"enemies":"Shell Parasite","floor":18.0,"turns":16.0},{"damage":2.0,"enemies":"Spheric Guardian","floor":19.0,"turns":12.0},{"damage":12.0,"enemies":"Cultist and Chosen","floor":22.0,"turns":7.0},{"damage":7.0,"enemies":"Nightmare","floor":23.0,"turns":9.0},{"damage":11.0,"enemies":"Centurion and Healer","floor":24.0,"turns":7.0},{"damage":0.0,"enemies":"Shelled Parasite and Fungi","floor":27.0,"turns":5.0},{"damage":11.0,"enemies":"Snake Plant","floor":28.0,"turns":5.0},{"damage":7.0,"enemies":"Centurion and Healer","floor":30.0,"turns":6.0},{"damage":2.0,"enemies":"Cultist and Chosen","floor":31.0,"turns":6.0},{"damage":14.0,"enemies":"Pondfish","floor":33.0,"turns":16.0},{"damage":0.0,"enemies":"3 Shapes","floor":35.0,"turns":5.0},{"damage":0.0,"enemies":"Orb Walker","floor":36.0,"turns":4.0},{"damage":0.0,"enemies":"Spire Growth","floor":37.0,"turns":5.0},{"damage":21.0,"enemies":"Writhing Mass","floor":39.0,"turns":8.0},{"damage":36,"enemies":"Reptomancer","floor":40,"turns":11},{"damage":0,"enemies":"Maw","floor":45,"turns":8},{"damage":8,"enemies":"Sphere and 2 Shapes","floor":47,"turns":8},{"damage":8,"enemies":"3 Darklings","floor":48,"turns":7},{"damage":101,"enemies":"hubris:GrandSnecko","floor":50,"turns":18}],"seed_played":"144173197891673656","potions_obtained":[{"floor":3.0,"key":"Ancient Potion"},{"floor":6.0,"key":"Milkshake"},{"floor":14.0,"key":"FearPotion"},{"floor":22.0,"key":"Ancient Potion"},{"floor":27.0,"key":"SkillPotion"},{"floor":30.0,"key":"Swift Potion"},{"floor":45,"key":"Reflective Coating"}],"is_trial":false,"path_per_floor":["M","?","M","$","M","E","R","E","T","?","M","R","?","M","R_BF","B",null,"M","M","$","T","M","NM","M","R","T","M","M","$","M","M","R","B",null,"M","M","M","$","M","E","AVR","R","T","R","M","?","M","M","R_BF","B"],"character_chosen":"DEFECT","items_purchased":["MerchantsRug","Barrage","Runic Capacitor","Blizzard"],"campfire_rested":1,"item_purchase_floors":[20,20,29,38],"current_hp_per_floor":[75,72,72,72,72,69,69,58,58,58,56,56,56,47,47,45,75,74,72,72,72,60,53,42,42,42,42,31,31,24,22,44,30,75,75,75,75,75,54,18,18,18,18,18,18,18,10,2,24,0,0],"gold":347,"neow_bonus":"THREE_ENEMY_KILL","is_daily":false,"chose_seed":false,"campfire_upgraded":5,"win_rate":0.0,"timestamp":1611949549,"path_taken":["M","?","M","$","M","E","R","E","T","?","?","R","?","M","R_BF","BOSS","M","M","$","?","M","NM","M","R","T","M","M","$","M","M","R","BOSS","M","M","M","$","M","E","AVR","R","T","R","M","?","M","M","R_BF","BOSS"],"items_purchased_type":["Relic","Card","Relic","Card"],"build_version":"2020-12-22","purchased_purges":5,"victory":false,"max_hp_per_floor":[75,75,75,75,75,75,75,75,75,75,75,75,75,75,75,75,75,75,75,75,75,75,75,75,75,75,75,75,75,75,75,75,75,75,75,75,75,75,75,75,75,75,75,75,75,75,75,75,75,75,75],"card_choices":[{"not_picked":["Beam Cell","Gash"],"picked":"FIFO Queue","floor":1.0},{"not_picked":["Hologram","Leap"],"picked":"Glacier","floor":3.0},{"not_picked":["Stack","Go for the Eyes","Steam Power"],"picked":"SKIP","floor":5.0},{"not_picked":["Core Surge","Heatsinks","Gash"],"picked":"SKIP","floor":6.0},{"not_picked":["hubris:PowerSurge","Sweeping Beam","FTL"],"picked":"SKIP","floor":8.0},{"not_picked":["Panic Button","Streamline","Barrage"],"picked":"SKIP","floor":11.0},{"not_picked":["Reprogram","Leap"],"picked":"Buffer","floor":14.0},{"not_picked":["BasicCrystalCard","Crystallizer+1","Lockon+1"],"picked":"SKIP","floor":18.0},{"not_picked":["Turbo","Hello World+1"],"picked":"Streamline+1","floor":19.0},{"not_picked":["Double Energy+1","Genetic Algorithm","Rip and Tear"],"picked":"SKIP","floor":22.0},{"not_picked":["Double Energy+1","Rip and Tear"],"picked":"Genetic Algorithm","floor":22.0},{"not_picked":["Beam Cell","Creative AI","Self Repair+1"],"picked":"SKIP","floor":23.0},{"not_picked":["Darkness+1","hubris:PowerSurge+1","Redo"],"picked":"SKIP","floor":24.0},{"not_picked":["Darkness+1","hubris:PowerSurge+1","Redo"],"picked":"SKIP","floor":24.0},{"not_picked":["Turbo","Go for the Eyes","BasicCrystalCard+1"],"picked":"SKIP","floor":27.0},{"not_picked":["Rip and Tear","Sunder","Biased Cognition"],"picked":"SKIP","floor":28.0},{"not_picked":["Storm","Leap","hubris:Ukulele"],"picked":"SKIP","floor":30.0},{"not_picked":["Cold Snap","Leap","Hologram"],"picked":"SKIP","floor":31.0},{"not_picked":["hubris:Prefetch","Amplify"],"picked":"Electrodynamics","floor":33.0},{"not_picked":["Compile Driver+1","Cold Snap"],"picked":"Defragment","floor":35.0},{"not_picked":["Gash","Hologram","Redo+1"],"picked":"SKIP","floor":36.0},{"not_picked":["Redo","Coolheaded+1","Beam Cell"],"picked":"SKIP","floor":37.0},{"not_picked":["FTL+1","Rip and Tear+1"],"picked":"Defragment","floor":39.0},{"not_picked":["Sweeping Beam","Redo+1","Go for the Eyes+1"],"picked":"SKIP","floor":40},{"not_picked":["Time Bomb","Gash+1","Rebound+1"],"picked":"SKIP","floor":45},{"not_picked":["Streamline+1","Blizzard+1","ReplaySort+1"],"picked":"SKIP","floor":47},{"not_picked":["Gash","Ball Lightning+1","ReplaySort+1"],"picked":"SKIP","floor":48}],"player_experience":159869,"relics_obtained":[{"floor":6.0,"key":"Smiling Mask"},{"floor":8.0,"key":"Replay:Antivirus Software"},{"floor":9.0,"key":"Ornamental Fan"},{"floor":21.0,"key":"hubris:ToyBattleship"},{"floor":23.0,"key":"Lantern"},{"floor":26.0,"key":"Centennial Puzzle"},{"floor":40,"key":"infinitespire:Satchel"},{"floor":43,"key":"Symbiotic Virus"}],"event_choices":[{"damage_healed":0.0,"max_hp_gain":0.0,"max_hp_loss":0.0,"gold_gain":0.0,"event_name":"Scrap Ooze","player_choice":"Success","floor":2.0,"gold_loss":0.0,"damage_taken":3.0,"relics_obtained":["hubris:SphereOfDissonance"]},{"damage_healed":0.0,"max_hp_gain":0.0,"max_hp_loss":0.0,"gold_gain":0.0,"event_name":"Match and Keep!","player_choice":"0 cards matched","floor":10.0,"gold_loss":0.0,"damage_taken":0.0,"cards_obtained":[]},{"damage_healed":0.0,"max_hp_gain":0.0,"max_hp_loss":0.0,"gold_gain":0.0,"event_name":"Accursed Blacksmith","player_choice":"Forge","floor":13.0,"gold_loss":0.0,"damage_taken":0.0,"cards_upgraded":["Defend_B"]},{"cards_removed":["Dualcast"],"damage_healed":0,"gold_gain":0,"player_choice":"Upgrade and Remove","damage_taken":0,"max_hp_gain":0,"max_hp_loss":0,"event_name":"Designer","floor":46,"gold_loss":90,"cards_upgraded":["Defend_B"]}],"is_beta":false,"boss_relics":[{"not_picked":["hubris:Stopwatch","Runic Pyramid"],"picked":"Nuclear Battery"},{"not_picked":["ReplayTheSpireMod:SealedPack","Honey Jar"],"picked":"infinitespire:Cupcake"}],"items_purged_floors":[4,20,29,38,41],"is_endless":true,"potions_floor_spawned":[3,6,14,16,22,27,28,30,33,35,36,45],"killed_by":"hubris:GrandSnecko","ascension_level":0}}