{"host":"27wa8ufp4ryspt1p","time":1611894780,"event":{"mods":["2.2 Compatiblity","A Penny For Your Troubles","Abigail Mod","Act Like it!","Aspiration","BaseMod","Better Altar","Better Match","Better Note","Better Skull","Better Third Choice","Colored Map","Conspire","Curses Come First","Dota2Spire","Downfall-Rebalance","Elementarium","Energized Spire","Fox Events","Friendly Minions","Gensokyo","GifTheSpireLib","Gold Saver","Halation","Hallownest","HololiveMod","Hubris","Humility","Infinite Spire","Keyboard Shortcuts","Menagerie","Mimic Mod","Minty Spire (QoL Compilation)","Pale of the Ancients","Poor People Problems","Quarter Circle Forward PUNCH!","Reimu??????","Relic Filter Mod","Relic Sorter","Relic Stats","Reliquary","Replay The Spire","Reworked Bosses","Shop Mod","Spicy Shops","Spikes Relics","Spire Arcade","StSLib","Stuff the Spire","SuperFastMode","The Cursed","The Exalted","The Judge","The Necromancer","Trackpad","Waifu the Spire","Wandering Minibosses","[IsaacMod]????","??????REMEMod","????"],"gold_per_floor":[219,238,254,254,269,269,295,305,350,385,403,403,503,231,49,138,138,164,164,264,500,529,529,571,571,617,670,670,732,739,739,739,843,843,878,929,944,978,1000,1000,1035,1035,1091,1091,1122,1122,1122,1122,828,833,838,947,992,992,853,853,883,560,323,334,348,348],"floor_reached":61,"language":"SPA","playtime":5755,"items_purged":["StuffTheSpire:Ambrosia"],"score":2259,"play_id":"a14dd982-1ca6-4226-a371-d3e95497d3e4","local_time":"20210128223300","daily_mods":["SealedDeck","Colorless Cards","Heirloom","Elite Swarm","Lethality"],"is_ascension_mode":true,"campfire_choices":[{"data":"Defragment","floor":6.0,"key":"SMITH"},{"floor":12.0,"key":"RECALL"},{"data":"hubris:EnhanceAbility","floor":23.0,"key":"SMITH"},{"data":"Loop","floor":25.0,"key":"SMITH"},{"data":"hubris:EnhanceAbility","floor":28.0,"key":"SMITH"},{"data":"EpicFetus","floor":32.0,"key":"SMITH"},{"data":"SubcavityFantasy:ReiMu","floor":40.0,"key":"SMITH"},{"data":"Amplify","floor":42.0,"key":"SMITH"},{"data":"expansioncontent:DefensiveStance","floor":44.0,"key":"SMITH"},{"data":"ElectricPowerLearning","floor":46.0,"key":"SMITH"},{"data":"Defragment","floor":56.0,"key":"SMITH"}],"circlet_count":0,"master_deck":["AscendersBane","Steam","Barrage","Leap","Core Surge","Conserve Battery","Rebound","Replay:Bootleg Shield Generator","Ball Lightning","Swift Strike+1","SubcavityFantasy:ReiMu+1","Defragment+1","BootSequence","ReplayTheSpireMod:Omega Cannon","BasicCrystalCard","expansioncontent:TimeRipple","EpicFetus+1","StuffTheSpire:FreeRealEstate","Gensokyo:HAARP","Loop+1","hubris:EnhanceAbility+1","Turbo+1","expansioncontent:DefensiveStance+1","Sadistic Nature","expansioncontent:SuperHexaguard","hubris:EnhanceAbility+1","Mirror Shield","Glacier+1","Capacitor+1","Amplify+1","conspire:SharedLibrary","Bandage Up","ElectricPowerLearning+1","conspire:SharedLibrary","BasicCrystalCard","expansioncontent:QuickStudy","expansioncontent:QuickStudy","expansioncontent:BronzeBeam+1","infinitespire:Execution","Defragment+1","Self Repair","SubcavityFantasy:ReiMu+1","conspire:SharedLibrary"],"relics":["Cracked Core","trackpad:WindUpAutoDealer","BloodDonationBag","HushsDoor","REME_ComplimentaryCards","Dota2Spire:EyeOfSkadi","Leech","MerchantsRug","Replay:Bronze Core","energizedSpire:OgreHead","Membership Card","Dota2Spire:HeartOfTarrasque","reliquary:JackalopeAntler","Blue Doll","aspiration:SeaSaltIceCream","CosmicIsotope","Dota2Spire:Mjollnir","Prayer Wheel","Elementarium:ElementariumTrophy","Sozu","Dota2Spire:LinkenSphere","Dota2Spire:Vanguard","TheBattery","paleoftheancients:Timepiece","paleoftheancients:KeyRelic","halation:IllGainedPizza","Strange Spoon","DataDisk","paleoftheancients:SoulOfTheVixen","Dota2Spire:PowerTreads","DollysMirror","halation:LettersToHer","halation:PromiseList","DataDisk"],"acts_visited":["Gensokyo:Gensokyo","Elementarium:Elementarium","Hallownest:KingdomsEdge","paleoftheancients:PaleOfTheAncients"],"potions_floor_usage":[],"damage_taken":[{"damage":0.0,"enemies":"Gensokyo:3_Fairies","floor":2.0,"turns":3.0},{"damage":0.0,"enemies":"Gensokyo:Gryphon","floor":3.0,"turns":2.0},{"damage":0.0,"enemies":"Gensokyo:Python","floor":5.0,"turns":1.0},{"damage":0.0,"enemies":"Gensokyo:Cirno","floor":7.0,"turns":4.0},{"damage":0.0,"enemies":"Gensokyo:Gryphon_and_Rabbit","floor":8.0,"turns":2.0},{"damage":8.0,"enemies":"Gensokyo:3_Kodama","floor":9.0,"turns":3.0},{"damage":0.0,"enemies":"Gensokyo:Mamizou","floor":10.0,"turns":3.0},{"damage":0.0,"enemies":"Gensokyo:3_Kodama","floor":11.0,"turns":2.0},{"damage":15.0,"enemies":"Gensokyo:Reimu","floor":16.0,"turns":5.0},{"damage":28.0,"enemies":"Elementarium:VoidCorruption","floor":18.0,"turns":4.0},{"damage":2.0,"enemies":"Elementarium:2_ELEMENTALS","floor":21.0,"turns":3.0},{"damage":6.0,"enemies":"Elementarium:VoidBeast","floor":22.0,"turns":2.0},{"damage":2.0,"enemies":"Elementarium:WarGolem","floor":24.0,"turns":2.0},{"damage":0.0,"enemies":"Elementarium:Hydrostalker","floor":26.0,"turns":11.0},{"damage":2.0,"enemies":"Elementarium:FIRE_NOBILITY","floor":27.0,"turns":2.0},{"damage":17.0,"enemies":"Elementarium:ElementalPortal","floor":29.0,"turns":7.0},{"damage":29.0,"enemies":"Elementarium:GoldenDragon","floor":33.0,"turns":6.0},{"damage":24.0,"enemies":"Hallownest:3_Siblings","floor":35.0,"turns":4.0},{"damage":32.0,"enemies":"Hallownest:2_Littles","floor":36.0,"turns":4.0},{"damage":0.0,"enemies":"Hallownest:Slobbering_and_Violent","floor":37.0,"turns":5.0},{"damage":12.0,"enemies":"Hallownest:Xero_Hu_Marmu","floor":38.0,"turns":8.0},{"damage":9.0,"enemies":"Hallownest:Shield_Sturdy","floor":39.0,"turns":6.0},{"damage":0.0,"enemies":"Hallownest:eliteCollector","floor":41.0,"turns":5.0},{"damage":14.0,"enemies":"Hallownest:2_Wing_and_1_Kings","floor":43.0,"turns":6.0},{"damage":0.0,"enemies":"Hallownest:eliteHiveKnight","floor":45.0,"turns":7.0},{"damage":14.0,"enemies":"Hallownest:Radiance","floor":50.0,"turns":6.0},{"damage":37.0,"enemies":"Hallownest:BossGreyPrinceZote","floor":51.0,"turns":10.0},{"damage":0.0,"enemies":"Hallownest:BossGreyPrinceZote","floor":52.0,"turns":7.0},{"damage":102.0,"enemies":"Hallownest:BossGreyPrinceZote","floor":53.0,"turns":6.0},{"damage":43.0,"enemies":"Hallownest:BossGreyPrinceZote","floor":57.0,"turns":5.0},{"damage":56,"enemies":"paleoftheancients:N","floor":61,"turns":3}],"seed_played":"-7786643038155723399","potions_obtained":[{"floor":7.0,"key":"ZuzhouPotion:ReiMu"},{"floor":8.0,"key":"FocusPotion"},{"floor":10.0,"key":"AttackPotion"},{"floor":21.0,"key":"FocusPotion"},{"floor":27.0,"key":"Fruit Juice"}],"is_trial":true,"path_per_floor":["?","M","M","?","M","R","E","M","MIM","E","M","R","?","COS","R","B",null,"M","AVR","?","M","M","R","E","R","MIM","E","R","E","?","?","R","B",null,"M","M","M","M","M","R","E","R","MIM","R","E","R","?","?","R","B","B","M","M","?","$","R","M","R","$","?","B"],"character_chosen":"DEFECT","items_purchased":["MerchantsRug","Loop","Dota2Spire:Vanguard","TheBattery","conspire:SharedLibrary","BasicCrystalCard","expansioncontent:QuickStudy","Defragment","Strange Spoon","DataDisk","trackpad:WindUpAutoDealer","Self Repair","Dota2Spire:PowerTreads","DollysMirror","halation:LettersToHer","halation:PromiseList","conspire:SharedLibrary"],"campfire_rested":0,"item_purchase_floors":[15,15,49,49,49,49,49,55,55,55,58,58,58,59,59,59,59],"current_hp_per_floor":[69,69,70,70,71,71,75,76,69,72,73,73,73,73,73,61,72,47,47,47,47,43,43,51,51,84,87,87,76,54,54,54,30,74,53,24,36,42,42,42,55,55,50,50,70,70,70,74,74,71,82,91,93,70,70,70,43,43,43,41,0,0],"gold":348,"neow_bonus":"","is_daily":false,"chose_seed":false,"campfire_upgraded":10,"win_rate":0.0,"timestamp":1611894780,"path_taken":["?","M","M","?","M","R","E","M","MIM","E","?","R","?","COS","R","BOSS","M","AVR","?","M","M","R","E","R","MIM","E","R","E","?","?","R","BOSS","M","M","M","M","M","R","E","R","MIM","R","E","R","?","?","R","BOSS","BOSS","M","M","?","$","R","M","R","$","?","BOSS"],"items_purchased_type":["Relic","Card","Relic","Relic","Card","Card","Card","Card","Relic","Relic","Relic","Card","Relic","Relic","Relic","Relic","Card"],"build_version":"2020-12-22","purchased_purges":1,"victory":false,"max_hp_per_floor":[76,76,76,76,76,76,76,76,76,76,76,76,76,76,76,76,76,76,76,76,76,76,76,84,84,84,89,89,89,89,89,89,89,89,89,89,89,89,89,89,89,89,89,89,89,89,89,89,89,90,91,92,93,93,93,93,94,94,94,94,94,94],"relic_stats":{"Sozu":3,"Strange Spoon":[4],"counters":[31,141],"Prayer Wheel":7,"obtain_stats":[{"Dota2Spire:PowerTreads":58,"Blue Doll":26,"Dota2Spire:Vanguard":49,"TheBattery":49,"Leech":2,"Sozu":34,"Dota2Spire:EyeOfSkadi":0,"DollysMirror":59,"Replay:Bronze Core":17,"Prayer Wheel":33,"Diplopia":29,"Dota2Spire:Mjollnir":30,"halation:PromiseList":59,"Cracked Core":0,"halation:LettersToHer":59,"KeepersGift":0,"MerchantsRug":15,"paleoftheancients:KeyRelic":51,"StuffTheSpire:ForceGauntlet":10,"halation:IllGainedPizza":52,"energizedSpire:OgreHead":19,"Dota2Spire:HeartOfTarrasque":24,"paleoftheancients:SoulOfTheVixen":57,"aspiration:SeaSaltIceCream":27,"qcfpunch:Duffel_Bag":43,"reliquary:JackalopeAntler":26,"paleoftheancients:Timepiece":51,"Strange Spoon":55,"DataDisk":55,"Elementarium:ElementariumTrophy":33,"BloodDonationBag":52,"Dota2Spire:LinkenSphere":45,"SalivaCoin":7,"CosmicIsotope":27,"Membership Card":19,"HushsDoor":0,"trackpad:WindUpAutoDealer":58,"REME_ComplimentaryCards":0,"BloodDonationMachine":41},{"Dota2Spire:PowerTreads":30,"Blue Doll":14,"Dota2Spire:Vanguard":25,"TheBattery":25,"Leech":1,"Sozu":17,"Dota2Spire:EyeOfSkadi":0,"DollysMirror":30,"Replay:Bronze Core":9,"Prayer Wheel":17,"Diplopia":16,"Dota2Spire:Mjollnir":16,"halation:PromiseList":30,"Cracked Core":0,"halation:LettersToHer":30,"KeepersGift":0,"MerchantsRug":8,"paleoftheancients:KeyRelic":27,"StuffTheSpire:ForceGauntlet":7,"halation:IllGainedPizza":28,"energizedSpire:OgreHead":10,"Dota2Spire:HeartOfTarrasque":13,"paleoftheancients:SoulOfTheVixen":30,"aspiration:SeaSaltIceCream":15,"qcfpunch:Duffel_Bag":24,"reliquary:JackalopeAntler":14,"paleoftheancients:Timepiece":27,"Strange Spoon":29,"DataDisk":29,"Elementarium:ElementariumTrophy":17,"BloodDonationBag":28,"Dota2Spire:LinkenSphere":25,"SalivaCoin":4,"CosmicIsotope":15,"Membership Card":10,"HushsDoor":0,"trackpad:WindUpAutoDealer":30,"REME_ComplimentaryCards":0,"BloodDonationMachine":23},{"Dota2Spire:PowerTreads":138,"Blue Doll":42,"Dota2Spire:Vanguard":104,"TheBattery":104,"Leech":2,"Sozu":60,"Dota2Spire:EyeOfSkadi":0,"DollysMirror":138,"Replay:Bronze Core":25,"Prayer Wheel":60,"Diplopia":55,"Dota2Spire:Mjollnir":55,"halation:PromiseList":138,"Cracked Core":0,"halation:LettersToHer":138,"KeepersGift":0,"MerchantsRug":20,"paleoftheancients:KeyRelic":120,"StuffTheSpire:ForceGauntlet":18,"halation:IllGainedPizza":127,"energizedSpire:OgreHead":29,"Dota2Spire:HeartOfTarrasque":36,"paleoftheancients:SoulOfTheVixen":138,"aspiration:SeaSaltIceCream":48,"qcfpunch:Duffel_Bag":98,"reliquary:JackalopeAntler":46,"paleoftheancients:Timepiece":120,"Strange Spoon":133,"DataDisk":133,"Elementarium:ElementariumTrophy":60,"BloodDonationBag":123,"Dota2Spire:LinkenSphere":104,"SalivaCoin":10,"CosmicIsotope":48,"Membership Card":29,"HushsDoor":0,"trackpad:WindUpAutoDealer":138,"REME_ComplimentaryCards":0,"BloodDonationMachine":92}]},"card_choices":[{"not_picked":["StuffTheSpire:Rend","Sweeping Beam"],"picked":"Defragment","floor":2.0},{"not_picked":["Degenerate","Compile Driver"],"picked":"BootSequence","floor":3.0},{"not_picked":["ReplayTheSpireMod:System Scan","REME_MagicPocketWatch","Forethought"],"picked":"SKIP","floor":5.0},{"not_picked":["Apotheosis","Core Surge"],"picked":"ReplayTheSpireMod:Omega Cannon","floor":7.0},{"not_picked":["Rebound","Steam"],"picked":"BasicCrystalCard","floor":8.0},{"not_picked":["StuffTheSpire:LoadUp","Streamline"],"picked":"expansioncontent:TimeRipple","floor":9.0},{"not_picked":["StuffTheSpire:Purify","Reforge"],"picked":"EpicFetus","floor":10.0},{"not_picked":["REME_MagicPocketWatch","Undo"],"picked":"StuffTheSpire:FreeRealEstate","floor":11.0},{"not_picked":["The Bomb","hubris:SpecializedCircuitry"],"picked":"hubris:EnhanceAbility","floor":16.0},{"not_picked":["Steam","Sweeping Beam","Assess"],"picked":"SKIP","floor":18.0},{"not_picked":["Leap","Beam Cell"],"picked":"Turbo+1","floor":20.0},{"not_picked":["Reprogram","Panic Button+1"],"picked":"expansioncontent:DefensiveStance","floor":21.0},{"not_picked":["Degenerate","Ball Lightning","StuffTheSpire:Plugnplay"],"picked":"SKIP","floor":22.0},{"not_picked":["Rainbow","REME_WheelOfFate"],"picked":"Sadistic Nature","floor":24.0},{"not_picked":["Darkness","aspiration:Polymerization"],"picked":"expansioncontent:SuperHexaguard","floor":26.0},{"not_picked":["Machine Learning","hubris:SpecializedCircuitry"],"picked":"hubris:EnhanceAbility","floor":27.0},{"not_picked":["StuffTheSpire:EventHorizon","StuffTheSpire:Purify"],"picked":"ReplayTheSpireMod:Fabricate Wheel","floor":29.0},{"not_picked":["Ball Lightning","Secret Weapon"],"picked":"Glacier+1","floor":35.0},{"not_picked":["Steam","StuffTheSpire:LoadUp","Conserve Battery+1"],"picked":"SKIP","floor":35.0},{"not_picked":["expansioncontent:TimeRipple+1","FTL"],"picked":"Capacitor+1","floor":36.0},{"not_picked":["Beam Cell","Sweeping Beam","StuffTheSpire:Plugnplay"],"picked":"SKIP","floor":36.0},{"not_picked":["Tempest","Rebound","hubris:PowerSurge"],"picked":"SKIP","floor":37.0},{"not_picked":["StuffTheSpire:PlasmaPulse","Turbo","Stack+1"],"picked":"SKIP","floor":37.0},{"not_picked":["REME_DataAnalysis+1","Coolheaded","Compile Driver"],"picked":"SKIP","floor":38.0},{"not_picked":["ReplaySort+1","Ball Lightning+1","REME_Shoggoth"],"picked":"SKIP","floor":38.0},{"not_picked":["Sweeping Beam","hubris:Ukulele+1","Redo"],"picked":"SKIP","floor":39.0},{"not_picked":["Streamline","StuffTheSpire:LoadUp","Feint"],"picked":"SKIP","floor":39.0},{"not_picked":["Battery","Mayhem"],"picked":"Amplify","floor":41.0},{"not_picked":["ReplayTheSpireMod:Dual Polarity","Cold Snap+1"],"picked":"conspire:SharedLibrary","floor":43.0},{"not_picked":[],"picked":"Bandage Up","floor":45.0},{"not_picked":["REME_HeartOfCthun","BloodyBrimstone"],"picked":"ElectricPowerLearning","floor":45.0},{"not_picked":["StuffTheSpire:Harmony","StuffTheSpire:Innocence"],"picked":"StuffTheSpire:Ambrosia","floor":47.0},{"not_picked":["StuffTheSpire:Plugnplay","Dramatic Entrance"],"picked":"expansioncontent:BronzeBeam+1","floor":52.0},{"not_picked":["FTL","Dramatic Entrance","Replay:Sssssssssstrike+1"],"picked":"SKIP","floor":52.0},{"not_picked":["infinitespire:Gouge","ReplayTheSpireMod:Chaos Vortex"],"picked":"infinitespire:Execution","floor":54.0},{"not_picked":["Gash","Purity","Compile Driver"],"picked":"SKIP","floor":57.0},{"not_picked":["Compile Driver","expansioncontent:GoopSpray","Turbo"],"picked":"SKIP","floor":57.0}],"player_experience":3971403,"relics_obtained":[{"floor":7.0,"key":"SalivaCoin"},{"floor":10.0,"key":"StuffTheSpire:ForceGauntlet"},{"floor":24.0,"key":"Dota2Spire:HeartOfTarrasque"},{"floor":26.0,"key":"reliquary:JackalopeAntler"},{"floor":26.0,"key":"Blue Doll"},{"floor":27.0,"key":"aspiration:SeaSaltIceCream"},{"floor":29.0,"key":"Diplopia"},{"floor":41.0,"key":"BloodDonationMachine"},{"floor":43.0,"key":"qcfpunch:Duffel_Bag"},{"floor":45.0,"key":"Dota2Spire:LinkenSphere"},{"floor":52.0,"key":"halation:IllGainedPizza"},{"floor":57.0,"key":"paleoftheancients:SoulOfTheVixen"}],"event_choices":[{"damage_healed":0.0,"max_hp_gain":0.0,"max_hp_loss":0.0,"gold_gain":0.0,"event_name":"Elementarium:ShatteredPortal","player_choice":"Blood","floor":30.0,"gold_loss":0.0,"damage_taken":22.0,"relics_obtained":["Dota2Spire:Mjollnir"]}],"is_beta":false,"boss_relics":[{"not_picked":["energizedSpire:RedRose","aspiration:WatcherSkillbook"],"picked":"Replay:Bronze Core"},{"not_picked":[]},{"not_picked":["hubris:VirtuousBlindfold","ReplayTheSpireMod:SealedPack"],"picked":"Sozu"},{"not_picked":[]}],"items_purged_floors":[58],"is_endless":false,"potions_floor_spawned":[7,8,10,11,21,27,37,38,52],"killed_by":"paleoftheancients:N","ascension_level":20,"is_humility":true}}