{"host":"u25um2at8ivhxl8o","time":1611912294,"event":{"mods":["BaseMod","Colored Map","Downfall","Minty Spire (QoL Compilation)","StSLib"],"gold_per_floor":[116,132,34,5,5,5,38,53,77,77,77,92,92,122,122,122,122],"floor_reached":16,"language":"ENG","playtime":662,"items_purged":["Strike_G"],"score":146,"play_id":"009e8c8e-b61d-428f-b905-656967f437fb","local_time":"20210129012454","is_ascension_mode":true,"campfire_choices":[{"data":"Neutralize","floor":6,"key":"SMITH"},{"data":"Dash","floor":11,"key":"SMITH"},{"floor":15,"key":"REST"}],"circlet_count":0,"master_deck":["Strike_G","Strike_G","Strike_G","Strike_G","Defend_G","Defend_G","Defend_G","Defend_G","Survivor","Neutralize+1","Dash+1","Dagger Throw","Cloak And Dagger","Backflip","Eviscerate","Tactician"],"relics":["Runic Pyramid","Akabeko","Dream Catcher","Juzu Bracelet"],"acts_visited":["Exordium"],"potions_floor_usage":[7,7,16],"damage_taken":[{"damage":1,"enemies":"Small Slimes","floor":1,"turns":4},{"damage":1,"enemies":"Cultist","floor":2,"turns":4},{"damage":12,"enemies":"Gremlin Nob","floor":7,"turns":4},{"damage":1,"enemies":"Jaw Worm","floor":8,"turns":3},{"damage":13,"enemies":"Exordium Thugs","floor":12,"turns":5},{"damage":2,"enemies":"Lagavulin","floor":14,"turns":7},{"damage":54,"enemies":"Slime Boss","floor":16,"turns":8}],"seed_played":"-3483150770734749463","potions_obtained":[{"floor":1,"key":"Explosive Potion"},{"floor":2,"key":"BlessingOfTheForge"},{"floor":8,"key":"ColorlessPotion"}],"is_trial":false,"path_per_floor":["M","M","$","?","$","R","E","M","T","?","R","M","?","E","R","B"],"character_chosen":"THE_SILENT","items_purchased":["Cloak And Dagger"],"campfire_rested":1,"item_purchase_floors":[3],"current_hp_per_floor":[62,61,61,61,61,61,49,48,48,48,48,35,35,33,54,0,0],"gold":122,"neow_bonus":"BOSS_RELIC","is_daily":false,"chose_seed":false,"campfire_upgraded":2,"win_rate":0.0,"timestamp":1611912294,"path_taken":["M","M","$","?","$","R","E","M","T","?","R","M","?","E","R","BOSS"],"items_purchased_type":["Card"],"build_version":"2020-12-22","purchased_purges":1,"victory":false,"max_hp_per_floor":[70,70,70,70,70,70,70,70,70,70,70,70,70,70,70,70,70],"card_choices":[{"not_picked":["Reflex","Backstab"],"picked":"Dash","floor":1},{"not_picked":["Choke","Blade Dance"],"picked":"Dagger Throw","floor":2},{"not_picked":["Deadly Poison","Grand Finale"],"picked":"Backflip","floor":7},{"not_picked":["Acrobatics","Reflex"],"picked":"Eviscerate","floor":8},{"not_picked":["Deadly Poison","Slice","Blade Dance"],"picked":"SKIP","floor":12},{"not_picked":["Deflect","Sucker Punch"],"picked":"Tactician","floor":14}],"player_experience":353256,"relics_obtained":[{"floor":7,"key":"Akabeko"},{"floor":9,"key":"Dream Catcher"},{"floor":14,"key":"Juzu Bracelet"}],"event_choices":[{"damage_healed":0,"gold_gain":0,"player_choice":"Left Gold","damage_taken":0,"max_hp_gain":0,"max_hp_loss":0,"event_name":"World of Goop","floor":4,"gold_loss":29},{"damage_healed":0,"gold_gain":0,"player_choice":"Ignored","damage_taken":0,"max_hp_gain":0,"max_hp_loss":0,"event_name":"Liars Game","floor":10,"gold_loss":0},{"cards_removed":["Defend_G"],"damage_healed":0,"gold_gain":0,"player_choice":"Offered Basic","damage_taken":0,"max_hp_gain":0,"max_hp_loss":0,"event_name":"Bonfire Elementals","floor":13,"gold_loss":0}],"is_beta":false,"boss_relics":[],"items_purged_floors":[3],"is_endless":false,"potions_floor_spawned":[1,2,8],"killed_by":"Slime Boss","ascension_level":7}}