{"host":"8i4doyxqctgl5qb0","time":1611934250,"event":{"mods":["AchievementEnabler","BaseMod","Block Reminder","Colored Powertips","Downfall","Minty Spire (QoL Compilation)","Permanent Neow","Potion Indicator Mod","Rare Cards Sparkle","StSLib","SuperFastMode","The Jungle"],"gold_per_floor":[117,117,128,138,138,138,164,164,164,183,183,258,281,281,281,376,376,344,344,344,356,356,356,369,369,369,98,98,98,128,148,148,248,248,267,286,286,28,41,41,41],"floor_reached":40,"language":"ZHS","playtime":1441,"items_purged":["Strike_G"],"score":563,"play_id":"e463d657-5985-46d9-a80f-9d6ac8a5dedc","local_time":"20210129233050","is_ascension_mode":true,"campfire_choices":[{"data":"Dagger Spray","floor":6.0,"key":"SMITH"},{"floor":8.0,"key":"REST"},{"floor":15.0,"key":"REST"},{"floor":23.0,"key":"REST"},{"floor":25.0,"key":"REST"},{"data":"Apotheosis","floor":28.0,"key":"SMITH"},{"floor":32.0,"key":"REST"}],"circlet_count":0,"master_deck":["Strike_G","Strike_G","Defend_G","Defend_G","Defend_G","Defend_G","Survivor","Neutralize","Deadly Poison","Dagger Spray+1","Well Laid Plans","Leg Sweep","Bouncing Flask","Envenom","Escape Plan","Poisoned Stab","Crippling Poison","Apotheosis+1","Flechettes+1","Adrenaline","CurseOfTheBell","Backflip+1","Dagger Spray+1","PiercingWail+1"],"relics":["Ring of the Serpent","MealTicket","champ:DuelingGlove","Strawberry","TungstenRod","Art of War","Nilry\u0027s Codex","Happy Flower","Oddly Smooth Stone","Calling Bell","Boot","Sundial","The Specimen","Eternal Feather"],"acts_visited":["Exordium","TheCity","TheBeyond"],"potions_floor_usage":[40],"damage_taken":[{"damage":7.0,"enemies":"Cultist","floor":1.0,"turns":5.0},{"damage":0.0,"enemies":"Jaw Worm","floor":3.0,"turns":3.0},{"damage":5.0,"enemies":"2 Louse","floor":4.0,"turns":3.0},{"damage":29.0,"enemies":"3 Sentries","floor":7.0,"turns":8.0},{"damage":7.0,"enemies":"Looter","floor":10.0,"turns":3.0},{"damage":13.0,"enemies":"Hexaghost","floor":16.0,"turns":9.0},{"damage":23.0,"enemies":"2 Thieves","floor":18.0,"turns":5.0},{"damage":6.0,"enemies":"3 Byrds","floor":21.0,"turns":7.0},{"damage":14.0,"enemies":"Shelled Parasite and Fungi","floor":24.0,"turns":7.0},{"damage":36.0,"enemies":"Slavers","floor":30.0,"turns":7.0},{"damage":7.0,"enemies":"Centurion and Healer","floor":31.0,"turns":6.0},{"damage":34.0,"enemies":"Automaton","floor":33.0,"turns":10.0},{"damage":30.0,"enemies":"3 Darklings","floor":35.0,"turns":7.0},{"damage":11.0,"enemies":"3 Shapes","floor":36.0,"turns":6.0},{"damage":34.0,"enemies":"Transient","floor":39.0,"turns":5.0},{"damage":25,"enemies":"Giant Head","floor":40,"turns":5}],"seed_played":"6860225100990607709","potions_obtained":[{"floor":3.0,"key":"EssenceOfSteel"},{"floor":7.0,"key":"Dexterity Potion"},{"floor":16.0,"key":"Ancient Potion"},{"floor":36.0,"key":"Explosive Potion"}],"is_trial":false,"path_per_floor":["M","?","M","M","?","R","E","R","T","M","?","?","T","?","R","B",null,"M","?","?","M","?","R","M","R","T","$","R","$","E","M","R","B",null,"M","M","?","$","M","E"],"character_chosen":"THE_SILENT","items_purchased":["Apotheosis","Eternal Feather"],"campfire_rested":5,"item_purchase_floors":[27,38],"current_hp_per_floor":[56,56,56,51,51,51,29,52,52,45,39,29,29,29,52,39,68,45,45,45,39,27,50,36,59,59,74,74,77,41,34,57,23,64,34,23,23,38,4,0,0],"gold":41,"neow_bonus":"RANDOM_COMMON_RELIC","is_daily":false,"chose_seed":false,"campfire_upgraded":2,"win_rate":0.0,"timestamp":1611934250,"path_taken":["M","?","?","M","?","R","E","R","T","M","?","?","?","?","R","BOSS","M","?","?","?","?","R","M","R","T","$","R","$","E","M","R","BOSS","M","M","?","$","M","E"],"items_purchased_type":["Card","Relic"],"build_version":"2020-12-22","purchased_purges":1,"victory":false,"max_hp_per_floor":[70,70,70,70,70,70,77,77,77,77,77,77,77,77,77,77,77,77,77,77,77,77,77,77,77,77,77,77,77,77,77,77,77,77,77,77,77,77,77,77,77],"card_choices":[{"not_picked":["Flying Knee","Bane"],"picked":"Deadly Poison","floor":1.0},{"not_picked":["Expertise","Dodge and Roll"],"picked":"Dagger Spray","floor":3.0},{"not_picked":["Blade Dance","Terror"],"picked":"Well Laid Plans","floor":4.0},{"not_picked":["Sucker Punch","Dodge and Roll"],"picked":"Leg Sweep","floor":7.0},{"not_picked":["Endless Agony","Cloak And Dagger"],"picked":"Bouncing Flask","floor":10.0},{"not_picked":["After Image","Adrenaline"],"picked":"Night Terror","floor":16.0},{"not_picked":["Quick Slash+1","Blade Dance","Sucker Punch"],"picked":"SKIP","floor":18.0},{"not_picked":["Outmaneuver+1","Deflect"],"picked":"Poisoned Stab","floor":21.0},{"not_picked":["Flying Knee+1","Prepared+1"],"picked":"Crippling Poison","floor":24.0},{"not_picked":["Outmaneuver","Quick Slash","Finisher"],"picked":"SKIP","floor":30.0},{"not_picked":["Reflex+1","Grand Finale"],"picked":"Flechettes+1","floor":31.0},{"not_picked":["Storm of Steel","Malaise"],"picked":"Adrenaline","floor":33.0},{"not_picked":["Acrobatics+1","Poisoned Stab+1"],"picked":"Backflip+1","floor":35.0},{"not_picked":["Calculated Gamble+1","Slice"],"picked":"Dagger Spray+1","floor":36.0},{"not_picked":["A Thousand Cuts","Concentrate+1"],"picked":"PiercingWail+1","floor":39.0}],"player_experience":257128,"relics_obtained":[{"floor":2.0,"key":"champ:DuelingGlove"},{"floor":7.0,"key":"Strawberry"},{"floor":9.0,"key":"TungstenRod"},{"floor":13.0,"key":"Art of War"},{"floor":22.0,"key":"Nilry\u0027s Codex"},{"floor":26.0,"key":"Happy Flower"},{"floor":30.0,"key":"Oddly Smooth Stone"},{"floor":34.0,"key":"Boot"},{"floor":34.0,"key":"Sundial"},{"floor":34.0,"key":"The Specimen"}],"event_choices":[{"damage_healed":0.0,"max_hp_gain":0.0,"max_hp_loss":0.0,"gold_gain":0.0,"event_name":"Wheel of Change","player_choice":"Relic","floor":2.0,"gold_loss":0.0,"damage_taken":0.0},{"damage_healed":0.0,"max_hp_gain":0.0,"max_hp_loss":0.0,"gold_gain":0.0,"event_name":"Shining Light","player_choice":"Ignored","floor":5.0,"gold_loss":0.0,"damage_taken":0.0},{"cards_removed":["Strike_G"],"damage_healed":0.0,"max_hp_gain":0.0,"max_hp_loss":0.0,"gold_gain":0.0,"event_name":"Golden Wing","player_choice":"Card Removal","floor":11.0,"gold_loss":0.0,"damage_taken":7.0},{"damage_healed":0.0,"max_hp_gain":0.0,"max_hp_loss":0.0,"gold_gain":75.0,"event_name":"World of Goop","player_choice":"Gather Gold","floor":12.0,"gold_loss":0.0,"damage_taken":11.0},{"damage_healed":0.0,"max_hp_gain":0.0,"max_hp_loss":0.0,"gold_gain":0.0,"cards_transformed":["Defend_G"],"event_name":"Transmorgrifier","player_choice":"Transformed","floor":14.0,"gold_loss":0.0,"damage_taken":0.0,"cards_obtained":["Envenom"]},{"damage_healed":0.0,"max_hp_gain":0.0,"max_hp_loss":0.0,"gold_gain":0.0,"event_name":"Ghosts","player_choice":"Ignored","floor":19.0,"gold_loss":0.0,"damage_taken":0.0},{"damage_healed":0.0,"max_hp_gain":0.0,"max_hp_loss":0.0,"gold_gain":0.0,"cards_transformed":["Strike_G"],"event_name":"Transmorgrifier","player_choice":"Transformed","floor":20.0,"gold_loss":0.0,"damage_taken":0.0,"cards_obtained":["Escape Plan"]},{"damage_healed":0.0,"max_hp_gain":0.0,"max_hp_loss":0.0,"gold_gain":0.0,"event_name":"Cursed Tome","player_choice":"Obtained Book","floor":22.0,"gold_loss":0.0,"damage_taken":16.0},{"cards_removed":["Night Terror"],"damage_healed":0.0,"max_hp_gain":0.0,"max_hp_loss":0.0,"gold_gain":0.0,"event_name":"Falling","player_choice":"Removed Skill","floor":37.0,"gold_loss":0.0,"damage_taken":0.0}],"is_beta":false,"boss_relics":[{"not_picked":["Snecko Eye","Pandora\u0027s Box"],"picked":"Ring of the Serpent"},{"not_picked":["Busted Crown","SlaversCollar"],"picked":"Calling Bell"}],"items_purged_floors":[27],"is_endless":false,"potions_floor_spawned":[3,7,16,18,21,24,31,36],"killed_by":"Giant Head","ascension_level":8}}