{"host":"hkj1blq6xqcrzx6o","time":1611930114,"event":{"mods":["BaseMod","Downfall","Marisa£®ÏF”Í°°ƒß¿Ì…≥£©","Minty Spire (QoL Compilation)","Reimu£®≤©¿ˆ¡È√Œ£©","Remilia£®¿Ÿ√◊¿Ú—«£©","Replay The Spire","StSLib","The Cursed","The Senshi","The Servant 0.9.4"],"gold_per_floor":[99,115,135,135,235,254,278,6,19,19,19,4,29,46,60,60,60,60],"floor_reached":16,"language":"ZHS","playtime":1107,"items_purged":[],"score":127,"play_id":"0ce85b5e-4b85-4473-8688-e8b44c09020c","local_time":"20210129222154","is_ascension_mode":false,"campfire_choices":[{"floor":1,"key":"RECALL"},{"floor":11,"key":"REST"}],"circlet_count":0,"master_deck":["champ:Strike","champ:Strike","champ:Strike","champ:Strike","champ:Defend","champ:Defend","champ:Defend","champ:Defend","champ:Execute","champ:Taunt","champ:FocusedBerserking","champ:ArenaPreparation","champ:DeathBlow","champ:Endure","champ:HoldFirm","champ:CalledShot","champ:ShieldWall","champ:ArenaPreparation","champ:Devastate","champ:FanOfKnives","champ:StanceDance","champ:MurderStrike"],"relics":["champ:ChampionCrown","White Beast Statue","Simple Rune","TentaclePot:ReiMu","Lizard Tail"],"acts_visited":["Exordium"],"potions_floor_usage":[5,6,16,16,16],"damage_taken":[{"damage":10,"enemies":"Small Slimes","floor":2,"turns":3},{"damage":25,"enemies":"Cultist","floor":3,"turns":3},{"damage":175,"enemies":"downfall:LadyInBlue","floor":5,"turns":12},{"damage":21,"enemies":"Jaw Worm","floor":6,"turns":3},{"damage":37,"enemies":"downfall:FleeingMerchant","floor":8,"turns":4},{"damage":20,"enemies":"Exordium Wildlife","floor":9,"turns":3},{"damage":61,"enemies":"downfall:FleeingMerchant","floor":12,"turns":4},{"damage":40,"enemies":"Lagavulin","floor":13,"turns":6},{"damage":24,"enemies":"Red Slaver","floor":14,"turns":3},{"damage":39,"enemies":"Large Slime","floor":15,"turns":5},{"damage":96,"enemies":"DF_ARCHETYPE_STREAMLINE","floor":16,"turns":6}],"seed_played":"-1463400014551309875","potions_obtained":[{"floor":2,"key":"Toxic Potion"},{"floor":5,"key":"champ:UltimateStancePotion"},{"floor":5,"key":"Regen Potion"},{"floor":5,"key":"Weak Potion"},{"floor":6,"key":"FearPotion"},{"floor":9,"key":"ColorlessPotion"},{"floor":13,"key":"Languid Potion"},{"floor":15,"key":"Energy Potion"}],"is_trial":false,"path_per_floor":["R","M","M","?","?","M","T","$","M","?","R","$","E","M","M","B"],"character_chosen":"THE_CHAMP","items_purchased":["TentaclePot:ReiMu","champ:CalledShot","champ:ShieldWall"],"campfire_rested":1,"item_purchase_floors":[8,8,8],"current_hp_per_floor":[99,99,99,99,24,28,28,23,23,23,52,52,52,38,34,0,0,0],"gold":60,"neow_bonus":"TEN_PERCENT_HP_BONUS","is_daily":false,"chose_seed":false,"campfire_upgraded":0,"win_rate":0.0,"timestamp":1611930114,"path_taken":["R","M","M","?","?","?","T","$","M","?","R","?","E","M","M","BOSS"],"items_purchased_type":["Relic","Card","Card"],"build_version":"2020-12-22","purchased_purges":0,"victory":false,"max_hp_per_floor":[99,99,99,99,99,99,99,99,99,99,99,99,99,99,99,99,99,99],"card_choices":[{"not_picked":["champ:Lariat","champ:CrownThrow"],"picked":"champ:FocusedBerserking","floor":2},{"not_picked":["champ:FanOfKnives","champ:Shatter"],"picked":"champ:ArenaPreparation","floor":3},{"not_picked":["champ:DefensiveShout","champ:IronFortress"],"picked":"champ:DeathBlow","floor":5},{"not_picked":["champ:Haymaker","champ:ArenaPreparation"],"picked":"champ:Endure","floor":6},{"not_picked":["champ:Duel","champ:FalseCounter"],"picked":"champ:HoldFirm","floor":8},{"not_picked":["champ:Circumvent","champ:Backstep"],"picked":"champ:ArenaPreparation","floor":9},{"not_picked":["champ:TornadoPunch","champ:FocusedBerserking"],"picked":"champ:Devastate","floor":12},{"not_picked":["champ:Encircle","champ:BerserkersShout"],"picked":"champ:FanOfKnives","floor":13},{"not_picked":["champ:CrookedStrike","champ:RecklessLeap"],"picked":"champ:StanceDance","floor":14},{"not_picked":["champ:DeathBlow","champ:Circumvent"],"picked":"champ:MurderStrike","floor":15}],"player_experience":12661,"relics_obtained":[{"floor":5,"key":"White Beast Statue"},{"floor":7,"key":"Simple Rune"},{"floor":13,"key":"Lizard Tail"}],"event_choices":[],"is_beta":false,"boss_relics":[],"items_purged_floors":[],"is_endless":false,"potions_floor_spawned":[2,6,8,9,12,13,14,15],"killed_by":"DF_ARCHETYPE_STREAMLINE","ascension_level":0}}