{"host":"qhbbxt9nia1s4hz5","time":1611956319,"event":{"mods":["2.2 Compatiblity","Act Like it!","AlwaysNeverKeys","BaseMod","Better Altar","Better Note","Better Sensory Stone","Better Skull","Better Third Choice","Better Vampires","BetterRewards","Block Reminder","Booster Modes","Colored Map","Colored Powertips","Energized Spire","Faster Ascension Climbing","Friendly Minions","GifTheSpireLib","Gold Saver","Hallownest","Infinite Spire","Minty Spire (QoL Compilation)","Morshu Shopkeeper","Permanent Neow","Rare Cards Sparkle","Relic Filter","Reliquary","Replay The Spire","Shop Mod","StSLib","TheSurvivalist"],"gold_per_floor":[1071,1071,1021,1032,1032,1032,1032,1032,1048,523,523,523,536,536,553,582,582,804,804,942,942,953,998,1147,1147,1294,1313,1386,1386,639,639,711,728,728,949,899,1031,612,744,252,252,376,376,394,420,420,438,582,597,610,610,620,620,620,24,56,116],"floor_reached":58,"language":"ENG","playtime":5600,"items_purged":["survmod:Strike","survmod:Defend","survmod:BearTrap","survmod:Strike","survmod:Defend","survmod:Defend","survmod:Strike"],"score":1011,"play_id":"39496083-8538-48b2-b784-eb85d8f3c4af","local_time":"20210129233839","is_ascension_mode":false,"campfire_choices":[{"data":"survmod:Sprint","floor":6,"key":"SMITH"},{"data":"survmod:RobFromTheRich","floor":12,"key":"SMITH"},{"data":"survmod:VersatileOffense","floor":14,"key":"SMITH"},{"data":"survmod:TwinShot","floor":17,"key":"SMITH"},{"data":"survmod:QuickThinking","floor":25,"key":"SMITH"},{"data":"survmod:PiercingShot","floor":29,"key":"SMITH"},{"data":"survmod:BearTrap","floor":34,"key":"SMITH"},{"data":"survmod:GoForFace","floor":43,"key":"SMITH"},{"floor":51,"key":"DIG"},{"data":"survmod:Defend","floor":54,"key":"SMITH"}],"circlet_count":0,"master_deck":["survmod:Strike","survmod:Defend+2","survmod:VersatileOffense+1","survmod:Sprint+1","survmod:GoForFace+1","survmod:PiercingShot+1","survmod:PiercingShot+1","survmod:TwinShot+1","survmod:GoForFace","survmod:RobFromTheRich+1","survmod:BearTrap+1","survmod:NeedleShot","survmod:UnfortunateEscape","survmod:TwinShot+1","survmod:BendAndBow+1","survmod:FenceTrap+1","Jack Of All Trades+1","survmod:ComplexMutation+1","survmod:AcidTrap+1","survmod:PoisonTrap+1","survmod:ChokingBow+1","survmod:PiercingShot","survmod:ChokingBow"],"relics":["survmod:InnateMutation","infinitespire:BottledMercury","reliquary:Firecrackers","Replay:Mystery Machine","Potion Belt","Replay:Bottled Snecko","Snack Pack","Coffee Dripper","Regal Pillow","Oddly Smooth Stone","Toxic Egg 2","Meat on the Bone","infinitespire:PuzzleCube","Medical Kit","energizedSpire:HugeHouse","Ornamental Fan","reliquary:Buckler","Kunai","Simple Rune","TheAbacus","Replay:Rubber Ducky","survmod:ShotGlass","TungstenRod","InkBottle"],"acts_visited":["Exordium","TheCity","TheBeyond","TheEnding"],"potions_floor_usage":[16,16,18,18,33,37,42,47,49,52,56],"damage_taken":[{"damage":0,"enemies":"Jaw Worm","floor":1,"turns":3},{"damage":0,"enemies":"2 Louse","floor":4,"turns":1},{"damage":0,"enemies":"Small Slimes","floor":9,"turns":2},{"damage":0,"enemies":"Red Slaver","floor":13,"turns":3},{"damage":2,"enemies":"Exordium Wildlife","floor":15,"turns":2},{"damage":5,"enemies":"Gremlin Nob","floor":16,"turns":4},{"damage":14,"enemies":"The Guardian","floor":18,"turns":8},{"damage":2,"enemies":"Chosen","floor":20,"turns":3},{"damage":11,"enemies":"3 Byrds","floor":22,"turns":3},{"damage":1,"enemies":"Cultist and Chosen","floor":24,"turns":4},{"damage":0,"enemies":"Gremlin Leader","floor":26,"turns":4},{"damage":0,"enemies":"3 Cultists","floor":27,"turns":3},{"damage":0,"enemies":"Snecko","floor":32,"turns":3},{"damage":1,"enemies":"Snake Plant","floor":33,"turns":3},{"damage":34,"enemies":"Champ","floor":35,"turns":9},{"damage":0,"enemies":"3 Shapes","floor":37,"turns":2},{"damage":7,"enemies":"Orb Walker","floor":39,"turns":3},{"damage":0,"enemies":"R_Hoarder","floor":42,"turns":6},{"damage":3,"enemies":"4 Shapes","floor":44,"turns":2},{"damage":20,"enemies":"3 Darklings","floor":47,"turns":3},{"damage":8,"enemies":"Maw","floor":48,"turns":6},{"damage":0,"enemies":"4 Shapes","floor":49,"turns":1},{"damage":5,"enemies":"Sphere and 2 Shapes","floor":50,"turns":4},{"damage":25,"enemies":"Replay:Hell Engine","floor":52,"turns":8},{"damage":2,"enemies":"Shield and Spear","floor":56,"turns":3},{"damage":46,"enemies":"The Heart","floor":57,"turns":11}],"seed_played":"-1346975712552422410","potions_obtained":[{"floor":1,"key":"LifebloodPotion"},{"floor":15,"key":"SteroidPotion"},{"floor":16,"key":"FearPotion"},{"floor":20,"key":"BlessingOfTheForge"},{"floor":27,"key":"Languid Potion"},{"floor":33,"key":"LifebloodPotion"},{"floor":37,"key":"Fruit Juice"},{"floor":44,"key":"LiquidBronze"},{"floor":47,"key":"Explosive Potion"},{"floor":50,"key":"GamblersBrew"}],"is_trial":false,"path_per_floor":["M","?","?","M","?","R","PTL","PTL","M","$","T","R","M","R","M","E","R","B",null,"M","?","M","T","M","R","E","M","T","R","$","?","M","M","R","B",null,"M","$","M","$","?","E","R","M","T","AVR","M","M","M","M","R_BF","B",null,"R","$","E","B",null],"character_chosen":"THE_SURVIVOR","items_purchased":["survmod:GoForFace","survmod:PiercingShot","infinitespire:BottledMercury","reliquary:Firecrackers","EssenceOfSteel","Potion Belt","survmod:RobFromTheRich","survmod:QuickThinking","survmod:BearTrap","Meat on the Bone","infinitespire:PuzzleCube","Medical Kit","survmod:FenceTrap+1","Ornamental Fan","reliquary:Buckler","survmod:ChokingBow","survmod:ShotGlass","TungstenRod","Strength Potion"],"campfire_rested":0,"item_purchase_floors":[0,0,0,0,0,10,10,10,10,30,30,30,30,38,40,40,55,55,55],"current_hp_per_floor":[50,38,38,38,43,43,43,43,43,43,43,43,43,43,41,36,36,24,55,55,55,44,44,43,43,47,49,49,49,49,49,51,52,52,38,50,55,55,48,48,48,54,54,53,53,53,35,33,33,28,28,21,55,55,55,55,27],"gold":116,"neow_bonus":"","is_daily":false,"chose_seed":false,"campfire_upgraded":9,"win_rate":0.0,"timestamp":1611956319,"path_taken":["M","?","?","M","?","R","PTL","PTL","M","$","T","R","M","R","M","E","R","BOSS","M","?","M","?","M","R","E","M","T","R","$","?","M","M","R","BOSS","M","$","M","?","?","E","R","M","T","AVR","M","?","?","M","R_BF","BOSS","R","$","E","BOSS"],"items_purchased_type":["Card","Card","Relic","Relic","Potion","Relic","Card","Card","Card","Relic","Relic","Relic","Card","Relic","Relic","Card","Relic","Relic","Potion"],"build_version":"2020-12-22","purchased_purges":7,"victory":true,"max_hp_per_floor":[50,50,50,50,55,55,55,55,55,55,55,55,55,55,55,55,55,55,55,55,55,55,55,55,55,55,55,55,55,55,55,55,55,55,55,50,55,55,55,55,55,55,55,55,55,55,55,55,55,55,55,55,55,55,55,55,55],"card_choices":[{"not_picked":["survmod:DuckAndFlare","survmod:PenetratingShot"],"picked":"survmod:TwinShot","floor":1},{"not_picked":["survmod:UnfortunateEscape","survmod:NockAnArrow"],"picked":"survmod:GoForFace","floor":4},{"not_picked":["survmod:HailOfArrows","survmod:WalledOffTraps","survmod:MarkTrap"],"picked":"SKIP","floor":9},{"not_picked":["survmod:ExplosiveTrap","survmod:OverexertingShot","survmod:DuckAndFlare"],"picked":"SKIP","floor":13},{"not_picked":["survmod:SwiftKick","survmod:ShrapnelTraps","survmod:KnowThyEnemy"],"picked":"SKIP","floor":15},{"not_picked":["survmod:HiddenTactic","survmod:PiercingShot","survmod:RejectWeakness"],"picked":"SKIP","floor":16},{"not_picked":["survmod:PerfectPosition","survmod:Decoy"],"picked":"survmod:NeedleShot","floor":18},{"not_picked":["survmod:FindCover+1","survmod:PiercingShot","survmod:PenetratingShot+1"],"picked":"SKIP","floor":20},{"not_picked":["survmod:PinningSnipe","survmod:MarkTrap","survmod:FlareBarrage"],"picked":"SKIP","floor":22},{"not_picked":["survmod:SwiftKick+1","survmod:QuickDash"],"picked":"survmod:UnfortunateEscape","floor":24},{"not_picked":["survmod:Adaptability+1","survmod:NockAnArrow"],"picked":"survmod:TwinShot","floor":26},{"not_picked":["survmod:TwinShot","survmod:FindCover+1"],"picked":"survmod:BendAndBow+1","floor":27},{"not_picked":["survmod:MarkedShot","survmod:Adaptability"],"picked":"survmod:ComplexMutation+1","floor":32},{"not_picked":["survmod:QuickDash+1","survmod:Marksmanship+1"],"picked":"survmod:AcidTrap+1","floor":33},{"not_picked":["survmod:ComplexMutation","survmod:PenetratingShot","survmod:FindCover+1"],"picked":"SKIP","floor":37},{"not_picked":["survmod:FindCover+1","survmod:FenceTrap+1","survmod:SwiftKick+1"],"picked":"SKIP","floor":39},{"not_picked":["survmod:NockAnArrow+1","survmod:PenetratingShot","survmod:FenceTrap+1"],"picked":"SKIP","floor":42},{"not_picked":["survmod:LongShot+1","survmod:Adaptability"],"picked":"survmod:PiercingShot","floor":44},{"not_picked":["survmod:PenetratingShot+1","survmod:AimForTheLiver","survmod:Marksmanship"],"picked":"SKIP","floor":47},{"not_picked":["survmod:Hawkeye+1","survmod:FenceTrap+1","survmod:PersonalMark+1"],"picked":"SKIP","floor":48},{"not_picked":["survmod:PenetratingShot+1","survmod:SwiftKick+1","survmod:FlashbangTrap+1"],"picked":"SKIP","floor":49},{"not_picked":["survmod:TakeAim+1","survmod:DuckAndFlare+1","survmod:WalledOffTraps"],"picked":"SKIP","floor":50},{"not_picked":["survmod:FlashbangTrap+1","survmod:WalledOffTraps+1"],"picked":"survmod:ChokingBow","floor":56}],"player_experience":870114,"relics_obtained":[{"floor":11,"key":"Replay:Bottled Snecko"},{"floor":16,"key":"Snack Pack"},{"floor":23,"key":"Regal Pillow"},{"floor":26,"key":"Oddly Smooth Stone"},{"floor":28,"key":"Toxic Egg 2"},{"floor":42,"key":"Kunai"},{"floor":45,"key":"Simple Rune"},{"floor":51,"key":"Replay:Rubber Ducky"},{"floor":56,"key":"InkBottle"}],"event_choices":[{"damage_healed":0,"gold_gain":0,"player_choice":"Relic ","damage_taken":12,"max_hp_gain":0,"max_hp_loss":0,"event_name":"betterThird:BetterScrap","floor":2,"gold_loss":0,"cards_obtained":["Pummel"]},{"cards_removed":["survmod:Strike"],"damage_healed":0,"gold_gain":0,"player_choice":"Card Removal","damage_taken":0,"max_hp_gain":0,"max_hp_loss":0,"event_name":"The Cleric","floor":3,"gold_loss":50},{"damage_healed":0,"gold_gain":0,"player_choice":"Donut","damage_taken":0,"max_hp_gain":5,"max_hp_loss":0,"event_name":"Big Fish","floor":5,"gold_loss":0},{"cards_removed":["survmod:GoForFace"],"damage_healed":0,"gold_gain":0,"player_choice":"Give","damage_taken":0,"max_hp_gain":0,"max_hp_loss":0,"event_name":"betterNote:BetterNote","floor":21,"gold_loss":0,"cards_obtained":["None"]},{"damage_healed":0,"gold_gain":0,"player_choice":"1 cards matched","damage_taken":0,"max_hp_gain":0,"max_hp_loss":0,"event_name":"Match and Keep!","floor":31,"gold_loss":0,"cards_obtained":["Jack Of All Trades"]},{"damage_healed":0,"gold_gain":0,"player_choice":"1 cards matched","damage_taken":0,"max_hp_gain":0,"max_hp_loss":0,"event_name":"Match and Keep!","floor":31,"gold_loss":0,"cards_obtained":["Jack Of All Trades"]},{"damage_healed":0,"gold_gain":0,"player_choice":"Upgraded","damage_taken":0,"max_hp_gain":0,"max_hp_loss":0,"event_name":"Upgrade Shrine","floor":41,"gold_loss":0,"cards_upgraded":["survmod:ChokingBow"]}],"is_beta":false,"boss_relics":[{"not_picked":["energizedSpire:OgreHead","infinitespire:Cupcake"],"picked":"Coffee Dripper"},{"not_picked":["Sozu","Kintsugi"],"picked":"energizedSpire:HugeHouse"}],"items_purged_floors":[0,0,10,30,38,40,46],"is_endless":false,"potions_floor_spawned":[1,15,16,20,27,33,37,44,47,50],"ascension_level":0}}