{"host":"nb3r5a3er9rrnn3n","time":1611892851,"event":{"mods":["BaseMod","Colored Map","Downfall","Minty Spire (QoL Compilation)","Spire Arcade","StSLib"],"gold_per_floor":[99,110,120,177,190,90,90,121,135,135,135,149,149,163,180,276,276,276,296,311,311,123,149,176,8,26,53,72,72,72,72],"floor_reached":29,"language":"ENG","playtime":2441,"items_purged":["Slimebound:Tackle"],"score":401,"play_id":"be642be8-87e8-44e8-b93e-b46a9edf9894","local_time":"20210129150051","is_ascension_mode":true,"campfire_choices":[{"floor":1,"key":"RECALL"},{"data":"Slimebound:PressTheAttack","floor":6,"key":"SMITH"},{"data":"Slimebound:RallyTheTroops","floor":10,"key":"SMITH"},{"data":"Slimebound:MassRepurpose","floor":18,"key":"SMITH"}],"circlet_count":0,"master_deck":["AscendersBane","Slimebound:Defend_Slimebound","Slimebound:Defend_Slimebound","Slimebound:Defend_Slimebound","Slimebound:Defend_Slimebound","Slimebound:Split","Slimebound:CorrosiveSpit","Slimebound:DisruptingSlam","Slimebound:GoopSpray","Slimebound:Recollect","Slimebound:PressTheAttack+1","Slimebound:RallyTheTroops+1","Slimebound:SplitMire","Slimebound:PressTheAttack+1","Slimebound:HauntingLick","Slimebound:MassRepurpose+1","Slimebound:RallyTheTroops+1","Slimebound:DouseInSlime+1","Slimebound:AcidTongue+1","Slimebound:SlimeBarrage","Slimebound:LevelUp","Slimebound:SpikyOuterGoop","Slimebound:SplitMire","Slimebound:SlimeBrawl","Slimebound:MegaLick"],"relics":["Slimebound:AbsorbEndCombat","Anchor","Lizard Tail","downfall:HeartBlessingRed","Gremlin Horn","Bag of Marbles","Astrolabe","Shovel","hexamod:BolsterEngine","CaptainsWheel"],"acts_visited":["Exordium","TheCity"],"potions_floor_usage":[15,16,22],"damage_taken":[{"damage":1,"enemies":"Cultist","floor":2,"turns":5},{"damage":1,"enemies":"Jaw Worm","floor":3,"turns":4},{"damage":48,"enemies":"Lagavulin Event","floor":4,"turns":9},{"damage":0,"enemies":"Small Slimes","floor":5,"turns":4},{"damage":15,"enemies":"Gremlin Nob","floor":8,"turns":4},{"damage":0,"enemies":"Exordium Thugs","floor":9,"turns":2},{"damage":0,"enemies":"Red Slaver","floor":12,"turns":4},{"damage":0,"enemies":"3 Louse","floor":14,"turns":1},{"damage":0,"enemies":"Lots of Slimes","floor":15,"turns":2},{"damage":130,"enemies":"DF_ARCHETYPE_STREAMLINE","floor":16,"turns":16},{"damage":2,"enemies":"Chosen","floor":19,"turns":3},{"damage":18,"enemies":"Cultist and Chosen","floor":20,"turns":5},{"damage":2,"enemies":"downfall:FleeingMerchant","floor":22,"turns":4},{"damage":22,"enemies":"Gremlin Leader","floor":23,"turns":5},{"damage":12,"enemies":"downfall:FleeingMerchant","floor":25,"turns":4},{"damage":12,"enemies":"Snake Plant","floor":26,"turns":5},{"damage":21,"enemies":"Book of Stabbing","floor":27,"turns":7},{"damage":5,"enemies":"3 Cultists","floor":28,"turns":5},{"damage":28,"enemies":"Cultist and Chosen","floor":29,"turns":5}],"seed_played":"-4965610884924091585","potions_obtained":[{"floor":2,"key":"FairyPotion"},{"floor":8,"key":"Fruit Juice"},{"floor":12,"key":"bronze:BurnAndBuffPotion"},{"floor":15,"key":"Guardian:BlockOnCardUsePotion"},{"floor":19,"key":"sneckomod:MuddlingPotion"},{"floor":26,"key":"SteroidPotion"},{"floor":27,"key":"Regen Potion"}],"is_trial":false,"path_per_floor":["R","M","M","?","M","R","T","E","M","R","?","M","?","M","M","B",null,"R","M","M","?","$","E","T","$","M","E","M","M"],"character_chosen":"SLIMEBOUND","items_purchased":["Slimebound:SpikyOuterGoop","Slimebound:SplitMire","hexamod:BolsterEngine"],"campfire_rested":0,"item_purchase_floors":[22,22,25],"current_hp_per_floor":[59,62,65,25,29,29,29,22,28,28,28,30,30,34,39,25,59,59,61,49,49,49,35,35,27,21,8,11,0,0,0],"gold":72,"neow_bonus":"RANDOM_COMMON_RELIC","is_daily":false,"chose_seed":false,"campfire_upgraded":3,"win_rate":0.0,"timestamp":1611892851,"path_taken":["R","M","?","?","M","R","T","E","M","R","?","M","?","M","M","BOSS","R","M","M","?","$","E","T","$","?","E","M","M"],"items_purchased_type":["Card","Card","Relic"],"build_version":"2020-12-22","purchased_purges":1,"victory":false,"max_hp_per_floor":[65,65,65,65,65,65,65,65,65,65,65,65,65,65,70,70,70,70,70,70,70,70,70,70,70,70,70,70,70,70,70],"card_choices":[{"not_picked":["Slimebound:SlimeSpikes","Slimebound:SplitBruiser"],"picked":"Slimebound:DisruptingSlam","floor":2},{"not_picked":["Slimebound:LivingWall","Slimebound:RainOfGoop"],"picked":"Slimebound:GoopSpray","floor":3},{"not_picked":["Slimebound:Prepare","Slimebound:ItLooksTasty"],"picked":"Slimebound:Recollect","floor":4},{"not_picked":["Slimebound:ComboTackle","Slimebound:Schlurp"],"picked":"Slimebound:PressTheAttack","floor":5},{"not_picked":["Slimebound:SplitBruiser","Slimebound:Equalize"],"picked":"Slimebound:RallyTheTroops","floor":8},{"not_picked":["Slimebound:RollThrough","Slimebound:Prepare"],"picked":"Slimebound:SplitMire","floor":9},{"not_picked":["Slimebound:LeechingTouch","Slimebound:RollThrough"],"picked":"Slimebound:PressTheAttack","floor":12},{"not_picked":["Slimebound:LeechingTouch","Slimebound:ViciousTackle","Slimebound:ItLooksTasty"],"picked":"SKIP","floor":14},{"not_picked":["Slimebound:PressTheAttack","Slimebound:Grow"],"picked":"Slimebound:HauntingLick","floor":15},{"not_picked":["Slimebound:FirmFortitude","Slimebound:LeechLife"],"picked":"Slimebound:MassRepurpose","floor":16},{"not_picked":["Slimebound:Schlurp","Slimebound:RollThrough"],"picked":"Slimebound:SlimeBarrage","floor":19},{"not_picked":["Slimebound:ComboTackle","Slimebound:LivingWall","Slimebound:HungryTackle"],"picked":"SKIP","floor":20},{"not_picked":["Slimebound:ForwardTackle","Slimebound:ItLooksTasty"],"picked":"Slimebound:LevelUp","floor":22},{"not_picked":["Slimebound:SlimeSpikes","Slimebound:LivingWall","Slimebound:PressTheAttack"],"picked":"SKIP","floor":23},{"not_picked":["Slimebound:ComboTackle","Slimebound:RollThrough","Slimebound:HungryTackle"],"picked":"SKIP","floor":25},{"not_picked":["Slimebound:RollThrough","Slimebound:PressTheAttack","Slimebound:SplitLeeching"],"picked":"SKIP","floor":26},{"not_picked":["Slimebound:FlameTackle","Slimebound:FinishingTackle+1"],"picked":"Slimebound:SlimeBrawl","floor":27},{"not_picked":["Slimebound:RollThrough","Slimebound:Chomp"],"picked":"Slimebound:MegaLick","floor":28}],"player_experience":1950646,"relics_obtained":[{"floor":4,"key":"Lizard Tail"},{"floor":7,"key":"Gremlin Horn"},{"floor":8,"key":"Bag of Marbles"},{"floor":23,"key":"Shovel"},{"floor":27,"key":"CaptainsWheel"}],"event_choices":[],"is_beta":false,"boss_relics":[{"not_picked":["Fusion Hammer","Coffee Dripper"],"picked":"Astrolabe"}],"items_purged_floors":[22],"is_endless":false,"potions_floor_spawned":[2,8,12,15,19,26,27],"killed_by":"Cultist and Chosen","ascension_level":10}}