{"host":"u7t6gtnp6lus9at9","time":1611937791,"event":{"mods":["AchievementEnabler","Act Like it!","BaseMod","Card Forge","Colored Map","Colored Powertips","Custom Start","Downfall","Minty Spire (QoL Compilation)","Practice Mode","Replay The Spire","Shop Mod","StSLib"],"gold_per_floor":[99,9,109,19,30,30,30,46,63,78,113,113,133,158,170,267,367,466,480,492,50,50,70,70,70,89,74,84,116,16,16,45,157,157,57,84,96,96,114,148,174,202,231,231,248,274,288,297,320,320],"floor_reached":51,"language":"ENG","playtime":5530,"items_purged":["Slimebound:Tackle"],"score":773,"play_id":"c171ffe2-edb5-47e1-b35f-c9e1e037b411","local_time":"20210129142951","is_ascension_mode":false,"campfire_choices":[{"data":"Slimebound:Split","floor":1.0,"key":"SMITH"},{"floor":30.0,"key":"RECALL"},{"data":"Slimebound:SamplingLick","floor":35.0,"key":"SMITH"}],"circlet_count":0,"master_deck":["Slimebound:Split+1","Slimebound:CorrosiveSpit+1","Slimebound:LeechingTouch+1","Slimebound:MegaLick+1","Slimebound:ItLooksTasty+1","Slimebound:Repurpose+1","Slimebound:RejuvenatingLick+1","Slimebound:SplitMire+1","Slimebound:SlimeTap+1","Slimebound:SplitBruiser+1","Slimebound:SplitLeeching+1","Slimebound:HauntingLick+1","Slimebound:DuplicatedForm+1","Slimebound:SpikyOuterGoop+1","Slimebound:LevelUp+1","Slimebound:AcidTongue+1","Slimebound:MassRepurpose+1","Slimebound:ItLooksTasty+1","Slimebound:SamplingLick+1","Slimebound:RainOfGoop+1","Slimebound:TongueLash+1","Slimebound:Overexert+1","Slimebound:LeechingTouch+1","Slimebound:SamplingLick+1","Slimebound:Schlurp+1"],"relics":["Slimebound:AbsorbEndCombat","Hammer of Thor","Seething Fire","Anvil of the Gods","WarpedTongs","Anchor","Orichalcum","Frozen Egg 2","Replay:Wanted Poster","ClockworkSouvenir","Garlic","CeramicFish","downfall:HeartBlessingGreen","Runic Dome","downfall:HeartBlessingRed","Eternal Feather","Meat on the Bone","Mummified Hand"],"acts_visited":["Exordium","TheCity","TheBeyond"],"potions_floor_usage":[50,50],"damage_taken":[{"damage":11.0,"enemies":"downfall:FleeingMerchant","floor":2.0,"turns":4.0},{"damage":5.0,"enemies":"downfall:FleeingMerchant","floor":4.0,"turns":4.0},{"damage":8.0,"enemies":"Jaw Worm","floor":5.0,"turns":2.0},{"damage":0.0,"enemies":"2 Louse","floor":8.0,"turns":2.0},{"damage":0.0,"enemies":"Cultist","floor":9.0,"turns":2.0},{"damage":3.0,"enemies":"Red Slaver","floor":10.0,"turns":4.0},{"damage":26.0,"enemies":"Gremlin Nob","floor":11.0,"turns":4.0},{"damage":0.0,"enemies":"3 Louse","floor":13.0,"turns":2.0},{"damage":8.0,"enemies":"3 Sentries","floor":14.0,"turns":5.0},{"damage":0.0,"enemies":"Gremlin Gang","floor":15.0,"turns":4.0},{"damage":32.0,"enemies":"WA_ARCHETYPE_RETAIN","floor":16.0,"turns":5.0},{"damage":17.0,"enemies":"Shell Parasite","floor":19.0,"turns":4.0},{"damage":1.0,"enemies":"Spheric Guardian","floor":20.0,"turns":3.0},{"damage":15.0,"enemies":"downfall:FleeingMerchant","floor":21.0,"turns":4.0},{"damage":2.0,"enemies":"Snake Plant","floor":23.0,"turns":2.0},{"damage":18.0,"enemies":"Snecko","floor":26.0,"turns":3.0},{"damage":16.0,"enemies":"downfall:FleeingMerchant","floor":27.0,"turns":4.0},{"damage":9.0,"enemies":"Shelled Parasite and Fungi","floor":28.0,"turns":4.0},{"damage":8.0,"enemies":"Book of Stabbing","floor":29.0,"turns":4.0},{"damage":0.0,"enemies":"Chosen and Byrds","floor":32.0,"turns":2.0},{"damage":45.0,"enemies":"IC_MUSHROOM_ARCHETYPE","floor":33.0,"turns":5.0},{"damage":14.0,"enemies":"3 Darklings","floor":36.0,"turns":4.0},{"damage":3.0,"enemies":"Orb Walker","floor":37.0,"turns":2.0},{"damage":25.0,"enemies":"4 Shapes","floor":39.0,"turns":3.0},{"damage":49.0,"enemies":"Nemesis","floor":40.0,"turns":5.0},{"damage":0.0,"enemies":"Spire Growth","floor":42.0,"turns":3.0},{"damage":0.0,"enemies":"R_Hoarder","floor":43.0,"turns":4.0},{"damage":0.0,"enemies":"Transient","floor":45.0,"turns":5.0},{"damage":33.0,"enemies":"Reptomancer","floor":46.0,"turns":4.0},{"damage":28,"enemies":"4 Shapes","floor":47,"turns":5},{"damage":0,"enemies":"Writhing Mass","floor":49,"turns":3},{"damage":22,"enemies":"SI_POISON_ARCHETYPE","floor":50,"turns":4}],"seed_played":"-3483008467885914390","potions_obtained":[{"floor":8.0,"key":"sneckomod:MuddlingPotion"},{"floor":10.0,"key":"Languid Potion"},{"floor":11.0,"key":"Adrenaline Potion"},{"floor":23.0,"key":"Energy Potion"},{"floor":37.0,"key":"Milkshake"},{"floor":40.0,"key":"Languid Potion"},{"floor":45.0,"key":"Fire Potion"},{"floor":49,"key":"ColorlessPotion"}],"is_trial":false,"path_per_floor":["R","$","?","$","M","?","T","M","M","M","E","?","M","E","M","B",null,"R_BF","M","M","$","?","M","T","?","M","$","M","E","R","?","M","B",null,"R","M","M","?","M","E","T","M","E","?","M","E","M","?","M","B",null],"character_chosen":"SLIMEBOUND","items_purchased":["Slimebound:SplitMire","Slimebound:ItLooksTasty","Slimebound:AcidTongue+1","ClockworkSouvenir","Slimebound:MassRepurpose","Slimebound:ItLooksTasty"],"campfire_rested":0,"item_purchase_floors":[4,4,21,21,21,21],"current_hp_per_floor":[71,64,64,65,61,61,61,63,69,66,48,48,52,52,56,32,71,71,71,71,71,71,71,71,71,70,59,58,52,52,71,71,31,71,71,61,62,54,52,9,9,11,17,62,62,48,38,62,62,59],"gold":320,"neow_bonus":"TEN_PERCENT_HP_BONUS","is_daily":false,"chose_seed":false,"campfire_upgraded":2,"win_rate":0.0,"timestamp":1611937791,"path_taken":["R","$","?","$","M","?","T","?","M","M","E","?","M","E","M","BOSS","R_BF","M","M","$","?","?","T","?","?","$","M","E","R","?","M","BOSS","R","M","M","?","M","E","T","?","E","?","M","E","M","?","M","BOSS"],"items_purchased_type":["Card","Card","Card","Relic","Card","Card"],"build_version":"2020-12-22","purchased_purges":1,"victory":true,"max_hp_per_floor":[71,71,71,71,71,71,71,71,71,71,71,71,71,71,71,71,71,71,71,71,71,71,71,71,71,71,71,71,71,71,71,71,71,71,71,71,71,71,71,71,71,71,71,62,62,62,62,62,62,62],"card_choices":[{"not_picked":["Slimebound:DisruptingSlam","Slimebound:Schlurp"],"picked":"Slimebound:LeechingTouch","floor":2.0},{"not_picked":["Slimebound:SlimeBarrage","Slimebound:ProtectTheBoss"],"picked":"Slimebound:MegaLick","floor":4.0},{"not_picked":["Slimebound:Replication","Slimebound:RainOfGoop"],"picked":"Slimebound:Repurpose","floor":5.0},{"not_picked":["Slimebound:ItLooksTasty","Slimebound:SlimeBarrage"],"picked":"Slimebound:RejuvenatingLick","floor":8.0},{"not_picked":["Slimebound:Gluttony","Slimebound:Dissolve"],"picked":"Slimebound:SplitMire","floor":9.0},{"not_picked":["Slimebound:SplitAcid","Slimebound:BestDefense"],"picked":"Slimebound:SlimeTap","floor":10.0},{"not_picked":["Slimebound:Grow","Slimebound:SlimeBarrage"],"picked":"Slimebound:SplitBruiser","floor":11.0},{"not_picked":["Slimebound:SplitMire","Slimebound:Prepare"],"picked":"Slimebound:SplitLeeching","floor":13.0},{"not_picked":["Slimebound:PrepareCrush","Slimebound:SlimeBrawl"],"picked":"Slimebound:Prepare","floor":14.0},{"not_picked":["Slimebound:DisruptingSlam","Slimebound:ComboTackle"],"picked":"Slimebound:HauntingLick","floor":15.0},{"not_picked":["Slimebound:MassRepurpose","Slimebound:OozeBath"],"picked":"Slimebound:DuplicatedForm+1","floor":16.0},{"not_picked":["Slimebound:LivingWall","Slimebound:LeechingTouch","Slimebound:SplitMire"],"picked":"SKIP","floor":19.0},{"not_picked":["Slimebound:ComboTackle","Slimebound:LeadByExample+1"],"picked":"Slimebound:SpikyOuterGoop+1","floor":20.0},{"not_picked":["Slimebound:ForwardTackle","Slimebound:ViciousTackle+1"],"picked":"Slimebound:LevelUp+1","floor":21.0},{"not_picked":["Slimebound:LivingWall+1","Slimebound:RollThrough+1"],"picked":"Slimebound:SamplingLick","floor":23.0},{"not_picked":["Slimebound:Prepare","Slimebound:WasteNot","Slimebound:GoopSpray"],"picked":"SKIP","floor":26.0},{"not_picked":["Slimebound:HauntingLick","Slimebound:SplitAcid","Slimebound:ItLooksTasty+1"],"picked":"SKIP","floor":27.0},{"not_picked":["Slimebound:GoopSpray+1","Slimebound:SlimeTap"],"picked":"Slimebound:RainOfGoop","floor":28.0},{"not_picked":["Slimebound:LivingWall","Slimebound:RainOfGoop","Slimebound:FlameTackle"],"picked":"SKIP","floor":29.0},{"not_picked":["Slimebound:GrowthPunch+1","Slimebound:FlameTackle"],"picked":"Slimebound:TongueLash","floor":32.0},{"not_picked":["Slimebound:DouseInSlime","Slimebound:LeechLife"],"picked":"Slimebound:Overexert+1","floor":33.0},{"not_picked":["Slimebound:ForwardTackle+1","Slimebound:GoopTackle"],"picked":"Slimebound:LeechingTouch+1","floor":36.0},{"not_picked":["Slimebound:ItLooksTasty","Slimebound:GoopTackle+1","Slimebound:SplitLeeching"],"picked":"SKIP","floor":37.0},{"not_picked":["Slimebound:DisruptingSlam","Slimebound:RainOfGoop","Slimebound:FinishingTackle"],"picked":"SKIP","floor":39.0},{"not_picked":["Slimebound:SplitMire","Slimebound:LeechingTouch","Slimebound:RollThrough+1"],"picked":"SKIP","floor":40.0},{"not_picked":["Slimebound:FinishingTackle","Slimebound:PressTheAttack"],"picked":"Slimebound:SamplingLick+1","floor":42.0},{"not_picked":["Slimebound:Repurpose","Slimebound:LeechingTouch","Slimebound:ForwardTackle+1"],"picked":"SKIP","floor":43.0},{"not_picked":["Slimebound:RainOfGoop","Slimebound:SamplingLick","Slimebound:SplitBruiser+1"],"picked":"SKIP","floor":45.0},{"not_picked":["Slimebound:SplitMire","Slimebound:LeechingTouch","Slimebound:RollThrough+1"],"picked":"SKIP","floor":46},{"not_picked":["Slimebound:SlimeSlap","Slimebound:ForwardTackle+1","Slimebound:PressTheAttack"],"picked":"SKIP","floor":47},{"not_picked":["Slimebound:DisruptingSlam+1","Slimebound:Prepare+1"],"picked":"Slimebound:Schlurp+1","floor":49}],"player_experience":172081,"relics_obtained":[{"floor":7.0,"key":"Anchor"},{"floor":11.0,"key":"Orichalcum"},{"floor":14.0,"key":"Frozen Egg 2"},{"floor":24.0,"key":"Garlic"},{"floor":29.0,"key":"CeramicFish"},{"floor":40.0,"key":"Eternal Feather"},{"floor":43.0,"key":"Meat on the Bone"},{"floor":46,"key":"Mummified Hand"}],"event_choices":[{"damage_healed":0.0,"max_hp_gain":0.0,"max_hp_loss":0.0,"gold_gain":0.0,"event_name":"Accursed Blacksmith","player_choice":"Rummage","floor":6.0,"gold_loss":0.0,"damage_taken":0.0,"relics_obtained":["WarpedTongs"],"cards_obtained":["Pain"]},{"damage_healed":23.0,"max_hp_gain":0.0,"max_hp_loss":0.0,"gold_gain":0.0,"event_name":"The Library","player_choice":"Heal","floor":31.0,"gold_loss":0.0,"damage_taken":0.0}],"is_beta":false,"boss_relics":[{"not_picked":["Runic Pyramid","SacredBark"],"picked":"Replay:Wanted Poster"},{"not_picked":["Replay:Grab Bag","bronze:MakeshiftBattery"],"picked":"Runic Dome"}],"items_purged_floors":[2],"is_endless":false,"potions_floor_spawned":[8,10,11,15,16,19,23,28,37,39,40,45,49],"ascension_level":0}}