{"host":"kzfpatocel9exp3u","time":1611936257,"event":{"mods":["BaseMod","Googly Eyes","Minty Spire (QoL Compilation)","StSLib","TestMod","[IsaacMod]以撒尖塔"],"gold_per_floor":[117,267,267,37,52,52,67,81,81,81,101,1,20,45,45,123,173,192,192,192,268,288,288,316,316,316,328,12,12,12,38,38,117,117,128,47,47,1046,779,809,809,835,835,835,854,869,869,896,896,896,896,896,404,436,436,436],"floor_reached":55,"language":"ZHS","playtime":2936,"items_purged":["Doubt","Strike_G","Strike_G","Strike_G","Strike_G"],"score":2154,"play_id":"8a428c0b-2f67-434e-abac-656fe6cd9e91","local_time":"20210130000417","is_ascension_mode":true,"campfire_choices":[{"data":"testmod-DeathImprint","floor":6.0,"key":"SMITH"},{"data":"Bouncing Flask","floor":10.0,"key":"SMITH"},{"data":"Crippling Poison","floor":15.0,"key":"SMITH"},{"data":"Tactician","floor":23,"key":"SMITH"},{"data":"Adrenaline","floor":25,"key":"SMITH"},{"data":"Acrobatics","floor":29,"key":"SMITH"},{"data":"Burst","floor":32,"key":"SMITH"},{"data":"Envenom","floor":41,"key":"SMITH"},{"data":"Reflex","floor":47,"key":"SMITH"},{"floor":49,"key":"RECALL"},{"data":"Calculated Gamble","floor":52,"key":"SMITH"}],"circlet_count":0,"master_deck":["AscendersBane","Defend_G","Defend_G+1","Defend_G","Defend_G","Defend_G","Survivor","Neutralize","All Out Attack","Blade Dance","testmod-DeathImprint+1","Bouncing Flask+1","Crippling Poison+1","Backflip","Adrenaline+1","Burst+1","Prepared+1","Tactician+1","Acrobatics+1","Envenom+1","Corpse Explosion","Reflex+1","Calculated Gamble+1","Tactician","Acrobatics+1","Bullet Time","Escape Plan","Backflip"],"relics":["Ring of the Snake","HushsDoor","testmod-TestBox","PokeGo","testmod-TimeTraveler","testmod-Antiphasic","testmod-BalancedPeriapt","Bag of Preparation","GuppysCollar","Enchiridion","Toy Ornithopter","Gremlin Horn","SteamSale","testmod-InfectionSource","TheBible","testmod-BatchProcessingSystem","GuppysHead","GuppysHairball","testmod-AssaultLearning","HowToJump","TheAbacus","testmod-Déjàvu","BookofShadows","testmod-EqualTreatment","Mummified Hand","Torii","Orrery","Bag of Marbles"],"acts_visited":["Exordium","TheCity","TheBeyond","TheEnding"],"potions_floor_usage":[16,24,24,40,55,55,55,55],"damage_taken":[{"damage":0.0,"enemies":"2 Louse","floor":1.0,"turns":4.0},{"damage":2.0,"enemies":"Small Slimes","floor":5.0,"turns":3.0},{"damage":4.0,"enemies":"Jaw Worm","floor":7.0,"turns":4.0},{"damage":0.0,"enemies":"Exordium Wildlife","floor":8.0,"turns":3.0},{"damage":0.0,"enemies":"Red Slaver","floor":11.0,"turns":4.0},{"damage":0.0,"enemies":"Blue Slaver","floor":13.0,"turns":2.0},{"damage":0.0,"enemies":"Lagavulin","floor":14.0,"turns":4.0},{"damage":0,"enemies":"Slime Boss","floor":16,"turns":6},{"damage":0,"enemies":"3 Byrds","floor":18,"turns":3},{"damage":0,"enemies":"2 Thieves","floor":21,"turns":3},{"damage":0,"enemies":"Chosen and Byrds","floor":22,"turns":5},{"damage":0,"enemies":"Gremlin Leader","floor":24,"turns":5},{"damage":0,"enemies":"3 Cultists","floor":27,"turns":3},{"damage":0,"enemies":"Book of Stabbing","floor":31,"turns":4},{"damage":0,"enemies":"Automaton","floor":33,"turns":6},{"damage":0,"enemies":"Orb Walker","floor":35,"turns":2},{"damage":0,"enemies":"Giant Head","floor":40,"turns":3},{"damage":0,"enemies":"Reptomancer","floor":42,"turns":3},{"damage":2,"enemies":"3 Shapes","floor":45,"turns":1},{"damage":0,"enemies":"Spire Growth","floor":46,"turns":2},{"damage":0,"enemies":"Giant Head","floor":48,"turns":3},{"damage":28,"enemies":"Awakened One","floor":50,"turns":6},{"damage":0,"enemies":"Shield and Spear","floor":54,"turns":2},{"damage":86,"enemies":"Delirium","floor":55,"turns":16}],"seed_played":"4484597123762646185","potions_obtained":[{"floor":5.0,"key":"FearPotion"},{"floor":7.0,"key":"LiquidMemories"},{"floor":17,"key":"Swift Potion"},{"floor":27,"key":"Energy Potion"},{"floor":31,"key":"Ancient Potion"},{"floor":35,"key":"SkillPotion"},{"floor":42,"key":"EntropicBrew"}],"is_trial":false,"path_per_floor":["M","?","?","$","M","R","M","M","T","R","M","$","M","E","R","B",null,"M","?","?","M","M","R","E","R","T","M","$","R","?","E","R","B",null,"M","$","?","?","$","E","R","E","T","?","M","M","R","E","R","B",null,"R","$","E","B"],"character_chosen":"THE_SILENT","items_purchased":["Blade Dance","testmod-DeathImprint","GuppysCollar","Burst","SteamSale","testmod-InfectionSource","GuppysHead","GuppysHairball","testmod-AssaultLearning","HowToJump","Corpse Explosion","TheAbacus","Mummified Hand","Torii","Orrery","Backflip"],"campfire_rested":0,"item_purchase_floors":[4,4,17,17,28,28,34,34,36,39,39,39,53,53,53,53],"current_hp_per_floor":[59,59,59,59,57,57,53,53,53,53,53,53,53,53,53,53,61,61,40,40,40,40,40,40,40,40,40,40,40,40,40,40,40,50,50,50,50,50,50,55,55,55,55,52,50,50,50,50,50,22,51,51,51,51,15,15],"gold":436,"neow_bonus":"RANDOM_COMMON_RELIC","is_daily":false,"chose_seed":false,"campfire_upgraded":10,"win_rate":0.0,"timestamp":1611936257,"path_taken":["M","?","?","?","M","R","M","M","T","R","?","?","M","E","R","BOSS","M","?","?","?","M","R","E","R","T","M","$","R","?","E","R","BOSS","M","$","?","?","?","E","R","E","T","?","M","M","R","E","R","BOSS","R","$","E","BOSS"],"items_purchased_type":["Card","Card","Relic","Card","Relic","Relic","Relic","Relic","Relic","Relic","Card","Relic","Relic","Relic","Relic","Card"],"build_version":"2020-12-22","purchased_purges":5,"victory":false,"max_hp_per_floor":[66,66,66,66,66,66,66,66,66,66,66,66,66,66,66,66,64,64,64,64,64,64,64,64,64,64,64,64,64,64,64,64,64,61,61,61,61,61,61,61,61,61,61,60,60,60,60,60,60,60,60,60,60,60,60,60],"card_choices":[{"not_picked":["Underhanded Strike","Quick Slash"],"picked":"All Out Attack","floor":1.0},{"not_picked":["Tactician","Endless Agony"],"picked":"Bomb","floor":5.0},{"not_picked":["Cloak And Dagger","Bane"],"picked":"Bouncing Flask","floor":7.0},{"not_picked":["All Out Attack","Heel Hook"],"picked":"Crippling Poison","floor":8.0},{"not_picked":["Bouncing Flask","Dagger Spray"],"picked":"Backflip","floor":11.0},{"not_picked":["Well Laid Plans","Bomb","Slice"],"picked":"SKIP","floor":13.0},{"not_picked":["Cloak And Dagger","Underhanded Strike","Poisoned Stab"],"picked":"SKIP","floor":14.0},{"not_picked":["Grand Finale","Storm of Steel"],"picked":"Adrenaline","floor":16},{"not_picked":["Quick Slash+1","Caltrops"],"picked":"Prepared+1","floor":18},{"not_picked":["All Out Attack","Blur","Poisoned Stab"],"picked":"SKIP","floor":21},{"not_picked":["Outmaneuver","Endless Agony","Deflect"],"picked":"SKIP","floor":22},{"not_picked":["Poisoned Stab","Prepared+1"],"picked":"Acrobatics","floor":24},{"not_picked":["Deflect","Outmaneuver","Poisoned Stab"],"picked":"SKIP","floor":27},{"not_picked":["Night Terror","Riddle With Holes","Dagger Throw+1"],"picked":"SKIP","floor":31},{"not_picked":["Doppelganger","Phantasmal Killer"],"picked":"Envenom","floor":33},{"not_picked":["Deflect+1","Slice","Prepared"],"picked":"SKIP","floor":35},{"not_picked":["Deadly Poison","Accuracy","Bane"],"picked":"SKIP","floor":40},{"not_picked":["Outmaneuver","Cloak And Dagger+1","All Out Attack"],"picked":"SKIP","floor":42},{"not_picked":["PiercingWail","Bane"],"picked":"Reflex","floor":45},{"not_picked":["Prepared","Bouncing Flask","Heel Hook"],"picked":"SKIP","floor":46},{"not_picked":["Backflip","Dodge and Roll"],"picked":"Calculated Gamble","floor":48},{"not_picked":["Reflex","Well Laid Plans"],"picked":"Tactician","floor":53},{"not_picked":["Deadly Poison","PiercingWail"],"picked":"Acrobatics+1","floor":53},{"not_picked":["Poisoned Stab","Sucker Punch+1"],"picked":"Bullet Time","floor":53},{"not_picked":["Finisher+1","Slice"],"picked":"Escape Plan","floor":53},{"not_picked":["Leg Sweep","Heel Hook","Setup+1"],"picked":"SKIP","floor":54}],"player_experience":1311221,"relics_obtained":[{"floor":9.0,"key":"testmod-BalancedPeriapt"},{"floor":14.0,"key":"Bag of Preparation"},{"floor":19,"key":"Enchiridion"},{"floor":24,"key":"Toy Ornithopter"},{"floor":26,"key":"Gremlin Horn"},{"floor":31,"key":"TheBible"},{"floor":40,"key":"testmod-Déjàvu"},{"floor":42,"key":"BookofShadows"},{"floor":48,"key":"testmod-EqualTreatment"},{"floor":54,"key":"Bag of Marbles"}],"event_choices":[{"damage_healed":0.0,"max_hp_gain":0.0,"max_hp_loss":0.0,"gold_gain":150.0,"event_name":"Liars Game","player_choice":"AGREE","floor":2.0,"gold_loss":0.0,"damage_taken":0.0,"cards_obtained":["Doubt"]},{"damage_healed":0.0,"max_hp_gain":0.0,"max_hp_loss":0.0,"gold_gain":0.0,"event_name":"给自己的盒子","player_choice":"Swap Relic","floor":3.0,"relics_lost":["testmod-TestBox"],"gold_loss":0.0,"damage_taken":0.0,"relics_obtained":["testmod-TestBox"]},{"damage_healed":0,"gold_gain":0,"player_choice":"Obtained Book","damage_taken":21,"max_hp_gain":0,"max_hp_loss":0,"event_name":"Cursed Tome","floor":19,"gold_loss":0},{"damage_healed":0,"gold_gain":0,"player_choice":"Read","damage_taken":0,"max_hp_gain":0,"max_hp_loss":0,"event_name":"The Library","floor":20,"gold_loss":0,"cards_obtained":["Tactician"]},{"damage_healed":0,"gold_gain":0,"player_choice":"Ignored","damage_taken":0,"max_hp_gain":0,"max_hp_loss":0,"event_name":"Ghosts","floor":30,"gold_loss":0},{"cards_removed":["Strike_G"],"damage_healed":0,"gold_gain":0,"player_choice":"Removed Attack","damage_taken":0,"max_hp_gain":0,"max_hp_loss":0,"event_name":"Falling","floor":37,"gold_loss":0},{"damage_healed":0,"gold_gain":999,"player_choice":"Sell","damage_taken":0,"max_hp_gain":0,"max_hp_loss":0,"event_name":"恩洛斯的盘子","floor":38,"relics_lost":["Tiny House"],"gold_loss":0},{"damage_healed":0,"gold_gain":0,"player_choice":"Max HP","damage_taken":0,"max_hp_gain":0,"max_hp_loss":3,"event_name":"Winding Halls","floor":44,"gold_loss":0}],"is_beta":false,"boss_relics":[{"not_picked":["testmod-KeyOfTheVoid","testmod-Fanaticism"],"picked":"Tiny House"},{"not_picked":[]},{"not_picked":["SlaversCollar","SacredBark"],"picked":"testmod-BatchProcessingSystem"},{"not_picked":[]}],"items_purged_floors":[4,12,34,39,53],"is_endless":false,"potions_floor_spawned":[5,7,11,14,21,27,31,35,42,48],"killed_by":"Delirium","ascension_level":19}}