{"host":"xr8r2flpb2i2fv48","time":1611948112,"event":{"mods":["2.2 Compatiblity","Act Like it!","Arknights The Spire","BaseMod","Better Note","Better Third Choice","Downfall","Gensokyo","Hallownest","Hermit","Lobotomy","LobotomyExtend","Marisa????????","Minty Spire (QoL Compilation)","Reimu??????","Replay The Spire","StSLib","The Bug Knight","The Cursed","The Gatherer","The Marked","The Runesmith","The Spell Scribe","TheSwordswoman","TheVacant","egg"],"gold_per_floor":[116,129,142,142,142,142,142,142,102,102,126,139,139,139,48,48,48],"floor_reached":16,"language":"ENG","playtime":1616,"items_purged":["ats:Defend"],"score":88,"play_id":"a8f0352b-22e8-4527-afa0-0f9813434116","local_time":"20210129202152","is_ascension_mode":false,"campfire_choices":[{"data":"ats:Emotion Absorption","floor":6,"key":"SMITH"},{"data":"ats:Very Hot Blade","floor":10,"key":"SMITH"},{"data":"ats:Charging Defense","floor":13,"key":"SMITH"}],"circlet_count":0,"master_deck":["ats:Strike C","ats:Strike G","ats:Strike S","ats:Strike V","ats:Armor Crushing Shot","ats:Defend","ats:Defend","ats:Defend","ats:Emotion Absorption+1","ats:Absolute Focus","ats:Song Of Battle","ats:Very Hot Blade+1","ats:Charging Defense+1","ats:Apocalypse"],"relics":["ats:Sanity","Runesmith:AutoHammer","LetterFromLob","Golden Idol","Ring of Hypnosis","Ring of Misfortune","PaintedHorse:ReiMu","Blue Doll"],"acts_visited":["Exordium"],"potions_floor_usage":[],"damage_taken":[{"damage":0,"enemies":"Small Slimes","floor":1,"turns":4},{"damage":3,"enemies":"Jaw Worm","floor":2,"turns":5},{"damage":9,"enemies":"2 Louse","floor":3,"turns":4},{"damage":7,"enemies":"Exordium Wildlife","floor":12,"turns":8},{"damage":24,"enemies":"Gremlin Nob","floor":16,"turns":5}],"seed_played":"7535530375628326306","potions_obtained":[{"floor":3,"key":"BlessingOfTheForge"}],"is_trial":false,"path_per_floor":["M","M","M","?","?","R","PTL","PTL","?","R","T","M","R","?","$","E"],"character_chosen":"DOCTOR_CLASS","items_purchased":["ats:Apocalypse"],"campfire_rested":0,"item_purchase_floors":[15],"current_hp_per_floor":[72,69,60,42,42,42,42,42,42,42,42,35,35,35,35,16,16],"gold":48,"neow_bonus":"RANDOM_COMMON_RELIC","is_daily":false,"chose_seed":false,"campfire_upgraded":3,"win_rate":0.0,"timestamp":1611948112,"path_taken":["M","M","M","?","?","R","PTL","PTL","?","R","T","M","R","?","$","E"],"items_purchased_type":["Card"],"build_version":"2020-12-22","purchased_purges":1,"victory":false,"max_hp_per_floor":[72,72,72,72,72,72,72,72,72,72,72,72,72,72,72,72,72],"card_choices":[{"not_picked":["ats:Assault Order","ats:LN2 Cannon"],"picked":"ats:Absolute Focus","floor":1},{"not_picked":["ats:Ignite","ats:Assault Order"],"picked":"ats:Song Of Battle","floor":2},{"not_picked":["ats:Support Order","ats:Assault Order"],"picked":"ats:Very Hot Blade","floor":3},{"not_picked":["ats:Guard Mode","ats:Flexible Camouflage"],"picked":"ats:Charging Defense","floor":12}],"player_experience":1795090,"relics_obtained":[{"floor":1,"key":"LetterFromLob"},{"floor":5,"key":"Ring of Hypnosis"},{"floor":5,"key":"Ring of Misfortune"},{"floor":11,"key":"Blue Doll"}],"event_choices":[{"damage_healed":0,"gold_gain":0,"player_choice":"Take Damage","damage_taken":18,"relics_obtained":["Golden Idol"],"max_hp_gain":0,"max_hp_loss":0,"event_name":"Golden Idol","floor":4,"gold_loss":0},{"damage_healed":0,"gold_gain":0,"player_choice":"Donate","damage_taken":0,"relics_obtained":["PaintedHorse:ReiMu"],"max_hp_gain":0,"max_hp_loss":0,"event_name":"yidonshenshe","floor":9,"gold_loss":40},{"cards_removed":["Delirium"],"damage_healed":0,"gold_gain":0,"player_choice":"Forget","damage_taken":0,"max_hp_gain":0,"max_hp_loss":0,"event_name":"Living Wall","floor":14,"gold_loss":0}],"is_beta":false,"boss_relics":[],"items_purged_floors":[15],"is_endless":false,"potions_floor_spawned":[3],"killed_by":"Gremlin Nob","ascension_level":0}}