{"host":"vl29iwkwnyytuw8q","time":1611935835,"event":{"mods":["BaseMod","Minty Spire (QoL Compilation)","Permanent Neow","Relic Stats","StSLib"],"gold_per_floor":[119,119,134,146,157,157,174,201,250,250,325,250,283,340,340,411,411,428,446,31,31,51,51,84,84,84,98,115,134,134,134],"floor_reached":30,"language":"ENG","playtime":1038,"items_purged":["Strike_G","Strike_G"],"score":524,"play_id":"0dd6d58c-bb73-404b-9594-24cfcdec1af8","local_time":"20210129165715","is_ascension_mode":true,"campfire_choices":[{"floor":6.0,"key":"RECALL"},{"floor":10.0,"key":"REST"},{"floor":15.0,"key":"REST"},{"data":"1","floor":23.0,"key":"LIFT"},{"data":"2","floor":25.0,"key":"LIFT"}],"circlet_count":0,"master_deck":["AscendersBane","Strike_G","Strike_G","Strike_G","Defend_G","Defend_G","Defend_G","Defend_G","Defend_G","Survivor","Neutralize+1","Cloak And Dagger","Dagger Spray","Crippling Poison","Calculated Gamble","Leg Sweep","Deadly Poison","Noxious Fumes+1","Choke","After Image","Backflip","Cloak And Dagger","Prepared+1","Night Terror","Blur","Calculated Gamble","Deadly Poison"],"relics":["Fusion Hammer","TungstenRod","Blood Vial","Ornamental Fan","Tiny Chest","SlaversCollar","Girya","Strawberry"],"acts_visited":["Exordium","TheCity"],"potions_floor_usage":[28,30],"damage_taken":[{"damage":0.0,"enemies":"2 Louse","floor":1.0,"turns":3.0},{"damage":0.0,"enemies":"Small Slimes","floor":3.0,"turns":4.0},{"damage":0.0,"enemies":"Cultist","floor":4.0,"turns":4.0},{"damage":0.0,"enemies":"3 Louse","floor":5.0,"turns":3.0},{"damage":3.0,"enemies":"2 Fungi Beasts","floor":7.0,"turns":4.0},{"damage":19.0,"enemies":"3 Sentries","floor":8.0,"turns":9.0},{"damage":7.0,"enemies":"Lagavulin","floor":13.0,"turns":7.0},{"damage":0.0,"enemies":"Gremlin Nob","floor":14.0,"turns":3.0},{"damage":23.0,"enemies":"Hexaghost","floor":16.0,"turns":10.0},{"damage":27.0,"enemies":"3 Byrds","floor":18.0,"turns":7.0},{"damage":0.0,"enemies":"Chosen","floor":19.0,"turns":7.0},{"damage":4.0,"enemies":"Snake Plant","floor":22.0,"turns":5.0},{"damage":5.0,"enemies":"Gremlin Leader","floor":24.0,"turns":7.0},{"damage":5.0,"enemies":"Shelled Parasite and Fungi","floor":27.0,"turns":6.0},{"damage":10,"enemies":"Chosen and Byrds","floor":28,"turns":6},{"damage":11,"enemies":"Snake Plant","floor":29,"turns":6},{"damage":22,"enemies":"Book of Stabbing","floor":30,"turns":5}],"seed_played":"1262104960230760176","potions_obtained":[{"floor":1.0,"key":"AttackPotion"},{"floor":3.0,"key":"DuplicationPotion"},{"floor":13.0,"key":"ColorlessPotion"},{"floor":14.0,"key":"Swift Potion"},{"floor":19.0,"key":"PowerPotion"}],"is_trial":false,"path_per_floor":["M","?","M","M","M","R","M","E","T","R","?","$","E","?","R","B",null,"M","M","$","?","M","R","E","R","T","M","M","M","E"],"character_chosen":"THE_SILENT","items_purchased":["Girya"],"campfire_rested":2,"item_purchase_floors":[20],"current_hp_per_floor":[59,59,59,59,59,59,56,37,37,56,46,46,41,43,62,41,60,35,37,37,37,35,35,39,39,39,36,28,19,0,0],"gold":134,"neow_bonus":"BOSS_RELIC","is_daily":false,"chose_seed":false,"campfire_upgraded":0,"win_rate":0.0,"timestamp":1611935835,"path_taken":["M","?","M","M","M","R","M","E","T","R","?","$","E","?","R","BOSS","M","M","$","?","M","R","E","R","T","M","?","M","E"],"items_purchased_type":["Relic"],"build_version":"2020-12-22","purchased_purges":2,"victory":false,"max_hp_per_floor":[66,66,66,66,66,66,66,66,66,66,66,66,66,66,66,66,66,66,66,66,66,66,66,73,73,73,73,73,73,73,73],"relic_stats":{"Blood Vial":22,"counters":[17,96],"Ornamental Fan":[48],"Tiny Chest":0,"obtain_stats":[{"Blood Vial":9,"SlaversCollar":17,"Girya":20,"Ornamental Fan":13,"Strawberry":24,"Tiny Chest":14,"Fusion Hammer":0,"TungstenRod":8,"Ring of the Snake":0},{"Blood Vial":6,"SlaversCollar":9,"Girya":11,"Ornamental Fan":7,"Strawberry":13,"Tiny Chest":8,"Fusion Hammer":0,"TungstenRod":6,"Ring of the Snake":0},{"Blood Vial":27,"SlaversCollar":47,"Girya":61,"Ornamental Fan":34,"Strawberry":73,"Tiny Chest":37,"Fusion Hammer":0,"TungstenRod":27,"Ring of the Snake":0}],"TungstenRod":38},"card_choices":[{"not_picked":["Choke","Flying Knee"],"picked":"Cloak And Dagger","floor":1.0},{"not_picked":["Quick Slash","Poisoned Stab"],"picked":"Dagger Spray","floor":3.0},{"not_picked":["Backflip","Tools of the Trade"],"picked":"Crippling Poison","floor":4.0},{"not_picked":["Infinite Blades","Sucker Punch"],"picked":"Calculated Gamble","floor":5.0},{"not_picked":["Slice","Endless Agony"],"picked":"Leg Sweep","floor":7.0},{"not_picked":["All Out Attack","Concentrate"],"picked":"Deadly Poison","floor":8.0},{"not_picked":["PiercingWail","Distraction"],"picked":"Noxious Fumes","floor":13.0},{"not_picked":["Finisher","Endless Agony"],"picked":"Choke","floor":14.0},{"not_picked":["Adrenaline","A Thousand Cuts"],"picked":"After Image","floor":16.0},{"not_picked":["Eviscerate","Poisoned Stab"],"picked":"Backflip","floor":18.0},{"not_picked":["Sucker Punch","Flying Knee"],"picked":"Cloak And Dagger","floor":19.0},{"not_picked":["Setup","Cloak And Dagger"],"picked":"Prepared+1","floor":22.0},{"not_picked":["Poisoned Stab","Prepared"],"picked":"Night Terror","floor":24.0},{"not_picked":["Poisoned Stab","Eviscerate"],"picked":"Blur","floor":27.0},{"not_picked":["Quick Slash+1","Sucker Punch"],"picked":"Calculated Gamble","floor":28},{"not_picked":["Calculated Gamble","Predator"],"picked":"Deadly Poison","floor":29}],"player_experience":648293,"relics_obtained":[{"floor":8.0,"key":"TungstenRod"},{"floor":9.0,"key":"Blood Vial"},{"floor":13.0,"key":"Ornamental Fan"},{"floor":14.0,"key":"Tiny Chest"},{"floor":24.0,"key":"Strawberry"}],"event_choices":[{"damage_healed":0.0,"max_hp_gain":0.0,"max_hp_loss":0.0,"gold_gain":0.0,"event_name":"Living Wall","player_choice":"Grow","floor":2.0,"gold_loss":0.0,"damage_taken":0.0,"cards_upgraded":["Neutralize"]},{"damage_healed":0.0,"max_hp_gain":0.0,"max_hp_loss":0.0,"gold_gain":75.0,"event_name":"World of Goop","player_choice":"Gather Gold","floor":11.0,"gold_loss":0.0,"damage_taken":11.0},{"damage_healed":0.0,"max_hp_gain":0.0,"max_hp_loss":0.0,"gold_gain":30.0,"event_name":"Dead Adventurer","player_choice":"Searched \u00273\u0027 times","floor":14.0,"gold_loss":0.0,"damage_taken":0.0},{"damage_healed":0.0,"max_hp_gain":0.0,"max_hp_loss":0.0,"gold_gain":0.0,"event_name":"Upgrade Shrine","player_choice":"Upgraded","floor":21.0,"gold_loss":0.0,"damage_taken":0.0,"cards_upgraded":["Noxious Fumes"]}],"is_beta":false,"boss_relics":[{"not_picked":["HoveringKite","Cursed Key"],"picked":"SlaversCollar"}],"items_purged_floors":[12,20],"is_endless":false,"potions_floor_spawned":[1,3,5,13,14,18,19],"killed_by":"Book of Stabbing","ascension_level":20}}