{"host":"yqkaigvm5ejtkgd3","time":1611963783,"event":{"mods":["AlwaysNeverKeys","Aspiration","BaseMod","BetterRewards","Colored Powertips","Conspire","Custom Start","Defuse TimeMaze Blight","Energized Spire","GifTheSpireLib","Minty Spire (QoL Compilation)","Permanent Neow","Reliquary","Replay The Spire","Reworked Bosses","SacredBarkPlus","Shop Mod","StSLib","The Forsaken","The IronCluck","Transform Curses"],"gold_per_floor":[112,132,152,52,127,155,175,207,231,247,94,120,137,164,164,265,265,284,345,345,202,221,253,70,70,70,103,103,129,129,139,139,238,238,238],"floor_reached":34,"language":"ENG","playtime":3655,"items_purged":[],"score":536,"play_id":"fb71ff9e-6d14-48e8-979a-3da88706ea30","local_time":"20210130004303","is_ascension_mode":true,"campfire_choices":[{"data":"Feed","floor":30.0,"key":"SMITH"},{"data":"ReplayTheSpireMod:Splinters","floor":32,"key":"PURGE"}],"circlet_count":0,"master_deck":["Strike_R","Strike_R","Strike_R","Strike_R","Strike_R","Defend_R","Defend_R","Defend_R","Defend_R","Bash","Defend_P","theForsaken:Smite","Feed+1","Warcry","Warcry","Heavy Blade","Ghostly","Inflame","Pommel Strike","Pummel","Iron Wave","Thunderclap","Reaper","Rampage","Rampage","Flex+1","Feel No Pain","Heavy Blade+1","Headbutt","Rage","Flame Barrier+1","Berserk+1"],"relics":["Burning Blood","aspiration:FrozenJewel","aspiration:ArtOfWarUpgrade","Centennial Puzzle","conspire:TreasureMap","Kunai","Centennial Puzzle","Philosopher\u0027s Stone","Strawberry","Pet Ghost","Happy Flower","Pen Nib","Golden Egg","Peace Pipe","Charon\u0027s Ashes","Honey Jar"],"acts_visited":["Exordium","TheCity","TheBeyond"],"potions_floor_usage":[33],"damage_taken":[{"damage":3.0,"enemies":"Cultist","floor":1.0,"turns":5.0},{"damage":9.0,"enemies":"Small Slimes","floor":2.0,"turns":4.0},{"damage":10.0,"enemies":"Jaw Worm","floor":3.0,"turns":4.0},{"damage":12.0,"enemies":"Gremlin Nob","floor":6.0,"turns":2.0},{"damage":5.0,"enemies":"Blue Slaver","floor":7.0,"turns":4.0},{"damage":11.0,"enemies":"3 Sentries","floor":8.0,"turns":7.0},{"damage":4.0,"enemies":"Exordium Wildlife","floor":10.0,"turns":6.0},{"damage":13.0,"enemies":"Lagavulin","floor":12.0,"turns":9.0},{"damage":9.0,"enemies":"Exordium Thugs","floor":13.0,"turns":5.0},{"damage":12.0,"enemies":"3 Sentries","floor":14.0,"turns":7.0},{"damage":54.0,"enemies":"Fading Forest","floor":16.0,"turns":11.0},{"damage":13.0,"enemies":"2 Thieves","floor":18.0,"turns":5.0},{"damage":2.0,"enemies":"Chosen","floor":22.0,"turns":4.0},{"damage":60.0,"enemies":"Gremlin Leader","floor":23.0,"turns":12.0},{"damage":20.0,"enemies":"Slavers","floor":27.0,"turns":4.0},{"damage":36.0,"enemies":"Gremlin Leader","floor":29.0,"turns":9.0},{"damage":1,"enemies":"Centurion and Healer","floor":31,"turns":3},{"damage":37,"enemies":"bossMod:newCollector","floor":33,"turns":10}],"seed_played":"8343476093115773319","potions_obtained":[{"floor":2.0,"key":"Death Potion"},{"floor":6.0,"key":"Fire Potion"},{"floor":8.0,"key":"Swift Potion"},{"floor":13.0,"key":"Weak Potion"},{"floor":14.0,"key":"ColorlessPotion"},{"floor":19.0,"key":"SkillPotion"},{"floor":19.0,"key":"Energy Potion"},{"floor":23.0,"key":"Weak Potion"},{"floor":29.0,"key":"SpeedPotion"},{"floor":33,"key":"GamblersBrew"}],"is_trial":false,"path_per_floor":["M","M","M","?","?","E","M","E","T","M","$","E","M","E","R","B",null,"M","?","?","$","M","E","$","?","T","E","R","E","R","M","R","B",null],"character_chosen":"IRONCLAD","items_purchased":["conspire:TreasureMap","Pet Ghost","Pen Nib","Heavy Blade+1"],"campfire_rested":0,"item_purchase_floors":[11,21,24,24],"current_hp_per_floor":[83,83,82,82,74,68,75,76,76,84,84,83,86,91,91,58,107,102,109,85,85,95,65,65,65,65,57,57,48,48,59,59,43,133,133],"gold":238,"neow_bonus":"THREE_RARE_CARDS","is_daily":false,"chose_seed":false,"campfire_upgraded":1,"win_rate":0.0,"timestamp":1611963783,"path_taken":["M","M","M","?","?","E","?","E","T","M","$","E","M","E","R","BOSS","M","?","?","?","?","E","$","?","T","E","R","E","R","M","R","BOSS"],"items_purchased_type":["Relic","Relic","Relic","Card"],"build_version":"2020-12-22","purchased_purges":0,"victory":false,"max_hp_per_floor":[83,86,89,89,89,89,92,95,95,98,98,101,104,107,107,107,107,107,114,119,119,119,119,119,119,119,122,122,125,125,129,129,133,133,133],"card_choices":[{"not_picked":["Limit Break","Brutality"],"picked":"Feed","floor":0.0},{"not_picked":["ReplayTheSpireMod:Strike From Hell","Wild Strike"],"picked":"Warcry","floor":1.0},{"not_picked":["Shockwave","Heavy Blade"],"picked":"Warcry","floor":2.0},{"not_picked":["Perfected Strike","Havoc"],"picked":"Heavy Blade","floor":3.0},{"not_picked":["Searing Blow","Shrug It Off"],"picked":"Inflame","floor":6.0},{"not_picked":["Eclipse","Disarm"],"picked":"Pommel Strike","floor":7.0},{"not_picked":["Perfected Strike","Wild Strike"],"picked":"Pummel","floor":8.0},{"not_picked":["Searing Blow","Pummel"],"picked":"Iron Wave","floor":10.0},{"not_picked":["Sever Soul","Anger","Searing Blow"],"picked":"SKIP","floor":12.0},{"not_picked":["True Grit","Second Wind","Havoc"],"picked":"SKIP","floor":13.0},{"not_picked":["True Grit","Iron Wave"],"picked":"Thunderclap","floor":14.0},{"not_picked":["Impervious","Replay:Many Hands"],"picked":"Reaper","floor":16.0},{"not_picked":["Clothesline","Evolve"],"picked":"Rampage","floor":18.0},{"not_picked":["ReplayReversal+1","Shockwave+1"],"picked":"Rampage","floor":19.0},{"not_picked":["Sword Boomerang","Cleave"],"picked":"Flex+1","floor":22.0},{"not_picked":["Run Through","Anger"],"picked":"Feel No Pain","floor":23.0},{"not_picked":["Heavy Blade","Flex"],"picked":"Rage","floor":27.0},{"not_picked":["conspire:ExplosiveBarrier","conspire:Charge","ReplayTheSpireMod:Corrosion Curse"],"picked":"SKIP","floor":29.0},{"not_picked":["Brutality","Massacre+1"],"picked":"Flame Barrier+1","floor":31},{"not_picked":["Bludgeon","Replay:Many Hands"],"picked":"Berserk","floor":33}],"player_experience":307474,"relics_obtained":[{"floor":6.0,"key":"aspiration:FrozenJewel"},{"floor":8.0,"key":"Art of War"},{"floor":9.0,"key":"Centennial Puzzle"},{"floor":12.0,"key":"Kunai"},{"floor":14.0,"key":"reliquary:SculptingSteel"},{"floor":19.0,"key":"Strawberry"},{"floor":23.0,"key":"Happy Flower"},{"floor":26.0,"key":"Golden Egg"},{"floor":27.0,"key":"Peace Pipe"},{"floor":29.0,"key":"Charon\u0027s Ashes"}],"event_choices":[{"damage_healed":0.0,"max_hp_gain":0.0,"max_hp_loss":0.0,"gold_gain":0.0,"event_name":"conspire:LoneGhost","player_choice":"Argue","floor":4.0,"gold_loss":0.0,"damage_taken":0.0},{"damage_healed":0.0,"max_hp_gain":0.0,"max_hp_loss":0.0,"gold_gain":75.0,"event_name":"FaceTrader","player_choice":"Touch","floor":5.0,"gold_loss":0.0,"damage_taken":8.0},{"damage_healed":0.0,"max_hp_gain":5.0,"max_hp_loss":0.0,"gold_gain":0.0,"event_name":"Forgotten Altar","player_choice":"Shed Blood","floor":20.0,"gold_loss":0.0,"damage_taken":29.0},{"damage_healed":0.0,"max_hp_gain":0.0,"max_hp_loss":0.0,"gold_gain":0.0,"event_name":"The Library","player_choice":"Read","floor":25.0,"gold_loss":0.0,"damage_taken":0.0,"cards_obtained":["Headbutt"]}],"is_beta":false,"boss_relics":[{"not_picked":["Velvet Choker","Pandora\u0027s Box"],"picked":"Philosopher\u0027s Stone"},{"not_picked":["SacredBark","conspire:SeveredTorchhead"],"picked":"Honey Jar"}],"items_purged_floors":[],"is_endless":false,"potions_floor_spawned":[2,6,8,13,14,23,29,33],"ascension_level":1}}