{"host":"41zuqv3z4fqqx8y0","time":1611889340,"event":{"mods":["BaseMod","Minty Spire (QoL Compilation)","Replay The Spire","StSLib","The Saiyan"],"gold_per_floor":[95,20,20,40,40,40,63,77,77,97,97,97,97,115,115,238,238,261,285,308,308,308,308],"floor_reached":22,"language":"FRA","playtime":2034,"items_purged":["Saiyan:SAIYA_Strike"],"score":203,"play_id":"e97aeeea-1675-4182-8247-a1ca63d1802d","local_time":"20210129040220","is_ascension_mode":false,"campfire_choices":[{"data":"Saiyan:RuthlessBlow","floor":6,"key":"SMITH"},{"data":"Saiyan:PowerUp","floor":11,"key":"SMITH"},{"floor":13,"key":"REST"},{"data":"Saiyan:KaioKen","floor":15,"key":"SMITH"}],"circlet_count":0,"master_deck":["Saiyan:SAIYA_Strike","Saiyan:SAIYA_Strike","Saiyan:SAIYA_Defend","Saiyan:SAIYA_Defend","Saiyan:SAIYA_Defend","Saiyan:EnergyBlast","Saiyan:KaioKen+1","Saiyan:RuthlessBlow+1","Saiyan:SoulSpice","Saiyan:Furor","Saiyan:Flurry","Saiyan:PowerUp+1","Saiyan:KameHameHa","Saiyan:MonkeyTail","Saiyan:Planning","Saiyan:MajinSeal"],"relics":["SaiyanSoul","SaiyanHeart","Golden Idol","Blue Candle","Bottled Tornado","Empty Cage"],"acts_visited":["Exordium","TheCity"],"potions_floor_usage":[18,20],"damage_taken":[{"damage":6,"enemies":"Cultist","floor":1,"turns":3},{"damage":11,"enemies":"Jaw Worm","floor":4,"turns":3},{"damage":0,"enemies":"2 Louse","floor":7,"turns":2},{"damage":2,"enemies":"Large Slime","floor":8,"turns":5},{"damage":1,"enemies":"Looter","floor":10,"turns":3},{"damage":6,"enemies":"3 Louse","floor":14,"turns":3},{"damage":3,"enemies":"Fading Forest","floor":16,"turns":11},{"damage":21,"enemies":"Shell Parasite","floor":18,"turns":7},{"damage":0,"enemies":"3 Byrds","floor":19,"turns":6},{"damage":10,"enemies":"Centurion and Healer","floor":20,"turns":7},{"damage":49,"enemies":"Sentry and Sphere","floor":22,"turns":9}],"seed_played":"4779627399886296914","potions_obtained":[{"floor":4,"key":"BlessingOfTheForge"},{"floor":7,"key":"Energy Potion"},{"floor":10,"key":"Toxic Potion"},{"floor":20,"key":"GamblersBrew"}],"is_trial":false,"path_per_floor":["M","$","?","M","T","R","M","M","T","M","R","$","R","M","R","B",null,"M","M","M","?","M"],"character_chosen":"SAIYAJIN","items_purchased":[],"campfire_rested":1,"item_purchase_floors":[],"current_hp_per_floor":[60,60,44,34,34,34,34,35,35,35,35,35,56,50,50,58,72,52,52,44,44,0,0],"gold":308,"neow_bonus":"TEN_PERCENT_HP_BONUS","is_daily":false,"chose_seed":false,"campfire_upgraded":3,"win_rate":0.0,"timestamp":1611889340,"path_taken":["M","?","?","M","?","R","M","M","T","M","R","$","R","M","R","BOSS","M","M","?","?","M"],"items_purchased_type":[],"build_version":"2020-12-22","purchased_purges":1,"victory":false,"max_hp_per_floor":[66,66,66,67,67,67,67,70,70,71,71,71,71,71,71,72,72,73,73,75,75,76,76],"card_choices":[{"not_picked":["Saiyan:PlotArmor","Saiyan:ExpandingShockwave"],"picked":"Saiyan:SoulSpice","floor":1},{"not_picked":["Saiyan:Reset","Saiyan:BurningSoul"],"picked":"Saiyan:Furor","floor":4},{"not_picked":["Saiyan:Pacing","Saiyan:UltraInstinct"],"picked":"Saiyan:Flurry","floor":7},{"not_picked":["Saiyan:AugmentedBlast","Saiyan:Fly"],"picked":"Saiyan:PowerUp","floor":8},{"not_picked":["Saiyan:PowerUp","Saiyan:BigBangAttack","Saiyan:BackAttack"],"picked":"SKIP","floor":10},{"not_picked":["Saiyan:SpiritSword","Saiyan:FingerParry"],"picked":"Saiyan:KameHameHa","floor":14},{"not_picked":["Saiyan:MindBoom","Saiyan:SolarFlare"],"picked":"Saiyan:MonkeyTail","floor":16},{"not_picked":["Saiyan:BigBangAttack","Saiyan:Reset"],"picked":"Saiyan:Planning","floor":18},{"not_picked":["Saiyan:RemoveWeights+1","Saiyan:DoubleMasenko","Saiyan:SaiyanHubris"],"picked":"SKIP","floor":19},{"not_picked":["Saiyan:Flurry+1","Saiyan:PowerStance"],"picked":"Saiyan:MajinSeal","floor":20}],"player_experience":569000,"relics_obtained":[{"floor":5,"key":"Blue Candle"},{"floor":9,"key":"Bottled Tornado"}],"event_choices":[{"damage_healed":0,"gold_gain":0,"player_choice":"Take Damage","damage_taken":16,"relics_obtained":["Golden Idol"],"max_hp_gain":0,"max_hp_loss":0,"event_name":"Golden Idol","floor":3,"gold_loss":0},{"damage_healed":0,"gold_gain":0,"player_choice":"Ignored","damage_taken":0,"max_hp_gain":0,"max_hp_loss":0,"event_name":"Vampires","floor":21,"gold_loss":0}],"is_beta":false,"boss_relics":[{"not_picked":["Pandora\u0027s Box","Philosopher\u0027s Stone"],"picked":"Empty Cage"}],"items_purged_floors":[2],"is_endless":false,"potions_floor_spawned":[4,7,10,14,20],"killed_by":"Sentry and Sphere","ascension_level":0}}