{"host":"jv6ql3rcplqr94ru","time":1611880083,"event":{"mods":["AchievementEnabler","Act Like it!","BaseMod","Colored Map","Downfall","Hermit","Lobotomy","Minty Spire (QoL Compilation)","Rare Cards Sparkle","Robot Space Explorer","StSLib","The Poker Player","everything is the same but u backflip on backflip","slay the spire mod where everything is the same but ironclad has a cowboy hat"],"gold_per_floor":[99,99,99,99,99,99,123,141,152,178,0,15,15,40,59,156,156,156,156,156,141,141,141,141,152,152,192,203,235,250,267,283,388,388,288,288,302,319,373,373,398,417,417,417,443,443,443,59,69,69],"floor_reached":51,"language":"ENG","playtime":2684,"items_purged":["Guardian:Emergency"],"score":751,"play_id":"f4a7ed53-2e7f-4bc4-bb9c-49841ff721a5","local_time":"20210129012803","is_ascension_mode":false,"campfire_choices":[{"data":"Guardian:CurlUp","floor":1,"key":"SMITH"},{"data":"Guardian:ArmoredProtocol","floor":6,"key":"SMITH"},{"data":"expansioncontent:QuickStudy","floor":13,"key":"SMITH"},{"data":"Guardian:RevengeProtocol","floor":18,"key":"SMITH"},{"data":"Guardian:RollAttack","floor":23,"key":"SMITH"},{"floor":26,"key":"REST"},{"data":"Guardian:SentryBeam","floor":35,"key":"SMITH"},{"data":"Guardian:TimeBomb","floor":40,"key":"SMITH"},{"data":"Guardian:FierceBash","floor":43,"key":"SMITH"},{"floor":46,"key":"REST"},{"data":"Guardian:TwinSlam","floor":47,"key":"SMITH"}],"circlet_count":0,"master_deck":["Guardian:Defend_Guardian","Guardian:Defend_Guardian","Guardian:Defend_Guardian","Guardian:CurlUp+1","Guardian:TwinSlam+1","Guardian:RollAttack+1","Guardian:ArmoredProtocol+1","Guardian:SentryBeam+1","expansioncontent:QuickStudy+1","Guardian:RevengeProtocol+1","Slimebound:Tackle+1","Slimebound:Tackle+1","Slimebound:Tackle+1","Guardian:ExploitGems","Guardian:TemporalStrike+1","Guardian:TimeBomb+1","Guardian:FierceBash+1","CurseOfTheBell","expansioncontent:QuickStudy+1"],"relics":["Guardian:ModeShifter","downfall:HeartsMalice","Omamori","Pear","Happy Flower","Runic Pyramid","sneckomod:BabySnecko","White Beast Statue","Torii","WingedGreaves","Velvet Choker","downfall:HeartBlessingGreen","Pen Nib","Ancient Tea Set","downfall:ExtraCursedBell","Toy Ornithopter","Molten Egg 2","CaptainsWheel","PreservedInsect","Medical Kit"],"acts_visited":["Exordium","TheCity","TheBeyond"],"potions_floor_usage":[29,29,50,50,50],"damage_taken":[{"damage":0,"enemies":"Jaw Worm","floor":2,"turns":1},{"damage":0,"enemies":"downfall:FleeingMerchant","floor":4,"turns":1},{"damage":0,"enemies":"Cultist","floor":5,"turns":1},{"damage":0,"enemies":"Small Slimes","floor":8,"turns":4},{"damage":8,"enemies":"Exordium Wildlife","floor":9,"turns":3},{"damage":0,"enemies":"3 Sentries","floor":10,"turns":9},{"damage":0,"enemies":"downfall:FleeingMerchant","floor":11,"turns":4},{"damage":0,"enemies":"Gremlin Gang","floor":12,"turns":3},{"damage":16,"enemies":"Gremlin Nob","floor":14,"turns":4},{"damage":0,"enemies":"2 Fungi Beasts","floor":15,"turns":1},{"damage":33,"enemies":"SI_SHIV_ARCHETYPE","floor":16,"turns":8},{"damage":3,"enemies":"downfall:FleeingMerchant","floor":21,"turns":4},{"damage":0,"enemies":"Spheric Guardian","floor":25,"turns":3},{"damage":6,"enemies":"downfall:FleeingMerchant","floor":27,"turns":4},{"damage":1,"enemies":"Shell Parasite","floor":28,"turns":4},{"damage":32,"enemies":"Gremlin Leader","floor":29,"turns":7},{"damage":1,"enemies":"Centurion and Healer","floor":30,"turns":4},{"damage":3,"enemies":"Snecko","floor":31,"turns":4},{"damage":7,"enemies":"3 Cultists","floor":32,"turns":5},{"damage":42,"enemies":"IC_MUSHROOM_ARCHETYPE","floor":33,"turns":6},{"damage":1,"enemies":"3 Shapes","floor":37,"turns":6},{"damage":1,"enemies":"Orb Walker","floor":38,"turns":2},{"damage":0,"enemies":"Maw","floor":42,"turns":7},{"damage":26,"enemies":"Nemesis","floor":45,"turns":5},{"damage":6,"enemies":"Spire Growth","floor":49,"turns":2},{"damage":78,"enemies":"DF_ARCHETYPE_ORBS","floor":50,"turns":8}],"seed_played":"-864825426461594280","potions_obtained":[{"floor":8,"key":"sneckomod:MuddlingPotion"},{"floor":10,"key":"Regen Potion"},{"floor":12,"key":"sneckomod:MuddlingPotion"},{"floor":14,"key":"Dexterity Potion"},{"floor":15,"key":"bronze:BurnAndBuffPotion"},{"floor":29,"key":"Guardian:BlockOnCardUsePotion"},{"floor":30,"key":"SkillPotion"},{"floor":33,"key":"CultistPotion"},{"floor":37,"key":"LiquidMemories"}],"is_trial":false,"path_per_floor":["R","M","?","$","M","R","T","M","M","E","$","M","R","E","M","B",null,"R","?","?","$","?","R","T","M","R","$","M","E","M","M","M","B",null,"R","?","M","M","T","R","T","M","R","?","E","R","R","$","M","B",null],"character_chosen":"GUARDIAN","items_purchased":["expansioncontent:QuickStudy","Torii","expansioncontent:QuickStudy+1","Medical Kit"],"campfire_rested":2,"item_purchase_floors":[11,27,48,48],"current_hp_per_floor":[80,80,80,80,80,80,80,80,72,82,82,82,82,66,66,33,90,90,90,90,87,69,69,69,69,95,89,88,71,70,67,60,18,95,95,95,94,93,93,93,93,93,93,93,67,95,95,95,89,26],"gold":69,"neow_bonus":"THREE_ENEMY_KILL","is_daily":false,"chose_seed":false,"campfire_upgraded":9,"win_rate":0.0,"timestamp":1611880083,"path_taken":["R","M","?","$","M","R","T","M","M","E","?","?","R","E","M","BOSS","R","?","?","?","?","R","T","M","R","?","M","E","M","?","M","BOSS","R","?","M","M","?","R","T","M","R","?","E","R","R","$","M","BOSS"],"items_purchased_type":["Card","Relic","Card","Relic"],"build_version":"2020-12-22","purchased_purges":1,"victory":true,"max_hp_per_floor":[80,80,80,80,80,80,80,80,80,90,90,90,90,90,90,90,90,90,90,90,90,95,95,95,95,95,95,95,95,95,95,95,95,95,95,95,95,95,95,95,95,95,95,95,95,95,95,95,95,95],"card_choices":[{"not_picked":["Guardian:Gem_Red","Guardian:TemporalStrike"],"picked":"Guardian:Gem_Crimson","floor":2},{"not_picked":["Guardian:PolyBeam","Guardian:Reroute"],"picked":"Guardian:RollAttack","floor":4},{"not_picked":["Guardian:Gem_Cyan","Guardian:Incinerate"],"picked":"Guardian:ArmoredProtocol","floor":5},{"not_picked":["Guardian:TimeCapacitor","Guardian:Incinerate"],"picked":"Guardian:Gem_Red","floor":8},{"not_picked":["Guardian:Gem_Lightblue","Guardian:Gem_Red","Guardian:WalkerClaw"],"picked":"SKIP","floor":9},{"not_picked":["Guardian:TemporalStrike","Guardian:WalkerClaw","Guardian:DecasProtection"],"picked":"SKIP","floor":10},{"not_picked":["Guardian:Gem_Red","Guardian:BaubleBeam"],"picked":"Guardian:SentryBeam","floor":11},{"not_picked":["Guardian:Reroute","Guardian:PrismaticBeam"],"picked":"Guardian:Gem_Lightblue","floor":12},{"not_picked":["Guardian:WalkerClaw","Guardian:Planning","Guardian:ShieldCharger"],"picked":"SKIP","floor":14},{"not_picked":["Guardian:Gem_Red","Guardian:Gem_Fragmented"],"picked":"Guardian:Gem_Green","floor":15},{"not_picked":["Guardian:AncientConstruct","Guardian:StasisField"],"picked":"Guardian:RevengeProtocol","floor":16},{"not_picked":["Guardian:DonusPower","Guardian:Gem_Yellow","Guardian:PrismaticBeam"],"picked":"SKIP","floor":21},{"not_picked":["Guardian:PrimingBeam","Guardian:Reroute","Guardian:ShieldCharger"],"picked":"SKIP","floor":25},{"not_picked":["Guardian:DonusPower+1","Guardian:BaubleBeam","Guardian:VentSteam"],"picked":"SKIP","floor":27},{"not_picked":["Guardian:PrimingBeam+1","Guardian:Gem_Lightblue","Guardian:Suspension+1"],"picked":"SKIP","floor":28},{"not_picked":["Guardian:CrystalBeam","Guardian:Gem_Blue"],"picked":"Guardian:ExploitGems","floor":29},{"not_picked":["Guardian:TemporalShield+1","Guardian:Reroute","Guardian:Gem_Lightblue"],"picked":"SKIP","floor":30},{"not_picked":["Guardian:RollAttack","Guardian:ShieldCharger+1","Guardian:Incinerate"],"picked":"SKIP","floor":31},{"not_picked":["Guardian:TimeCapacitor+1","Guardian:Suspension"],"picked":"Guardian:TemporalStrike+1","floor":32},{"not_picked":["Guardian:HyperBeam_Guardian","Guardian:ExploitGems"],"picked":"Guardian:Gem_Orange","floor":33},{"not_picked":["Guardian:Gem_Green","Guardian:ShieldCharger"],"picked":"Guardian:TimeBomb","floor":37},{"not_picked":["Guardian:ShieldCharger","Guardian:Suspension","Guardian:Planning"],"picked":"SKIP","floor":38},{"not_picked":["Guardian:PrismaticBeam+1","Guardian:Gem_White"],"picked":"Guardian:FierceBash","floor":42},{"not_picked":["Guardian:Repulse","Guardian:TemporalShield+1"],"picked":"Guardian:Gem_Green","floor":45},{"not_picked":["Guardian:Recover+1","Guardian:SentryBeam+1","Guardian:TemporalShield+1"],"picked":"SKIP","floor":49}],"player_experience":356736,"relics_obtained":[{"floor":7,"key":"Omamori"},{"floor":10,"key":"Pear"},{"floor":14,"key":"Happy Flower"},{"floor":24,"key":"White Beast Statue"},{"floor":29,"key":"WingedGreaves"},{"floor":39,"key":"Pen Nib"},{"floor":41,"key":"Ancient Tea Set"},{"floor":44,"key":"Toy Ornithopter"},{"floor":44,"key":"Molten Egg 2"},{"floor":44,"key":"CaptainsWheel"},{"floor":45,"key":"PreservedInsect"}],"event_choices":[],"is_beta":false,"boss_relics":[{"not_picked":["Snecko Eye","Fusion Hammer"],"picked":"Runic Pyramid"},{"not_picked":["Guardian:ModeShifterPlus","Pandora\u0027s Box"],"picked":"Velvet Choker"}],"items_purged_floors":[48],"is_endless":false,"potions_floor_spawned":[8,10,12,14,15,16,25,27,28,29,30,31,32,33,37,38,42,45,49],"ascension_level":0}}