{"host":"rzjc4nrqz5d54r3r","time":1611883319,"event":{"mods":["BaseMod","Colored Map","Keyboard Shortcuts","Minty Spire (QoL Compilation)","Quick Restart","StSLib","SuperFastMode","everything is the same but u backflip on backflip"],"gold_per_floor":[213,233,4,24,24,24,38,74,74,74,108,108,132,163,163,292,292,307,307,323,36,50,50,50,50,76,101,127,160,172,228,240,383,395,426,454,529,541,577,589,155,180,180,26,0,23,23,23,23,23],"floor_reached":51,"language":"KOR","playtime":1423,"items_purged":["Strike_B"],"score":951,"play_id":"f1900bb1-18f8-4475-b995-80075c91ce10","local_time":"20210129102159","is_ascension_mode":true,"campfire_choices":[{"data":"Static Discharge","floor":6.0,"key":"SMITH"},{"data":"Dualcast","floor":12.0,"key":"SMITH"},{"data":"Go for the Eyes","floor":15.0,"key":"SMITH"},{"floor":30,"key":"REST"},{"data":"Thunder Strike","floor":32,"key":"SMITH"},{"floor":40,"key":"REST"},{"data":"Reinforced Body","floor":47,"key":"SMITH"},{"data":"Coolheaded","floor":49,"key":"SMITH"}],"circlet_count":0,"master_deck":["Strike_B","Strike_B","Strike_B","Defend_B+1","Defend_B+1","Defend_B","Defend_B","Zap","Dualcast+1","Ball Lightning","Static Discharge+1","Coolheaded+1","Conserve Battery","Go for the Eyes+1","Thunder Strike+1","All For One","Storm+1","Creative AI","Heatsinks","Writhe","Reinforced Body+1"],"relics":["Cracked Core","Happy Flower","Golden Idol","Orichalcum","Eternal Feather","Odd Mushroom","Sundial","Snecko Eye","Pen Nib","Potion Belt","MawBank","Lantern","Philosopher\u0027s Stone","Lizard Tail","Runic Capacitor","Incense Burner","OrangePellets","Red Mask"],"acts_visited":["TheCity","TheBeyond"],"potions_floor_usage":[23,31,33,33,42,46,46,50],"damage_taken":[{"damage":0.0,"enemies":"Jaw Worm","floor":1.0,"turns":3.0},{"damage":4.0,"enemies":"Small Slimes","floor":2.0,"turns":3.0},{"damage":10.0,"enemies":"2 Louse","floor":4.0,"turns":3.0},{"damage":13.0,"enemies":"2 Fungi Beasts","floor":7.0,"turns":3.0},{"damage":13.0,"enemies":"Lagavulin","floor":8.0,"turns":7.0},{"damage":22.0,"enemies":"The Mushroom Lair","floor":11.0,"turns":4.0},{"damage":2.0,"enemies":"3 Louse","floor":13.0,"turns":3.0},{"damage":5.0,"enemies":"Gremlin Nob","floor":14.0,"turns":3.0},{"damage":10.0,"enemies":"Hexaghost","floor":16.0,"turns":10.0},{"damage":18.0,"enemies":"Spheric Guardian","floor":18.0,"turns":4.0},{"damage":4.0,"enemies":"Chosen","floor":20.0,"turns":2.0},{"damage":31.0,"enemies":"Shelled Parasite and Fungi","floor":22.0,"turns":4.0},{"damage":0,"enemies":"Slavers","floor":23,"turns":1},{"damage":3,"enemies":"Chosen and Byrds","floor":27,"turns":2},{"damage":20,"enemies":"Centurion and Healer","floor":28,"turns":3},{"damage":5,"enemies":"3 Cultists","floor":29,"turns":3},{"damage":16,"enemies":"Gremlin Leader","floor":31,"turns":6},{"damage":1,"enemies":"Automaton","floor":33,"turns":4},{"damage":28,"enemies":"3 Shapes","floor":35,"turns":3},{"damage":31,"enemies":"3 Darklings","floor":36,"turns":4},{"damage":8,"enemies":"Mind Bloom Boss Battle","floor":37,"turns":3},{"damage":33,"enemies":"Maw","floor":39,"turns":6},{"damage":29,"enemies":"Jaw Worm Horde","floor":42,"turns":3},{"damage":1,"enemies":"Transient","floor":46,"turns":5},{"damage":93,"enemies":"Donu and Deca","floor":50,"turns":8}],"seed_played":"-5310366082419240803","potions_obtained":[{"floor":4.0,"key":"LiquidBronze"},{"floor":13.0,"key":"ColorlessPotion"},{"floor":14.0,"key":"SmokeBomb"},{"floor":16.0,"key":"FocusPotion"},{"floor":18.0,"key":"DistilledChaos"},{"floor":29,"key":"CultistPotion"},{"floor":31,"key":"SkillPotion"},{"floor":36,"key":"Energy Potion"},{"floor":39,"key":"Fire Potion"},{"floor":42,"key":"Regen Potion"}],"is_trial":false,"path_per_floor":["M","M","$","M","?","R","M","E","T","?","?","R","M","E","R","B",null,"M","?","M","$","M","E","?","$","T","M","M","M","R","E","R","B",null,"M","M","?","?","M","R","$","M","T","$","?","M","R","?","R","B",null],"character_chosen":"DEFECT","items_purchased":["Happy Flower","All For One","Potion Belt","Runic Capacitor","Incense Burner","OrangePellets"],"campfire_rested":2,"item_purchase_floors":[3,21,21,41,41,44],"current_hp_per_floor":[75,71,71,61,61,61,48,42,42,28,13,19,24,29,38,35,69,51,51,54,54,30,30,30,30,30,34,21,23,52,43,52,58,69,48,24,23,40,14,46,46,24,24,24,24,45,57,69,69,18],"gold":23,"neow_bonus":"HUNDRED_GOLD","is_daily":false,"chose_seed":false,"campfire_upgraded":6,"win_rate":0.0,"timestamp":1611883319,"path_taken":["M","M","$","M","?","R","M","E","T","?","?","R","M","E","R","BOSS","M","?","M","$","M","E","?","$","T","?","M","M","R","E","R","BOSS","M","M","?","?","M","R","$","M","T","$","?","M","R","?","R","BOSS"],"items_purchased_type":["Relic","Card","Relic","Relic","Relic","Relic"],"build_version":"2020-12-22","purchased_purges":1,"victory":true,"max_hp_per_floor":[75,75,75,75,69,69,69,69,69,69,69,69,69,69,69,69,69,69,69,69,69,69,69,69,69,69,69,69,69,69,69,69,69,69,69,69,69,69,69,69,69,69,69,69,69,69,69,69,69,69],"card_choices":[{"not_picked":["Sweeping Beam","Turbo"],"picked":"Ball Lightning","floor":1.0},{"not_picked":["Redo","Compile Driver"],"picked":"Static Discharge","floor":2.0},{"not_picked":["Streamline","Storm"],"picked":"Coolheaded","floor":4.0},{"not_picked":["Tempest","Loop"],"picked":"Self Repair","floor":7.0},{"not_picked":["Stack","Leap","Multi-Cast"],"picked":"SKIP","floor":8.0},{"not_picked":["Beam Cell","Ball Lightning"],"picked":"Conserve Battery","floor":11.0},{"not_picked":["Streamline","Steam"],"picked":"Go for the Eyes","floor":13.0},{"not_picked":["Steam Power","Leap","Steam"],"picked":"SKIP","floor":14.0},{"not_picked":["Biased Cognition","Rainbow"],"picked":"Thunder Strike","floor":16.0},{"not_picked":["Compile Driver","Barrage","Stack"],"picked":"SKIP","floor":18.0},{"not_picked":["Turbo+1","Steam","Melter+1"],"picked":"SKIP","floor":20.0},{"not_picked":["Hello World","White Noise"],"picked":"Storm+1","floor":22.0},{"not_picked":["Barrage","Compile Driver","Streamline"],"picked":"SKIP","floor":27},{"not_picked":["Coolheaded","Blizzard","White Noise"],"picked":"SKIP","floor":28},{"not_picked":["Ball Lightning+1","Streamline","Conserve Battery+1"],"picked":"SKIP","floor":29},{"not_picked":["Scrape","Sweeping Beam"],"picked":"Creative AI","floor":31},{"not_picked":["Leap","Cold Snap+1","Hologram+1"],"picked":"SKIP","floor":35},{"not_picked":["Turbo","Tempest","Streamline"],"picked":"SKIP","floor":36},{"not_picked":["Steam Power+1","Hologram+1"],"picked":"Heatsinks","floor":37},{"not_picked":["Loop+1","BootSequence+1","Streamline"],"picked":"SKIP","floor":39},{"not_picked":["Skim+1","Leap+1"],"picked":"Reinforced Body","floor":42},{"not_picked":["Gash","Turbo","Conserve Battery"],"picked":"SKIP","floor":46}],"player_experience":34905,"relics_obtained":[{"floor":8.0,"key":"Orichalcum"},{"floor":9.0,"key":"Eternal Feather"},{"floor":11.0,"key":"Odd Mushroom"},{"floor":14.0,"key":"Sundial"},{"floor":26,"key":"MawBank"},{"floor":31,"key":"Lantern"},{"floor":37,"key":"Lizard Tail"}],"event_choices":[{"damage_healed":0.0,"max_hp_gain":0.0,"max_hp_loss":6.0,"gold_gain":0.0,"event_name":"Golden Idol","player_choice":"Lose Max HP","floor":5.0,"gold_loss":0.0,"damage_taken":0.0,"relics_obtained":["Golden Idol"]},{"damage_healed":0.0,"max_hp_gain":0.0,"max_hp_loss":0.0,"gold_gain":0.0,"event_name":"Shining Light","player_choice":"Entered Light","floor":10.0,"gold_loss":0.0,"damage_taken":14.0,"cards_upgraded":["Defend_B","Defend_B"]},{"damage_healed":0.0,"max_hp_gain":0.0,"max_hp_loss":0.0,"gold_gain":0.0,"event_name":"Mushrooms","player_choice":"Fought Mushrooms","floor":11.0,"gold_loss":0.0,"damage_taken":0.0},{"damage_healed":0.0,"max_hp_gain":0.0,"max_hp_loss":0.0,"gold_gain":0.0,"event_name":"The Mausoleum","player_choice":"Opened","floor":19.0,"gold_loss":0.0,"damage_taken":0.0,"relics_obtained":["Pen Nib"]},{"damage_healed":0,"gold_gain":0,"player_choice":"Ignored","damage_taken":0,"max_hp_gain":0,"max_hp_loss":0,"event_name":"Cursed Tome","floor":24,"gold_loss":0},{"damage_healed":0,"gold_gain":0,"player_choice":"Fight","damage_taken":0,"max_hp_gain":0,"max_hp_loss":0,"event_name":"MindBloom","floor":37,"gold_loss":0},{"damage_healed":17,"gold_gain":0,"player_choice":"Writhe","damage_taken":0,"max_hp_gain":0,"max_hp_loss":0,"event_name":"Winding Halls","floor":38,"gold_loss":0,"cards_obtained":["Writhe"]},{"damage_healed":0,"gold_gain":0,"player_choice":"Paid","damage_taken":0,"relics_obtained":["Red Mask"],"max_hp_gain":0,"max_hp_loss":0,"event_name":"Tomb of Lord Red Mask","floor":45,"gold_loss":26},{"cards_removed":["Self Repair"],"damage_healed":12,"gold_gain":0,"player_choice":"Offered Uncommon","damage_taken":0,"max_hp_gain":0,"max_hp_loss":0,"event_name":"Bonfire Elementals","floor":48,"gold_loss":0}],"is_beta":false,"boss_relics":[{"not_picked":["SlaversCollar","Ectoplasm"],"picked":"Snecko Eye"},{"not_picked":["Coffee Dripper","Inserter"],"picked":"Philosopher\u0027s Stone"}],"items_purged_floors":[3],"is_endless":false,"potions_floor_spawned":[4,13,14,16,18,23,29,31,36,39,42],"ascension_level":4}}