{"host":"08z5bj28eube4vug","time":1611898299,"event":{"mods":["2.2 Compatiblity","Abigail Mod","Act Like it!","BaseMod","Beaked The Cultist","Bestiary","Friendly Minions","Gensokyo","GungeonMod","Hallownest","Kiyohime????","Koishi","Lobotomy","Marisa????????","Minty Spire (QoL Compilation)","Prisma Mod","Remilia??????","Replay The Spire","StSLib","Td1madao Mod","The Alterego","The Bug Knight","The Jungle","The Sage","The Senshi","The Servant 0.9.4","Waifu the Spire","WarShipGirlsR/????R mod","Yuri Mod"],"gold_per_floor":[218,235,248,267,78,78,111,111,163,182,182,162,174,188,188,293,293,305,59,59,59,75,75,87,103,103,103,114,114,134,145,145,250,250,260,260,274,324,350,350,378,395,395,495,512,40,40,73,73,73],"floor_reached":51,"language":"ENG","playtime":3029,"items_purged":["Wraith"],"score":835,"play_id":"d6f4a212-de91-4ce2-b3aa-8dfc8b5b3a35","local_time":"20210129083139","is_ascension_mode":true,"campfire_choices":[{"data":"BlazeAway","floor":6,"key":"SMITH"},{"data":"MasterSpark","floor":8,"key":"SMITH"},{"data":"DeepEcoloBomb","floor":11,"key":"SMITH"},{"data":"SporeBomb","floor":15,"key":"SMITH"},{"data":"CasketOfStar","floor":23,"key":"SMITH"},{"data":"MilkyWay","floor":27,"key":"SMITH"},{"data":"MilkyWay","floor":29,"key":"SMITH"},{"data":"UpSweep","floor":32,"key":"SMITH"},{"data":"MilkyWay","floor":40,"key":"SMITH"},{"data":"MilkyWay","floor":47,"key":"SMITH"}],"circlet_count":0,"master_deck":["Strike_MRS","Strike_MRS","Strike_MRS","Strike_MRS","Defend_MRS","Defend_MRS","Defend_MRS","Defend_MRS","MasterSpark+1","UpSweep+1","DeepEcoloBomb+1","SporeBomb+1","BlazeAway+1","GrandCross+1","EarthLightRay","MilkyWay+1","6A+1","CasketOfStar+1","AbeCurse","MilkyWay+1","Finesse","PulseMagic","MysteriousBeam+1","BlazeAway+1","UnstableBomb+1","MachineGunSpark+1","RefractionSpark","MilkyWay+1","Languid","DeepEcoloBomb+1","MilkyWay+1","MilkyWay+1","GravityBeat+1"],"relics":["MiniHakkero","Simple Rune","MagicBroom","Bag of Preparation","Abe\u0027s Treasure","Replay:Baseball","AntiCross","Cursed Key","Bird Faced Urn","Dream Catcher","DemoMod:PinkGuonStone","Replay:Kaleidoscope","Iron Hammer"],"acts_visited":["Exordium","TheCity","TheBeyond"],"potions_floor_usage":[16,18,30,33,35,38,42,48,50],"damage_taken":[{"damage":0,"enemies":"Jaw Worm","floor":1,"turns":3},{"damage":0,"enemies":"Cultist","floor":2,"turns":3},{"damage":0,"enemies":"Small Slimes","floor":3,"turns":3},{"damage":8,"enemies":"3 Louse","floor":4,"turns":3},{"damage":8,"enemies":"Replay:BlueRogue","floor":7,"turns":3},{"damage":0,"enemies":"Exordium Thugs","floor":10,"turns":1},{"damage":0,"enemies":"Large Slime","floor":13,"turns":2},{"damage":0,"enemies":"Blue Slaver","floor":14,"turns":1},{"damage":16,"enemies":"The Guardian","floor":16,"turns":4},{"damage":0,"enemies":"3 Byrds","floor":18,"turns":4},{"damage":4,"enemies":"3 Cultists","floor":22,"turns":4},{"damage":0,"enemies":"Chosen and Byrds","floor":24,"turns":3},{"damage":0,"enemies":"Centurion and Healer","floor":25,"turns":4},{"damage":0,"enemies":"Sentry and Sphere","floor":28,"turns":2},{"damage":0,"enemies":"Cultist and Chosen","floor":30,"turns":3},{"damage":0,"enemies":"Snake Plant","floor":31,"turns":1},{"damage":8,"enemies":"Automaton","floor":33,"turns":3},{"damage":3,"enemies":"3 Shapes","floor":35,"turns":2},{"damage":0,"enemies":"Orb Walker","floor":37,"turns":1},{"damage":10,"enemies":"Mind Bloom Boss Battle","floor":38,"turns":3},{"damage":0,"enemies":"beaked:SuperParasite","floor":41,"turns":2},{"damage":0,"enemies":"Sphere and 2 Shapes","floor":42,"turns":2},{"damage":0,"enemies":"Transient","floor":45,"turns":5},{"damage":25,"enemies":"Nemesis","floor":48,"turns":3},{"damage":48,"enemies":"Replay:Hell Engine","floor":50,"turns":5}],"seed_played":"6870784758688683000","potions_obtained":[{"floor":1,"key":"Strength Potion"},{"floor":10,"key":"Block Potion"},{"floor":12,"key":"PowerPotion"},{"floor":14,"key":"ColorlessPotion"},{"floor":16,"key":"SkillPotion"},{"floor":28,"key":"PowerPotion"},{"floor":30,"key":"Block Potion"},{"floor":33,"key":"Swift Potion"},{"floor":35,"key":"PowerPotion"},{"floor":41,"key":"DistilledChaos"}],"is_trial":false,"path_per_floor":["M","M","M","M","$","R","E","R","T","M","R","?","M","M","R","B",null,"M","$","?","?","M","R","M","M","T","R","M","R","M","M","R","B",null,"M","?","M","?","T","R","E","M","T","?","M","$","R","E","R","B",null],"character_chosen":"MARISA","items_purchased":["Simple Rune","GrandCross+1","Replay:Baseball","Finesse","Replay:Kaleidoscope","FairyPotion"],"campfire_rested":0,"item_purchase_floors":[5,5,19,19,46,46],"current_hp_per_floor":[68,68,68,60,60,60,52,52,52,56,56,56,60,60,60,48,68,72,72,72,72,72,72,75,75,75,75,75,75,75,75,75,67,73,72,72,72,62,62,62,73,77,77,77,82,82,82,57,81,39],"gold":73,"neow_bonus":"HUNDRED_GOLD","is_daily":false,"chose_seed":false,"campfire_upgraded":10,"win_rate":0.0,"timestamp":1611898299,"path_taken":["M","M","M","M","$","R","E","R","T","M","R","?","M","?","R","BOSS","M","$","?","?","M","R","M","?","T","R","M","R","M","M","R","BOSS","M","?","M","?","?","R","E","M","T","?","M","$","R","E","R","BOSS"],"items_purchased_type":["Relic","Card","Relic","Card","Relic","Potion"],"build_version":"2020-12-22","purchased_purges":1,"victory":true,"max_hp_per_floor":[75,75,75,75,75,75,75,75,75,75,75,75,75,75,75,75,75,75,75,75,75,75,75,75,75,75,75,75,75,75,75,75,75,75,75,75,75,75,75,75,82,82,82,82,82,82,82,82,82,82],"card_choices":[{"not_picked":["MilkyWay","SprinkleStarSeal"],"picked":"DeepEcoloBomb","floor":1},{"not_picked":["PowerUp","GrandCross"],"picked":"SporeBomb","floor":2},{"not_picked":["LuminesStrike","MilkyWay"],"picked":"BlazeAway","floor":3},{"not_picked":["StarlightTyphoon","DarkSpark","Occultation"],"picked":"SKIP","floor":4},{"not_picked":["SatelliteIllusion","ChargingUp"],"picked":"EarthLightRay","floor":7},{"not_picked":["WitchOfGreed","GrandCross"],"picked":"MilkyWay","floor":10},{"not_picked":["EnergyRecoil","GrandCross","NonDirectionalLaser"],"picked":"SKIP","floor":13},{"not_picked":["GalacticHalo","Orbital"],"picked":"6A","floor":14},{"not_picked":["AbsoluteMagnitude","TreasureHunter"],"picked":"CasketOfStar","floor":16},{"not_picked":["DC","WitchOfGreed"],"picked":"MilkyWay","floor":18},{"not_picked":["EnergyFlow","NonDirectionalLaser","Robbery"],"picked":"SKIP","floor":22},{"not_picked":["DarkSpark+1","PowerUp","MachineGunSpark"],"picked":"SKIP","floor":24},{"not_picked":["DC+1","Acceleration"],"picked":"PulseMagic","floor":25},{"not_picked":["IllusionStar","NonDirectionalLaser"],"picked":"MysteriousBeam+1","floor":28},{"not_picked":["PowerUp","DC"],"picked":"BlazeAway+1","floor":30},{"not_picked":["MaximisePower","PowerUp"],"picked":"UnstableBomb+1","floor":31},{"not_picked":["ShootingEcho+1","UnstableBomb"],"picked":"MachineGunSpark+1","floor":35},{"not_picked":["MagicChant+1","Occultation","WitchOfGreed"],"picked":"SKIP","floor":37},{"not_picked":["EnergyFlow","DC+1"],"picked":"MilkyWay","floor":38},{"not_picked":["SporeBomb","MysteriousBeam+1"],"picked":"DeepEcoloBomb+1","floor":41},{"not_picked":["UltimateShortwave","WitchLeyline"],"picked":"MilkyWay","floor":42},{"not_picked":["WitchOfGreed+1","NonDirectionalLaser"],"picked":"MilkyWay+1","floor":45},{"not_picked":["GrandCross+1","SporeBomb+1"],"picked":"GravityBeat+1","floor":48}],"player_experience":860333,"relics_obtained":[{"floor":7,"key":"MagicBroom"},{"floor":9,"key":"Bag of Preparation"},{"floor":26,"key":"AntiCross"},{"floor":38,"key":"Bird Faced Urn"},{"floor":39,"key":"Dream Catcher"},{"floor":41,"key":"DemoMod:PinkGuonStone"},{"floor":48,"key":"Iron Hammer"}],"event_choices":[{"damage_healed":0,"gold_gain":0,"player_choice":"Bought 1 Potion","damage_taken":0,"max_hp_gain":0,"max_hp_loss":0,"event_name":"The Woman in Blue","floor":12,"gold_loss":0},{"damage_healed":0,"gold_gain":0,"player_choice":"Simplicity","damage_taken":0,"max_hp_gain":0,"max_hp_loss":0,"event_name":"Back to Basics","floor":21,"gold_loss":0,"cards_upgraded":["Strike_MRS","Strike_MRS","Strike_MRS","Strike_MRS","Defend_MRS","Defend_MRS","Defend_MRS","Defend_MRS"]},{"damage_healed":0,"gold_gain":0,"player_choice":"Ignored","damage_taken":0,"max_hp_gain":0,"max_hp_loss":0,"event_name":"OrinTheCat","floor":36,"gold_loss":0},{"damage_healed":0,"gold_gain":0,"player_choice":"Fight","damage_taken":0,"max_hp_gain":0,"max_hp_loss":0,"event_name":"MindBloom","floor":38,"gold_loss":0},{"damage_healed":0,"gold_gain":100,"player_choice":"Pray","damage_taken":0,"max_hp_gain":0,"max_hp_loss":0,"event_name":"Golden Shrine","floor":44,"gold_loss":0}],"is_beta":false,"boss_relics":[{"not_picked":["Fusion Hammer","Pandora\u0027s Box"],"picked":"Abe\u0027s Treasure"},{"not_picked":["Honey Jar","Replay:Fungal Core"],"picked":"Cursed Key"}],"items_purged_floors":[46],"is_endless":false,"potions_floor_spawned":[1,10,14,16,28,30,33,35,41],"ascension_level":8}}