{"host":"xk8t3hohmag6anyo","time":1611911431,"event":{"mods":["100% Spire Juice","ATMod(°¢èªMod)","Act Like it!","Ascension Reborn","BaseMod","Better-Laid Plans","Colored Powertips","Dota2Spire","GungeonMod","Hallownest","Marked Mod","Minty Spire (QoL Compilation)","MostiFishMod","Quick Restart","Relic Stats","RyuuouÁúÍõ","Shop Mod","Spicy Shops","StSLib","Td1madao Mod","The Bug Knight","The Construct","The Poker Player","UnlockEverythingMod","[GremlinLeader]The Maniac","[IsaacMod]ÒÔÈö¼âËþ","noobMod","¡¾ÒÅÎï¿¨ÅÆ¡¿REMEMod","²ÐÁôÖ®Îï","É³µñ²ÄÖÊ°ümod","óô»ðÖ¸ÄÏ"],"gold_per_floor":[111,122,52,52,52,77,77,87,87,105,123,142,142,176,176,278,278,291,291,291,99,111,111,1,18,44,61,80,97,108,16,16,112,112,129,289,301,301,0,34,34,52,52,52,52,52,70,83,83,83,83,83,32,67,67],"floor_reached":56,"language":"ZHS","playtime":3857,"items_purged":[],"score":1391,"play_id":"2e4bf514-01c1-47e0-ae7e-82afe108ff5c","local_time":"20210129171031","is_ascension_mode":true,"campfire_choices":[{"floor":15.0,"key":"RECALL"},{"data":"PlaceholderMod:HardStinger","floor":23,"key":"SMITH"},{"data":"construct:Overcharge","floor":32,"key":"SMITH"},{"floor":44,"key":"REST"},{"floor":46,"key":"REST"},{"data":"AT_OneInchPunch","floor":49,"key":"SMITH"},{"data":"PlaceholderMod:ThreeBenzyolStart","floor":52,"key":"SMITH"}],"circlet_count":0,"master_deck":["PlaceholderMod:BaseStrike","PlaceholderMod:BaseStrike","PlaceholderMod:BaseStrike","PlaceholderMod:BaseStrike","PlaceholderMod:BaseStrike","PlaceholderMod:BaseDefend","PlaceholderMod:BaseDefend","PlaceholderMod:BaseDefend","PlaceholderMod:BaseDefend","PlaceholderMod:BaseDefend","PlaceholderMod:Crystal","PlaceholderMod:PoisonWhip","AT_FamilyPortrait","maniac:ShiftingShadows","BattleHymn","PlaceholderMod:ParasiteChange","PlaceholderMod:TriggerStrike","AT_FamilyPortrait","maniac:PanickyParry","construct:Overcharge+1","AT_OneInchPunch+1","construct:Antimatter","Moonworks:AngelHand","PlaceholderMod:HardStinger+1","PlaceholderMod:CycleAttack","Consecrate","PlaceholderMod:CycleAttack","PlaceholderMod:Break","PlaceholderMod:ThreeBenzyolStart+1","Poisoned Stab","PokerPlayerMod:TheDieIsCast+1","SashWhip+1","PlaceholderMod:Break","Berserk+1","PlaceholderMod:Crystallization+1","Moonworks:ScrambledEve+1","Moonworks:FullSpeedAlicianrone","Hallownest:curseDreamersLament","SashWhip+1","Moonworks:NicePresent+1","Decay","HollowMod:GrimmsGift+1"],"relics":["PlaceholderMod:Tancle","DaveBox","ice","HushsDoor","REME_ComplimentaryCards","AT_ATBox","NeowsBlessing","PrismaticShard","SteamSale","SynthV:TestCard","Hallownest:StagBellRelic1","Dream Catcher","Happy Flower","Thread and Needle","REME_LimitBreaker","MagicMushroom","MerchantsRug","BrkXgEgg","Pen Nib","ExusiaiGun","Succubus","Hallownest:GodTamersBeastRelic","Bag of Marbles","AT_LudenTempest","ExusiaiGun","Dota2Spire:LotusOrb","Hallownest:BeastSealRelic","MealTicket","DemoMod:PinkGuonStone","AT_PhaseBoots"],"acts_visited":["Hallownest:Greenpath","TheCity","Hallownest:KingdomsEdge","TheEnding"],"potions_floor_usage":[33,36],"damage_taken":[{"damage":0.0,"enemies":"2_ Uuma","floor":1.0,"turns":1.0},{"damage":0.0,"enemies":"Hallownest:monsterHuskWarrior","floor":2.0,"turns":1.0},{"damage":0.0,"enemies":"Hallownest:eliteMossKnight","floor":6.0,"turns":1.0},{"damage":4.0,"enemies":"Hallownest:2_MossCreeps","floor":8.0,"turns":6.0},{"damage":0.0,"enemies":"Hallownest:Guard_and_Warrior","floor":10.0,"turns":6.0},{"damage":6.0,"enemies":"Hallownest:2_Tiktiks_1_Baldur_1_Crawlid","floor":11.0,"turns":5.0},{"damage":0.0,"enemies":"Hallownest:monsterAspidMother","floor":12.0,"turns":4.0},{"damage":3.0,"enemies":"Hallownest:eliteVengeflyKing","floor":14.0,"turns":6.0},{"damage":36.0,"enemies":"Hallownest:BossFalseKnight","floor":16.0,"turns":7.0},{"damage":10,"enemies":"2 Thieves","floor":18,"turns":4},{"damage":0,"enemies":"Shell Parasite","floor":22,"turns":4},{"damage":0,"enemies":"Chosen and Byrds","floor":25,"turns":3},{"damage":3,"enemies":"Shelled Parasite and Fungi","floor":27,"turns":5},{"damage":0,"enemies":"Snecko","floor":28,"turns":3},{"damage":0,"enemies":"Chosen and Byrds","floor":29,"turns":4},{"damage":0,"enemies":"Snake Plant","floor":30,"turns":4},{"damage":20,"enemies":"Collector","floor":33,"turns":7},{"damage":0,"enemies":"Hallownest:Shield_Heavy","floor":35,"turns":1},{"damage":0,"enemies":"Hallownest:Shield_Heavy","floor":36,"turns":3},{"damage":0,"enemies":"Hallownest:Shield_Heavy","floor":36,"turns":1},{"damage":2,"enemies":"Hallownest:Shield_Heavy","floor":36,"turns":3},{"damage":0,"enemies":"Hallownest:Shield_Heavy","floor":36,"turns":5},{"damage":7,"enemies":"Hallownest:2_Littles","floor":37,"turns":3},{"damage":17,"enemies":"Hallownest:StalkingDevout","floor":40,"turns":3},{"damage":0,"enemies":"Hallownest:Slobbering_and_Violent","floor":42,"turns":2},{"damage":7,"enemies":"Hallownest:2_Wing_and_1_Kings","floor":47,"turns":2},{"damage":1,"enemies":"Hallownest:Shield_Sturdy","floor":48,"turns":2},{"damage":1,"enemies":"Hallownest:BossGreyPrinceZote","floor":50,"turns":1},{"damage":10,"enemies":"Shield and Spear","floor":54,"turns":2},{"damage":413,"enemies":"Delirium","floor":55,"turns":10}],"seed_played":"414798208838857011","potions_obtained":[{"floor":2.0,"key":"Explosive Potion"},{"floor":8.0,"key":"Explosive Potion"},{"floor":16,"key":"AttackPotion"},{"floor":22,"key":"AttackPotion"},{"floor":33,"key":"LiquidMemories"},{"floor":40,"key":"LiquidMemories"}],"is_trial":false,"path_per_floor":["M","M","?","$","?","E","T","M","T","M","M","M","?","E","R","B",null,"M","?","?","$","M","R","$","M","T","M","M","M","M","$","R","B",null,"M","?","M","?","$","E","?","M","T","R","?","R","M","M","R","B",null,"R","$","E","B",null],"character_chosen":"THE_PLACEHOLDER","items_purchased":["PlaceholderMod:HardStinger","PlaceholderMod:CycleAttack","MerchantsRug","BrkXgEgg","PlaceholderMod:CycleAttack","PlaceholderMod:Break","PlaceholderMod:ThreeBenzyolStart","PlaceholderMod:Break","Pen Nib","Succubus","AT_LudenTempest","Diplopia","DemoMod:PinkGuonStone"],"campfire_rested":2,"item_purchase_floors":[21,21,21,21,24,24,24,31,31,34,39,39,53],"current_hp_per_floor":[78,78,78,78,78,78,78,74,74,74,68,68,59,56,56,40,85,75,75,85,85,85,85,85,85,85,82,83,84,85,85,85,65,70,70,69,63,48,48,32,32,33,33,54,54,65,58,58,58,57,65,65,72,63,2167],"gold":67,"neow_bonus":"THREE_ENEMY_KILL","is_daily":false,"chose_seed":false,"campfire_upgraded":4,"win_rate":0.0,"timestamp":1611911431,"path_taken":["M","?","?","?","?","E","?","M","T","M","M","M","?","E","R","BOSS","BOSS","M","?","?","?","M","R","$","M","T","M","M","?","M","?","R","BOSS","M","?","M","?","$","E","?","M","T","R","?","R","?","M","R","BOSS","R","$","E","BOSS"],"items_purchased_type":["Card","Card","Relic","Relic","Card","Card","Card","Card","Relic","Relic","Relic","Relic","Relic"],"build_version":"2020-12-22","purchased_purges":0,"victory":true,"max_hp_per_floor":[78,78,78,78,78,78,78,78,78,78,78,78,78,78,78,78,85,85,85,85,85,85,85,85,85,85,85,85,85,85,85,85,85,70,70,70,70,70,70,70,70,70,70,70,65,65,65,65,65,65,65,65,72,72,2247],"relic_stats":{"Dream Catcher":2,"Happy Flower":[35],"counters":[30,109],"MealTicket":0,"Pen Nib":[24],"obtain_stats":[{"PlaceholderMod:Tancle":0,"Hallownest:StagBellRelic1":3,"AT_ATBox":0,"DaveBox":0,"DemoMod:GlassGuonStoneRelic":6,"ice":0,"ExusiaiGun":34,"PrismaticShard":0,"Hallownest:GodTamersBeastRelic":36,"Dota2Spire:LotusOrb":40,"Dream Catcher":6,"MealTicket":43,"Succubus":34,"Diplopia":39,"Hallownest:BeastSealRelic":41,"KeepersGift":0,"MerchantsRug":21,"NeowsBlessing":0,"Happy Flower":7,"Thread and Needle":9,"BrkXgEgg":21,"Pen Nib":31,"DemoMod:PinkGuonStone":53,"AT_PhaseBoots":55,"REME_LimitBreaker":14,"SteamSale":0,"AT_LudenTempest":39,"AT_SpeedBoots":54,"SynthV:TestCard":1,"MagicMushroom":17,"Bag of Marbles":38,"HushsDoor":0,"REME_ComplimentaryCards":0},{"PlaceholderMod:Tancle":0,"Hallownest:StagBellRelic1":2,"AT_ATBox":0,"DaveBox":0,"DemoMod:GlassGuonStoneRelic":3,"ice":0,"ExusiaiGun":17,"PrismaticShard":0,"Hallownest:GodTamersBeastRelic":22,"Dota2Spire:LotusOrb":24,"Dream Catcher":3,"MealTicket":25,"Succubus":17,"Diplopia":23,"Hallownest:BeastSealRelic":24,"KeepersGift":0,"MerchantsRug":10,"NeowsBlessing":0,"Happy Flower":3,"Thread and Needle":4,"BrkXgEgg":10,"Pen Nib":16,"DemoMod:PinkGuonStone":28,"AT_PhaseBoots":30,"REME_LimitBreaker":8,"SteamSale":0,"AT_LudenTempest":23,"AT_SpeedBoots":29,"SynthV:TestCard":1,"MagicMushroom":9,"Bag of Marbles":23,"HushsDoor":0,"REME_ComplimentaryCards":0},{"PlaceholderMod:Tancle":0,"Hallownest:StagBellRelic1":2,"AT_ATBox":0,"DaveBox":0,"DemoMod:GlassGuonStoneRelic":3,"ice":0,"ExusiaiGun":71,"PrismaticShard":0,"Hallownest:GodTamersBeastRelic":84,"Dota2Spire:LotusOrb":90,"Dream Catcher":3,"MealTicket":92,"Succubus":71,"Diplopia":87,"Hallownest:BeastSealRelic":90,"KeepersGift":0,"MerchantsRug":41,"NeowsBlessing":0,"Happy Flower":3,"Thread and Needle":9,"BrkXgEgg":41,"Pen Nib":64,"DemoMod:PinkGuonStone":97,"AT_PhaseBoots":105,"REME_LimitBreaker":30,"SteamSale":0,"AT_LudenTempest":87,"AT_SpeedBoots":99,"SynthV:TestCard":1,"MagicMushroom":37,"Bag of Marbles":87,"HushsDoor":0,"REME_ComplimentaryCards":0}]},"card_choices":[{"not_picked":[],"picked":"ChaosCard","floor":0.0},{"not_picked":["HollowMod:DoubleDash","AT_HeatAcrobatics"],"picked":"maniac:ShiftingShadows","floor":1.0},{"not_picked":["construct:Forcefield","maniac:SorceryHour","Sudden Beat","HollowMod:DashSlash"],"picked":"BattleHymn","floor":2.0},{"not_picked":["MostiFishMod:Impulse","Cleave","PokerPlayerMod:HiddenCard","Stack"],"picked":"PlaceholderMod:ParasiteChange","floor":6.0},{"not_picked":["MostiFishMod:PerfectParry","Headbutt","Rupture","Trip"],"picked":"PlaceholderMod:TriggerStrike","floor":8.0},{"not_picked":["Impatience","HollowMod:SoulVessel","DemoMod:LifeOrb","HollowMod:InfectedAttack"],"picked":"maniac:PanickyParry","floor":10.0},{"not_picked":["DemoMod:HuntsMan","DemoMod:StickyCrossBow","Underhanded Strike","Disarm"],"picked":"construct:Overcharge","floor":11.0},{"not_picked":["HollowMod:VengefulSpirit","HollowMod:SiblingsShadow","Fixing","Light Attack"],"picked":"AT_OneInchPunch","floor":12.0},{"not_picked":["Reflex","construct:FocusedBeam","Oblique Hack","Three Hit"],"picked":"construct:Antimatter","floor":14.0},{"not_picked":["Oblique Hack","Nirvana+1","DemoMod:BoxingGlove","REME_TwoStrings"],"picked":"Moonworks:AngelHand","floor":18},{"not_picked":["PlaceholderMod:Turn","DemoMod:ConditionalReflex","Fixing","Havoc"],"picked":"Consecrate","floor":22},{"not_picked":["HollowMod:GoodIntentions","construct:MassProduction+1","SashWhip","WreathOfFlame+1"],"picked":"Poisoned Stab","floor":25},{"not_picked":["Tactician","Beam Cell+1","Capacitor+1","HollowMod:DoubleDash","PokerPlayerMod:Manipulation+1"],"picked":"SKIP","floor":27},{"not_picked":["Pommel Strike","REME_FearOfPain","Flame Barrier","construct:Missile","construct:PanicFire+1"],"picked":"SKIP","floor":28},{"not_picked":["HollowMod:GoodIntentions","Streamline+1","HollowMod:CornifersMapStart","construct:Accumulate"],"picked":"PokerPlayerMod:TheDieIsCast+1","floor":29},{"not_picked":["HollowMod:InfectedCysts","maniac:Intimidate+1","Shrug It Off","PlaceholderMod:OHStrongAttack"],"picked":"SashWhip+1","floor":30},{"not_picked":["DemoMod:FinishedGun+1","Barricade+1","MostiFishMod:JungleRules+1","MostiFishMod:DeathFromBelow+1"],"picked":"Berserk+1","floor":33},{"not_picked":["MostiFishMod:ReprogramOld+1","construct:ScrapCannon","Twin Strike","DemoMod:SkilledReload+1"],"picked":"PlaceholderMod:Crystallization+1","floor":35},{"not_picked":["Dagger Spray","Warcry+1","Cold Snap","Heavy Blade"],"picked":"Moonworks:ScrambledEve+1","floor":37},{"not_picked":["REME_ShadowStrike","construct:Impenetrable","MostiFishMod:FluxCapactior","construct:ClusterMines"],"picked":"Moonworks:FullSpeedAlicianrone","floor":40},{"not_picked":["AT_WomanClash","Dodge and Roll+1","HollowMod:SharpenedNail","HollowMod:InfectedCysts","True Grit+1"],"picked":"SKIP","floor":42},{"not_picked":["DemoMod:TeaPot+1","DemoMod:FastSwitch","Aggregate+1","Preparedness"],"picked":"SashWhip+1","floor":44},{"not_picked":["Dagger Spray","maniac:Hasten","Second Wind","maniac:Intimidate","Evaluate"],"picked":"SKIP","floor":47},{"not_picked":["AT_TinkerSharpsword","EmptyBody","Moonworks:IntelligenceOfficer+1","MarkedMod:Acupuncture+1"],"picked":"Moonworks:NicePresent+1","floor":48},{"not_picked":["maniac:Refine","Clothesline","Flying Knee+1","Wild Strike"],"picked":"HollowMod:GrimmsGift+1","floor":54}],"player_experience":39979,"relics_obtained":[{"floor":1.0,"key":"SynthV:TestCard"},{"floor":6.0,"key":"Dream Catcher"},{"floor":7.0,"key":"Happy Flower"},{"floor":9.0,"key":"Thread and Needle"},{"floor":14.0,"key":"REME_LimitBreaker"},{"floor":40,"key":"Dota2Spire:LotusOrb"},{"floor":43,"key":"MealTicket"},{"floor":54,"key":"AT_SpeedBoots"}],"event_choices":[{"damage_healed":0,"gold_gain":0,"player_choice":"Ignored","damage_taken":0,"max_hp_gain":0,"max_hp_loss":0,"event_name":"Ghosts","floor":19,"gold_loss":0},{"damage_healed":28,"gold_gain":0,"player_choice":"Heal","damage_taken":0,"max_hp_gain":0,"max_hp_loss":0,"event_name":"The Library","floor":20,"gold_loss":0}],"is_beta":false,"boss_relics":[{"not_picked":["REME_ChargedStone","OneHitWonderSystem"],"picked":"MagicMushroom"},{"not_picked":[]},{"not_picked":["HaiYi:Twilight","Empty Cage"],"picked":"ExusiaiGun"},{"not_picked":[]}],"items_purged_floors":[],"is_endless":false,"potions_floor_spawned":[2,8,12,14,16,22,28,29,33,36,40,42,47],"ascension_level":0}}