{"host":"d9m9v0h6vo0edadb","time":1611918625,"event":{"mods":["BaseMod","Hermit","Keyboard Shortcuts","Minty Spire (QoL Compilation)","StSLib","SuperFastMode","The Cursed"],"gold_per_floor":[115,127,52,127,127,127,153,153,176,76,92,125,135,10,10,83,83,99,149,168,93,106,106,106,106,106,106,117,117,117],"floor_reached":29,"language":"KOR","playtime":538,"items_purged":["Strike_G","Strike_G","Strike_G"],"score":512,"play_id":"65d80b26-fd62-4ef2-b4e2-e215bcaa9736","local_time":"20210129201025","is_ascension_mode":true,"campfire_choices":[{"data":"Poisoned Stab","floor":6.0,"key":"SMITH"},{"data":"Neutralize","floor":8.0,"key":"SMITH"},{"floor":15.0,"key":"REST"},{"floor":23,"key":"REST"},{"floor":27,"key":"REST"}],"circlet_count":0,"master_deck":["AscendersBane","Strike_G","Strike_G","Defend_G","Defend_G","Defend_G","Defend_G","Defend_G","Survivor","Neutralize","Poisoned Stab+1","PiercingWail","Neutralize+1","Masterful Stab","Deadly Poison","Escape Plan","Venomology"],"relics":["Ring of the Snake","NeowsBlessing","Blue Candle","Tiny Chest","Dead Branch","Fusion Hammer","Art of War","Meat on the Bone"],"acts_visited":["Exordium","TheCity"],"potions_floor_usage":[20,20,22,22,28,29],"damage_taken":[{"damage":0.0,"enemies":"Jaw Worm","floor":1.0,"turns":1.0},{"damage":0.0,"enemies":"2 Louse","floor":2.0,"turns":1.0},{"damage":0.0,"enemies":"Gremlin Nob","floor":7.0,"turns":1.0},{"damage":0.0,"enemies":"Cultist","floor":11.0,"turns":4.0},{"damage":26.0,"enemies":"Lagavulin","floor":12.0,"turns":7.0},{"damage":6.0,"enemies":"Looter","floor":13.0,"turns":2.0},{"damage":10.0,"enemies":"The Guardian","floor":16.0,"turns":13.0},{"damage":0.0,"enemies":"3 Byrds","floor":18.0,"turns":3.0},{"damage":18,"enemies":"Chosen","floor":20,"turns":4},{"damage":3,"enemies":"Snecko","floor":22,"turns":6},{"damage":13,"enemies":"Snake Plant","floor":28,"turns":5},{"damage":68,"enemies":"Gremlin Leader","floor":29,"turns":7}],"seed_played":"-4242771091101806727","potions_obtained":[{"floor":13.0,"key":"LiquidBronze"},{"floor":16.0,"key":"DistilledChaos"},{"floor":18.0,"key":"BlessingOfTheForge"},{"floor":20,"key":"BlessingOfTheForge"}],"is_trial":false,"path_per_floor":["M","M","$","?","?","R","E","R","T","$","M","E","M","$","R","B",null,"M","?","M","?","M","R","?","T","T","R","M","E"],"character_chosen":"THE_SILENT","items_purchased":[],"campfire_rested":3,"item_purchase_floors":[],"current_hp_per_floor":[59,59,59,48,48,48,48,48,48,48,48,22,16,16,35,25,56,56,56,38,38,35,54,48,48,48,66,53,0,0],"gold":117,"neow_bonus":"THREE_ENEMY_KILL","is_daily":false,"chose_seed":false,"campfire_upgraded":2,"win_rate":0.0,"timestamp":1611918625,"path_taken":["M","M","$","?","?","R","E","R","T","$","M","E","M","$","R","BOSS","M","?","M","?","M","R","?","?","T","R","M","E"],"items_purchased_type":[],"build_version":"2020-12-22","purchased_purges":3,"victory":false,"max_hp_per_floor":[66,66,66,66,66,66,66,66,66,66,66,66,66,66,66,66,66,66,66,66,66,66,66,66,66,66,66,66,66,66],"card_choices":[{"not_picked":["Prepared","Blur"],"picked":"Poisoned Stab","floor":1.0},{"not_picked":["Dash","Backflip"],"picked":"PiercingWail","floor":2.0},{"not_picked":["Backflip","Predator"],"picked":"Masterful Stab","floor":7.0},{"not_picked":["Flying Knee","Expertise"],"picked":"Deadly Poison","floor":11.0},{"not_picked":["Dagger Throw","Bane"],"picked":"Glass Knife","floor":12.0},{"not_picked":["Flying Knee","Deflect"],"picked":"Escape Plan","floor":13.0},{"not_picked":["Glass Knife","Grand Finale"],"picked":"Venomology","floor":16.0},{"not_picked":["Eviscerate","Flying Knee+1","Backflip"],"picked":"SKIP","floor":18.0},{"not_picked":["All Out Attack","Sucker Punch","Deflect"],"picked":"SKIP","floor":20},{"not_picked":["Flying Knee","Quick Slash","Blur"],"picked":"SKIP","floor":22},{"not_picked":["Underhanded Strike","Finisher","Deflect"],"picked":"SKIP","floor":28}],"player_experience":998077,"relics_obtained":[{"floor":7.0,"key":"Blue Candle"},{"floor":9.0,"key":"Tiny Chest"},{"floor":12.0,"key":"Dead Branch"},{"floor":25,"key":"Art of War"},{"floor":26,"key":"Meat on the Bone"}],"event_choices":[{"damage_healed":0.0,"max_hp_gain":0.0,"max_hp_loss":0.0,"gold_gain":75.0,"event_name":"World of Goop","player_choice":"Gather Gold","floor":4.0,"gold_loss":0.0,"damage_taken":11.0},{"damage_healed":0.0,"max_hp_gain":0.0,"max_hp_loss":0.0,"gold_gain":0.0,"event_name":"Match and Keep!","player_choice":"1 cards matched","floor":5.0,"gold_loss":0.0,"damage_taken":0.0,"cards_obtained":["Neutralize"]},{"damage_healed":0.0,"max_hp_gain":0.0,"max_hp_loss":0.0,"gold_gain":50.0,"event_name":"Nest","player_choice":"Stole From Cult","floor":19.0,"gold_loss":0.0,"damage_taken":0.0},{"cards_removed":["Glass Knife"],"damage_healed":0,"gold_gain":0,"player_choice":"Gave Gold","damage_taken":0,"max_hp_gain":0,"max_hp_loss":0,"event_name":"Beggar","floor":21,"gold_loss":75},{"damage_healed":0,"gold_gain":0,"player_choice":"","damage_taken":6,"max_hp_gain":0,"max_hp_loss":0,"event_name":"Knowing Skull","floor":24,"potions_obtained":[],"gold_loss":0,"cards_obtained":[]}],"is_beta":false,"boss_relics":[{"not_picked":["WristBlade","Black Star"],"picked":"Fusion Hammer"}],"items_purged_floors":[3,10,14],"is_endless":false,"potions_floor_spawned":[13,16,18,20],"killed_by":"Gremlin Leader","ascension_level":20}}