{"host":"kk2i87xhq8q4h0un","time":1611893149,"event":{"mods":["BaseMod","Minty Spire (QoL Compilation)","Shop Mod","StSLib"],"gold_per_floor":[365,315,333,358,101,126,126,149,173,205,224,224,245,245,245,245,245],"floor_reached":16,"language":"ENG","playtime":1573,"items_purged":[],"score":167,"play_id":"7e9c875e-5cff-4e91-84f8-2e62be24029f","local_time":"20210128200549","is_ascension_mode":true,"campfire_choices":[{"data":"Impatience","floor":7.0,"key":"SMITH"},{"floor":15.0,"key":"REST"}],"circlet_count":0,"master_deck":["AscendersBane","Strike_G+1","Strike_G","Strike_G","Strike_G","Strike_G","Defend_G","Defend_G","Defend_G","Defend_G","Survivor+1","Neutralize","Blur","Impatience+1","Blur","Prepared","Caltrops","Cloak And Dagger","Cloak And Dagger","Blade Dance","Catalyst"],"relics":["Ring of the Snake","Gambling Chip","Oddly Smooth Stone","CeramicFish","Odd Mushroom"],"acts_visited":["Exordium"],"potions_floor_usage":[],"damage_taken":[{"damage":0.0,"enemies":"Cultist","floor":1.0,"turns":5.0},{"damage":0.0,"enemies":"Jaw Worm","floor":3.0,"turns":8.0},{"damage":22.0,"enemies":"3 Sentries","floor":6.0,"turns":14.0},{"damage":16.0,"enemies":"The Mushroom Lair","floor":10.0,"turns":7.0},{"damage":0.0,"enemies":"Small Slimes","floor":11.0,"turns":5.0},{"damage":0.0,"enemies":"Blue Slaver","floor":13.0,"turns":5.0},{"damage":28,"enemies":"Hexaghost","floor":16,"turns":12}],"seed_played":"-3074955044326407754","potions_obtained":[{"floor":1.0,"key":"Dexterity Potion"},{"floor":11.0,"key":"CunningPotion"}],"is_trial":false,"path_per_floor":["M","?","M","T","$","E","R","T","T","?","M","?","M","?","R","B"],"character_chosen":"THE_SILENT","items_purchased":["Impatience","Blur","Prepared","Caltrops"],"campfire_rested":1,"item_purchase_floors":[5,5,5,5],"current_hp_per_floor":[59,59,59,59,59,37,37,37,37,21,21,9,9,9,27,0,0],"gold":245,"neow_bonus":"TWO_FIFTY_GOLD","is_daily":false,"chose_seed":false,"campfire_upgraded":1,"win_rate":0.0,"timestamp":1611893149,"path_taken":["M","?","M","?","$","E","R","?","T","?","?","?","M","?","R","BOSS"],"items_purchased_type":["Card","Card","Card","Card"],"build_version":"2020-12-22","purchased_purges":0,"victory":false,"max_hp_per_floor":[60,60,60,60,60,60,60,60,60,60,60,60,60,60,60,60,60],"card_choices":[{"not_picked":["Setup","All Out Attack","Backflip"],"picked":"SKIP","floor":1.0},{"not_picked":["Dagger Throw","Flechettes"],"picked":"Blur","floor":3.0},{"not_picked":["Blade Dance","Underhanded Strike"],"picked":"Cloak And Dagger","floor":6.0},{"not_picked":["Terror","Poisoned Stab"],"picked":"Cloak And Dagger","floor":10.0},{"not_picked":["Bane","Cloak And Dagger"],"picked":"Blade Dance","floor":11.0},{"not_picked":["Well Laid Plans","Dash"],"picked":"Catalyst","floor":13.0}],"player_experience":1009570,"relics_obtained":[{"floor":6.0,"key":"Gambling Chip"},{"floor":8.0,"key":"Oddly Smooth Stone"},{"floor":9.0,"key":"CeramicFish"},{"floor":10.0,"key":"Odd Mushroom"}],"event_choices":[{"cards_removed":["Defend_G"],"damage_healed":0.0,"max_hp_gain":0.0,"max_hp_loss":0.0,"gold_gain":0.0,"event_name":"The Cleric","player_choice":"Card Removal","floor":2.0,"gold_loss":50.0,"damage_taken":0.0},{"damage_healed":0.0,"max_hp_gain":0.0,"max_hp_loss":0.0,"gold_gain":0.0,"event_name":"Mushrooms","player_choice":"Fought Mushrooms","floor":10.0,"gold_loss":0.0,"damage_taken":0.0},{"damage_healed":0.0,"max_hp_gain":0.0,"max_hp_loss":0.0,"gold_gain":0.0,"event_name":"Shining Light","player_choice":"Entered Light","floor":12.0,"gold_loss":0.0,"damage_taken":12.0,"cards_upgraded":["Strike_G","Survivor"]},{"damage_healed":0.0,"max_hp_gain":0.0,"max_hp_loss":0.0,"gold_gain":0.0,"event_name":"Dead Adventurer","player_choice":"Searched \u00270\u0027 times","floor":14.0,"gold_loss":0.0,"damage_taken":0.0}],"is_beta":false,"boss_relics":[],"items_purged_floors":[],"is_endless":false,"potions_floor_spawned":[1,11],"killed_by":"Hexaghost","ascension_level":14}}