{"host":"15ff3ltgpietarej","time":1611919862,"event":{"mods":["BaseMod","Bestiary","Downfall","Highlight Path","Minty Spire (QoL Compilation)","Relic Stats","StSLib"],"gold_per_floor":[99,115,130,146,165,165,165,24,24,199,99,130,142,142,158,158,158,158],"floor_reached":16,"language":"ENG","playtime":759,"items_purged":["downfall:Malfunctioning"],"score":143,"play_id":"041d6a8b-7adf-474b-a2e1-7b7e96fc90da","local_time":"20210129123102","is_ascension_mode":true,"campfire_choices":[{"floor":1.0,"key":"RECALL"},{"data":"Guardian:DecasProtection","floor":9.0,"key":"SMITH"},{"floor":11.0,"key":"REST"}],"circlet_count":0,"master_deck":["Guardian:Strike_Guardian","Guardian:Strike_Guardian+1","Guardian:Strike_Guardian+1","Guardian:Strike_Guardian","Guardian:Defend_Guardian","Guardian:Defend_Guardian","Guardian:Defend_Guardian+1","Guardian:Defend_Guardian","Guardian:CurlUp","Guardian:TwinSlam","Guardian:Gem_Synthetic","Guardian:Suspension","Guardian:DecasProtection+1","Doubt","Guardian:Gem_Orange","Guardian:RefractedBeam","Parasite","Guardian:SphericShield"],"relics":["Guardian:ModeShifter","Shuriken","downfall:HeartBlessingRed","InkBottle"],"acts_visited":["Exordium"],"potions_floor_usage":[13,16],"damage_taken":[{"damage":11.0,"enemies":"Small Slimes","floor":2.0,"turns":5.0},{"damage":10.0,"enemies":"2 Louse","floor":3.0,"turns":4.0},{"damage":4.0,"enemies":"Cultist","floor":4.0,"turns":5.0},{"damage":13.0,"enemies":"Blue Slaver","floor":5.0,"turns":5.0},{"damage":0.0,"enemies":"downfall:FleeingMerchant","floor":8.0,"turns":4.0},{"damage":34.0,"enemies":"Gremlin Nob","floor":12.0,"turns":6.0},{"damage":4,"enemies":"3 Louse","floor":13,"turns":4},{"damage":3,"enemies":"Blue Slaver","floor":15,"turns":4},{"damage":38,"enemies":"SI_SHIV_ARCHETYPE","floor":16,"turns":8}],"seed_played":"2618305827100545319","potions_obtained":[{"floor":5.0,"key":"DuplicationPotion"},{"floor":12.0,"key":"Guardian:BlockOnCardUsePotion"},{"floor":15,"key":"Guardian:AcceleratePotion"}],"is_trial":false,"path_per_floor":["R","M","M","M","M","?","T","$","R","?","R","E","M","?","M","B"],"character_chosen":"GUARDIAN","items_purchased":["hexamod:SoulburnPotion"],"campfire_rested":1,"item_purchase_floors":[8],"current_hp_per_floor":[72,61,51,47,34,34,34,34,34,34,58,24,20,40,37,0,0,0],"gold":158,"neow_bonus":"ONE_RANDOM_RARE_CARD","is_daily":false,"chose_seed":false,"campfire_upgraded":1,"win_rate":0.0,"timestamp":1611919862,"path_taken":["R","M","M","M","M","?","T","$","R","?","R","E","M","?","M","BOSS"],"items_purchased_type":["Potion"],"build_version":"2020-12-22","purchased_purges":1,"victory":false,"max_hp_per_floor":[80,80,80,80,80,80,80,80,80,80,80,80,80,80,80,80,80,80],"relic_stats":{"counters":[9,45],"Shuriken":[3],"obtain_stats":[{"downfall:HeartBlessingRed":11,"Shuriken":7,"Guardian:ModeShifter":0,"InkBottle":12},{"downfall:HeartBlessingRed":5,"Shuriken":4,"Guardian:ModeShifter":0,"InkBottle":6},{"downfall:HeartBlessingRed":23,"Shuriken":19,"Guardian:ModeShifter":0,"InkBottle":29}],"InkBottle":[5]},"card_choices":[{"not_picked":["Guardian:Suspension","Guardian:WalkerClaw"],"picked":"Guardian:Gem_Red","floor":2.0},{"not_picked":["Guardian:Harden","Guardian:Gem_Purple"],"picked":"Guardian:Gem_Green","floor":3.0},{"not_picked":["Guardian:Recover","Guardian:ArmoredProtocol"],"picked":"Guardian:Gem_Blue","floor":4.0},{"not_picked":["Guardian:EvasiveProtocol","Guardian:Gem_Lightblue"],"picked":"Guardian:Suspension","floor":5.0},{"not_picked":["Guardian:TimeBomb","Guardian:SentryBeam"],"picked":"Guardian:DecasProtection","floor":8.0},{"not_picked":["Guardian:Gem_Purple","Guardian:StasisField"],"picked":"Guardian:Gem_Orange","floor":12.0},{"not_picked":["Guardian:VentSteam","Guardian:Reroute"],"picked":"Guardian:RefractedBeam","floor":13},{"not_picked":["Guardian:Gem_Lightblue","Guardian:Gem_Red"],"picked":"Guardian:SphericShield","floor":15}],"player_experience":447513,"relics_obtained":[{"floor":7.0,"key":"Shuriken"},{"floor":12.0,"key":"InkBottle"}],"event_choices":[{"damage_healed":20,"gold_gain":0,"player_choice":"Healed and dodged fight","damage_taken":0,"max_hp_gain":0,"max_hp_loss":0,"event_name":"Mushrooms","floor":14,"gold_loss":0,"cards_obtained":["Parasite"]}],"is_beta":false,"boss_relics":[],"items_purged_floors":[8],"is_endless":false,"potions_floor_spawned":[5,12,15],"killed_by":"SI_SHIV_ARCHETYPE","ascension_level":8}}