{"host":"q9sqrn60n8lvmavn","time":1611947912,"event":{"mods":["AchievementEnabler","AlwaysNeverKeys","BaseMod","Better Third Choice","Better Vampires","Block Reminder","Colored Powertips","Curses Come First","DNKmod","Friendly Minions","Minty Spire (QoL Compilation)","Permanent Neow","Relic Filter Mod","StSLib","Weighted Paths"],"gold_per_floor":[1011,1024,1024,1042,1060,1086,1086,1086,1139,1167,1185,1185,476,511,511,613,613,630,643,558,590,334,368,368,395,395,320,320,340,351,364,364,464,464,475,485,485,206,206,206,241,241,241,241,287,312,329,356,356,356,356,356,51,85,85],"floor_reached":56,"language":"ENG","playtime":2206,"items_purged":["Strike_P","Strike_P","Defend_P","EmptyFist+1"],"score":1845,"play_id":"2df5b00c-833b-4355-a8b2-8584c478c616","local_time":"20210129111832","is_ascension_mode":true,"campfire_choices":[{"data":"PathToVictory","floor":8,"key":"SMITH"},{"data":"Evaluate","floor":12,"key":"SMITH"},{"data":"Vault","floor":15,"key":"SMITH"},{"data":"Strike_P","floor":24,"key":"PURGE"},{"data":"Eruption+1","floor":28,"key":"PURGE"},{"data":"Defend_P","floor":32,"key":"PURGE"},{"data":"Strike_P+1","floor":40,"key":"PURGE"},{"data":"Defend_P+1","floor":44,"key":"PURGE"},{"data":"Consecrate+1","floor":49,"key":"PURGE"},{"data":"Evaluate+1","floor":52,"key":"PURGE"}],"circlet_count":0,"master_deck":["Vigilance+1","PathToVictory+1","LikeWater+1","Sadistic Nature+1","InnerPeace+1","Vault+1","DevaForm+1","PathToVictory+1","Evaluate+1","Madness+1","Madness+1","InnerPeace+1"],"relics":["PureWater","Gremlin Horn","Vajra","Orichalcum","Calipers","Dream Catcher","Runic Dome","Peace Pipe","Red Mask","ClockworkSouvenir","Nunchaku","Ancient Tea Set","Girya","Philosopher\u0027s Stone","Omamori","Mark of the Bloom","Ginger","Letter Opener","TungstenRod","Whetstone","TeardropLocket","Strange Spoon","Bag of Preparation"],"acts_visited":["Exordium","TheCity","TheBeyond","TheEnding"],"potions_floor_usage":[6,10,16,25,25,31,33,48,55,55],"damage_taken":[{"damage":0,"enemies":"Jaw Worm","floor":1,"turns":4},{"damage":0,"enemies":"2 Louse","floor":2,"turns":1},{"damage":0,"enemies":"Small Slimes","floor":4,"turns":3},{"damage":0,"enemies":"2 Fungi Beasts","floor":5,"turns":3},{"damage":0,"enemies":"Gremlin Nob","floor":6,"turns":3},{"damage":17,"enemies":"Lagavulin","floor":10,"turns":5},{"damage":0,"enemies":"Large Slime","floor":11,"turns":3},{"damage":20,"enemies":"3 Sentries","floor":14,"turns":8},{"damage":3,"enemies":"Slime Boss","floor":16,"turns":11},{"damage":2,"enemies":"Chosen","floor":18,"turns":5},{"damage":7,"enemies":"Spheric Guardian","floor":19,"turns":5},{"damage":2,"enemies":"Masked Bandits","floor":21,"turns":5},{"damage":22,"enemies":"Book of Stabbing","floor":23,"turns":5},{"damage":0,"enemies":"Gremlin Leader","floor":25,"turns":4},{"damage":6,"enemies":"Snake Plant","floor":29,"turns":4},{"damage":0,"enemies":"Sentry and Sphere","floor":30,"turns":5},{"damage":0,"enemies":"Centurion and Healer","floor":31,"turns":4},{"damage":10,"enemies":"Collector","floor":33,"turns":5},{"damage":6,"enemies":"3 Darklings","floor":35,"turns":4},{"damage":9,"enemies":"Orb Walker","floor":36,"turns":4},{"damage":41,"enemies":"Reptomancer","floor":41,"turns":4},{"damage":0,"enemies":"2 Orb Walkers","floor":45,"turns":3},{"damage":0,"enemies":"Nemesis","floor":46,"turns":4},{"damage":0,"enemies":"Writhing Mass","floor":47,"turns":4},{"damage":0,"enemies":"Reptomancer","floor":48,"turns":2},{"damage":0,"enemies":"Time Eater","floor":50,"turns":4},{"damage":14,"enemies":"Shield and Spear","floor":54,"turns":3},{"damage":0,"enemies":"The Heart","floor":55,"turns":7}],"seed_played":"-4589820696762340561","potions_obtained":[{"floor":4,"key":"Fruit Juice"},{"floor":5,"key":"Strength Potion"},{"floor":6,"key":"SmokeBomb"},{"floor":14,"key":"Ancient Potion"},{"floor":21,"key":"Explosive Potion"},{"floor":23,"key":"DistilledChaos"},{"floor":30,"key":"Block Potion"},{"floor":31,"key":"EssenceOfSteel"},{"floor":35,"key":"Energy Potion"},{"floor":47,"key":"Swift Potion"},{"floor":54,"key":"Block Potion"}],"is_trial":false,"path_per_floor":["M","M","?","M","M","E","?","R","T","E","M","R","$","E","R","B",null,"M","M","?","?","$","E","R","E","T","?","R","M","M","M","R","B",null,"M","M","?","$","?","R","E","?","T","R","?","E","M","E","R","B",null,"R","$","E","B",null],"character_chosen":"WATCHER","items_purchased":["Calipers","LikeWater","Sadistic Nature","InnerPeace","ClockworkSouvenir","Omamori","Strange Spoon"],"campfire_rested":0,"item_purchase_floors":[13,13,13,13,22,38,53],"current_hp_per_floor":[100,100,80,80,80,80,85,85,85,73,73,73,73,53,53,50,95,93,86,86,84,84,62,62,62,62,62,62,56,56,56,56,46,94,88,79,65,65,65,65,24,24,24,24,24,24,24,24,24,24,24,24,24,10,10],"gold":85,"neow_bonus":"UPGRADE_CARD","is_daily":false,"chose_seed":false,"campfire_upgraded":3,"win_rate":0.0,"timestamp":1611947912,"path_taken":["M","M","?","M","M","E","?","R","T","E","M","R","$","E","R","BOSS","M","M","?","?","$","E","R","E","T","?","R","M","M","M","R","BOSS","M","M","?","$","?","R","E","?","T","R","?","E","M","E","R","BOSS","R","$","E","BOSS"],"items_purchased_type":["Relic","Card","Card","Card","Relic","Relic","Relic"],"build_version":"2020-12-22","purchased_purges":4,"victory":true,"max_hp_per_floor":[100,100,100,100,100,100,105,105,105,110,110,110,110,110,110,110,110,110,110,110,110,110,110,110,110,110,110,110,110,110,110,110,110,110,110,110,110,110,110,110,110,96,96,96,96,96,96,96,96,96,96,96,96,96,96],"card_choices":[{"not_picked":["FearNoEvil","Nirvana"],"picked":"EmptyFist","floor":1},{"not_picked":["WaveOfTheHand","Crescendo"],"picked":"Consecrate","floor":2},{"not_picked":["Worship","EmptyBody"],"picked":"PathToVictory","floor":4},{"not_picked":["BattleHymn","BowlingBash"],"picked":"Evaluate","floor":5},{"not_picked":["Vengeance","Swivel","BattleHymn"],"picked":"SKIP","floor":6},{"not_picked":["MentalFortress","Wallop","FlurryOfBlows"],"picked":"SKIP","floor":10},{"not_picked":["DeceiveReality","CrushJoints","ConjureBlade"],"picked":"SKIP","floor":11},{"not_picked":["Collect","CutThroughFate"],"picked":"Vault","floor":14},{"not_picked":["ConjureBlade","Devotion"],"picked":"DevaForm","floor":16},{"not_picked":["Fasting2","JustLucky","FollowUp"],"picked":"SKIP","floor":18},{"not_picked":["Evaluate","Consecrate","FlyingSleeves"],"picked":"SKIP","floor":19},{"not_picked":["Consecrate","CarveReality"],"picked":"PathToVictory","floor":21},{"not_picked":["FlyingSleeves","Perseverance","EmptyFist+1"],"picked":"SKIP","floor":23},{"not_picked":["Adaptation","EmptyBody","Fasting2"],"picked":"SKIP","floor":25},{"not_picked":["Evaluate","Nirvana","JustLucky"],"picked":"SKIP","floor":29},{"not_picked":["Perseverance","Protect","EmptyFist"],"picked":"SKIP","floor":30},{"not_picked":["Crescendo+1","Blasphemy","JustLucky+1"],"picked":"SKIP","floor":31},{"not_picked":["EmptyBody+1","WindmillStrike","FollowUp+1"],"picked":"SKIP","floor":35},{"not_picked":["Consecrate","FlurryOfBlows"],"picked":"Evaluate+1","floor":36},{"not_picked":["FollowUp","WaveOfTheHand","Consecrate+1"],"picked":"SKIP","floor":41},{"not_picked":["Study","Worship","Consecrate"],"picked":"SKIP","floor":46},{"not_picked":["FearNoEvil","Evaluate+1","Protect+1"],"picked":"SKIP","floor":47},{"not_picked":["Worship","Prostrate","Pray+1"],"picked":"SKIP","floor":48},{"not_picked":["Wireheading+1","EmptyBody+1"],"picked":"InnerPeace+1","floor":54}],"player_experience":179630,"relics_obtained":[{"floor":6,"key":"Gremlin Horn"},{"floor":9,"key":"Vajra"},{"floor":10,"key":"Orichalcum"},{"floor":14,"key":"Dream Catcher"},{"floor":21,"key":"Red Mask"},{"floor":23,"key":"Nunchaku"},{"floor":25,"key":"Ancient Tea Set"},{"floor":26,"key":"Girya"},{"floor":41,"key":"Ginger"},{"floor":43,"key":"Letter Opener"},{"floor":45,"key":"TungstenRod"},{"floor":46,"key":"Whetstone"},{"floor":48,"key":"TeardropLocket"},{"floor":54,"key":"Bag of Preparation"}],"event_choices":[{"damage_healed":100,"gold_gain":0,"player_choice":"Upgrade","damage_taken":20,"max_hp_gain":0,"max_hp_loss":100,"event_name":"betterThird:BetterShining","floor":3,"gold_loss":0,"cards_upgraded":["Defend_P","Strike_P"]},{"damage_healed":0,"gold_gain":0,"player_choice":"Donut","damage_taken":0,"max_hp_gain":5,"max_hp_loss":0,"event_name":"Big Fish","floor":7,"gold_loss":0},{"damage_healed":0,"gold_gain":0,"player_choice":"Obtained Relic","damage_taken":0,"relics_obtained":["Peace Pipe"],"max_hp_gain":0,"max_hp_loss":0,"event_name":"Addict","floor":20,"gold_loss":85},{"damage_healed":0,"gold_gain":0,"player_choice":"Fought Bandits","damage_taken":0,"max_hp_gain":0,"max_hp_loss":0,"event_name":"Masked Bandits","floor":21,"gold_loss":0},{"cards_removed":["Defend_P"],"damage_healed":0,"gold_gain":0,"player_choice":"Gave Gold","damage_taken":0,"max_hp_gain":0,"max_hp_loss":0,"event_name":"Beggar","floor":27,"gold_loss":75},{"damage_healed":0,"gold_gain":0,"player_choice":"Embrace Madness","damage_taken":14,"max_hp_gain":0,"max_hp_loss":0,"event_name":"Winding Halls","floor":37,"gold_loss":0,"cards_obtained":["Madness","Madness"]},{"damage_healed":0,"gold_gain":0,"player_choice":"Upgrade","damage_taken":0,"relics_obtained":["Mark of the Bloom"],"max_hp_gain":0,"max_hp_loss":0,"event_name":"MindBloom","floor":39,"gold_loss":0,"cards_upgraded":["Vigilance","EmptyFist","Consecrate","LikeWater","Sadistic Nature","InnerPeace","DevaForm","PathToVictory","Madness","Madness"]},{"damage_healed":96,"gold_gain":0,"player_choice":"Heal","damage_taken":0,"max_hp_gain":0,"max_hp_loss":14,"event_name":"The Moai Head","floor":42,"gold_loss":0},{"damage_healed":0,"gold_gain":0,"player_choice":"Fight","damage_taken":0,"max_hp_gain":0,"max_hp_loss":0,"event_name":"Mysterious Sphere","floor":45,"gold_loss":0}],"is_beta":false,"boss_relics":[{"not_picked":["Fusion Hammer","HolyWater"],"picked":"Runic Dome"},{"not_picked":["Cursed Key","Busted Crown"],"picked":"Philosopher\u0027s Stone"}],"items_purged_floors":[13,22,38,53],"is_endless":false,"potions_floor_spawned":[4,5,6,14,21,23,30,31,35,47,54],"ascension_level":5}}