{"host":"kpyf5rnb72uwap8k","time":1611879744,"event":{"mods":["AchievementEnabler","BaseMod","Colored Map","Colored Powertips","DeckTracker","Minty Spire (QoL Compilation)","Permanent Neow","Quick Restart","StSLib","SuperFastMode"],"gold_per_floor":[217,69,84,84,34,34,66,82,82,115,126,126,140,156,156,257,257,273,158,169,186,1,1,28,44,44,44,63,78,92,105,105,105,105],"floor_reached":33,"language":"KOR","playtime":845,"items_purged":["Strike_R","Strike_R"],"score":336,"play_id":"e60bb2db-32ee-4606-945a-4874268e7a0f","local_time":"20210129092224","is_ascension_mode":true,"campfire_choices":[{"data":"Cleave","floor":6.0,"key":"SMITH"},{"data":"Shrug It Off","floor":12.0,"key":"SMITH"},{"data":"Rupture","floor":15.0,"key":"SMITH"},{"data":"Rage","floor":23,"key":"SMITH"},{"floor":27,"key":"REST"},{"floor":32,"key":"REST"}],"circlet_count":0,"master_deck":["Strike_R","Strike_R","Defend_R","Defend_R","Defend_R","Defend_R","Bash","Cleave+1","Shrug It Off","Battle Trance","Feed","Shrug It Off+1","Hemokinesis","Rupture+1","Dual Wield","Rage+1","Flash of Steel"],"relics":["Burning Blood","Akabeko","Letter Opener","StrikeDummy","Art of War","Busted Crown","Question Card","Bottled Tornado"],"acts_visited":["Exordium","TheCity"],"potions_floor_usage":[33],"damage_taken":[{"damage":6.0,"enemies":"Cultist","floor":1.0,"turns":3.0},{"damage":2.0,"enemies":"Jaw Worm","floor":3.0,"turns":3.0},{"damage":28.0,"enemies":"Gremlin Nob","floor":7.0,"turns":4.0},{"damage":0.0,"enemies":"2 Louse","floor":8.0,"turns":2.0},{"damage":14.0,"enemies":"3 Sentries","floor":10.0,"turns":5.0},{"damage":0.0,"enemies":"2 Fungi Beasts","floor":11.0,"turns":1.0},{"damage":0.0,"enemies":"Gremlin Gang","floor":13.0,"turns":2.0},{"damage":4.0,"enemies":"Exordium Wildlife","floor":14.0,"turns":3.0},{"damage":59.0,"enemies":"Hexaghost","floor":16.0,"turns":12.0},{"damage":8.0,"enemies":"Spheric Guardian","floor":18.0,"turns":3.0},{"damage":17.0,"enemies":"Shell Parasite","floor":20.0,"turns":5.0},{"damage":18,"enemies":"3 Cultists","floor":21,"turns":4},{"damage":17,"enemies":"Gremlin Leader","floor":24,"turns":5},{"damage":32,"enemies":"Cultist and Chosen","floor":25,"turns":7},{"damage":13,"enemies":"Snecko","floor":28,"turns":4},{"damage":6,"enemies":"3 Cultists","floor":29,"turns":4},{"damage":13,"enemies":"Centurion and Healer","floor":30,"turns":4},{"damage":38,"enemies":"Snecko","floor":31,"turns":8},{"damage":71,"enemies":"Collector","floor":33,"turns":6}],"seed_played":"-6074357816488047056","potions_obtained":[{"floor":3.0,"key":"Ancient Potion"},{"floor":10.0,"key":"SpeedPotion"},{"floor":11.0,"key":"Fire Potion"},{"floor":16.0,"key":"Swift Potion"}],"is_trial":false,"path_per_floor":["M","$","M","?","?","R","E","M","T","E","M","R","M","M","R","B",null,"M","$","M","M","$","R","E","M","T","R","M","M","M","M","R","B"],"character_chosen":"IRONCLAD","items_purchased":["Akabeko","Dual Wield","Flash of Steel"],"campfire_rested":2,"item_purchase_floors":[2,19,22],"current_hp_per_floor":[80,80,80,85,85,85,63,69,69,64,70,70,79,84,84,31,94,92,92,84,75,75,75,64,38,38,68,61,61,54,22,52,0,0],"gold":105,"neow_bonus":"HUNDRED_GOLD","is_daily":false,"chose_seed":false,"campfire_upgraded":4,"win_rate":0.0,"timestamp":1611879744,"path_taken":["M","$","M","?","?","R","E","M","T","E","M","R","?","M","R","BOSS","M","$","M","M","$","R","E","M","T","R","M","M","M","M","R","BOSS"],"items_purchased_type":["Relic","Card","Card"],"build_version":"2020-12-22","purchased_purges":2,"victory":false,"max_hp_per_floor":[80,80,80,85,85,85,85,85,85,88,88,88,91,94,94,94,94,94,94,97,100,100,100,100,100,100,100,100,100,100,100,100,100,100],"card_choices":[{"not_picked":["Havoc","Iron Wave"],"picked":"Cleave","floor":1.0},{"not_picked":["Heavy Blade","Shockwave"],"picked":"Shrug It Off","floor":3.0},{"not_picked":["Thunderclap","Twin Strike"],"picked":"Battle Trance","floor":7.0},{"not_picked":["Clothesline","Infernal Blade"],"picked":"Feed","floor":8.0},{"not_picked":["Flex","Havoc"],"picked":"Shrug It Off","floor":10.0},{"not_picked":["Perfected Strike","Flex","Wild Strike"],"picked":"SKIP","floor":11.0},{"not_picked":["Body Slam","Twin Strike"],"picked":"Hemokinesis","floor":13.0},{"not_picked":["Dual Wield","Iron Wave"],"picked":"Rupture","floor":14.0},{"not_picked":["Shockwave+1"],"picked":"SKIP","floor":18.0},{"not_picked":["Disarm"],"picked":"SKIP","floor":20.0},{"not_picked":[],"picked":"Rage","floor":21},{"not_picked":["Reckless Charge"],"picked":"SKIP","floor":24},{"not_picked":["Body Slam","Heavy Blade"],"picked":"SKIP","floor":25},{"not_picked":["True Grit","Spot Weakness"],"picked":"SKIP","floor":28},{"not_picked":["Searing Blow","Burning Pact"],"picked":"SKIP","floor":29},{"not_picked":["Sword Boomerang+1","Iron Wave"],"picked":"SKIP","floor":30},{"not_picked":["True Grit","Shrug It Off"],"picked":"SKIP","floor":31}],"player_experience":228238,"relics_obtained":[{"floor":7.0,"key":"Letter Opener"},{"floor":9.0,"key":"StrikeDummy"},{"floor":10.0,"key":"Art of War"},{"floor":24,"key":"Question Card"},{"floor":26,"key":"Bottled Tornado"}],"event_choices":[{"damage_healed":0.0,"max_hp_gain":5.0,"max_hp_loss":0.0,"gold_gain":0.0,"event_name":"Big Fish","player_choice":"Donut","floor":4.0,"gold_loss":0.0,"damage_taken":0.0},{"cards_removed":["Strike_R"],"damage_healed":0.0,"max_hp_gain":0.0,"max_hp_loss":0.0,"gold_gain":0.0,"event_name":"The Cleric","player_choice":"Card Removal","floor":5.0,"gold_loss":50.0,"damage_taken":0.0}],"is_beta":false,"boss_relics":[{"not_picked":["Calling Bell","Philosopher\u0027s Stone"],"picked":"Busted Crown"}],"items_purged_floors":[19,22],"is_endless":false,"potions_floor_spawned":[3,10,11,13,16,21,28],"killed_by":"Collector","ascension_level":2}}