{"host":"51f0ad793vly1w6u","time":1611937447,"event":{"mods":["BaseMod","Colored Map","DeckTracker","Minty Spire (QoL Compilation)","Replay The Spire","StSLib","SuperFastMode"],"gold_per_floor":[11,11,11,11,11,23,86,86,113,128,128,203,25,52,52,84,84,185,185,201,201,58,71,71,71,71,71,95,108,108,108,126,156,156,254,254,268,268,268,143,154,189,89,89,165,200,220,220,495,510,510,510,510,510,18,51,51],"floor_reached":58,"language":"KOR","playtime":1241,"items_purged":["Regret","Shame","Regret"],"score":1150,"play_id":"87151848-74fc-4059-a69a-7969f111be9c","local_time":"20210130012407","is_ascension_mode":true,"campfire_choices":[{"data":"Zap","floor":8.0,"key":"SMITH"},{"data":"Biased Cognition","floor":15.0,"key":"SMITH"},{"data":"Defragment","floor":17.0,"key":"SMITH"},{"data":"Loop","floor":25.0,"key":"SMITH"},{"data":"ReplayTheSpireMod:Calculation Training","floor":27,"key":"SMITH"},{"data":"Self Repair","floor":30,"key":"SMITH"},{"data":"Turbo","floor":34,"key":"SMITH"},{"data":"Capacitor","floor":44,"key":"SMITH"},{"data":"Mirror Shield","floor":48,"key":"SMITH"},{"data":"Amplify","floor":51,"key":"SMITH"},{"data":"Echo Form","floor":54,"key":"SMITH"}],"circlet_count":0,"master_deck":["Strike_B","Strike_B","Defend_B+1","Defend_B+1","Zap+1","Dualcast","Sunder+1","Reinforced Body","Sweeping Beam","Self Repair+1","Biased Cognition+1","Ball Lightning+1","Defragment+1","Echo Form+1","Injury","Mirror Shield+1","Loop+1","ReplayTheSpireMod:Calculation Training+1","Glacier+1","Conserve Battery","Turbo+1","Amplify+1","Purity","Loop+1","Capacitor+1","Recycle+1","Conserve Battery+1","Redo+1","Pot Of Greed","Pot Of Greed","Pot Of Greed"],"relics":["Cracked Core","MealTicket","InkBottle","Replay:Accelerometer","Odd Mushroom","Letter Opener","Replay:Ancient Bell","ReplayFunnel","Cables","Torii","Runic Capacitor","Replay:Baseball","Replay:Rubber Ducky","Blue Doll","Runic Dome","Simple Rune","Iron Hammer","Strawberry","OrangePellets","Grinning Jar","Centennial Puzzle"],"acts_visited":["Exordium","TheCity","TheBeyond","TheEnding"],"potions_floor_usage":[29,29,29,29,33,35,42,52,57,57],"damage_taken":[{"damage":3.0,"enemies":"Jaw Worm","floor":1.0,"turns":4.0},{"damage":0.0,"enemies":"2 Louse","floor":6.0,"turns":1.0},{"damage":0.0,"enemies":"Lagavulin","floor":9.0,"turns":3.0},{"damage":0.0,"enemies":"Small Slimes","floor":10.0,"turns":2.0},{"damage":0.0,"enemies":"The Mushroom Lair","floor":14.0,"turns":2.0},{"damage":15.0,"enemies":"Gremlin Nob","floor":16.0,"turns":3.0},{"damage":28.0,"enemies":"Fading Forest","floor":18.0,"turns":11.0},{"damage":0.0,"enemies":"Spheric Guardian","floor":20.0,"turns":3.0},{"damage":1.0,"enemies":"Chosen","floor":23.0,"turns":4.0},{"damage":12,"enemies":"Centurion and Healer","floor":29,"turns":3},{"damage":3,"enemies":"Snake Plant","floor":32,"turns":4},{"damage":3,"enemies":"Book of Stabbing","floor":33,"turns":5},{"damage":16,"enemies":"Champ","floor":35,"turns":8},{"damage":10,"enemies":"3 Darklings","floor":37,"turns":3},{"damage":8,"enemies":"3 Shapes","floor":41,"turns":5},{"damage":2,"enemies":"Nemesis","floor":42,"turns":5},{"damage":0,"enemies":"Giant Head","floor":46,"turns":7},{"damage":8,"enemies":"3 Darklings","floor":47,"turns":3},{"damage":10,"enemies":"4 Shapes","floor":50,"turns":3},{"damage":11,"enemies":"Replay:Hell Engine","floor":52,"turns":12},{"damage":5,"enemies":"Shield and Spear","floor":56,"turns":8},{"damage":47,"enemies":"The Heart","floor":57,"turns":9}],"seed_played":"4287611881103273676","potions_obtained":[{"floor":6.0,"key":"Explosive Potion"},{"floor":7.0,"key":"DistilledChaos"},{"floor":7.0,"key":"EntropicBrew"},{"floor":9.0,"key":"ColorlessPotion"},{"floor":18.0,"key":"BlessingOfTheForge"},{"floor":33,"key":"FairyPotion"},{"floor":35,"key":"Fire Potion"},{"floor":41,"key":"Reflective Coating"},{"floor":42,"key":"FocusPotion"},{"floor":56,"key":"Swift Potion"}],"is_trial":false,"path_per_floor":["M","?","PTL","PTL","?","M","?","R","E","M","T","?","$","?","R","E","R","B",null,"M","?","$","M","$","R","?","R","T","M","R","T","M","E","R","B",null,"M","?","?","$","M","E","$","R","T","E","M","R","?","M","R","B",null,"R","$","E","B",null],"character_chosen":"DEFECT","items_purchased":["Biased Cognition","Ball Lightning+1","Runic Capacitor","Loop+1","OrangePellets","Grinning Jar","Reflective Coating"],"campfire_rested":0,"item_purchase_floors":[13,13,22,40,55,55,55],"current_hp_per_floor":[72,72,72,72,72,72,54,54,54,61,61,50,65,72,72,64,64,53,75,75,75,75,74,75,75,75,75,75,73,73,73,75,75,75,69,75,65,65,55,70,72,75,75,75,75,82,82,82,82,72,72,71,82,82,82,82,35],"gold":51,"neow_bonus":"REMOVE_TWO","is_daily":false,"chose_seed":false,"campfire_upgraded":11,"win_rate":0.0,"timestamp":1611937447,"path_taken":["M","?","PTL","PTL","?","M","?","R","E","?","T","?","?","?","R","E","R","BOSS","M","?","$","?","$","R","?","R","T","M","R","?","M","E","R","BOSS","M","?","?","$","M","E","$","R","T","E","M","R","?","?","R","BOSS","R","$","E","BOSS"],"items_purchased_type":["Card","Card","Relic","Card","Relic","Relic","Potion"],"build_version":"2020-12-22","purchased_purges":3,"victory":true,"max_hp_per_floor":[75,75,75,75,75,75,75,75,75,75,75,75,75,75,75,75,75,75,75,75,75,75,75,75,75,75,75,75,75,75,75,75,75,75,75,75,75,75,75,75,75,75,75,75,75,82,82,82,82,82,82,82,82,82,82,82,82],"card_choices":[{"not_picked":["Gash","Consume"],"picked":"Sunder","floor":1.0},{"not_picked":["Stack","Doom and Gloom"],"picked":"Reinforced Body","floor":6.0},{"not_picked":["Steam","Time Bomb"],"picked":"Sweeping Beam","floor":7.0},{"not_picked":["Doom and Gloom","Compile Driver"],"picked":"Self Repair","floor":9.0},{"not_picked":["Sweeping Beam","Gash","Go for the Eyes"],"picked":"SKIP","floor":10.0},{"not_picked":["ReplayTheSpireMod:Repulse","Recycle"],"picked":"Defragment","floor":14.0},{"not_picked":["Darkness","Sweeping Beam","Melter"],"picked":"SKIP","floor":16.0},{"not_picked":["ReplayTheSpireMod:Omega Cannon","Buffer"],"picked":"Echo Form","floor":18.0},{"not_picked":["Looming Evil","Voices"],"picked":"Regret","floor":19.0},{"not_picked":["AbeCurse","Hallucinations"],"picked":"Injury","floor":19.0},{"not_picked":["Hallucinations","Writhe"],"picked":"Shame","floor":19.0},{"not_picked":["FTL","Gash"],"picked":"Mirror Shield","floor":20.0},{"not_picked":["Melter","ReplayTheSpireMod:System Scan"],"picked":"ReplayTheSpireMod:Calculation Training","floor":23.0},{"not_picked":["Ball Lightning","Cold Snap"],"picked":"Glacier+1","floor":29},{"not_picked":["Chaos","Rebound"],"picked":"Conserve Battery","floor":32},{"not_picked":["ReplayTheSpireMod:Reroute Power","Streamline"],"picked":"Turbo","floor":33},{"not_picked":["Thunder Strike","All For One"],"picked":"Amplify","floor":35},{"not_picked":["Compile Driver+1","Conserve Battery","Storm"],"picked":"SKIP","floor":37},{"not_picked":["Impatience","Transmutation"],"picked":"Purity","floor":39},{"not_picked":["Streamline","Gash+1"],"picked":"Capacitor","floor":41},{"not_picked":["Barrage+1","BootSequence+1"],"picked":"Recycle+1","floor":42},{"not_picked":["Streamline","Redo"],"picked":"Conserve Battery+1","floor":46},{"not_picked":["Heatsinks","Auto Shields","Streamline"],"picked":"SKIP","floor":47},{"not_picked":["Mirror Shield","Sweeping Beam"],"picked":"Redo+1","floor":50},{"not_picked":["Hello World+1","Reprogram","Gash"],"picked":"SKIP","floor":56}],"player_experience":1424181,"relics_obtained":[{"floor":7.0,"key":"MealTicket"},{"floor":9.0,"key":"InkBottle"},{"floor":11.0,"key":"Replay:Accelerometer"},{"floor":14.0,"key":"Odd Mushroom"},{"floor":16.0,"key":"Letter Opener"},{"floor":28,"key":"Replay:Baseball"},{"floor":31,"key":"Replay:Rubber Ducky"},{"floor":33,"key":"Blue Doll"},{"floor":42,"key":"Simple Rune"},{"floor":45,"key":"Iron Hammer"},{"floor":46,"key":"Strawberry"},{"floor":56,"key":"Centennial Puzzle"}],"event_choices":[{"damage_healed":0.0,"max_hp_gain":0.0,"max_hp_loss":0.0,"gold_gain":0.0,"event_name":"Living Wall","player_choice":"Grow","floor":5.0,"gold_loss":0.0,"damage_taken":0.0,"cards_upgraded":["Sunder"]},{"damage_healed":0.0,"max_hp_gain":0.0,"max_hp_loss":0.0,"gold_gain":75.0,"event_name":"World of Goop","player_choice":"Gather Gold","floor":12.0,"gold_loss":0.0,"damage_taken":11.0},{"damage_healed":0.0,"max_hp_gain":0.0,"max_hp_loss":0.0,"gold_gain":0.0,"event_name":"Mushrooms","player_choice":"Fought Mushrooms","floor":14.0,"gold_loss":0.0,"damage_taken":0.0},{"damage_healed":0.0,"max_hp_gain":0.0,"max_hp_loss":0.0,"gold_gain":0.0,"cards_transformed":["Strike_B"],"event_name":"Transmorgrifier","player_choice":"Transformed","floor":21.0,"gold_loss":0.0,"damage_taken":0.0,"cards_obtained":["Loop"]},{"damage_healed":0,"gold_gain":0,"player_choice":"Ignored","damage_taken":0,"max_hp_gain":0,"max_hp_loss":0,"event_name":"Cursed Tome","floor":26,"gold_loss":0},{"damage_healed":0,"gold_gain":0,"player_choice":"Ignored","damage_taken":0,"max_hp_gain":0,"max_hp_loss":0,"event_name":"Tomb of Lord Red Mask","floor":38,"gold_loss":0},{"damage_healed":0,"gold_gain":0,"player_choice":"Memory 3","damage_taken":10,"max_hp_gain":0,"max_hp_loss":0,"event_name":"SensoryStone","floor":39,"gold_loss":0},{"damage_healed":0,"gold_gain":275,"player_choice":"Desecrate","damage_taken":0,"max_hp_gain":0,"max_hp_loss":0,"event_name":"Golden Shrine","floor":49,"gold_loss":0,"cards_obtained":["Regret"]}],"is_beta":false,"boss_relics":[{"not_picked":["Replay:Bronze Core","Replay:Wanted Poster"],"picked":"Replay:Ancient Bell"},{"not_picked":["Ancient Tea Set","Replay:Antivirus Software"],"picked":"ReplayFunnel"},{"not_picked":["ReplayTheSpireMod:Ninjato","Replay:Bottled Flurry"],"picked":"Cables"},{"not_picked":["Unceasing Top","Thread and Needle"],"picked":"Torii"},{"not_picked":["Painkiller Herb","Nuclear Battery"],"picked":"Runic Dome"}],"items_purged_floors":[40,43,55],"is_endless":false,"potions_floor_spawned":[6,9,18,33,35,41,42,46,56],"ascension_level":1}}