{"host":"g01l53quoe6lrer0","time":1611928919,"event":{"mods":["2.2 Compatiblity","AchievementEnabler","BaseMod","Colored Map","Highlight Path","Keyboard Shortcuts","Minty Spire (QoL Compilation)","Permanent Neow","StSLib","SuperFastMode","everything is the same but u backflip on backflip"],"gold_per_floor":[114,114,39,52,66,66,99,99,99,99,99,138,138,138,138,270,270,294,4,0,25,41,41,41,41,64,84,84,97,122,122,122,122,122],"floor_reached":33,"language":"KOR","playtime":838,"items_purged":["Defend_P"],"score":405,"play_id":"33bad234-f950-4585-a80f-5f4faa1a8a86","local_time":"20210129230159","is_ascension_mode":true,"campfire_choices":[{"data":"Eruption","floor":6.0,"key":"SMITH"},{"floor":8.0,"key":"REST"},{"floor":13.0,"key":"REST"},{"floor":15.0,"key":"REST"},{"data":"Defend_P","floor":23.0,"key":"PURGE"},{"floor":25.0,"key":"REST"},{"data":"Defend_P","floor":28.0,"key":"PURGE"},{"floor":32,"key":"REST"}],"circlet_count":0,"master_deck":["AscendersBane","Strike_P+1","Strike_P","Strike_P","Eruption+1","Vigilance","SandsOfTime","FlurryOfBlows","FearNoEvil+1","Scrawl"],"relics":["PureWater","Dream Catcher","Question Card","Matryoshka","Blue Candle","Mercury Hourglass","Bloody Idol","CloakClasp","CeramicFish","Ice Cream","Empty Cage","Peace Pipe","Whetstone"],"acts_visited":["Exordium","TheCity"],"potions_floor_usage":[33,33],"damage_taken":[{"damage":0.0,"enemies":"Jaw Worm","floor":1.0,"turns":2.0},{"damage":2.0,"enemies":"Small Slimes","floor":4.0,"turns":3.0},{"damage":0.0,"enemies":"2 Louse","floor":5.0,"turns":3.0},{"damage":32.0,"enemies":"Gremlin Nob","floor":7.0,"turns":5.0},{"damage":27.0,"enemies":"3 Sentries","floor":12.0,"turns":5.0},{"damage":37.0,"enemies":"Hexaghost","floor":16.0,"turns":10.0},{"damage":6.0,"enemies":"2 Thieves","floor":18.0,"turns":3.0},{"damage":0.0,"enemies":"Chosen","floor":21.0,"turns":3.0},{"damage":2.0,"enemies":"Snake Plant","floor":22.0,"turns":3.0},{"damage":8.0,"enemies":"Shelled Parasite and Fungi","floor":27.0,"turns":2.0},{"damage":3.0,"enemies":"Chosen and Byrds","floor":29.0,"turns":3.0},{"damage":12.0,"enemies":"Centurion and Healer","floor":30.0,"turns":3.0},{"damage":88,"enemies":"Automaton","floor":33,"turns":6}],"seed_played":"8036516940531503120","potions_obtained":[{"floor":1.0,"key":"Ancient Potion"},{"floor":4.0,"key":"Strength Potion"},{"floor":12.0,"key":"Dexterity Potion"},{"floor":16.0,"key":"Block Potion"},{"floor":27.0,"key":"GamblersBrew"},{"floor":30.0,"key":"ColorlessPotion"}],"is_trial":false,"path_per_floor":["M","?","$","M","M","R","E","R","T","?","?","E","R","T","R","B",null,"M","$","?","M","M","R","?","R","T","M","R","M","M","?","R","B"],"character_chosen":"WATCHER","items_purchased":["Peace Pipe"],"campfire_rested":5,"item_purchase_floors":[19],"current_hp_per_floor":[65,62,62,60,60,60,28,49,49,54,54,27,48,48,69,32,61,55,55,55,55,53,53,53,71,71,63,63,60,48,48,69,0,0],"gold":122,"neow_bonus":"RANDOM_COMMON_RELIC","is_daily":false,"chose_seed":false,"campfire_upgraded":1,"win_rate":0.0,"timestamp":1611928919,"path_taken":["M","?","$","M","M","R","E","R","T","?","?","E","R","?","R","BOSS","M","$","?","M","M","R","?","R","T","M","R","M","M","?","R","BOSS"],"items_purchased_type":["Relic"],"build_version":"2020-12-22","purchased_purges":1,"victory":false,"max_hp_per_floor":[72,72,72,72,72,72,72,72,72,77,71,71,71,71,71,71,71,71,71,71,71,71,71,71,71,71,71,71,71,71,71,71,71,71],"card_choices":[{"not_picked":["ClearTheMind","Evaluate"],"picked":"SandsOfTime","floor":1.0},{"not_picked":["Consecrate","Prostrate","FollowUp","Wallop"],"picked":"SKIP","floor":4.0},{"not_picked":["Consecrate","Prostrate","FollowUp","Wallop"],"picked":"SKIP","floor":4.0},{"not_picked":["JustLucky","Halt","EmptyBody"],"picked":"FlurryOfBlows","floor":5.0},{"not_picked":["Collect","Swivel","Meditate","Crescendo"],"picked":"SKIP","floor":7.0},{"not_picked":["WindmillStrike","JustLucky","LessonLearned"],"picked":"FearNoEvil","floor":8.0},{"not_picked":["CutThroughFate","Halt","JustLucky","Judgement"],"picked":"SKIP","floor":12.0},{"not_picked":["Alpha","Judgement","DevaForm"],"picked":"Scrawl","floor":16.0},{"not_picked":["Evaluate+1","Worship","Pray","ReachHeaven"],"picked":"SKIP","floor":18.0},{"not_picked":["Evaluate+1","Worship","Pray","ReachHeaven"],"picked":"SKIP","floor":18.0},{"not_picked":["Wireheading","Study","SignatureMove","ThirdEye"],"picked":"SKIP","floor":21.0},{"not_picked":["FlyingSleeves","ClearTheMind","Prostrate","FlurryOfBlows+1"],"picked":"SKIP","floor":22.0},{"not_picked":["FlyingSleeves","ClearTheMind","Prostrate","FlurryOfBlows+1"],"picked":"SKIP","floor":22.0},{"not_picked":["Sanctity","TalkToTheHand","Weave+1","FollowUp"],"picked":"SKIP","floor":27.0},{"not_picked":["Prostrate","ReachHeaven","ClearTheMind","JustLucky"],"picked":"SKIP","floor":29.0},{"not_picked":["ClearTheMind","FearNoEvil","BattleHymn","Crescendo"],"picked":"SKIP","floor":30.0},{"not_picked":["ClearTheMind","FearNoEvil","BattleHymn","Crescendo"],"picked":"SKIP","floor":30.0},{"not_picked":["ClearTheMind","FearNoEvil","BattleHymn","Crescendo"],"picked":"SKIP","floor":30.0}],"player_experience":328139,"relics_obtained":[{"floor":7.0,"key":"Matryoshka"},{"floor":9.0,"key":"Blue Candle"},{"floor":9.0,"key":"Mercury Hourglass"},{"floor":12.0,"key":"CloakClasp"},{"floor":14.0,"key":"CeramicFish"},{"floor":14.0,"key":"Ice Cream"},{"floor":26.0,"key":"Whetstone"}],"event_choices":[{"damage_healed":0.0,"max_hp_gain":0.0,"max_hp_loss":0.0,"gold_gain":0.0,"event_name":"Scrap Ooze","player_choice":"Success","floor":2.0,"gold_loss":0.0,"damage_taken":3.0,"relics_obtained":["Question Card"]},{"damage_healed":0.0,"max_hp_gain":5.0,"max_hp_loss":0.0,"gold_gain":0.0,"event_name":"Big Fish","player_choice":"Donut","floor":10.0,"gold_loss":0.0,"damage_taken":0.0},{"damage_healed":0.0,"max_hp_gain":0.0,"max_hp_loss":6.0,"gold_gain":0.0,"event_name":"Golden Idol","player_choice":"Lose Max HP","floor":11.0,"gold_loss":0.0,"damage_taken":0.0,"relics_obtained":["Golden Idol"]},{"damage_healed":0.0,"max_hp_gain":0.0,"max_hp_loss":0.0,"gold_gain":0.0,"event_name":"Masked Bandits","player_choice":"Paid Fearfully","floor":20.0,"gold_loss":4.0,"damage_taken":0.0},{"damage_healed":0,"gold_gain":0,"player_choice":"Gave Idol","damage_taken":0,"relics_obtained":["Bloody Idol"],"max_hp_gain":0,"max_hp_loss":0,"event_name":"Forgotten Altar","floor":31,"relics_lost":["Golden Idol"],"gold_loss":0}],"is_beta":false,"boss_relics":[{"not_picked":["Calling Bell","Fusion Hammer"],"picked":"Empty Cage"}],"items_purged_floors":[3],"is_endless":false,"potions_floor_spawned":[1,4,12,16,18,27,30],"killed_by":"Automaton","ascension_level":12}}