{"host":"sav7uxregyirlf69","time":1611935489,"event":{"mods":["AchievementEnabler","BaseMod","Colored Map","DeckTracker","Keyboard Shortcuts","Minty Spire (QoL Compilation)","READ ME - Guardian Mod","StSLib","SuperFastMode"],"gold_per_floor":[112,125,139,139,65,65,9,34,87,87,102,27,27,27,27,101,101,121,121,131,151,76,76,76,76],"floor_reached":24,"language":"KOR","playtime":360,"items_purged":["Strike_G"],"score":388,"play_id":"51f734df-555b-4179-a3f7-734573c105cf","local_time":"20210130005129","is_ascension_mode":true,"campfire_choices":[{"data":"Bouncing Flask","floor":6.0,"key":"SMITH"},{"data":"Deadly Poison","floor":10.0,"key":"SMITH"},{"data":"Neutralize","floor":15.0,"key":"SMITH"},{"floor":23.0,"key":"REST"}],"circlet_count":0,"master_deck":["AscendersBane","Strike_G","Defend_G","Defend_G","Defend_G","Defend_G","Survivor","Neutralize+1","Dagger Spray","Poisoned Stab","Deadly Poison+1","Bouncing Flask+1","Footwork+1","Envenom+1","Flying Knee+1","Escape Plan+1","Catalyst","Noxious Fumes"],"relics":["Ring of the Snake","NeowsBlessing","Omamori","Astrolabe","WarpedTongs"],"acts_visited":["Exordium","TheCity"],"potions_floor_usage":[24],"damage_taken":[{"damage":0.0,"enemies":"Small Slimes","floor":1.0,"turns":1.0},{"damage":0.0,"enemies":"Cultist","floor":2.0,"turns":1.0},{"damage":0.0,"enemies":"Jaw Worm","floor":3.0,"turns":1.0},{"damage":21.0,"enemies":"3 Sentries","floor":8.0,"turns":8.0},{"damage":23.0,"enemies":"Gremlin Gang","floor":11.0,"turns":6.0},{"damage":5.0,"enemies":"Hexaghost","floor":16.0,"turns":8.0},{"damage":11.0,"enemies":"Spheric Guardian","floor":18.0,"turns":4.0},{"damage":3.0,"enemies":"Shell Parasite","floor":20.0,"turns":7.0},{"damage":20.0,"enemies":"Snake Plant","floor":21.0,"turns":5.0},{"damage":37,"enemies":"Slavers","floor":24,"turns":4}],"seed_played":"-381299114823958291","potions_obtained":[{"floor":2.0,"key":"LiquidBronze"},{"floor":8.0,"key":"FearPotion"},{"floor":11.0,"key":"Dexterity Potion"},{"floor":16.0,"key":"Energy Potion"},{"floor":20.0,"key":"DuplicationPotion"}],"is_trial":false,"path_per_floor":["M","M","M","?","$","R","$","E","T","R","M","$","?","?","R","B",null,"M","?","M","M","$","R","E"],"character_chosen":"THE_SILENT","items_purchased":["Bouncing Flask","BlessingOfTheForge","Noxious Fumes"],"campfire_rested":1,"item_purchase_floors":[5,7,22],"current_hp_per_floor":[59,59,59,59,59,59,59,38,38,38,15,15,15,15,15,10,52,41,41,38,18,18,37,0,0],"gold":76,"neow_bonus":"THREE_ENEMY_KILL","is_daily":false,"chose_seed":false,"campfire_upgraded":3,"win_rate":0.0,"timestamp":1611935489,"path_taken":["M","M","M","?","?","R","?","E","T","R","?","$","?","?","R","BOSS","M","?","M","?","$","R","E"],"items_purchased_type":["Card","Potion","Card"],"build_version":"2020-12-22","purchased_purges":1,"victory":false,"max_hp_per_floor":[66,66,66,66,66,66,66,66,66,66,66,66,66,66,66,66,66,66,66,66,66,66,66,66,66],"card_choices":[{"not_picked":["Backflip","Dodge and Roll"],"picked":"Dagger Spray","floor":1.0},{"not_picked":["Acrobatics","Catalyst"],"picked":"Poisoned Stab","floor":2.0},{"not_picked":["Masterful Stab","Terror"],"picked":"Deadly Poison","floor":3.0},{"not_picked":["Outmaneuver","Bouncing Flask","A Thousand Cuts"],"picked":"SKIP","floor":8.0},{"not_picked":["Concentrate","Poisoned Stab","Dodge and Roll"],"picked":"SKIP","floor":11.0},{"not_picked":["Cloak And Dagger","Dodge and Roll","Flying Knee"],"picked":"SKIP","floor":18.0},{"not_picked":["Deadly Poison","Prepared"],"picked":"Escape Plan+1","floor":20.0},{"not_picked":["Backflip","Poisoned Stab"],"picked":"Catalyst","floor":21.0}],"player_experience":1432014,"relics_obtained":[{"floor":8.0,"key":"Omamori"}],"event_choices":[{"cards_removed":["Strike_G"],"damage_healed":0.0,"max_hp_gain":0.0,"max_hp_loss":0.0,"gold_gain":0.0,"event_name":"Purifier","player_choice":"Purged","floor":4.0,"gold_loss":0.0,"damage_taken":0.0},{"damage_healed":0.0,"max_hp_gain":0.0,"max_hp_loss":0.0,"gold_gain":0.0,"event_name":"Liars Game","player_choice":"Ignored","floor":13.0,"gold_loss":0.0,"damage_taken":0.0},{"damage_healed":0.0,"max_hp_gain":0.0,"max_hp_loss":0.0,"gold_gain":0.0,"event_name":"Scrap Ooze","player_choice":"Fled","floor":14.0,"gold_loss":0.0,"damage_taken":0.0},{"damage_healed":0.0,"max_hp_gain":0.0,"max_hp_loss":0.0,"gold_gain":0.0,"event_name":"Accursed Blacksmith","player_choice":"Rummage","floor":19.0,"gold_loss":0.0,"damage_taken":0.0,"relics_obtained":["WarpedTongs"],"cards_obtained":["Pain"]}],"is_beta":false,"boss_relics":[{"not_picked":["Snecko Eye","SacredBark"],"picked":"Astrolabe"}],"items_purged_floors":[12],"is_endless":false,"potions_floor_spawned":[2,8,11,16,20],"killed_by":"Slavers","ascension_level":20}}