{"host":"39erygfi9n0tobyn","time":1611962819,"event":{"mods":["2.2 Compatiblity","BaseMod","Bestiary","Colored Map","Colored Powertips","Curses Come First","Highlight Path","Keyboard Shortcuts","Minty Spire (QoL Compilation)","Relic Stats","StSLib","SuperFastMode"],"gold_per_floor":[115,127,127,147,47,80,80,80,151,151,180,180,27,47,47,149,149,168,148,148,148,162,162,178,2,27,53,3,34,34,50,50,154,154,165,12,31,31,50,76,92,112,158,158,158,158,173,189,189,189],"floor_reached":51,"language":"ENG","playtime":2187,"items_purged":["Regret"],"score":727,"play_id":"3642d4c8-6015-47e8-af25-b40b49a62d42","local_time":"20210129202659","is_ascension_mode":false,"campfire_choices":[{"floor":7,"key":"REST"},{"data":"Shrug It Off","floor":10,"key":"SMITH"},{"data":"Rage","floor":12,"key":"SMITH"},{"data":"Twin Strike","floor":15,"key":"SMITH"},{"data":"Perfected Strike","floor":23,"key":"SMITH"},{"data":"Apotheosis","floor":30,"key":"SMITH"},{"data":"Armaments","floor":32,"key":"SMITH"},{"floor":44,"key":"REST"},{"floor":49,"key":"REST"}],"circlet_count":0,"master_deck":["Strike_R","Strike_R","Strike_R","Strike_R","Defend_R","Defend_R","Defend_R","Bash","Shrug It Off","Anger","Rage+1","Headbutt","Shrug It Off+1","Hemokinesis","Twin Strike+1","Demon Form","Second Wind","Iron Wave","Perfected Strike+1","Bloodletting+1","Thunderclap+1","Apotheosis+1","Heavy Blade","Armaments+1","Whirlwind+1","Reaper","Havoc+1","Leap+1","Wallop","Ball Lightning","Leg Sweep+1","Havoc+1","Flechettes+1","Dagger Throw+1"],"relics":["Burning Blood","Vajra","Bag of Preparation","Regal Pillow","Ornamental Fan","Magic Flower","MealTicket","Mark of Pain","Bronze Scales","Bag of Marbles","Self Forming Clay","Velvet Choker","PrismaticShard","HornCleat","Orichalcum"],"acts_visited":["Exordium","TheCity","TheBeyond"],"potions_floor_usage":[16,22,29,33,33,50,50],"damage_taken":[{"damage":0,"enemies":"2 Louse","floor":1,"turns":4},{"damage":0,"enemies":"Cultist","floor":2,"turns":3},{"damage":16,"enemies":"Jaw Worm","floor":4,"turns":4},{"damage":30,"enemies":"Gremlin Nob","floor":6,"turns":5},{"damage":11,"enemies":"3 Sentries","floor":11,"turns":9},{"damage":3,"enemies":"2 Fungi Beasts","floor":14,"turns":3},{"damage":37,"enemies":"Hexaghost","floor":16,"turns":11},{"damage":3,"enemies":"Spheric Guardian","floor":18,"turns":3},{"damage":15,"enemies":"2 Thieves","floor":19,"turns":4},{"damage":18,"enemies":"Shelled Parasite and Fungi","floor":22,"turns":6},{"damage":7,"enemies":"Centurion and Healer","floor":24,"turns":6},{"damage":17,"enemies":"Slavers","floor":27,"turns":4},{"damage":14,"enemies":"Book of Stabbing","floor":29,"turns":3},{"damage":7,"enemies":"Snake Plant","floor":31,"turns":3},{"damage":45,"enemies":"Collector","floor":33,"turns":9},{"damage":4,"enemies":"Orb Walker","floor":35,"turns":3},{"damage":1,"enemies":"3 Shapes","floor":37,"turns":5},{"damage":20,"enemies":"Spire Growth","floor":39,"turns":4},{"damage":53,"enemies":"Nemesis","floor":40,"turns":9},{"damage":27,"enemies":"4 Shapes","floor":41,"turns":1},{"damage":20,"enemies":"Jaw Worm Horde","floor":42,"turns":6},{"damage":0,"enemies":"3 Darklings","floor":47,"turns":2},{"damage":28,"enemies":"Sphere and 2 Shapes","floor":48,"turns":6},{"damage":32,"enemies":"Donu and Deca","floor":50,"turns":7}],"seed_played":"6347752243468304383","potions_obtained":[{"floor":6,"key":"Explosive Potion"},{"floor":11,"key":"EssenceOfSteel"},{"floor":16,"key":"Explosive Potion"},{"floor":18,"key":"Explosive Potion"},{"floor":24,"key":"DistilledChaos"},{"floor":27,"key":"Ancient Potion"},{"floor":33,"key":"FearPotion"},{"floor":35,"key":"SpeedPotion"},{"floor":39,"key":"Regen Potion"},{"floor":47,"key":"HeartOfIron"}],"is_trial":false,"path_per_floor":["M","M","?","M","$","E","R","?","T","R","E","R","$","M","R","B",null,"M","M","?","?","M","R","M","$","T","E","?","E","R","M","R","B",null,"M","$","M","$","M","E","M","M","T","R","?","?","M","M","R","B",null],"character_chosen":"IRONCLAD","items_purchased":["Headbutt","MealTicket","Apotheosis","PrismaticShard"],"campfire_rested":3,"item_purchase_floors":[5,13,25,36],"current_hp_per_floor":[80,80,80,70,70,46,80,80,80,80,75,75,75,80,80,52,80,80,74,74,74,65,65,67,80,80,72,72,67,67,69,69,33,80,80,80,80,80,69,34,16,10,10,49,49,49,58,47,80,71],"gold":189,"neow_bonus":"RANDOM_COMMON_RELIC","is_daily":false,"chose_seed":false,"campfire_upgraded":6,"win_rate":0.0,"timestamp":1611962819,"path_taken":["M","M","?","M","$","E","R","?","T","R","E","R","$","?","R","BOSS","M","M","?","?","M","R","M","$","T","E","?","E","R","?","R","BOSS","M","?","M","$","M","E","M","M","T","R","?","?","?","M","R","BOSS"],"items_purchased_type":["Card","Relic","Card","Relic"],"build_version":"2020-12-22","purchased_purges":1,"victory":true,"max_hp_per_floor":[80,80,80,80,80,80,80,80,80,80,80,80,80,80,80,80,80,80,80,80,80,80,80,80,80,80,80,80,80,80,80,80,80,80,80,80,80,80,80,80,80,80,80,80,80,80,80,80,80,80],"relic_stats":{"Regal Pillow":34,"counters":[24,120],"Ornamental Fan":[140],"Self Forming Clay":[81],"Bronze Scales":[153],"Magic Flower":[60],"MealTicket":13,"Bag of Preparation":[44],"Orichalcum":[6],"obtain_stats":[{"Regal Pillow":6,"Self Forming Clay":29,"Vajra":0,"Magic Flower":11,"Velvet Choker":34,"Bag of Preparation":3,"Orichalcum":43,"PrismaticShard":36,"Burning Blood":0,"HornCleat":40,"Ornamental Fan":9,"Bronze Scales":26,"MealTicket":13,"Mark of Pain":17,"Bag of Marbles":27},{"Regal Pillow":4,"Self Forming Clay":13,"Vajra":0,"Magic Flower":5,"Velvet Choker":15,"Bag of Preparation":2,"Orichalcum":21,"PrismaticShard":16,"Burning Blood":0,"HornCleat":19,"Ornamental Fan":4,"Bronze Scales":11,"MealTicket":5,"Mark of Pain":7,"Bag of Marbles":12},{"Regal Pillow":16,"Self Forming Clay":65,"Vajra":0,"Magic Flower":25,"Velvet Choker":77,"Bag of Preparation":7,"Orichalcum":105,"PrismaticShard":80,"Burning Blood":0,"HornCleat":98,"Ornamental Fan":16,"Bronze Scales":58,"MealTicket":25,"Mark of Pain":39,"Bag of Marbles":62}],"Burning Blood":169},"card_choices":[{"not_picked":["Wild Strike","Havoc"],"picked":"Shrug It Off","floor":1},{"not_picked":["Clash","Uppercut"],"picked":"Anger","floor":2},{"not_picked":["Feel No Pain","Uppercut"],"picked":"Rage","floor":4},{"not_picked":["Entrench","Havoc"],"picked":"Shrug It Off","floor":6},{"not_picked":["Uppercut","Sword Boomerang"],"picked":"Hemokinesis","floor":11},{"not_picked":["True Grit","Anger"],"picked":"Twin Strike","floor":14},{"not_picked":["Feed","Exhume"],"picked":"Demon Form","floor":16},{"not_picked":["Sever Soul","Headbutt"],"picked":"Second Wind","floor":18},{"not_picked":["Sentinel","Warcry"],"picked":"Iron Wave","floor":19},{"not_picked":["Twin Strike+1","Anger+1"],"picked":"Bloodletting+1","floor":22},{"not_picked":["Flex","True Grit"],"picked":"Thunderclap+1","floor":24},{"not_picked":["Cleave","Reaper"],"picked":"Heavy Blade","floor":27},{"not_picked":["Clash","Headbutt"],"picked":"Armaments","floor":29},{"not_picked":["Pummel","Sever Soul"],"picked":"Whirlwind+1","floor":31},{"not_picked":["Immolate","Brutality"],"picked":"Reaper","floor":33},{"not_picked":["Anger+1","Heavy Blade"],"picked":"Havoc+1","floor":35},{"not_picked":["Scrape","FlurryOfBlows"],"picked":"Leap+1","floor":37},{"not_picked":["Well Laid Plans","Redo"],"picked":"Wallop","floor":39},{"not_picked":["Blade Dance","Eviscerate+1"],"picked":"Ball Lightning","floor":40},{"not_picked":["FlyingSleeves+1","Thunderclap"],"picked":"Leg Sweep+1","floor":41},{"not_picked":["FlurryOfBlows+1","True Grit+1","Twin Strike"],"picked":"SKIP","floor":42},{"not_picked":["Clothesline","Scrape"],"picked":"Flechettes+1","floor":47},{"not_picked":["Auto Shields","Undo"],"picked":"Dagger Throw+1","floor":48}],"player_experience":47448,"relics_obtained":[{"floor":6,"key":"Regal Pillow"},{"floor":9,"key":"Ornamental Fan"},{"floor":11,"key":"Magic Flower"},{"floor":26,"key":"Bronze Scales"},{"floor":27,"key":"Bag of Marbles"},{"floor":29,"key":"Self Forming Clay"},{"floor":40,"key":"HornCleat"},{"floor":43,"key":"Orichalcum"}],"event_choices":[{"damage_healed":0,"gold_gain":0,"player_choice":"Box","damage_taken":0,"relics_obtained":["Bag of Preparation"],"max_hp_gain":0,"max_hp_loss":0,"event_name":"Big Fish","floor":3,"gold_loss":0,"cards_obtained":["Regret"]},{"cards_removed":["Strike_R"],"damage_healed":0,"gold_gain":0,"player_choice":"Purged","damage_taken":0,"max_hp_gain":0,"max_hp_loss":0,"event_name":"Purifier","floor":8,"gold_loss":0},{"damage_healed":0,"gold_gain":0,"player_choice":"Ignored","damage_taken":0,"max_hp_gain":0,"max_hp_loss":0,"event_name":"Vampires","floor":20,"gold_loss":0},{"damage_healed":0,"gold_gain":0,"player_choice":"Read","damage_taken":0,"max_hp_gain":0,"max_hp_loss":0,"event_name":"The Library","floor":21,"gold_loss":0,"cards_obtained":["Perfected Strike"]},{"damage_healed":0,"gold_gain":0,"player_choice":"Bet on Owner","damage_taken":0,"max_hp_gain":0,"max_hp_loss":0,"event_name":"The Joust","floor":28,"gold_loss":50},{"cards_removed":["Defend_R"],"damage_healed":0,"gold_gain":0,"player_choice":"Removed Skill","damage_taken":0,"max_hp_gain":0,"max_hp_loss":0,"event_name":"Falling","floor":45,"gold_loss":0},{"damage_healed":0,"gold_gain":0,"player_choice":"Copied","damage_taken":0,"max_hp_gain":0,"max_hp_loss":0,"event_name":"Duplicator","floor":46,"gold_loss":0,"cards_obtained":["Havoc"]}],"is_beta":false,"boss_relics":[{"not_picked":["SacredBark","Runic Pyramid"],"picked":"Mark of Pain"},{"not_picked":["Runic Dome","Busted Crown"],"picked":"Velvet Choker"}],"items_purged_floors":[5],"is_endless":false,"potions_floor_spawned":[6,11,16,18,24,27,33,35,39,40,42,47],"ascension_level":0}}