{"host":"gk9qdtkqd8dwfeg2","time":1611921875,"event":{"mods":["Aspiration","BaseMod","Colored Powertips","Downfall","Minty Spire (QoL Compilation)","Quick Restart","Shop Mod","StSLib","TestMod","Waifu the Spire","WarShipGirlsR/’ΩΩ¢…Ÿ≈ÆR mod"],"gold_per_floor":[119,131,131,54,54,79,98,98,125,125,140,169,169,195,195,322,322,339,113,113,130,141,141,161,186,186,203,203,222,132,164,164,288,288,299,299,299,60,60,86,103,131,155,155,186,186,212,232,232,232,232,232,232,23,50,50],"floor_reached":57,"language":"ZHS","playtime":1772,"items_purged":["Strike_R","Strike_R"],"score":3027,"play_id":"2db6b0a7-c2e6-430b-bb15-ede4650218c2","local_time":"20210129200435","is_ascension_mode":true,"campfire_choices":[{"data":"Fire Breathing","floor":8.0,"key":"SMITH"},{"data":"Reaper","floor":10.0,"key":"SMITH"},{"data":"Demon Form","floor":13.0,"key":"SMITH"},{"data":"Rampage","floor":15.0,"key":"SMITH"},{"data":"Bloodletting","floor":23.0,"key":"SMITH"},{"data":"Second Wind","floor":32.0,"key":"SMITH"},{"data":"Immolate","floor":44.0,"key":"SMITH"},{"floor":46.0,"key":"RECALL"},{"data":"Body Slam","floor":49.0,"key":"SMITH"},{"data":"Berserk","floor":53,"key":"SMITH"}],"circlet_count":0,"master_deck":["AscendersBane","Strike_R","Strike_R+1","Strike_R","Defend_R","Defend_R","Defend_R","Defend_R","Bash+1","Burning Pact+1","Fire Breathing+1","Reaper+1","Second Wind+1","Rampage+1","Demon Form+1","Impervious+1","Bloodletting+1","Berserk+1","Necronomicurse","CurseOfTheBell","Immolate+1","Fiend Fire+1","Body Slam+1","Barricade","Demon Form"],"relics":["Burning Blood","testmod-TestBox","testmod-AscensionHeart","aspiration:Nostalgia","Ring of the Snake","Lantern","Mango","Busted Crown","MerchantsRug","Nloth\u0027s Gift","White Beast Statue","testmod-Hope","Necronomicon","Happy Flower","Anchor","TungstenRod","aspiration:Headhunter","WingedGreaves","Bottled Lightning","Bag of Preparation","aspiration:FetidBarrel","Akabeko"],"acts_visited":["Exordium","TheCity","TheBeyond","TheEnding"],"potions_floor_usage":[50,50,56,56],"damage_taken":[{"damage":9.0,"enemies":"Jaw Worm","floor":1.0,"turns":4.0},{"damage":10.0,"enemies":"Small Slimes","floor":2.0,"turns":4.0},{"damage":54.0,"enemies":"Lagavulin","floor":6.0,"turns":6.0},{"damage":0.0,"enemies":"Cultist","floor":7.0,"turns":3.0},{"damage":4.0,"enemies":"3 Louse","floor":11.0,"turns":3.0},{"damage":26.0,"enemies":"3 Sentries","floor":12.0,"turns":4.0},{"damage":33.0,"enemies":"Lagavulin","floor":14.0,"turns":6.0},{"damage":52.0,"enemies":"The Guardian","floor":16.0,"turns":7.0},{"damage":14.0,"enemies":"Spheric Guardian","floor":18.0,"turns":5.0},{"damage":28.0,"enemies":"Shell Parasite","floor":21.0,"turns":5.0},{"damage":30.0,"enemies":"Snake Plant","floor":22.0,"turns":4.0},{"damage":30.0,"enemies":"Cultist and Chosen","floor":24.0,"turns":7.0},{"damage":47.0,"enemies":"Slavers","floor":25.0,"turns":5.0},{"damage":31.0,"enemies":"Snecko","floor":27.0,"turns":5.0},{"damage":11.0,"enemies":"Snake Plant","floor":29.0,"turns":2.0},{"damage":48.0,"enemies":"Book of Stabbing","floor":31.0,"turns":5.0},{"damage":44.0,"enemies":"Champ","floor":33.0,"turns":8.0},{"damage":29.0,"enemies":"3 Darklings","floor":35.0,"turns":5.0},{"damage":0.0,"enemies":"Reptomancer","floor":40.0,"turns":2.0},{"damage":0.0,"enemies":"3 Shapes","floor":41.0,"turns":1.0},{"damage":57.0,"enemies":"Nemesis","floor":42.0,"turns":3.0},{"damage":51.0,"enemies":"Giant Head","floor":45.0,"turns":5.0},{"damage":10.0,"enemies":"Reptomancer","floor":47.0,"turns":3.0},{"damage":2.0,"enemies":"Jaw Worm Horde","floor":48.0,"turns":1.0},{"damage":67,"enemies":"Awakened One","floor":50,"turns":5},{"damage":45,"enemies":"Time Eater","floor":51,"turns":4},{"damage":0,"enemies":"Shield and Spear","floor":55,"turns":5},{"damage":71,"enemies":"The Heart","floor":56,"turns":5}],"seed_played":"983219170292302887","potions_obtained":[{"floor":2.0,"key":"Regen Potion"},{"floor":7.0,"key":"testmod-TestPotion"},{"floor":12.0,"key":"BloodPotion"},{"floor":25.0,"key":"Ancient Potion"},{"floor":27.0,"key":"Ancient Potion"},{"floor":31.0,"key":"Explosive Potion"},{"floor":33.0,"key":"Guardian:BlockOnCardUsePotion"},{"floor":35.0,"key":"BlessingOfTheForge"},{"floor":42.0,"key":"PowerPotion"},{"floor":45.0,"key":"LiquidMemories"},{"floor":47.0,"key":"Fire Potion"},{"floor":48.0,"key":"Swift Potion"}],"is_trial":false,"path_per_floor":["M","M","?","$","?","E","M","R","T","R","M","E","R","E","R","B",null,"M","$","?","M","M","R","M","E","T","M","?","M","$","E","R","B",null,"M","?","T","$","?","E","M","E","T","R","E","R","E","M","R","B","B",null,"R","$","E","B",null],"character_chosen":"IRONCLAD","items_purchased":["Fire Breathing","MerchantsRug","aspiration:Headhunter","Barricade","Block Potion","Guardian:BlockOnCardUsePotion"],"campfire_rested":0,"item_purchase_floors":[4,19,38,54,54,54],"current_hp_per_floor":[66,63,52,52,52,24,34,34,34,34,43,40,40,57,57,57,87,86,86,86,83,73,73,63,45,45,41,32,98,98,93,93,104,104,104,99,99,99,99,100,100,59,59,59,39,39,76,81,81,32,113,113,113,113,114,119],"gold":50,"neow_bonus":"NOSTALGIA","is_daily":false,"chose_seed":false,"campfire_upgraded":9,"win_rate":0.0,"timestamp":1611921875,"path_taken":["M","M","?","$","?","E","M","R","T","R","?","E","R","E","R","BOSS","M","$","?","?","M","R","M","E","T","M","?","M","$","E","R","BOSS","M","?","?","$","?","E","?","E","T","R","E","R","E","M","R","BOSS","BOSS","R","$","E","BOSS"],"items_purchased_type":["Card","Relic","Relic","Card","Potion","Potion"],"build_version":"2020-12-22","purchased_purges":2,"victory":true,"max_hp_per_floor":[75,75,75,75,75,76,76,76,76,76,76,77,77,92,92,97,97,97,97,97,97,97,97,97,98,98,98,98,98,98,99,99,104,104,104,99,99,99,99,100,100,101,101,101,102,102,103,103,103,108,113,113,113,113,114,119],"card_choices":[{"not_picked":["Clash","Clothesline","Entrench"],"picked":"SKIP","floor":1.0},{"not_picked":["Sword Boomerang","Whirlwind"],"picked":"Burning Pact","floor":2.0},{"not_picked":["Juggernaut","Double Tap"],"picked":"Reaper","floor":6.0},{"not_picked":["Anger","Havoc"],"picked":"Second Wind","floor":7.0},{"not_picked":["Clash","Inflame"],"picked":"Rampage","floor":11.0},{"not_picked":["Double Tap","Berserk"],"picked":"Demon Form","floor":12.0},{"not_picked":["Double Tap","Exhume","Corruption"],"picked":"SKIP","floor":14.0},{"not_picked":["Demon Form","Double Tap"],"picked":"Impervious","floor":16.0},{"not_picked":["Second Wind+1"],"picked":"SKIP","floor":18.0},{"not_picked":[],"picked":"Bloodletting","floor":21.0},{"not_picked":["Headbutt"],"picked":"SKIP","floor":22.0},{"not_picked":["Iron Wave+1"],"picked":"SKIP","floor":24.0},{"not_picked":[],"picked":"Berserk","floor":25.0},{"not_picked":["Clash"],"picked":"SKIP","floor":27.0},{"not_picked":["Disarm"],"picked":"SKIP","floor":29.0},{"not_picked":["Juggernaut"],"picked":"SKIP","floor":31.0},{"not_picked":["Wild Strike+1"],"picked":"SKIP","floor":35.0},{"not_picked":[],"picked":"Immolate","floor":40.0},{"not_picked":["Wild Strike"],"picked":"SKIP","floor":41.0},{"not_picked":["Bludgeon"],"picked":"SKIP","floor":42.0},{"not_picked":[],"picked":"Fiend Fire","floor":45.0},{"not_picked":["Immolate"],"picked":"SKIP","floor":47.0},{"not_picked":[],"picked":"Body Slam","floor":48.0},{"not_picked":[],"picked":"Demon Form","floor":55}],"player_experience":749467,"relics_obtained":[{"floor":6.0,"key":"Lantern"},{"floor":12.0,"key":"testmod-Acrobat"},{"floor":14.0,"key":"Mango"},{"floor":25.0,"key":"White Beast Statue"},{"floor":26.0,"key":"testmod-Hope"},{"floor":28.0,"key":"Necronomicon"},{"floor":31.0,"key":"Happy Flower"},{"floor":34.0,"key":"Anchor"},{"floor":34.0,"key":"Darkstone Periapt"},{"floor":34.0,"key":"TungstenRod"},{"floor":37.0,"key":"Bottled Flame"},{"floor":40.0,"key":"WingedGreaves"},{"floor":42.0,"key":"Bottled Lightning"},{"floor":43.0,"key":"Bag of Preparation"},{"floor":45.0,"key":"aspiration:FetidBarrel"},{"floor":55,"key":"Akabeko"}],"event_choices":[{"damage_healed":0.0,"max_hp_gain":0.0,"max_hp_loss":0.0,"gold_gain":0.0,"event_name":"Shining Light","player_choice":"Entered Light","floor":3.0,"gold_loss":0.0,"damage_taken":23.0,"cards_upgraded":["Strike_R","Bash"]},{"damage_healed":0.0,"max_hp_gain":0.0,"max_hp_loss":0.0,"gold_gain":0.0,"event_name":"N\u0027loth","player_choice":"Traded Relic","floor":20.0,"relics_lost":["testmod-Acrobat"],"gold_loss":0.0,"damage_taken":0.0,"relics_obtained":["Nloth\u0027s Gift"]},{"damage_healed":0.0,"max_hp_gain":0.0,"max_hp_loss":0.0,"gold_gain":0.0,"event_name":"Cursed Tome","player_choice":"Obtained Book","floor":28.0,"gold_loss":0.0,"damage_taken":21.0},{"damage_healed":0.0,"max_hp_gain":0.0,"max_hp_loss":5.0,"gold_gain":0.0,"event_name":"Winding Halls","player_choice":"Max HP","floor":36.0,"gold_loss":0.0,"damage_taken":0.0},{"damage_healed":0.0,"max_hp_gain":0.0,"max_hp_loss":0.0,"gold_gain":0.0,"event_name":"Upgrade Shrine","player_choice":"Upgraded","floor":39.0,"gold_loss":0.0,"damage_taken":0.0,"cards_upgraded":["Impervious"]}],"is_beta":false,"boss_relics":[{"not_picked":["Runic Pyramid","testmod-NegativeEmotionEnhancer"],"picked":"Busted Crown"},{"not_picked":["Runic Cube","aspiration:RitualDagger"],"picked":"Calling Bell"}],"items_purged_floors":[19,30],"is_endless":false,"potions_floor_spawned":[2,7,12,14,25,27,29,31,33,35,40,41,42,45,47,48,55],"ascension_level":20}}