{"host":"9qk11wtevf51xvhl","time":1611950311,"event":{"mods":["BaseMod","Minty Spire (QoL Compilation)"],"gold_per_floor":[367,380,397,412,18,45,56,56,56],"floor_reached":8,"language":"ENG","playtime":818,"items_purged":["Normality"],"score":87,"play_id":"d3fbf6a3-ce82-440c-9670-82c16f2b8328","local_time":"20210129205831","is_ascension_mode":true,"campfire_choices":[],"circlet_count":0,"master_deck":["Strike_G","Strike_G","Strike_G","Strike_G","Strike_G","Defend_G","Defend_G","Defend_G","Defend_G","Defend_G","Survivor","Neutralize","Dagger Throw","Acrobatics","Underhanded Strike","Blur","Noxious Fumes","Cloak And Dagger","Cloak And Dagger"],"relics":["Ring of the Snake","Ornamental Fan","Happy Flower"],"acts_visited":["Exordium"],"potions_floor_usage":[6,6],"damage_taken":[{"damage":10,"enemies":"Jaw Worm","floor":1,"turns":4},{"damage":0,"enemies":"Cultist","floor":2,"turns":3},{"damage":8,"enemies":"Small Slimes","floor":3,"turns":5},{"damage":0,"enemies":"2 Fungi Beasts","floor":4,"turns":3},{"damage":37,"enemies":"Gremlin Nob","floor":6,"turns":5},{"damage":1,"enemies":"Looter","floor":7,"turns":4},{"damage":21,"enemies":"Lagavulin","floor":8,"turns":5}],"seed_played":"-6993713084356266520","potions_obtained":[{"floor":3,"key":"SkillPotion"},{"floor":4,"key":"SpeedPotion"},{"floor":7,"key":"GhostInAJar"}],"is_trial":false,"path_per_floor":["M","M","M","M","$","E","M","E"],"character_chosen":"THE_SILENT","items_purchased":["Ornamental Fan","Noxious Fumes"],"campfire_rested":0,"item_purchase_floors":[5,5],"current_hp_per_floor":[53,53,45,45,45,8,7,0,0],"gold":56,"neow_bonus":"TWO_FIFTY_GOLD","is_daily":false,"chose_seed":false,"campfire_upgraded":0,"win_rate":0.0,"timestamp":1611950311,"path_taken":["M","M","M","M","$","E","M","E"],"items_purchased_type":["Relic","Card"],"build_version":"2020-12-22","purchased_purges":1,"victory":false,"max_hp_per_floor":[70,70,70,70,70,70,70,70,70],"card_choices":[{"not_picked":["Flying Knee","Outmaneuver"],"picked":"Dagger Throw","floor":1},{"not_picked":["Flying Knee","Quick Slash"],"picked":"Acrobatics","floor":2},{"not_picked":["Dodge and Roll","Reflex"],"picked":"Underhanded Strike","floor":3},{"not_picked":["Underhanded Strike","Dagger Throw"],"picked":"Blur","floor":4},{"not_picked":["Dodge and Roll","Deadly Poison"],"picked":"Cloak And Dagger","floor":6},{"not_picked":["Catalyst","Phantasmal Killer"],"picked":"Cloak And Dagger","floor":7}],"player_experience":543599,"relics_obtained":[{"floor":6,"key":"Happy Flower"}],"event_choices":[],"is_beta":false,"boss_relics":[],"items_purged_floors":[5],"is_endless":false,"potions_floor_spawned":[3,4,7],"killed_by":"Lagavulin","ascension_level":9}}