{"host":"jl7epezt8u9c37lt","time":1611962530,"event":{"mods":["Arknights The Spire","Aspiration","Astrologer","Bard","BaseMod","Beaked The Cultist","Better Third Choice","Conspire","DeckTracker","Downfall","Energized Spire","GifTheSpireLib","Glutton Mod","Halation","Hermit","HexUI Lib","Hubris","Lobotomy","LobotomyExtend","Minty Spire (QoL Compilation)","Quick Restart","Reliquary","Replay The Spire","Spikes Relics","StSLib","Stuff the Spire","The Animator","The Bladedancer","The Blue Laboratory","The Disciple","The Jungle","The Runesmith","egg"],"gold_per_floor":[113,113,123,123,142,185,185,9,9,9,0,14,14,39,39,165,165,185,185,209,284,303,303,303],"floor_reached":23,"language":"ENG","playtime":804,"items_purged":[],"score":191,"play_id":"b04b4077-57d5-4bc2-ac46-49c80e0e7f69","local_time":"20210129172210","is_ascension_mode":false,"campfire_choices":[{"floor":10.0,"key":"REST"},{"floor":15.0,"key":"REST"}],"circlet_count":0,"master_deck":["Strike_B","Strike_B","Strike_B","Strike_B","Defend_B","Defend_B","Defend_B","Defend_B","Zap","Dualcast","Conserve Battery","Lockon","BasicCrystalCard","Capacitor","BootSequence","Enlightenment","Ball Lightning","Ball Lightning","Sweeping Beam","BasicCrystalCard","Compile Driver","Beam Cell+1"],"relics":["Cracked Core","Smiling Mask","LetterFromLob","Golden Idol","Ice Cream","halation:StarCompass","reliquary:QuartzCube","hubris:HollowSoul","Pantograph"],"acts_visited":["Exordium","TheCity"],"potions_floor_usage":[16,16,23,23],"damage_taken":[{"damage":0.0,"enemies":"Small Slimes","floor":1.0,"turns":2.0},{"damage":1.0,"enemies":"2 Louse","floor":3.0,"turns":2.0},{"damage":4.0,"enemies":"Jaw Worm","floor":5.0,"turns":2.0},{"damage":48.0,"enemies":"3 Sentries","floor":6.0,"turns":10.0},{"damage":2.0,"enemies":"Blue Slaver","floor":12.0,"turns":3.0},{"damage":0.0,"enemies":"2 Fungi Beasts","floor":14.0,"turns":3.0},{"damage":49,"enemies":"The Guardian","floor":16,"turns":10},{"damage":3,"enemies":"2 Thieves","floor":18,"turns":5},{"damage":10,"enemies":"3 Byrds","floor":20,"turns":5},{"damage":33,"enemies":"conspire:HollyBat","floor":22,"turns":8},{"damage":30,"enemies":"Book of Stabbing","floor":23,"turns":4}],"seed_played":"7963274476810053496","potions_obtained":[{"floor":3.0,"key":"blueLaboratory:RelayPotion"},{"floor":16,"key":"blueLaboratory:PhilterOfMotion"},{"floor":18,"key":"Languid Potion"}],"is_trial":false,"path_per_floor":["M","?","M","?","M","E","?","$","T","R","?","M","?","M","R","B",null,"M","?","M","T","M","E"],"character_chosen":"DEFECT","items_purchased":["champ:CounterPotion","FocusPotion","BootSequence"],"campfire_rested":2,"item_purchase_floors":[8,8,8],"current_hp_per_floor":[75,80,79,59,55,7,7,7,7,31,37,35,38,38,64,15,89,86,86,76,76,43,0,0],"gold":303,"neow_bonus":"RANDOM_COMMON_RELIC","is_daily":false,"chose_seed":false,"campfire_upgraded":0,"win_rate":0.0,"timestamp":1611962530,"path_taken":["M","?","M","?","M","E","?","?","T","R","?","?","?","M","R","BOSS","M","?","M","?","M","E"],"items_purchased_type":["Potion","Potion","Card"],"build_version":"2020-12-22","purchased_purges":0,"victory":false,"max_hp_per_floor":[75,80,80,80,80,80,80,80,80,80,86,86,89,89,89,89,89,89,89,89,89,89,89,89],"card_choices":[{"not_picked":["ReplayTheSpireMod:GoodbyeWorld","Double Energy"],"picked":"Conserve Battery","floor":1.0},{"not_picked":["StuffTheSpire:LoadUp","Reinforced Body"],"picked":"Lockon","floor":3.0},{"not_picked":["Leap","StuffTheSpire:Plugnplay"],"picked":"BasicCrystalCard","floor":5.0},{"not_picked":["Barrage","Redo"],"picked":"Capacitor","floor":6.0},{"not_picked":["Conserve Battery","hubris:DoWhile"],"picked":"Ball Lightning","floor":12.0},{"not_picked":["StuffTheSpire:Plugnplay","Panic Button"],"picked":"Ball Lightning","floor":14.0},{"not_picked":["Conserve Battery","Redo+1"],"picked":"Sweeping Beam","floor":18},{"not_picked":["ReplayTheSpireMod:Dual Polarity+1","ReplayGash"],"picked":"Compile Driver","floor":20},{"not_picked":["Steam Power","Fusion"],"picked":"Beam Cell+1","floor":22}],"player_experience":207850,"relics_obtained":[{"floor":1.0,"key":"LetterFromLob"},{"floor":6.0,"key":"Ice Cream"},{"floor":9.0,"key":"reliquary:QuartzCube"},{"floor":21,"key":"Pantograph"}],"event_choices":[{"damage_healed":0.0,"max_hp_gain":5.0,"max_hp_loss":0.0,"gold_gain":0.0,"event_name":"Big Fish","player_choice":"Donut","floor":2.0,"gold_loss":0.0,"damage_taken":0.0},{"damage_healed":0.0,"max_hp_gain":0.0,"max_hp_loss":0.0,"gold_gain":0.0,"event_name":"Golden Idol","player_choice":"Take Damage","floor":4.0,"gold_loss":0.0,"damage_taken":20.0,"relics_obtained":["Golden Idol"]},{"damage_healed":0.0,"max_hp_gain":0.0,"max_hp_loss":0.0,"gold_gain":0.0,"event_name":"betterThird:BetterSerpent","player_choice":"RENOUNCE","floor":11.0,"gold_loss":9.0,"damage_taken":9.0,"cards_obtained":["Enlightenment"]},{"damage_healed":0,"gold_gain":0,"player_choice":"Read","damage_taken":0,"max_hp_gain":0,"max_hp_loss":0,"event_name":"The Library","floor":19,"gold_loss":0,"cards_obtained":["BasicCrystalCard"]}],"is_beta":false,"boss_relics":[{"not_picked":["hubris:Backtick","energizedSpire:NeverEndingSparkler"],"picked":"hubris:HollowSoul"}],"items_purged_floors":[],"is_endless":false,"potions_floor_spawned":[3,12,16,18],"killed_by":"Book of Stabbing","ascension_level":0}}