{"host":"ecuvtzmejf7hhjpv","time":1611891047,"event":{"mods":["AchievementEnabler","Act Like it!","Aspiration","BaseMod","Better Altar","Better Match","Better Note","Better Sensory Stone","Better Skull","Better Third Choice","BetterRewards","Conspire","Custom Start","Downfall","Gensokyo","GifTheSpireLib","Hallownest","Hermit","Hubris","Kratos Character Expansion","Luminous","Marisa????????","Minty Spire (QoL Compilation)","Prisma Mod","Remilia??????","Replay The Spire","Robot Space Explorer","Spicy Shops","StSLib","The Animator","The Blackbeard","The Bug Knight","The Construct","The Cursed","The Disciple","The Dragon Tamer","The Forsaken","The Hierophant","The Jungle","The Marked","The Necromancer","The Poker Player","The Wild Card","TheSwordswoman"],"gold_per_floor":[99,115,115,126,139,152,152,177,197,197,372,392,292,304,324,427,427,427,439,457,457,457,73,73,87,118,118,153,63,63,63,63],"floor_reached":30,"language":"ENG","playtime":1142,"items_purged":["Regret"],"score":252,"play_id":"90e7498e-46dd-4861-948d-505df5895434","local_time":"20210128213047","is_ascension_mode":false,"campfire_choices":[{"data":"champ:Taunt","floor":1,"key":"SMITH"},{"floor":10,"key":"RECALL"},{"data":"champ:HoldFirm","floor":13,"key":"SMITH"},{"data":"champ:GladiatorForm","floor":18,"key":"SMITH"},{"floor":27,"key":"REST"}],"circlet_count":0,"master_deck":["champ:Strike","champ:Strike","champ:Strike","champ:Strike","champ:Defend","champ:Defend","champ:Defend","champ:Defend","champ:Execute","champ:Taunt+1","champ:PerfectedStrike","champ:BerserkersShout","champ:PreciseThrust","champ:HoldFirm+1","champ:Backstep","Doubt","champ:FanOfKnives","champ:GladiatorForm+1","champ:StrikeOfGenius","champ:GladiatorStyle","champ:IronFortress","champ:GladiatorStyle","champ:BringItOn","champ:SetATrap","champ:GladiatorStyle","champ:SkillfulDodge","champ:Endure+1"],"relics":["Replay:Bronze Core","conspire:Boomerang","hubris:DeckOfHolding","Bottled Lightning","downfall:HeartBlessingRed","aspiration:FutureDiary","Sling","ReplayFunnel","Turnip","Orichalcum","Pantograph"],"acts_visited":["Exordium","TheCity"],"potions_floor_usage":[16,16,26],"damage_taken":[{"damage":10,"enemies":"Small Slimes","floor":2,"turns":2},{"damage":20,"enemies":"2 Louse","floor":4,"turns":2},{"damage":26,"enemies":"Jaw Worm","floor":5,"turns":3},{"damage":8,"enemies":"Lots of Slimes","floor":6,"turns":5},{"damage":38,"enemies":"HollowMod:MossKnight","floor":8,"turns":5},{"damage":10,"enemies":"3 Louse","floor":9,"turns":2},{"damage":22,"enemies":"Large Slime","floor":12,"turns":4},{"damage":10,"enemies":"Exordium Wildlife","floor":14,"turns":2},{"damage":0,"enemies":"Red Slaver","floor":15,"turns":2},{"damage":98,"enemies":"DF_ARCHETYPE_STREAMLINE","floor":16,"turns":12},{"damage":20,"enemies":"conspire:FuzzyDice","floor":19,"turns":3},{"damage":60,"enemies":"Shelled Parasite and Fungi","floor":20,"turns":6},{"damage":12,"enemies":"downfall:FleeingMerchant","floor":23,"turns":5},{"damage":48,"enemies":"conspire:HollyBat","floor":25,"turns":9},{"damage":52,"enemies":"Gremlin Leader","floor":26,"turns":5},{"damage":22,"enemies":"conspire:MimicChest","floor":28,"turns":7},{"damage":10,"enemies":"downfall:FleeingMerchant","floor":29,"turns":5},{"damage":50,"enemies":"Book of Stabbing","floor":30,"turns":7}],"seed_played":"5782031570098162225","potions_obtained":[{"floor":2,"key":"ColorlessPotion"},{"floor":4,"key":"Elixir"},{"floor":8,"key":"Cursed Concoction"},{"floor":15,"key":"FairyPotion"},{"floor":16,"key":"Dexterity Potion"},{"floor":20,"key":"SneckoOil"},{"floor":25,"key":"sneckomod:MuddlingPotion"}],"is_trial":false,"path_per_floor":["R","M","?","M","M","M","T","E","M","R","?","M","R","M","M","B",null,"R","M","M","?","?","$","T","M","E","R","?","$","E"],"character_chosen":"THE_CHAMP","items_purchased":["Sling","ReplayFunnel","champ:BringItOn"],"campfire_rested":1,"item_purchase_floors":[23,23,23],"current_hp_per_floor":[90,90,90,90,89,81,81,58,58,58,58,56,56,56,56,30,90,90,90,65,65,65,63,63,55,28,55,38,38,0,0,0],"gold":63,"neow_bonus":"BOSS_RELIC","is_daily":false,"chose_seed":false,"campfire_upgraded":3,"win_rate":0.0,"timestamp":1611891047,"path_taken":["R","M","?","M","M","M","T","E","M","R","?","?","R","M","M","BOSS","R","M","M","?","?","$","T","M","E","R","?","$","E"],"items_purchased_type":["Relic","Relic","Card"],"build_version":"2020-12-22","purchased_purges":1,"victory":false,"max_hp_per_floor":[90,90,90,90,90,90,90,90,90,90,90,90,90,90,90,90,90,90,90,90,90,90,90,90,90,90,90,90,90,90,90,90],"card_choices":[{"not_picked":["champ:RapidStrikes","champ:GladiatorStyle"],"picked":"champ:PerfectedStrike","floor":2},{"not_picked":["champ:Circumvent","champ:Haymaker"],"picked":"champ:BerserkersShout","floor":4},{"not_picked":["champ:DefensiveShout","champ:PreemptiveStrike"],"picked":"champ:PreciseThrust","floor":5},{"not_picked":["champ:RapidStrikes","champ:Backstep"],"picked":"champ:HoldFirm","floor":6},{"not_picked":["champ:Circumvent","champ:Encircle"],"picked":"champ:Backstep","floor":8},{"not_picked":["champ:BladeFlurry","champ:BerserkersShout","champ:Haymaker"],"picked":"SKIP","floor":9},{"not_picked":["champ:BerserkerStyle","champ:FlashCut"],"picked":"champ:FanOfKnives","floor":12},{"not_picked":["champ:ShieldSlam","champ:TornadoPunch"],"picked":"champ:GladiatorForm","floor":14},{"not_picked":["champ:TornadoPunch","champ:FalseCounter","champ:CrownThrow"],"picked":"SKIP","floor":15},{"not_picked":["champ:HeavySlash","champ:ShieldThrow"],"picked":"champ:StrikeOfGenius","floor":16},{"not_picked":["champ:StanceDance+1","champ:TornadoPunch"],"picked":"champ:GladiatorStyle","floor":19},{"not_picked":["champ:StanceDance","champ:EnragedBash"],"picked":"champ:IronFortress","floor":20},{"not_picked":["champ:RecklessLeap+1","champ:DeathBlow"],"picked":"champ:GladiatorStyle","floor":23},{"not_picked":["champ:PreciseThrust+1","champ:EndlessRage+1"],"picked":"champ:SetATrap","floor":25},{"not_picked":["champ:Backstep","champ:GutPunch+1"],"picked":"champ:GladiatorStyle","floor":26},{"not_picked":["champ:GutPunch","champ:Circumvent"],"picked":"champ:SkillfulDodge","floor":28},{"not_picked":["champ:IronFortress","champ:SetATrap"],"picked":"champ:Endure+1","floor":29}],"player_experience":1170740,"relics_obtained":[{"floor":7,"key":"hubris:DeckOfHolding"},{"floor":8,"key":"Bottled Lightning"},{"floor":24,"key":"Turnip"},{"floor":26,"key":"Orichalcum"},{"floor":28,"key":"Pantograph"}],"event_choices":[{"damage_healed":0,"gold_gain":0,"player_choice":"Box","damage_taken":0,"relics_obtained":["conspire:Boomerang"],"max_hp_gain":0,"max_hp_loss":0,"event_name":"Big Fish","floor":3,"gold_loss":0,"cards_obtained":["Regret"]},{"damage_healed":0,"gold_gain":0,"player_choice":"Ignored","damage_taken":0,"max_hp_gain":0,"max_hp_loss":0,"event_name":"betterNote:BetterNote","floor":21,"gold_loss":0,"cards_obtained":["Strike_G"]},{"damage_healed":0,"gold_gain":0,"player_choice":"Leave","damage_taken":0,"max_hp_gain":0,"max_hp_loss":0,"event_name":"conspire:Investor","floor":22,"gold_loss":0}],"is_beta":false,"boss_relics":[{"not_picked":["Replay:Wanted Poster","construct:ClawGrip"],"picked":"aspiration:FutureDiary"}],"items_purged_floors":[29],"is_endless":false,"potions_floor_spawned":[2,4,8,14,15,16,20,25],"killed_by":"Book of Stabbing","ascension_level":0}}