{"host":"zsnmfqgcm92hlreo","time":1611955947,"event":{"mods":["AchievementEnabler","BaseMod","Bestiary","Block Reminder","Colored Powertips","Minty Spire (QoL Compilation)","Permanent Neow","Quick Restart","Relic Stats","Weighted Paths"],"gold_per_floor":[109,119,131,143,160,190,247,247,323,339,339,357,378,52,52,52,52],"floor_reached":16,"language":"ENG","playtime":800,"items_purged":["Strike_G"],"score":208,"play_id":"2019c4cd-4143-457f-b08a-c2e3c154a310","local_time":"20210129153227","is_ascension_mode":true,"campfire_choices":[{"floor":8,"key":"REST"},{"data":"Neutralize","floor":11,"key":"SMITH"},{"data":"Infinite Blades","floor":15,"key":"SMITH"}],"circlet_count":0,"master_deck":["AscendersBane","Strike_G","Strike_G","Strike_G","Strike_G","Defend_G","Defend_G","Defend_G","Defend_G","Defend_G","Survivor","Neutralize+1","Dash","Quick Slash","Dagger Spray","Cloak And Dagger","Catalyst","Concentrate","Backflip","Backflip","Leg Sweep","Infinite Blades+1"],"relics":["Sozu","InkBottle","Ice Cream","Pantograph","Odd Mushroom","ClockworkSouvenir"],"acts_visited":["Exordium"],"potions_floor_usage":[],"damage_taken":[{"damage":4,"enemies":"Small Slimes","floor":1,"turns":4},{"damage":0,"enemies":"Jaw Worm","floor":2,"turns":4},{"damage":0,"enemies":"2 Louse","floor":3,"turns":3},{"damage":4,"enemies":"Blue Slaver","floor":4,"turns":4},{"damage":0,"enemies":"2 Fungi Beasts","floor":5,"turns":4},{"damage":15,"enemies":"3 Sentries","floor":6,"turns":8},{"damage":27,"enemies":"3 Sentries","floor":7,"turns":9},{"damage":0,"enemies":"Red Slaver","floor":10,"turns":3},{"damage":0,"enemies":"Large Slime","floor":12,"turns":5},{"damage":7,"enemies":"The Mushroom Lair","floor":13,"turns":4},{"damage":52,"enemies":"Hexaghost","floor":16,"turns":15}],"seed_played":"6796445413205348444","potions_obtained":[],"is_trial":false,"path_per_floor":["M","M","M","M","M","E","?","R","T","M","R","M","?","$","R","B"],"character_chosen":"THE_SILENT","items_purchased":["ClockworkSouvenir","Infinite Blades"],"campfire_rested":1,"item_purchase_floors":[14,14],"current_hp_per_floor":[55,55,55,51,51,36,9,28,28,28,28,28,21,21,21,0,0],"gold":52,"neow_bonus":"BOSS_RELIC","is_daily":false,"chose_seed":false,"campfire_upgraded":2,"win_rate":0.0,"timestamp":1611955947,"path_taken":["M","M","M","M","M","E","?","R","T","M","R","M","?","$","R","BOSS"],"items_purchased_type":["Relic","Card"],"build_version":"2020-12-22","purchased_purges":1,"victory":false,"max_hp_per_floor":[66,66,66,66,66,66,66,66,66,66,66,66,66,66,66,66,66],"relic_stats":{"Sozu":4,"counters":[11,63],"Pantograph":25,"obtain_stats":[{"Sozu":0,"Ice Cream":7,"Pantograph":9,"Odd Mushroom":13,"InkBottle":6,"Ring of the Snake":0,"ClockworkSouvenir":14},{"Sozu":0,"Ice Cream":7,"Pantograph":7,"Odd Mushroom":10,"InkBottle":6,"Ring of the Snake":0,"ClockworkSouvenir":10},{"Sozu":0,"Ice Cream":36,"Pantograph":36,"Odd Mushroom":48,"InkBottle":27,"Ring of the Snake":0,"ClockworkSouvenir":48}],"InkBottle":[15]},"card_choices":[{"not_picked":["Flying Knee","Blade Dance"],"picked":"Dash","floor":1},{"not_picked":["Distraction","Deflect","Quick Slash"],"picked":"SKIP","floor":2},{"not_picked":["Distraction","Deflect"],"picked":"Quick Slash","floor":2},{"not_picked":["Deflect","Outmaneuver"],"picked":"Dagger Spray","floor":3},{"not_picked":["Riddle With Holes","Quick Slash","Concentrate"],"picked":"SKIP","floor":4},{"not_picked":["Flechettes","Dagger Throw"],"picked":"Cloak And Dagger","floor":5},{"not_picked":["Venomology","Bane"],"picked":"Catalyst","floor":6},{"not_picked":["Slice","All Out Attack"],"picked":"Concentrate","floor":7},{"not_picked":["PiercingWail","Tactician"],"picked":"Backflip","floor":10},{"not_picked":["Dagger Throw","Acrobatics"],"picked":"Backflip","floor":12},{"not_picked":["Poisoned Stab","Underhanded Strike"],"picked":"Leg Sweep","floor":13}],"player_experience":941149,"relics_obtained":[{"floor":6,"key":"InkBottle"},{"floor":7,"key":"Ice Cream"},{"floor":9,"key":"Pantograph"},{"floor":13,"key":"Odd Mushroom"}],"event_choices":[{"damage_healed":0,"gold_gain":30,"player_choice":"Searched \u00272\u0027 times","damage_taken":0,"max_hp_gain":0,"max_hp_loss":0,"event_name":"Dead Adventurer","floor":7,"gold_loss":0},{"damage_healed":0,"gold_gain":0,"player_choice":"Fought Mushrooms","damage_taken":0,"max_hp_gain":0,"max_hp_loss":0,"event_name":"Mushrooms","floor":13,"gold_loss":0}],"is_beta":false,"boss_relics":[],"items_purged_floors":[14],"is_endless":false,"potions_floor_spawned":[1,4,5,6],"killed_by":"Hexaghost","ascension_level":20}}