{"host":"drjz7zl15rqtgg20","time":1611936155,"event":{"mods":["BaseMod","Colored Map","Downfall","Minty Spire (QoL Compilation)","StSLib"],"gold_per_floor":[99,111,126,126,136,166,189,205,205,224,24,37,37,37,48,145,145,45,60,84,98,98,133,133,133,147,147,160,191,101,86,102,203,203,203,220,269,284,13,63,63,283,295,295,330,330,330,365,375,375,375,375],"floor_reached":50,"language":"ENG","playtime":4595,"items_purged":["Regret","hexamod:ThermalTransfer","hexamod:GhostOfSpireFuture"],"score":592,"play_id":"ac1ed5db-3678-4109-947d-1fd7ed4cb5f6","local_time":"20210129110235","is_ascension_mode":false,"campfire_choices":[{"floor":1,"key":"RECALL"},{"data":"hexamod:SpectralSpark","floor":11,"key":"SMITH"},{"data":"hexamod:HeatShield","floor":13,"key":"SMITH"},{"data":"hexamod:SearingWound","floor":18,"key":"SMITH"},{"data":"hexamod:SkipABeat","floor":25,"key":"SMITH"},{"data":"hexamod:ShieldOfDarkness","floor":27,"key":"SMITH"},{"data":"hexamod:WildfireWeapon","floor":35,"key":"SMITH"},{"floor":44,"key":"REST"},{"data":"1","floor":46,"key":"LIFT"}],"circlet_count":0,"master_deck":["hexamod:Strike+1","hexamod:Strike+1","hexamod:Strike+1","hexamod:Strike+1","hexamod:Defend+1","hexamod:Defend+1","hexamod:Defend+1","hexamod:Defend+1","hexamod:Sear","hexamod:Float","hexamod:SpectralSpark+1","hexamod:ThermalTransfer","hexamod:ShieldOfDarkness+1","hexamod:HeatShield+1","hexamod:SearingWound+1","hexamod:FirstSeal","hexamod:SkipABeat+1","hexamod:StepThrough+1","hexamod:WildfireWeapon+1","hexamod:FlamesFromBeyond+1","hexamod:StepThrough+1","hexamod:FlamesFromBeyond+1","hexamod:SwordOfDarkness+1","hexamod:RadiantFlame+1","hexamod:CatchUp+1"],"relics":["hexamod:SpiritBrand","Regal Pillow","Guardian:GemstoneGun","downfall:HeartBlessingRed","downfall:HeartBlessingGreen","White Beast Statue","Cursed Key","downfall:HeartBlessingBlue","Anchor","Lizard Tail","CaptainsWheel","Velvet Choker","Ice Cream","Vajra","Prayer Wheel","Girya","Eternal Feather"],"acts_visited":["Exordium","TheCity","TheBeyond"],"potions_floor_usage":[16,16,31,37,43,43,45,45,50],"damage_taken":[{"damage":0,"enemies":"Cultist","floor":2,"turns":4},{"damage":2,"enemies":"2 Louse","floor":3,"turns":2},{"damage":0,"enemies":"Jaw Worm","floor":5,"turns":4},{"damage":22,"enemies":"Lagavulin","floor":6,"turns":8},{"damage":0,"enemies":"Red Slaver","floor":8,"turns":3},{"damage":0,"enemies":"Exordium Wildlife","floor":10,"turns":2},{"damage":0,"enemies":"Exordium Thugs","floor":12,"turns":3},{"damage":1,"enemies":"2 Fungi Beasts","floor":15,"turns":4},{"damage":32,"enemies":"DF_ARCHETYPE_STREAMLINE","floor":16,"turns":11},{"damage":0,"enemies":"Shell Parasite","floor":19,"turns":4},{"damage":10,"enemies":"Centurion and Healer","floor":21,"turns":6},{"damage":12,"enemies":"Gremlin Leader","floor":23,"turns":9},{"damage":1,"enemies":"Snake Plant","floor":26,"turns":3},{"damage":4,"enemies":"3 Cultists","floor":28,"turns":7},{"damage":30,"enemies":"Book of Stabbing","floor":29,"turns":6},{"damage":1,"enemies":"downfall:FleeingMerchant","floor":30,"turns":4},{"damage":10,"enemies":"downfall:FleeingMerchant","floor":31,"turns":4},{"damage":0,"enemies":"Shelled Parasite and Fungi","floor":32,"turns":6},{"damage":26,"enemies":"WA_ARCHETYPE_CALM","floor":33,"turns":11},{"damage":9,"enemies":"3 Darklings","floor":36,"turns":5},{"damage":55,"enemies":"2 Orb Walkers","floor":37,"turns":7},{"damage":0,"enemies":"Orb Walker","floor":38,"turns":3},{"damage":0,"enemies":"downfall:FleeingMerchant","floor":39,"turns":4},{"damage":15,"enemies":"downfall:FleeingMerchant","floor":40,"turns":7},{"damage":0,"enemies":"downfall:FleeingMerchant","floor":42,"turns":3},{"damage":17,"enemies":"Transient","floor":43,"turns":5},{"damage":37,"enemies":"Nemesis","floor":45,"turns":9},{"damage":19,"enemies":"Giant Head","floor":48,"turns":8},{"damage":3,"enemies":"Sphere and 2 Shapes","floor":49,"turns":4},{"damage":166,"enemies":"IC_BLOCK_ARCHETYPE","floor":50,"turns":4}],"seed_played":"118230678048683160","potions_obtained":[{"floor":2,"key":"SpeedPotion"},{"floor":12,"key":"LiquidBronze"},{"floor":15,"key":"Energy Potion"},{"floor":16,"key":"Explosive Potion"},{"floor":19,"key":"Swift Potion"},{"floor":31,"key":"champ:CounterPotion"},{"floor":37,"key":"Strength Potion"},{"floor":38,"key":"DuplicationPotion"},{"floor":39,"key":"Block Potion"},{"floor":43,"key":"PowerPotion"},{"floor":45,"key":"Fruit Juice"},{"floor":48,"key":"Swift Potion"},{"floor":49,"key":"SneckoOil"}],"is_trial":false,"path_per_floor":["R","M","M","?","M","E","T","M","?","M","R","M","R","T","M","B",null,"R","M","T","M","?","E","T","R","M","R","M","E","$","$","M","B",null,"R","M","?","M","$","?","T","$","M","R","E","R","?","E","M","B"],"character_chosen":"THE_SPIRIT","items_purchased":["Vajra"],"campfire_rested":1,"item_purchase_floors":[39],"current_hp_per_floor":[77,77,75,75,75,53,53,53,53,53,53,53,53,53,52,20,77,87,87,87,77,77,72,72,72,71,71,74,51,57,54,61,42,87,87,85,37,37,37,29,29,36,26,67,42,42,42,30,34,0,0,0],"gold":375,"neow_bonus":"TEN_PERCENT_HP_BONUS","is_daily":false,"chose_seed":false,"campfire_upgraded":6,"win_rate":0.0,"timestamp":1611936155,"path_taken":["R","M","M","?","M","E","T","M","?","M","R","M","R","?","M","BOSS","R","M","?","M","?","E","T","R","M","R","?","E","?","$","M","BOSS","R","M","?","M","$","?","T","$","M","R","E","R","?","E","M","BOSS"],"items_purchased_type":["Relic"],"build_version":"2020-12-22","purchased_purges":3,"victory":false,"max_hp_per_floor":[77,77,77,77,77,77,77,77,77,77,77,77,77,77,77,77,77,87,87,87,87,87,87,87,87,87,87,87,87,87,87,87,87,87,87,87,87,87,87,87,87,87,87,87,92,92,92,92,92,92,92,92],"card_choices":[{"not_picked":["hexamod:Hexaguard","hexamod:GhostShield"],"picked":"hexamod:SpectralSpark","floor":2},{"not_picked":["hexamod:HeatMetal","hexamod:DynamicBlow"],"picked":"hexamod:ThermalTransfer","floor":3},{"not_picked":["hexamod:BacktrackSmack","hexamod:RecurringNightmare"],"picked":"hexamod:ThermalTransfer","floor":5},{"not_picked":["hexamod:SixthSeal","hexamod:RainOfEmbers"],"picked":"hexamod:ShieldOfDarkness","floor":6},{"not_picked":["hexamod:Firestarter","hexamod:HeatMetal"],"picked":"hexamod:HeatShield","floor":8},{"not_picked":["hexamod:RetreatToShadows","hexamod:InspiringFlames","hexamod:BacktrackSmack"],"picked":"SKIP","floor":10},{"not_picked":["hexamod:GhostflameBarrier","hexamod:BacktrackSmack","hexamod:Incineration"],"picked":"SKIP","floor":12},{"not_picked":["hexamod:RecurringNightmare","hexamod:GhostLash","hexamod:ThermalTransfer"],"picked":"SKIP","floor":15},{"not_picked":["hexamod:GhostOfSpirePresent","hexamod:WildfireWeapon"],"picked":"hexamod:SearingWound","floor":16},{"not_picked":["hexamod:ShieldOfDarkness","hexamod:SpectersWail","hexamod:Hexaguard+1"],"picked":"SKIP","floor":19},{"not_picked":["hexamod:AdvancingGuard","hexamod:GhostShield"],"picked":"hexamod:FirstSeal","floor":21},{"not_picked":["hexamod:RecurringNightmare","hexamod:FirstSeal"],"picked":"hexamod:SkipABeat","floor":23},{"not_picked":["hexamod:RecurringNightmare","hexamod:NightmareStrike","hexamod:Firestarter"],"picked":"SKIP","floor":26},{"not_picked":["hexamod:Again","hexamod:PowerFromBeyond","hexamod:NightmareGuise"],"picked":"SKIP","floor":28},{"not_picked":["hexamod:NightmareStrike+1","hexamod:PowerFromBeyond","hexamod:SkipABeat"],"picked":"SKIP","floor":29},{"not_picked":["hexamod:GhostLash","hexamod:SoulSteal","hexamod:SpectralSpark"],"picked":"SKIP","floor":30},{"not_picked":["hexamod:FirstSeal","hexamod:UnleashSpirits"],"picked":"hexamod:GhostOfSpireFuture","floor":31},{"not_picked":["hexamod:GhostLash","hexamod:FastForward"],"picked":"hexamod:StepThrough+1","floor":32},{"not_picked":["hexamod:TurnItUp","hexamod:SixthSeal"],"picked":"hexamod:WildfireWeapon","floor":33},{"not_picked":["hexamod:GhostOfSpirePast+1","hexamod:NecessarySacrifice+1"],"picked":"hexamod:FlamesFromBeyond+1","floor":36},{"not_picked":["hexamod:RadiantFlame+1","hexamod:SpectersWail+1"],"picked":"hexamod:StepThrough+1","floor":37},{"not_picked":["hexamod:ExtraCrispy","hexamod:RainOfEmbers","hexamod:Again"],"picked":"SKIP","floor":38},{"not_picked":["hexamod:SpectersWail","hexamod:GhostOfSpirePast+1","hexamod:ChargedBarrage+1"],"picked":"SKIP","floor":39},{"not_picked":["hexamod:HeatMetal+1","hexamod:BurningTouch"],"picked":"hexamod:FlamesFromBeyond+1","floor":40},{"not_picked":["hexamod:GhostflameInferno","hexamod:NightmareGuise"],"picked":"hexamod:SwordOfDarkness+1","floor":42},{"not_picked":["hexamod:SoulSteal","hexamod:GhostLash","hexamod:HeatMetal+1"],"picked":"SKIP","floor":43},{"not_picked":["hexamod:Firestarter+1","hexamod:GhostLash","hexamod:HauntingEcho+1"],"picked":"SKIP","floor":43},{"not_picked":["hexamod:GhostOfSpirePast","hexamod:ChargedBarrage"],"picked":"hexamod:RadiantFlame+1","floor":45},{"not_picked":["hexamod:SuperheatedStrike","hexamod:GhostOfSpirePresent","hexamod:ParanormalForm"],"picked":"SKIP","floor":48},{"not_picked":["hexamod:AdvancingGuard","hexamod:Rewind"],"picked":"hexamod:CatchUp+1","floor":49},{"not_picked":["hexamod:NightmareStrike","hexamod:InspiringFlames","hexamod:HeatCrush"],"picked":"SKIP","floor":49}],"player_experience":624647,"relics_obtained":[{"floor":6,"key":"Guardian:GemstoneGun"},{"floor":14,"key":"White Beast Statue"},{"floor":20,"key":"Anchor"},{"floor":23,"key":"Lizard Tail"},{"floor":29,"key":"CaptainsWheel"},{"floor":37,"key":"Ice Cream"},{"floor":40,"key":"Prayer Wheel"},{"floor":45,"key":"Girya"},{"floor":48,"key":"Eternal Feather"}],"event_choices":[{"damage_healed":0,"gold_gain":0,"player_choice":"Fight","damage_taken":0,"max_hp_gain":0,"max_hp_loss":0,"event_name":"Mysterious Sphere","floor":37,"gold_loss":0}],"is_beta":false,"boss_relics":[{"not_picked":["Black Star","Fusion Hammer"],"picked":"Cursed Key"},{"not_picked":["Snecko Eye","Tiny House"],"picked":"Velvet Choker"}],"items_purged_floors":[30,39,42],"is_endless":false,"potions_floor_spawned":[2,12,15,16,19,21,23,26,28,29,30,31,32,33,36,37,38,39,40,42,43,45,48,49],"killed_by":"IC_BLOCK_ARCHETYPE","ascension_level":0}}