{"host":"2smcgt1ki1qcud40","time":1611934404,"event":{"mods":["BaseMod","Minty Spire (QoL Compilation)"],"gold_per_floor":[14,14,32,32,32,68,68,86,113,113,74,112,130,71,71,164,164,187,201,225,225,225,258,258,293,343,358,358,358],"floor_reached":28,"language":"ENG","playtime":1362,"items_purged":[],"score":479,"play_id":"eab3f992-f4fe-4183-872d-7fe0c1081879","local_time":"20210129163324","is_ascension_mode":true,"campfire_choices":[{"data":"Dagger Spray","floor":7.0,"key":"SMITH"},{"floor":10.0,"key":"REST"},{"floor":15.0,"key":"REST"},{"floor":24.0,"key":"REST"}],"circlet_count":0,"master_deck":["AscendersBane","Strike_G","Strike_G","Strike_G","Defend_G","Defend_G","Defend_G","Defend_G","Defend_G","Survivor","Neutralize","Dagger Spray+1","Injury","Deadly Poison","Eviscerate","Tools of the Trade","Well Laid Plans","Slice","Blade Dance","Venomology","Footwork","Cloak And Dagger","Dagger Spray","A Thousand Cuts","Adrenaline","Prepared"],"relics":["Ring of the Snake","Calipers","Bloody Idol","Nunchaku","CultistMask","Matryoshka","Vajra","Pen Nib","Snake Skull","Philosopher\u0027s Stone","Regal Pillow","Boot","InkBottle","Strawberry"],"acts_visited":["Exordium","TheCity"],"potions_floor_usage":[25,25,28,28,28],"damage_taken":[{"damage":0.0,"enemies":"2 Louse","floor":1.0,"turns":3.0},{"damage":0.0,"enemies":"Small Slimes","floor":3.0,"turns":3.0},{"damage":34.0,"enemies":"3 Sentries","floor":6.0,"turns":8.0},{"damage":6.0,"enemies":"Cultist","floor":8.0,"turns":3.0},{"damage":12.0,"enemies":"Gremlin Nob","floor":12.0,"turns":3.0},{"damage":4.0,"enemies":"Red Slaver","floor":13.0,"turns":5.0},{"damage":21.0,"enemies":"Hexaghost","floor":16.0,"turns":9.0},{"damage":21.0,"enemies":"2 Thieves","floor":18.0,"turns":3.0},{"damage":8.0,"enemies":"Shell Parasite","floor":19.0,"turns":5.0},{"damage":3.0,"enemies":"Cultist and Chosen","floor":20.0,"turns":6.0},{"damage":14.0,"enemies":"Slavers","floor":23.0,"turns":6.0},{"damage":20,"enemies":"Gremlin Leader","floor":25,"turns":6},{"damage":17,"enemies":"Centurion and Healer","floor":27,"turns":6},{"damage":32,"enemies":"Snake Plant","floor":28,"turns":3}],"seed_played":"3777101789664595783","potions_obtained":[{"floor":1.0,"key":"ColorlessPotion"},{"floor":8.0,"key":"EssenceOfSteel"},{"floor":12.0,"key":"Fire Potion"},{"floor":19.0,"key":"CunningPotion"},{"floor":20.0,"key":"GhostInAJar"}],"is_trial":false,"path_per_floor":["M","?","M","?","?","E","R","M","T","R","$","E","M","$","R","B",null,"M","M","M","?","?","E","R","E","T","M","M"],"character_chosen":"THE_SILENT","items_purchased":["Well Laid Plans","Blade Dance"],"campfire_rested":3,"item_purchase_floors":[11,14],"current_hp_per_floor":[59,59,59,48,48,14,14,8,8,27,27,15,11,11,30,9,52,31,23,20,20,20,11,45,30,42,30,0,0],"gold":358,"neow_bonus":"ONE_RARE_RELIC","is_daily":false,"chose_seed":false,"campfire_upgraded":1,"win_rate":0.0,"timestamp":1611934404,"path_taken":["M","?","M","?","?","E","R","?","T","R","$","E","M","?","R","BOSS","M","M","M","?","?","E","R","E","T","M","M"],"items_purchased_type":["Card","Card"],"build_version":"2020-12-22","purchased_purges":0,"victory":false,"max_hp_per_floor":[66,66,66,66,66,66,66,66,66,66,66,66,66,66,66,66,66,66,66,66,66,66,66,66,66,73,73,73,73],"card_choices":[{"not_picked":["Flechettes","Bane"],"picked":"Dagger Spray","floor":1.0},{"not_picked":["Bane","Cloak And Dagger"],"picked":"Deadly Poison","floor":3.0},{"not_picked":["Prepared","Escape Plan"],"picked":"Eviscerate","floor":6.0},{"not_picked":["Eviscerate","Cloak And Dagger"],"picked":"Tools of the Trade","floor":8.0},{"not_picked":["Riddle With Holes","Backflip","Setup"],"picked":"SKIP","floor":12.0},{"not_picked":["Deadly Poison","Backflip"],"picked":"Slice","floor":13.0},{"not_picked":["Wraith Form v2","Tools of the Trade"],"picked":"Venomology","floor":16.0},{"not_picked":["Deflect+1","Escape Plan"],"picked":"Footwork","floor":18.0},{"not_picked":["All Out Attack","Dodge and Roll"],"picked":"Cloak And Dagger","floor":19.0},{"not_picked":["Cloak And Dagger","Sucker Punch","Flechettes"],"picked":"SKIP","floor":20.0},{"not_picked":["Backstab","Dodge and Roll"],"picked":"Adrenaline","floor":23.0},{"not_picked":["Heel Hook","Quick Slash","All Out Attack"],"picked":"SKIP","floor":25},{"not_picked":["Outmaneuver","Heel Hook"],"picked":"Prepared","floor":27}],"player_experience":710274,"relics_obtained":[{"floor":6.0,"key":"Matryoshka"},{"floor":9.0,"key":"Vajra"},{"floor":9.0,"key":"Pen Nib"},{"floor":12.0,"key":"Snake Skull"},{"floor":23.0,"key":"Regal Pillow"},{"floor":25,"key":"Boot"},{"floor":26,"key":"InkBottle"},{"floor":26,"key":"Strawberry"}],"event_choices":[{"damage_healed":0.0,"max_hp_gain":0.0,"max_hp_loss":0.0,"gold_gain":0.0,"event_name":"Golden Idol","player_choice":"Take Wound","floor":2.0,"gold_loss":0.0,"damage_taken":0.0,"relics_obtained":["Golden Idol"],"cards_obtained":["Injury"]},{"damage_healed":0.0,"max_hp_gain":0.0,"max_hp_loss":0.0,"gold_gain":0.0,"event_name":"Scrap Ooze","player_choice":"Success","floor":4.0,"gold_loss":0.0,"damage_taken":11.0,"relics_obtained":["Nunchaku"]},{"damage_healed":0.0,"max_hp_gain":0.0,"max_hp_loss":0.0,"gold_gain":0.0,"event_name":"FaceTrader","player_choice":"Trade","floor":5.0,"gold_loss":0.0,"damage_taken":0.0,"relics_obtained":["CultistMask"]},{"damage_healed":0.0,"max_hp_gain":0.0,"max_hp_loss":0.0,"gold_gain":0.0,"event_name":"Forgotten Altar","player_choice":"Gave Idol","floor":21.0,"relics_lost":["Golden Idol"],"gold_loss":0.0,"damage_taken":0.0,"relics_obtained":["Bloody Idol"]},{"damage_healed":0.0,"max_hp_gain":0.0,"max_hp_loss":0.0,"gold_gain":0.0,"cards_transformed":["Strike_G","Strike_G"],"event_name":"Drug Dealer","player_choice":"Became Test Subject","floor":22.0,"gold_loss":0.0,"damage_taken":0.0,"cards_obtained":["Dagger Spray","A Thousand Cuts"]}],"is_beta":false,"boss_relics":[{"not_picked":["Snecko Eye","Busted Crown"],"picked":"Philosopher\u0027s Stone"}],"items_purged_floors":[],"is_endless":false,"potions_floor_spawned":[1,8,12,19,20],"killed_by":"Snake Plant","ascension_level":16}}