{"host":"2mxajwyidsax8sss","time":1611947104,"event":{"mods":["2.2 Compatiblity","Act Like it!","Aspiration","Bartender","BaseMod","Better Match","Better Sensory Stone","Better Vampires","BetterRewards","Block Reminder","Chen","Colored Powertips","Conspire","Defuse TimeMaze Blight","Downfall","Energized Spire","Gensokyo","Googly Eyes","GungeonMod","Hermit","HololiveMod","Hubris","Jorbs\u0027s Wanderer Trilogy","Minty Spire (QoL Compilation)","Nova Terra(??·??)","Permanent Neow","Quick Restart","Random Character Button","Reimu??????","Relic Filter","Relic Stats","Replay The Spire","StSLib","The Death Knight","The Kombatant"],"gold_per_floor":[114,114,133,28,28,28,28,28,28,48,60,79,148,159,159,459,459],"floor_reached":16,"language":"ENG","playtime":1808,"items_purged":[],"score":92,"play_id":"ad5e559f-5a87-4da0-b17d-e6bac79b21ec","local_time":"20210129200504","is_ascension_mode":false,"campfire_choices":[{"data":"NovaMod:Upgrade","floor":6,"key":"SMITH"},{"data":"Die Die Die","floor":8,"key":"SMITH"},{"floor":15,"key":"RECALL"}],"circlet_count":0,"master_deck":["NovaMod:Basic_Strike_Nova","NovaMod:Basic_Strike_Nova","NovaMod:Basic_Strike_Nova","NovaMod:Basic_Defend_Nova","NovaMod:Basic_Defend_Nova","NovaMod:Snipe","NovaMod:PenetratingBlast","NovaMod:Pollution","Pain","NovaMod:Upgrade+1","NovaMod:Bioaugmentation+1","PiercingWail","Die Die Die+1","hubris:Sniper","NovaMod:MultilayerArmor","NovaMod:QuickResponse"],"relics":["NovaMod:GhostSuit","aspiration:Nostalgia","Burning Blood","Gensokyo:LunaticRedEyes","aspiration:StickyExplosives_weak","hubris:MedicalManual"],"acts_visited":["Gensokyo:Gensokyo"],"potions_floor_usage":[16],"damage_taken":[{"damage":11,"enemies":"Gensokyo:2_Kodama","floor":1,"turns":6},{"damage":7,"enemies":"Gensokyo:Python","floor":3,"turns":4},{"damage":2,"enemies":"Gensokyo:3_Fairies","floor":10,"turns":3},{"damage":23,"enemies":"Gensokyo:VengefulSpirit","floor":11,"turns":6},{"damage":11,"enemies":"Gensokyo:Gryphon_and_Rabbit","floor":12,"turns":4},{"damage":2,"enemies":"Gensokyo:3_Kodama","floor":14,"turns":3},{"damage":68,"enemies":"Gensokyo:Reimu","floor":16,"turns":9}],"seed_played":"-4563975695019247567","potions_obtained":[{"floor":11,"key":"DemoMod:LeadSkinPotion"},{"floor":14,"key":"hexamod:SoulburnPotion"}],"is_trial":false,"path_per_floor":["M","?","M","COS","?","R","?","R","T","M","M","M","T","M","R","B"],"character_chosen":"NOVA","items_purchased":[],"campfire_rested":0,"item_purchase_floors":[],"current_hp_per_floor":[75,75,74,74,74,74,74,74,74,78,61,56,56,60,60,0,0],"gold":459,"neow_bonus":"NOSTALGIA","is_daily":false,"chose_seed":false,"campfire_upgraded":2,"win_rate":0.0,"timestamp":1611947104,"path_taken":["M","?","M","COS","?","R","?","R","T","M","?","M","?","M","R","BOSS"],"items_purchased_type":[],"build_version":"2020-12-22","purchased_purges":0,"victory":false,"max_hp_per_floor":[80,80,80,80,80,80,80,80,80,80,80,80,80,80,80,80,80],"relic_stats":{"counters":[7,35],"obtain_stats":[{"aspiration:Nostalgia":0,"DemoMod:GlassGuonStoneRelic":11,"hubris:MedicalManual":14,"NovaMod:GhostSuit":0,"Burning Blood":0,"Gensokyo:LunaticRedEyes":2,"aspiration:StickyExplosives_weak":9},{"aspiration:Nostalgia":0,"DemoMod:GlassGuonStoneRelic":4,"hubris:MedicalManual":6,"NovaMod:GhostSuit":0,"Burning Blood":0,"Gensokyo:LunaticRedEyes":1,"aspiration:StickyExplosives_weak":2},{"aspiration:Nostalgia":0,"DemoMod:GlassGuonStoneRelic":19,"hubris:MedicalManual":26,"NovaMod:GhostSuit":0,"Burning Blood":0,"Gensokyo:LunaticRedEyes":6,"aspiration:StickyExplosives_weak":10}],"Burning Blood":36},"card_choices":[{"not_picked":["NovaMod:QuickResponse","NovaMod:RaidArtillery"],"picked":"NovaMod:Pollution","floor":1},{"not_picked":["NovaMod:Bioaugmentation","NovaMod:PrecsionAssembly"],"picked":"NovaMod:Upgrade","floor":3},{"not_picked":["NovaMod:WeaknessInsights","NovaMod:QuickResponse"],"picked":"NovaMod:MultilayerArmor","floor":10},{"not_picked":["NovaMod:MagrailMunitions","NovaMod:ArmorPenetration"],"picked":"NovaMod:QuickResponse","floor":11},{"not_picked":["NovaMod:QuickResponse","NovaMod:BarrageShooting","NovaMod:TechLab"],"picked":"SKIP","floor":12},{"not_picked":["NovaMod:Blink","NovaMod:Mediatation","NovaMod:PenetratingBlast"],"picked":"SKIP","floor":14}],"player_experience":87771,"relics_obtained":[{"floor":9,"key":"aspiration:StickyExplosives_weak"}],"event_choices":[],"is_beta":false,"boss_relics":[],"items_purged_floors":[],"is_endless":false,"potions_floor_spawned":[11,14],"killed_by":"Gensokyo:Reimu","ascension_level":0}}