{"host":"3y2rtlgteqp2nuo3","time":1611939709,"event":{"mods":["2.2 Compatiblity","AchievementEnabler","BaseMod","Colored Map","DeckTracker","Highlight Path","Keyboard Shortcuts","Minty Spire (QoL Compilation)","Permanent Neow","Quick Restart","StSLib","SuperFastMode","everything is the same but u backflip on backflip"],"gold_per_floor":[116,135,135,147,158,158,193,193,219,233,251,267,281,293,293,395,395,405,424,424,22,22,22,37,37,62,62,72,72,82,115,115,115,115],"floor_reached":33,"language":"KOR","playtime":698,"items_purged":[],"score":396,"play_id":"d3c07e65-a846-4538-bd88-8ef1f927cf36","local_time":"20210130020149","is_ascension_mode":true,"campfire_choices":[{"data":"Rampage","floor":6.0,"key":"SMITH"},{"data":"Wild Strike","floor":8.0,"key":"SMITH"},{"floor":15.0,"key":"REST"},{"data":"Perfected Strike","floor":23.0,"key":"SMITH"},{"floor":25.0,"key":"REST"},{"data":"Perfected Strike","floor":27.0,"key":"SMITH"},{"data":"Shrug It Off","floor":29.0,"key":"SMITH"},{"floor":32.0,"key":"REST"}],"circlet_count":0,"master_deck":["Strike_R","Strike_R","Strike_R","Strike_R","Strike_R","Defend_R","Defend_R","Defend_R","Defend_R","Bash+1","Headbutt","Flame Barrier","Rampage+1","Wild Strike+1","Perfected Strike+1","Feed","Pommel Strike+1","Perfected Strike+1","Shrug It Off+1","Evolve","Headbutt"],"relics":["Burning Blood","Red Skull","Happy Flower","SlaversCollar","Orrery","StrikeDummy","Omamori","Akabeko"],"acts_visited":["Exordium","TheCity"],"potions_floor_usage":[33],"damage_taken":[{"damage":0.0,"enemies":"2 Louse","floor":1.0,"turns":3.0},{"damage":16.0,"enemies":"Small Slimes","floor":2.0,"turns":4.0},{"damage":9.0,"enemies":"Jaw Worm","floor":4.0,"turns":4.0},{"damage":4.0,"enemies":"Looter","floor":5.0,"turns":4.0},{"damage":45.0,"enemies":"Lagavulin","floor":7.0,"turns":8.0},{"damage":2.0,"enemies":"Exordium Wildlife","floor":10.0,"turns":5.0},{"damage":8.0,"enemies":"Red Slaver","floor":11.0,"turns":2.0},{"damage":13.0,"enemies":"Large Slime","floor":12.0,"turns":3.0},{"damage":11.0,"enemies":"3 Louse","floor":13.0,"turns":2.0},{"damage":5.0,"enemies":"Lots of Slimes","floor":14.0,"turns":3.0},{"damage":32.0,"enemies":"The Guardian","floor":16.0,"turns":8.0},{"damage":23.0,"enemies":"Shell Parasite","floor":18.0,"turns":4.0},{"damage":14.0,"enemies":"Chosen","floor":19.0,"turns":4.0},{"damage":21.0,"enemies":"Centurion and Healer","floor":24.0,"turns":6.0},{"damage":1.0,"enemies":"Snecko","floor":28.0,"turns":3.0},{"damage":23.0,"enemies":"Cultist and Chosen","floor":30.0,"turns":6.0},{"damage":30.0,"enemies":"Slavers","floor":31.0,"turns":5.0},{"damage":44,"enemies":"Champ","floor":33,"turns":5}],"seed_played":"7762600429763330518","potions_obtained":[{"floor":4.0,"key":"PowerPotion"},{"floor":5.0,"key":"ColorlessPotion"},{"floor":7.0,"key":"FearPotion"},{"floor":12.0,"key":"SpeedPotion"},{"floor":14.0,"key":"SteroidPotion"},{"floor":24.0,"key":"SpeedPotion"},{"floor":31.0,"key":"PowerPotion"}],"is_trial":false,"path_per_floor":["M","M","?","M","M","R","E","R","T","M","M","M","M","M","R","B",null,"M","M","?","$","?","R","M","R","T","R","M","R","M","E","R","B"],"character_chosen":"IRONCLAD","items_purchased":["Orrery","StrikeDummy"],"campfire_rested":3,"item_purchase_floors":[21,21],"current_hp_per_floor":[78,68,68,65,67,67,28,28,28,32,30,23,18,19,43,17,64,47,39,39,39,39,39,24,48,48,48,53,53,36,15,39,0,0],"gold":115,"neow_bonus":"UPGRADE_CARD","is_daily":false,"chose_seed":false,"campfire_upgraded":5,"win_rate":0.0,"timestamp":1611939709,"path_taken":["M","M","?","M","M","R","E","R","T","M","M","M","M","M","R","BOSS","M","M","?","$","?","R","M","R","T","R","M","R","M","E","R","BOSS"],"items_purchased_type":["Relic","Relic"],"build_version":"2020-12-22","purchased_purges":0,"victory":false,"max_hp_per_floor":[80,80,80,80,80,80,80,80,80,80,80,80,80,80,80,80,80,80,80,80,80,80,80,80,80,80,80,80,80,80,83,83,83,83],"card_choices":[{"not_picked":["Flex","True Grit"],"picked":"Headbutt","floor":1.0},{"not_picked":["Hemokinesis","Burning Pact"],"picked":"Flame Barrier","floor":2.0},{"not_picked":["Havoc","Ghostly Armor"],"picked":"Rampage","floor":4.0},{"not_picked":["Dual Wield","Twin Strike"],"picked":"Wild Strike","floor":5.0},{"not_picked":["Twin Strike","Combust","Carnage"],"picked":"SKIP","floor":7.0},{"not_picked":["Shrug It Off","Disarm"],"picked":"Perfected Strike","floor":10.0},{"not_picked":["Rage","Clash","Reckless Charge"],"picked":"SKIP","floor":11.0},{"not_picked":["Cleave","Hemokinesis","Intimidate"],"picked":"SKIP","floor":12.0},{"not_picked":["Sword Boomerang","Headbutt","Anger"],"picked":"SKIP","floor":13.0},{"not_picked":["Headbutt","Brutality","Thunderclap"],"picked":"SKIP","floor":14.0},{"not_picked":["Bludgeon","Barricade"],"picked":"Feed","floor":16.0},{"not_picked":["Iron Wave","Body Slam"],"picked":"Pommel Strike+1","floor":18.0},{"not_picked":["Heavy Blade+1","Clash+1","Anger"],"picked":"SKIP","floor":19.0},{"not_picked":["Hemokinesis+1","Sever Soul"],"picked":"Perfected Strike","floor":21.0},{"not_picked":["Clothesline+1","Cleave"],"picked":"Shrug It Off","floor":21.0},{"not_picked":["Pummel","Anger","Inflame"],"picked":"SKIP","floor":24.0},{"not_picked":["Metallicize","Fire Breathing+1"],"picked":"Evolve","floor":28.0},{"not_picked":["Clothesline","Clash+1"],"picked":"Headbutt","floor":30.0},{"not_picked":["Wild Strike","Sever Soul","Rage"],"picked":"SKIP","floor":31.0}],"player_experience":735166,"relics_obtained":[{"floor":7.0,"key":"Red Skull"},{"floor":9.0,"key":"Happy Flower"},{"floor":26.0,"key":"Omamori"},{"floor":31.0,"key":"Akabeko"}],"event_choices":[{"damage_healed":0.0,"max_hp_gain":0.0,"max_hp_loss":0.0,"gold_gain":0.0,"event_name":"Shining Light","player_choice":"Ignored","floor":3.0,"gold_loss":0.0,"damage_taken":0.0},{"damage_healed":0.0,"max_hp_gain":0.0,"max_hp_loss":0.0,"gold_gain":0.0,"event_name":"Beggar","player_choice":"Ignored","floor":20.0,"gold_loss":0.0,"damage_taken":0.0},{"damage_healed":0.0,"max_hp_gain":0.0,"max_hp_loss":0.0,"gold_gain":0.0,"event_name":"Vampires","player_choice":"Ignored","floor":22.0,"gold_loss":0.0,"damage_taken":0.0}],"is_beta":false,"boss_relics":[{"not_picked":["Runic Dome","Runic Cube"],"picked":"SlaversCollar"}],"items_purged_floors":[],"is_endless":false,"potions_floor_spawned":[4,5,7,12,14,16,24,28,31],"killed_by":"Champ","ascension_level":9}}