{"host":"w3znmyy6nqoc7418","time":1611904728,"event":{"mods":["BaseMod","Minty Spire (QoL Compilation)","Replay The Spire","Shop Mod","StSLib"],"gold_per_floor":[119,138,313,313,313,347,347,362,362,405,418,418,439,459,459,580,580,596,617,255,297,297,354,354,395,395,395,423,468,468,420,420,428,428],"floor_reached":33,"language":"ZHS","playtime":799,"items_purged":["Bash"],"score":358,"play_id":"1e477f6a-635f-4c1e-8ebc-cee547620f4c","local_time":"20210129151848","is_ascension_mode":true,"campfire_choices":[{"data":"ReplayTheSpireMod:Limb From Limb","floor":7.0,"key":"SMITH"},{"data":"Perfected Strike","floor":12.0,"key":"SMITH"},{"data":"Whirlwind","floor":15,"key":"SMITH"},{"data":"Berserk","floor":24,"key":"SMITH"},{"data":"Uppercut","floor":27,"key":"SMITH"},{"floor":32,"key":"RECALL"}],"circlet_count":0,"master_deck":["Strike_R+1","Strike_R+1","Strike_R+1","Strike_R+1","Strike_R+1","Defend_R","Defend_R","Defend_R","Defend_R","Uppercut+1","ReplayTheSpireMod:Limb From Limb+1","Carnage","Perfected Strike+1","Whirlwind+1","Spot Weakness","Double Tap+1","Wild Strike","Berserk+1","Perfected Strike","Perfected Strike+1"],"relics":["Burning Blood","NeowsBlessing","Golden Idol","Spirit Poop","Replay:Bottled Eggs","Orichalcum","Replay:Ringing Soul","Coffee Dripper","MerchantsRug","Replay:Bandana","Blood Vial","PreservedInsect"],"acts_visited":["Exordium","TheCity"],"potions_floor_usage":[14,23],"damage_taken":[{"damage":0.0,"enemies":"Cultist","floor":1.0,"turns":1.0},{"damage":0.0,"enemies":"Small Slimes","floor":2.0,"turns":1.0},{"damage":0.0,"enemies":"3 Sentries","floor":6.0,"turns":2.0},{"damage":0.0,"enemies":"2 Louse","floor":8.0,"turns":2.0},{"damage":19.0,"enemies":"Lagavulin","floor":10.0,"turns":5.0},{"damage":26.0,"enemies":"Lots of Slimes","floor":11.0,"turns":4.0},{"damage":3.0,"enemies":"2 Fungi Beasts","floor":13.0,"turns":3.0},{"damage":0,"enemies":"Gremlin Gang","floor":14,"turns":1},{"damage":34,"enemies":"Slime Boss","floor":16,"turns":8},{"damage":5,"enemies":"Spheric Guardian","floor":18,"turns":3},{"damage":6,"enemies":"3 Byrds","floor":19,"turns":3},{"damage":12,"enemies":"Cultist and Chosen","floor":21,"turns":4},{"damage":44,"enemies":"Slavers","floor":23,"turns":6},{"damage":31,"enemies":"Shelled Parasite and Fungi","floor":25,"turns":3},{"damage":7,"enemies":"Snecko","floor":28,"turns":3},{"damage":6,"enemies":"Cultist and Chosen","floor":29,"turns":3},{"damage":0,"enemies":"Automaton","floor":33,"turns":2}],"seed_played":"-8416564826197133812","potions_obtained":[{"floor":1.0,"key":"SteroidPotion"},{"floor":6.0,"key":"SkillPotion"},{"floor":8.0,"key":"BlessingOfTheForge"},{"floor":18,"key":"Swift Potion"},{"floor":19,"key":"Elixir"},{"floor":25,"key":"Death Potion"}],"is_trial":false,"path_per_floor":["M","M","?","?","?","E","R","M","T","E","M","R","M","M","R","B",null,"M","M","$","M","?","E","R","M","T","R","M","M","?","$","R","B"],"character_chosen":"IRONCLAD","items_purchased":["MerchantsRug","Replay:Bandana","PowerPotion"],"campfire_rested":0,"item_purchase_floors":[20,20,31],"current_hp_per_floor":[80,80,80,60,60,66,66,72,72,59,42,42,48,57,57,32,92,92,95,95,89,89,54,54,31,31,31,32,37,40,40,40,42,42],"gold":428,"neow_bonus":"THREE_ENEMY_KILL","is_daily":false,"chose_seed":false,"campfire_upgraded":5,"win_rate":0.0,"timestamp":1611904728,"path_taken":["M","M","?","?","?","E","R","M","T","E","M","R","M","M","R","BOSS","M","M","$","?","?","E","R","M","T","R","?","M","?","$","R","BOSS"],"items_purchased_type":["Relic","Relic","Potion"],"build_version":"2020-12-22","purchased_purges":1,"victory":false,"max_hp_per_floor":[80,80,80,80,80,80,80,80,80,80,83,83,86,89,89,92,92,92,95,95,95,95,98,98,98,98,98,98,101,104,104,104,104,104],"card_choices":[{"not_picked":["Sever Soul","Perfected Strike"],"picked":"Uppercut","floor":1.0},{"not_picked":["Carnage","Perfected Strike"],"picked":"ReplayTheSpireMod:Limb From Limb","floor":2.0},{"not_picked":["ReplayTheSpireMod:Corrosion Curse","Cleave"],"picked":"Carnage","floor":6.0},{"not_picked":["Iron Wave","Abandon","Rampage"],"picked":"SKIP","floor":8.0},{"not_picked":["Warcry","Iron Wave","Anger"],"picked":"SKIP","floor":10.0},{"not_picked":["ReplayTheSpireMod:LeadingStrike","Replay:Undeath\u0027s Touch"],"picked":"Perfected Strike","floor":11.0},{"not_picked":["Spot Weakness","Headbutt"],"picked":"Whirlwind","floor":13.0},{"not_picked":["Run Through","Evolve"],"picked":"Spot Weakness","floor":14},{"not_picked":["Reaper","Berserk"],"picked":"Double Tap","floor":16},{"not_picked":["Dropkick","Sword Boomerang","Spot Weakness"],"picked":"SKIP","floor":18},{"not_picked":["Rage","Thunderclap"],"picked":"Wild Strike","floor":19},{"not_picked":["Spot Weakness+1","Body Slam+1","Cleave"],"picked":"SKIP","floor":21},{"not_picked":["ReplayTheSpireMod:Corrosion Curse","Burning Pact+1"],"picked":"Berserk","floor":23},{"not_picked":["Clothesline","Wild Strike+1","Disarm"],"picked":"SKIP","floor":25},{"not_picked":["Clothesline+1","ReplayTheSpireMod:Limb From Limb+1","Pommel Strike"],"picked":"SKIP","floor":28},{"not_picked":["Twin Strike","Double Tap"],"picked":"Perfected Strike","floor":29}],"player_experience":55611,"relics_obtained":[{"floor":6.0,"key":"Replay:Bottled Eggs"},{"floor":9.0,"key":"Orichalcum"},{"floor":10.0,"key":"Replay:Ringing Soul"},{"floor":23,"key":"Blood Vial"},{"floor":26,"key":"PreservedInsect"}],"event_choices":[{"damage_healed":0.0,"max_hp_gain":0.0,"max_hp_loss":0.0,"gold_gain":175.0,"event_name":"Liars Game","player_choice":"AGREE","floor":3.0,"gold_loss":0.0,"damage_taken":0.0,"cards_obtained":["Doubt"]},{"damage_healed":0.0,"max_hp_gain":0.0,"max_hp_loss":0.0,"gold_gain":0.0,"event_name":"Golden Idol","player_choice":"Take Damage","floor":4.0,"gold_loss":0.0,"damage_taken":20.0,"relics_obtained":["Golden Idol"]},{"cards_removed":["Doubt"],"damage_healed":0.0,"max_hp_gain":0.0,"max_hp_loss":0.0,"gold_gain":0.0,"event_name":"Bonfire Elementals","player_choice":"Offered Curse","floor":5.0,"gold_loss":0.0,"damage_taken":0.0,"relics_obtained":["Spirit Poop"]},{"damage_healed":0,"gold_gain":0,"player_choice":"Upgraded","damage_taken":0,"max_hp_gain":0,"max_hp_loss":0,"event_name":"Upgrade Shrine","floor":22,"gold_loss":0,"cards_upgraded":["Double Tap"]},{"damage_healed":0,"gold_gain":0,"player_choice":"Copied","damage_taken":0,"max_hp_gain":0,"max_hp_loss":0,"event_name":"Duplicator","floor":30,"gold_loss":0,"cards_obtained":["Perfected Strike"]}],"is_beta":false,"boss_relics":[{"not_picked":["Mark of Pain","Velvet Choker"],"picked":"Coffee Dripper"}],"items_purged_floors":[20],"is_endless":false,"potions_floor_spawned":[1,6,8,10,18,19,25],"killed_by":"Automaton","ascension_level":2}}