{"host":"kdt6w7ix8lwe69i9","time":1611888195,"event":{"mods":["100% Spire Juice","BaseMod","ChefMod","Evolution","Minty Spire (QoL Compilation)","Poor People Problems","Reimu（博丽灵梦）","Robot Space Explorer","Shade Mod","StSLib","The Dragonkin","The Gatherer","TheSurvivalist"],"gold_per_floor":[111,128,144,164,214,214,214,238,238,279,293,124,124,148,148,273,273,293,309,309,1,1,1,1,1,1,1,1,1,1,1,1,121,121,137,156,156,219,243,243,312,37,37,37,51,69,69,108,108,108,108,108,5,49,49,49],"floor_reached":55,"language":"ENG","playtime":40837,"items_purged":["Regret"],"score":868,"play_id":"9fe967b0-16a9-42d2-b930-47b5a82b73a5","local_time":"20210128214315","is_ascension_mode":false,"campfire_choices":[{"data":"survmod:Sprint","floor":6,"key":"SMITH"},{"data":"survmod:GoForFace","floor":15,"key":"SMITH"},{"floor":23,"key":"REST"},{"floor":25,"key":"RECALL"},{"data":"survmod:MarkedShot","floor":30,"key":"SMITH"},{"data":"survmod:MarkedFromAfar","floor":32,"key":"SMITH"},{"floor":40,"key":"REST"},{"floor":47,"key":"REST"},{"data":"survmod:DuckAndFlare","floor":49,"key":"SMITH"},{"data":"survmod:GoForFace","floor":52,"key":"SMITH"}],"circlet_count":0,"master_deck":["survmod:NockAnArrow","survmod:NockAnArrow","survmod:NockAnArrow","survmod:NockAnArrow","survmod:UnfortunateEscape","survmod:UnfortunateEscape","survmod:Defend","survmod:Defend","survmod:VersatileOffense","survmod:Sprint+1","survmod:RejectWeakness","survmod:DuckAndFlare","survmod:FocusedFire","Injury","survmod:DuckAndFlare+1","survmod:MarkedShot+1","survmod:Marksmanship","survmod:FocusedFire","survmod:GoForFace+1","survmod:Decoy","CurseOfTheBell","survmod:TacticalManeuver+1","survmod:NockAnArrow+1","survmod:GoForFace","survmod:MarkedFromAfar+1","Necronomicurse","survmod:NeedleShot","survmod:LongShot+1","survmod:SimpleMutation+1","survmod:GoForFace+1","survmod:TacticalManeuver+1","survmod:DuckAndFlare","survmod:NeedleShot+1","survmod:DuckAndFlare+1","survmod:NockAnArrow+1","survmod:GoForFace+1","survmod:ComplexMutation+1","survmod:ExplosiveTrap","survmod:AcidTrap","survmod:UnfortunateEscape"],"relics":["EVO:Axolotl","Runic Dome","Golden Idol","Bottled Lightning","Tiny Chest","PreservedInsect","StoneCalendar","Calling Bell","Strawberry","Gremlin Horn","WingedGreaves","Juzu Bracelet","Necronomicon","Orichalcum","Bottled Tornado","SlaversCollar","PureWhite:ReiMu","Lizard Tail","Membership Card","Frozen Egg 2","Question Card","Molten Egg 2","survmod:TrapManual","Anchor"],"acts_visited":["Exordium","TheCity","TheBeyond","TheEnding"],"potions_floor_usage":[10,19,33,33,36,41,46,46,46,46,50,50,50],"damage_taken":[{"damage":0,"enemies":"Cultist","floor":1,"turns":5},{"damage":0,"enemies":"Small Slimes","floor":2,"turns":5},{"damage":0,"enemies":"2 Louse","floor":3,"turns":2},{"damage":0,"enemies":"Looter","floor":4,"turns":4},{"damage":0,"enemies":"2 Fungi Beasts","floor":8,"turns":4},{"damage":0,"enemies":"Gremlin Nob","floor":10,"turns":3},{"damage":2,"enemies":"Gremlin Gang","floor":11,"turns":4},{"damage":0,"enemies":"Blue Slaver","floor":14,"turns":3},{"damage":3,"enemies":"Hexaghost","floor":16,"turns":7},{"damage":3,"enemies":"Shell Parasite","floor":18,"turns":4},{"damage":8,"enemies":"3 Byrds","floor":19,"turns":5},{"damage":34,"enemies":"Automaton","floor":33,"turns":10},{"damage":4,"enemies":"3 Darklings","floor":35,"turns":4},{"damage":16,"enemies":"3 Shapes","floor":36,"turns":7},{"damage":14,"enemies":"Mind Bloom Boss Battle","floor":38,"turns":8},{"damage":0,"enemies":"Transient","floor":39,"turns":5},{"damage":11,"enemies":"2 Orb Walkers","floor":41,"turns":6},{"damage":0,"enemies":"Maw","floor":45,"turns":5},{"damage":3,"enemies":"Writhing Mass","floor":46,"turns":6},{"damage":0,"enemies":"Reptomancer","floor":48,"turns":3},{"damage":71,"enemies":"Time Eater","floor":50,"turns":10},{"damage":3,"enemies":"Shield and Spear","floor":54,"turns":5},{"damage":55,"enemies":"The Heart","floor":55,"turns":6}],"seed_played":"-6508927347216861591","potions_obtained":[{"floor":8,"key":"ZuzhouPotion:ReiMu"},{"floor":10,"key":"SpeedPotion"},{"floor":11,"key":"BlessingOfTheForge"},{"floor":18,"key":"Weak Potion"},{"floor":20,"key":"Swift Potion"},{"floor":33,"key":"ZuzhouPotion:ReiMu"},{"floor":35,"key":"Ancient Potion"},{"floor":45,"key":"EntropicBrew"},{"floor":46,"key":"PowerPotion"},{"floor":48,"key":"AttackPotion"}],"is_trial":false,"path_per_floor":["M","M","M","M","?","R","?","M","T","E","M","$","?","M","R","B",null,"M","M","?","$","?","R","T","R","T","$","?","?","R","T","R","B",null,"M","M","?","?","M","R","?","$","T","T","M","M","R","E","R","B",null,"R","$","E","B"],"character_chosen":"THE_SURVIVOR","items_purchased":["PreservedInsect","survmod:FocusedFire","Juzu Bracelet","survmod:GoForFace","survmod:MarkedFromAfar","Membership Card","Frozen Egg 2","survmod:GoForFace+1","survmod:ComplexMutation+1","survmod:ExplosiveTrap","survmod:AcidTrap"],"campfire_rested":3,"item_purchase_floors":[12,12,21,21,21,42,42,53,53,53,53],"current_hp_per_floor":[50,50,50,50,50,50,50,50,50,50,48,48,48,48,48,45,57,54,46,46,46,30,47,47,47,47,47,47,47,47,47,47,13,57,53,37,37,23,23,40,29,29,29,29,29,26,43,43,43,4,57,57,57,54,0,0],"gold":49,"neow_bonus":"BOSS_RELIC","is_daily":false,"chose_seed":false,"campfire_upgraded":6,"win_rate":0.0,"timestamp":1611888195,"path_taken":["M","?","M","?","?","R","?","M","T","E","M","$","?","M","R","BOSS","M","M","?","$","?","R","?","R","T","?","?","?","R","?","R","BOSS","M","M","?","?","M","R","?","$","T","?","M","M","R","E","R","BOSS","R","$","E","BOSS"],"items_purchased_type":["Relic","Card","Relic","Card","Card","Relic","Relic","Card","Card","Card","Card"],"build_version":"2020-12-22","purchased_purges":1,"victory":false,"max_hp_per_floor":[50,50,50,50,50,50,50,50,50,50,50,50,50,50,50,50,57,57,57,57,57,57,57,57,57,57,57,57,57,57,57,57,57,57,57,57,57,57,57,57,57,57,57,57,57,57,57,57,57,57,57,57,57,57,57,57],"card_choices":[{"not_picked":["survmod:PenetratingShot","survmod:PinningSnipe"],"picked":"survmod:RejectWeakness","floor":1},{"not_picked":["survmod:LongShot","survmod:SwiftKick"],"picked":"survmod:DuckAndFlare","floor":2},{"not_picked":["survmod:ExplosiveTrap","survmod:CloseCall"],"picked":"survmod:PenetratingShot","floor":3},{"not_picked":["survmod:OverwhelmingAssault","survmod:TwinShot"],"picked":"survmod:FocusedFire","floor":4},{"not_picked":["survmod:PenetratingShot","survmod:AcidTrap"],"picked":"survmod:DuckAndFlare","floor":8},{"not_picked":["survmod:MercifulShot","survmod:AimForTheLiver"],"picked":"survmod:MarkedShot","floor":10},{"not_picked":["survmod:WalledOffTraps","survmod:LongShot"],"picked":"survmod:Marksmanship","floor":11},{"not_picked":["survmod:BearTrap","survmod:DuckAndFlare"],"picked":"survmod:GoForFace","floor":14},{"not_picked":["survmod:PerfectPosition","survmod:MarkedForDeath"],"picked":"survmod:Decoy","floor":16},{"not_picked":["survmod:ShrapnelTraps","survmod:AcidTrap"],"picked":"survmod:TacticalManeuver+1","floor":18},{"not_picked":["survmod:VersatileDefense","survmod:FocusedFire"],"picked":"survmod:NockAnArrow+1","floor":19},{"not_picked":["survmod:CloseCombat","survmod:DeadlyAim"],"picked":"survmod:NeedleShot","floor":33},{"not_picked":["survmod:TacticalManeuver","survmod:FocusedFire"],"picked":"survmod:LongShot+1","floor":35},{"not_picked":["survmod:MarkTrap","survmod:OverwhelmingAssault+1"],"picked":"survmod:SimpleMutation+1","floor":36},{"not_picked":["survmod:PenetratingShot+1","survmod:TwinShot"],"picked":"survmod:GoForFace","floor":38},{"not_picked":["survmod:SurpriseTrap+1","survmod:MarkTrap"],"picked":"survmod:TacticalManeuver+1","floor":39},{"not_picked":["survmod:OverexertingShot","survmod:BearTrap+1"],"picked":"survmod:DuckAndFlare","floor":41},{"not_picked":["survmod:LongShot+1","survmod:DuckAndFlare","survmod:WalledOffTraps+1"],"picked":"survmod:NeedleShot+1","floor":45},{"not_picked":["survmod:OverexertingShot+1","survmod:MarkedShot+1","survmod:PenetratingShot+1"],"picked":"survmod:DuckAndFlare+1","floor":46},{"not_picked":["survmod:RejectWeakness+1","survmod:SimpleMutation+1","survmod:ExplosiveTrap"],"picked":"survmod:NockAnArrow+1","floor":48},{"not_picked":["survmod:MutantForm+1","survmod:RejectWeakness","survmod:Hawkeye+1"],"picked":"survmod:UnfortunateEscape","floor":54}],"player_experience":1105752,"relics_obtained":[{"floor":9,"key":"Bottled Lightning"},{"floor":10,"key":"Tiny Chest"},{"floor":17,"key":"Strawberry"},{"floor":17,"key":"Gremlin Horn"},{"floor":17,"key":"WingedGreaves"},{"floor":22,"key":"Necronomicon"},{"floor":26,"key":"Orichalcum"},{"floor":31,"key":"Bottled Tornado"},{"floor":38,"key":"PureWhite:ReiMu"},{"floor":41,"key":"Lizard Tail"},{"floor":43,"key":"Question Card"},{"floor":44,"key":"Molten Egg 2"},{"floor":48,"key":"survmod:TrapManual"},{"floor":54,"key":"Anchor"}],"event_choices":[{"damage_healed":0,"gold_gain":50,"player_choice":"Gained Gold","damage_taken":0,"max_hp_gain":0,"max_hp_loss":0,"event_name":"Golden Wing","floor":5,"gold_loss":0},{"damage_healed":0,"gold_gain":0,"player_choice":"Take Wound","damage_taken":0,"relics_obtained":["Golden Idol"],"max_hp_gain":0,"max_hp_loss":0,"event_name":"Golden Idol","floor":7,"gold_loss":0,"cards_obtained":["Injury"]},{"damage_healed":0,"gold_gain":0,"player_choice":"Box","damage_taken":0,"relics_obtained":["StoneCalendar"],"max_hp_gain":0,"max_hp_loss":0,"event_name":"Big Fish","floor":13,"gold_loss":0,"cards_obtained":["Regret"]},{"damage_healed":0,"gold_gain":0,"player_choice":"Got Potions","damage_taken":0,"max_hp_gain":0,"max_hp_loss":0,"event_name":"Lab","floor":20,"gold_loss":0},{"damage_healed":0,"gold_gain":0,"player_choice":"Obtained Book","damage_taken":16,"max_hp_gain":0,"max_hp_loss":0,"event_name":"Cursed Tome","floor":22,"gold_loss":0},{"damage_healed":0,"gold_gain":0,"player_choice":"Ignored","damage_taken":0,"max_hp_gain":0,"max_hp_loss":0,"event_name":"Ghosts","floor":29,"gold_loss":0},{"cards_removed":["survmod:PenetratingShot"],"damage_healed":0,"gold_gain":0,"player_choice":"Removed Attack","damage_taken":0,"max_hp_gain":0,"max_hp_loss":0,"event_name":"Falling","floor":37,"gold_loss":0},{"damage_healed":0,"gold_gain":0,"player_choice":"Fight","damage_taken":0,"max_hp_gain":0,"max_hp_loss":0,"event_name":"MindBloom","floor":38,"gold_loss":0},{"damage_healed":0,"gold_gain":0,"player_choice":"Fight","damage_taken":0,"max_hp_gain":0,"max_hp_loss":0,"event_name":"Mysterious Sphere","floor":41,"gold_loss":0}],"is_beta":false,"boss_relics":[{"not_picked":["Tiny House","Pandora\u0027s Box"],"picked":"Calling Bell"},{"not_picked":["Cursed Key","Velvet Choker"],"picked":"SlaversCollar"}],"items_purged_floors":[21],"is_endless":false,"potions_floor_spawned":[8,10,11,18,33,35,45,46,48],"killed_by":"The Heart","ascension_level":0}}