{"host":"w9njud19qyl0lpz1","time":1611948955,"event":{"mods":["BaseMod","Minty Spire (QoL Compilation)","StSLib"],"gold_per_floor":[359,373,373,373,61,61,97,97,97,97,110,110,37,212,212,342,342,366,366,380,39,62,62,106,122,122,50,50,50,50,149,149,268,268,288,304,304,229,229,229,263,263,263,263,263],"floor_reached":44,"language":"ENG","playtime":4291,"items_purged":["Doubt"],"score":473,"play_id":"83d68877-7a60-4423-a34e-f5a608d02d4b","local_time":"20210129143555","is_ascension_mode":false,"campfire_choices":[{"floor":6.0,"key":"REST"},{"data":"Double Tap","floor":8.0,"key":"SMITH"},{"data":"Combust","floor":15.0,"key":"SMITH"},{"data":"Chrysalis","floor":23.0,"key":"SMITH"},{"data":"Inflame","floor":28.0,"key":"SMITH"},{"floor":30.0,"key":"REST"},{"data":"Spot Weakness","floor":32.0,"key":"SMITH"},{"data":"Armaments","floor":40,"key":"SMITH"}],"circlet_count":0,"master_deck":["Bash","Inflame+1","Double Tap+1","Clash","Combust+1","Immolate","Armaments+1","Chrysalis+1","Cleave+1","Spot Weakness+1","Feed","Bludgeon","Cleave","Hemokinesis","Barricade","Armaments+1","Berserk","Disarm","Heavy Blade+1","Ghostly Armor","Seeing Red+1"],"relics":["Burning Blood","Golden Idol","Nunchaku","War Paint","Singing Bowl","Pen Nib","SacredBark","Lee\u0027s Waffle","Letter Opener","Self Forming Clay","Pandora\u0027s Box","Anchor","Magic Flower"],"acts_visited":["Exordium","TheCity","TheBeyond"],"potions_floor_usage":[35,36,41,41,44],"damage_taken":[{"damage":5.0,"enemies":"Small Slimes","floor":1.0,"turns":4.0},{"damage":14.0,"enemies":"Jaw Worm","floor":2.0,"turns":4.0},{"damage":26.0,"enemies":"Lagavulin","floor":7.0,"turns":5.0},{"damage":0.0,"enemies":"2 Louse","floor":11.0,"turns":3.0},{"damage":53.0,"enemies":"The Guardian","floor":16.0,"turns":14.0},{"damage":4.0,"enemies":"Spheric Guardian","floor":18.0,"turns":3.0},{"damage":16.0,"enemies":"2 Thieves","floor":20.0,"turns":3.0},{"damage":14.0,"enemies":"Sentry and Sphere","floor":22.0,"turns":4.0},{"damage":37.0,"enemies":"Gremlin Leader","floor":24.0,"turns":4.0},{"damage":0.0,"enemies":"3 Cultists","floor":25.0,"turns":2.0},{"damage":45.0,"enemies":"Champ","floor":33.0,"turns":12.0},{"damage":6,"enemies":"3 Shapes","floor":35,"turns":6},{"damage":25,"enemies":"Orb Walker","floor":36,"turns":4},{"damage":31,"enemies":"Nemesis","floor":41,"turns":5},{"damage":48,"enemies":"Spire Growth","floor":44,"turns":4}],"seed_played":"196788361110167635","potions_obtained":[{"floor":1.0,"key":"BloodPotion"},{"floor":2.0,"key":"FearPotion"},{"floor":22.0,"key":"EntropicBrew"},{"floor":24.0,"key":"SteroidPotion"},{"floor":33.0,"key":"EssenceOfSteel"},{"floor":35,"key":"LiquidMemories"},{"floor":36,"key":"Block Potion"},{"floor":41,"key":"BlessingOfTheForge"}],"is_trial":false,"path_per_floor":["M","M","?","?","$","R","E","R","T","?","M","?","$","?","R","B",null,"M","?","M","$","M","R","E","M","T","$","R","?","R","?","R","B",null,"M","M","?","$","?","R","E","?","T","M"],"character_chosen":"IRONCLAD","items_purchased":["Nunchaku","Inflame","Double Tap","Combust","Lee\u0027s Waffle","Chrysalis","DuplicationPotion"],"campfire_rested":2,"item_purchase_floors":[5,5,5,13,21,21,27],"current_hp_per_floor":[72,64,46,46,46,67,61,61,61,61,69,69,69,69,69,22,74,74,74,66,83,75,75,46,54,54,54,54,54,80,80,80,41,87,90,71,71,71,71,71,46,46,46,0,0],"gold":263,"neow_bonus":"TWO_FIFTY_GOLD","is_daily":false,"chose_seed":false,"campfire_upgraded":6,"win_rate":0.0,"timestamp":1611948955,"path_taken":["M","M","?","?","$","R","E","R","T","?","M","?","$","?","R","BOSS","M","?","M","$","M","R","E","M","T","$","R","?","R","?","R","BOSS","M","M","?","$","?","R","E","?","T","M"],"items_purchased_type":["Relic","Card","Card","Card","Relic","Card","Potion"],"build_version":"2020-12-22","purchased_purges":1,"victory":false,"max_hp_per_floor":[72,72,72,72,72,72,72,72,72,72,74,74,74,74,74,74,74,74,74,76,83,83,83,85,87,87,87,87,87,87,87,87,87,87,90,90,90,90,85,85,85,85,85,85,85],"card_choices":[{"not_picked":["Dark Embrace","Uppercut","Iron Wave"],"picked":"SKIP","floor":1.0},{"not_picked":["Anger","Headbutt","Pummel"],"picked":"SKIP","floor":2.0},{"not_picked":["Infernal Blade","Clothesline","Body Slam"],"picked":"SKIP","floor":7.0},{"not_picked":["Rampage","Cleave","Burning Pact"],"picked":"Singing Bowl","floor":11.0},{"not_picked":["Exhume","Fiend Fire"],"picked":"Immolate","floor":16.0},{"not_picked":["Wild Strike","Cleave+1"],"picked":"Armaments+1","floor":18.0},{"not_picked":["Sword Boomerang","Whirlwind+1","Armaments"],"picked":"Singing Bowl","floor":20.0},{"not_picked":["Heavy Blade","Reaper"],"picked":"Cleave+1","floor":22.0},{"not_picked":["Searing Blow","Entrench+1","Havoc"],"picked":"Singing Bowl","floor":24.0},{"not_picked":["Body Slam","Intimidate","Bloodletting+1"],"picked":"Singing Bowl","floor":25.0},{"not_picked":["Barricade","Immolate"],"picked":"Feed","floor":33.0},{"not_picked":["Pommel Strike","Bloodletting+1"],"picked":"Heavy Blade+1","floor":35},{"not_picked":["Flex","Heavy Blade+1"],"picked":"Ghostly Armor","floor":36},{"not_picked":["Twin Strike","Havoc"],"picked":"Seeing Red+1","floor":41}],"player_experience":2317125,"relics_obtained":[{"floor":7.0,"key":"War Paint"},{"floor":9.0,"key":"Singing Bowl"},{"floor":24.0,"key":"Letter Opener"},{"floor":26.0,"key":"Self Forming Clay"},{"floor":41,"key":"Anchor"},{"floor":43,"key":"Magic Flower"}],"event_choices":[{"damage_healed":0.0,"max_hp_gain":0.0,"max_hp_loss":0.0,"gold_gain":0.0,"event_name":"Golden Idol","player_choice":"Take Damage","floor":3.0,"gold_loss":0.0,"damage_taken":18.0,"relics_obtained":["Golden Idol"]},{"damage_healed":0.0,"max_hp_gain":0.0,"max_hp_loss":0.0,"gold_gain":0.0,"event_name":"Golden Wing","player_choice":"Ignored","floor":4.0,"gold_loss":0.0,"damage_taken":0.0},{"damage_healed":0.0,"max_hp_gain":0.0,"max_hp_loss":0.0,"gold_gain":0.0,"event_name":"Dead Adventurer","player_choice":"Searched \u00271\u0027 times","floor":10.0,"gold_loss":0.0,"damage_taken":0.0,"relics_obtained":["Pen Nib"]},{"damage_healed":0.0,"max_hp_gain":0.0,"max_hp_loss":0.0,"gold_gain":0.0,"cards_transformed":["Strike_R"],"event_name":"Living Wall","player_choice":"Change","floor":12.0,"gold_loss":0.0,"damage_taken":0.0,"cards_obtained":["Clash"]},{"damage_healed":0.0,"max_hp_gain":0.0,"max_hp_loss":0.0,"gold_gain":175.0,"event_name":"Liars Game","player_choice":"AGREE","floor":14.0,"gold_loss":0.0,"damage_taken":0.0,"cards_obtained":["Doubt"]},{"damage_healed":0.0,"max_hp_gain":0.0,"max_hp_loss":0.0,"gold_gain":0.0,"event_name":"Back to Basics","player_choice":"Simplicity","floor":19.0,"gold_loss":0.0,"damage_taken":0.0,"cards_upgraded":["Strike_R","Strike_R","Strike_R","Strike_R","Defend_R","Defend_R"]},{"damage_healed":0.0,"max_hp_gain":0.0,"max_hp_loss":0.0,"gold_gain":0.0,"event_name":"The Library","player_choice":"Read","floor":29.0,"gold_loss":0.0,"damage_taken":0.0,"cards_obtained":["Spot Weakness"]},{"damage_healed":0.0,"max_hp_gain":0.0,"max_hp_loss":0.0,"gold_gain":99.0,"event_name":"Nest","player_choice":"Stole From Cult","floor":31.0,"gold_loss":0.0,"damage_taken":0.0},{"damage_healed":0,"gold_gain":0,"player_choice":"Ignored","damage_taken":0,"max_hp_gain":0,"max_hp_loss":0,"event_name":"Mysterious Sphere","floor":37,"gold_loss":0},{"damage_healed":0,"gold_gain":0,"player_choice":"Max HP","damage_taken":0,"max_hp_gain":0,"max_hp_loss":5,"event_name":"Winding Halls","floor":39,"gold_loss":0},{"cards_removed":["Berserk"],"damage_healed":0,"gold_gain":0,"player_choice":"Removed Power","damage_taken":0,"max_hp_gain":0,"max_hp_loss":0,"event_name":"Falling","floor":42,"gold_loss":0}],"is_beta":false,"boss_relics":[{"not_picked":["SlaversCollar","Runic Pyramid"],"picked":"SacredBark"},{"not_picked":["Coffee Dripper","Fusion Hammer"],"picked":"Pandora\u0027s Box"}],"items_purged_floors":[38],"is_endless":false,"potions_floor_spawned":[1,2,22,24,33,35,36,41],"killed_by":"Spire Growth","ascension_level":0}}