{"host":"pletss163z7s8pvv","time":1611906020,"event":{"mods":["AchievementEnabler","BaseMod","Better Altar","Better Match","Better Note","Better Sensory Stone","Better Skull","Better Third Choice","BetterRewards","CapriCore","ChefMod","Colored Map","Colored Powertips","Conspire","Energized Spire","Evolution","GifTheSpireLib","Hermit","Ironclad Rager","Marked Mod","Minty Spire (QoL Compilation)","Retaliation","Spicy Shops","StS++","StSLib","The Alterego","The Blue Laboratory","The Cursed","The Disciple","The Forsaken"],"gold_per_floor":[112,112,125,9,84,84,84,84,130,130,141,141,157,82,82,187,187,207,220,230,15,31,31,43,43,43,6,37,37,37,54,54,151,151,169,32,32,45,55,55,66,21,21,41,54,85,33,33,33,33,33],"floor_reached":50,"language":"ENG","playtime":2364,"items_purged":["Pride"],"score":582,"play_id":"d67ed4c8-dd65-451c-891a-7c67b351475e","local_time":"20210129014020","daily_mods":["Draft","Colorless Cards","Binary"],"is_ascension_mode":false,"campfire_choices":[{"floor":6,"key":"REST"},{"data":"LockedScales","floor":8,"key":"SMITH"},{"floor":10,"key":"REST"},{"floor":12,"key":"REST"},{"data":"Discovery","floor":15,"key":"SMITH"},{"floor":23,"key":"REST"},{"floor":25,"key":"REST"},{"floor":30,"key":"REST"},{"floor":32,"key":"REST"},{"floor":40,"key":"REST"},{"floor":49,"key":"REST"}],"circlet_count":0,"master_deck":["ReapSow","CrunchTime","ReapSow","PrimeTime","WindUp","ResonantCall","LockedMedicine","Blind","LockedScales+1","Dramatic Entrance","ReapSow","LockedMercury","LockedBlood","DDmod:MulticlassingSkill","Adagio","Accruing","OracleForm","ResonantCall","LockedAnchor","Discovery+1","CrunchTime","Bandage Up+1","MasterKey","Engulf","ReapSow","Goo","LockedCalendar","BlueShift","Engulf","LockedTornado","LockedMercury","SlimeSpray","BiteCommand","Engulf","Moderato","LockedBlood+1","Flash of Steel","Echoward+1","Echoward+1","WindUp","Clumsy","CrunchTime","Mind Blast","Backlash+1"],"relics":["Chronometer","theForsaken:Kindling","Ancient Tea Set","Cursed Key","conspire:DeflatedDodgeball","SpringShield","energizedSpire:EnergizedDie","Vajra","Eternal Feather","StSpp:SailingBoat"],"acts_visited":["TheCity","TheBeyond"],"potions_floor_usage":[28,33,39,44,50],"damage_taken":[{"damage":11,"enemies":"Jaw Worm","floor":1,"turns":2},{"damage":0,"enemies":"Small Slimes","floor":3,"turns":2},{"damage":0,"enemies":"2 Louse","floor":11,"turns":1},{"damage":12,"enemies":"Large Slime","floor":13,"turns":5},{"damage":16,"enemies":"Slime Boss","floor":16,"turns":7},{"damage":6,"enemies":"Chosen","floor":18,"turns":4},{"damage":10,"enemies":"Spheric Guardian","floor":19,"turns":3},{"damage":21,"enemies":"Snake Plant","floor":20,"turns":3},{"damage":0,"enemies":"Centurion and Healer","floor":22,"turns":2},{"damage":41,"enemies":"3 Cultists","floor":24,"turns":6},{"damage":54,"enemies":"Slavers","floor":28,"turns":5},{"damage":30,"enemies":"Snake Plant","floor":31,"turns":4},{"damage":70,"enemies":"Champ","floor":33,"turns":11},{"damage":0,"enemies":"3 Darklings","floor":35,"turns":1},{"damage":26,"enemies":"3 Shapes","floor":38,"turns":4},{"damage":78,"enemies":"Writhing Mass","floor":39,"turns":6},{"damage":42,"enemies":"Sphere and 2 Shapes","floor":41,"turns":6},{"damage":25,"enemies":"Maw","floor":44,"turns":7},{"damage":12,"enemies":"4 Shapes","floor":45,"turns":4},{"damage":37,"enemies":"Nemesis","floor":46,"turns":7},{"damage":111,"enemies":"conspire:OrnateMirror","floor":50,"turns":10}],"seed_played":"-7223250833569749470","potions_obtained":[{"floor":20,"key":"Swift Potion"},{"floor":28,"key":"LiquidBronze"},{"floor":35,"key":"Block Potion"},{"floor":38,"key":"blueLaboratory:FrostheartPotion"}],"is_trial":true,"path_per_floor":["M","?","M","$","?","R","T","R","T","R","M","R","M","?","R","B",null,"M","M","M","$","M","R","M","R","T","$","E","$","R","M","R","B",null,"M","$","?","M","M","R","M","$","T","M","M","E","$","?","R","B"],"character_chosen":"CHRONO_CLASS","items_purchased":["theForsaken:Kindling","LockedAnchor","LockedCalendar","BlueShift","Engulf","SlimeSpray","Vajra","WindUp","blueLaboratory:FrostheartPotion"],"campfire_rested":9,"item_purchase_floors":[4,4,21,21,21,27,36,42,47],"current_hp_per_floor":[56,56,56,56,56,70,70,70,70,75,75,80,74,74,74,64,80,80,70,63,63,63,85,50,80,80,80,32,32,64,52,85,27,100,100,100,110,98,20,58,28,28,28,30,29,11,11,11,74,0,0],"gold":33,"neow_bonus":"","is_daily":false,"chose_seed":false,"campfire_upgraded":2,"win_rate":0.0,"timestamp":1611906020,"path_taken":["M","?","M","?","?","R","?","R","T","R","M","R","?","?","R","BOSS","M","?","?","$","M","R","M","R","T","$","E","$","R","M","R","BOSS","M","$","?","?","M","R","M","?","T","M","M","E","$","?","R","BOSS"],"items_purchased_type":["Relic","Card","Card","Card","Card","Card","Relic","Card","Potion"],"build_version":"2020-12-22","purchased_purges":1,"victory":false,"max_hp_per_floor":[65,65,65,65,65,70,70,70,70,75,75,80,80,80,80,80,80,80,80,80,80,80,85,85,90,90,90,90,90,95,95,100,100,100,100,100,110,110,110,115,115,115,115,115,115,115,115,115,120,120,120],"card_choices":[{"not_picked":["Engulf","WindUp"],"picked":"ReapSow","floor":0},{"not_picked":["HandsUpB","Accruing"],"picked":"CrunchTime","floor":0},{"not_picked":["HandsUpB","Enlightenment"],"picked":"ReapSow","floor":0},{"not_picked":["Madness","BlueShift"],"picked":"PrimeTime","floor":0},{"not_picked":["Engulf","Forethought"],"picked":"WindUp","floor":0},{"not_picked":["Jack Of All Trades","BlueShift"],"picked":"ResonantCall","floor":0},{"not_picked":["WindUp","HandsUpB"],"picked":"LockedMedicine","floor":0},{"not_picked":["BiteCommand","HandsUpB"],"picked":"Blind","floor":0},{"not_picked":["HandsUpC","Madness"],"picked":"LockedScales","floor":0},{"not_picked":["HandsUpC","FormalWear"],"picked":"Dramatic Entrance","floor":0},{"not_picked":["LockedBlood","PrimeTime"],"picked":"ReapSow","floor":0},{"not_picked":["Swift Strike","Facsimile"],"picked":"LockedMercury","floor":0},{"not_picked":["WindUp","Parity"],"picked":"LockedBlood","floor":0},{"not_picked":["LockedPlans","AlternateTimeline"],"picked":"DDmod:MulticlassingSkill","floor":0},{"not_picked":["AlternateTimeline","PrimeTime"],"picked":"Tempo","floor":0},{"not_picked":["Keepsakes"],"picked":"Accruing","floor":1},{"not_picked":["Engulf"],"picked":"ResonantCall","floor":3},{"not_picked":["BiteCommand"],"picked":"Discovery","floor":11},{"not_picked":["StSpp:Panic"],"picked":"CrunchTime","floor":13},{"not_picked":["Impatience+1"],"picked":"Bandage Up+1","floor":14},{"not_picked":["Panache"],"picked":"MasterKey","floor":16},{"not_picked":["LockedMedicine"],"picked":"Engulf","floor":18},{"not_picked":["WindUp+1"],"picked":"ReapSow","floor":19},{"not_picked":["Keepsakes"],"picked":"Goo","floor":20},{"not_picked":["AlternateTimeline+1"],"picked":"LockedTornado","floor":22},{"not_picked":["PrimeTime"],"picked":"LockedMercury","floor":24},{"not_picked":["BeatsPerMinute"],"picked":"BiteCommand","floor":28},{"not_picked":["AlternateTimeline"],"picked":"Engulf","floor":31},{"not_picked":["Panache"],"picked":"StSpp:Cataclysm","floor":33},{"not_picked":["AlternateTimeline+1"],"picked":"LockedBlood+1","floor":35},{"not_picked":["ShortSighted+1"],"picked":"Flash of Steel","floor":38},{"not_picked":["ExoVibe"],"picked":"Echoward+1","floor":39},{"not_picked":["Finesse+1"],"picked":"Echoward+1","floor":41},{"not_picked":["PanicButton"],"picked":"CrunchTime","floor":44},{"not_picked":["WindUp"],"picked":"Mind Blast","floor":45},{"not_picked":["Swift Strike"],"picked":"Backlash+1","floor":46}],"player_experience":464690,"relics_obtained":[{"floor":7,"key":"Ancient Tea Set"},{"floor":9,"key":"Nunchaku"},{"floor":26,"key":"conspire:DeflatedDodgeball"},{"floor":28,"key":"SpringShield"},{"floor":43,"key":"Eternal Feather"},{"floor":46,"key":"StSpp:SailingBoat"}],"event_choices":[{"damage_healed":0,"gold_gain":0,"cards_transformed":["Adagio"],"player_choice":"Transformed","damage_taken":0,"max_hp_gain":0,"max_hp_loss":0,"event_name":"Transmorgrifier","floor":2,"gold_loss":0,"cards_obtained":["OracleForm"]},{"damage_healed":0,"gold_gain":0,"player_choice":"2","damage_taken":0,"max_hp_gain":0,"max_hp_loss":0,"event_name":"betterMatch:BetterMatch","floor":14,"gold_loss":0,"cards_obtained":["betterMatch:ColorlessUncommonCard"]},{"cards_removed":["StSpp:Cataclysm"],"damage_healed":0,"gold_gain":0,"player_choice":"Offered Rare","damage_taken":0,"max_hp_gain":10,"max_hp_loss":0,"event_name":"Bonfire Elementals","floor":37,"gold_loss":0},{"cards_removed":["Shame"],"damage_healed":0,"gold_gain":0,"player_choice":"Purged","damage_taken":0,"max_hp_gain":0,"max_hp_loss":0,"event_name":"Purifier","floor":48,"gold_loss":0}],"is_beta":false,"boss_relics":[{"not_picked":["HangingClock","StSpp:FireArrow"],"picked":"Cursed Key"},{"not_picked":["Runic Dome","StSpp:Magatama"],"picked":"energizedSpire:EnergizedDie"}],"items_purged_floors":[36],"is_endless":false,"potions_floor_spawned":[20,28,35,38,45],"killed_by":"conspire:OrnateMirror","ascension_level":0}}