{"host":"6h0diz2ap0m56grs","time":1611882208,"event":{"mods":["2.2 Compatiblity","BaseMod","Colored Map","Marisa????????","Minty Spire (QoL Compilation)","Quick Restart","Replay The Spire","Shop Mod","StSLib","The Servant 0.9.4"],"gold_per_floor":[117,131,131,131,53,78,109,109,109,162,206,218,270,23,23,23,23],"floor_reached":16,"language":"ENG","playtime":2623,"items_purged":[],"score":272,"play_id":"9f863d6c-216c-4a78-a191-dc69c301e12f","local_time":"20210128190328","daily_mods":["SealedDeck","Heirloom","Time Dilation","Flight"],"is_ascension_mode":true,"campfire_choices":[{"data":"Footwork","floor":8,"key":"SMITH"},{"data":"Footwork","floor":12,"key":"SMITH"},{"data":"Footwork","floor":15,"key":"SMITH"}],"circlet_count":0,"master_deck":["Poisoned Stab","Backflip","Dagger Spray","Dodge and Roll","Dodge and Roll","Predator","Leg Sweep","Footwork+1","Crippling Poison","Dash","Dodge and Roll+1","Footwork+1","Footwork+1","Crippling Poison","Crippling Poison"],"relics":["Snecko Eye","Ring of Chaos","replay:Trail_Library","Counterbalance","Iron Hammer","CeramicFish","MawBank","Shovel","Bottled Lightning","Divine Protection","HornCleat"],"acts_visited":["Exordium"],"potions_floor_usage":[],"damage_taken":[{"damage":0,"enemies":"Cultist","floor":1,"turns":2},{"damage":0,"enemies":"Small Slimes","floor":2,"turns":1},{"damage":0,"enemies":"Lagavulin","floor":6,"turns":6},{"damage":0,"enemies":"3 Sentries","floor":7,"turns":3},{"damage":0,"enemies":"Gremlin Nob","floor":10,"turns":3},{"damage":0,"enemies":"3 Sentries","floor":11,"turns":4},{"damage":0,"enemies":"Lagavulin","floor":13,"turns":5},{"damage":0,"enemies":"Hexaghost","floor":16,"turns":4}],"seed_played":"-7441761480843631082","potions_obtained":[{"floor":7,"key":"SkillPotion"},{"floor":10,"key":"Dexterity Potion"},{"floor":11,"key":"Milkshake"}],"is_trial":true,"path_per_floor":["M","M","?","?","$","E","E","R","T","E","E","R","E","$","R","B"],"character_chosen":"THE_SILENT","items_purchased":["Footwork","HornCleat"],"campfire_rested":0,"item_purchase_floors":[5,14],"current_hp_per_floor":[70,70,70,75,75,75,75,75,75,75,75,75,75,75,75,75,75],"gold":23,"neow_bonus":"","is_daily":false,"chose_seed":false,"campfire_upgraded":3,"win_rate":0.0,"timestamp":1611882208,"path_taken":["M","M","?","?","?","E","E","R","T","E","E","R","E","$","R","BOSS"],"items_purchased_type":["Card","Relic"],"build_version":"2020-12-22","purchased_purges":0,"victory":false,"max_hp_per_floor":[70,70,70,75,75,75,75,75,75,75,75,75,75,75,75,75,75],"card_choices":[{"not_picked":["Escape Plan","Flying Knee","ReplayTheSpireMod:Speed Training"],"picked":"SKIP","floor":1},{"not_picked":["Cloak And Dagger","Noxious Fumes"],"picked":"Dash","floor":2},{"not_picked":["All Out Attack","Sucker Punch"],"picked":"Footwork","floor":6},{"not_picked":["Cloak And Dagger","Calculated Gamble","Dash"],"picked":"SKIP","floor":7},{"not_picked":["Glass Knife","Deflect"],"picked":"Crippling Poison","floor":10},{"not_picked":["Quick Slash","PiercingWail","Well Laid Plans"],"picked":"SKIP","floor":11},{"not_picked":["Skewer","Bane"],"picked":"Crippling Poison","floor":13}],"player_experience":228603,"relics_obtained":[{"floor":6,"key":"Iron Hammer"},{"floor":7,"key":"CeramicFish"},{"floor":9,"key":"MawBank"},{"floor":10,"key":"Shovel"},{"floor":11,"key":"Bottled Lightning"},{"floor":13,"key":"Divine Protection"}],"event_choices":[{"damage_healed":0,"gold_gain":0,"player_choice":"Donut","damage_taken":0,"max_hp_gain":5,"max_hp_loss":0,"event_name":"Big Fish","floor":4,"gold_loss":0}],"is_beta":false,"boss_relics":[],"items_purged_floors":[],"is_endless":false,"potions_floor_spawned":[7,10,11],"killed_by":"Hexaghost","ascension_level":1}}