{"host":"a1eatafr7pisesky","time":1611905320,"event":{"mods":["AchievementEnabler","BaseMod","Colored Map","Keyboard Shortcuts","Minty Spire (QoL Compilation)","Say the Spire","StSLib","SuperFastMode","everything is the same but u backflip on backflip"],"gold_per_floor":[119,137,16,32,32,62,80,99,177,177,188,188,217,217,217,217,217],"floor_reached":16,"language":"KOR","playtime":322,"items_purged":["Defend_P"],"score":179,"play_id":"d42e0fa9-4e0f-4806-a87b-83b8b49364e4","local_time":"20210129162840","is_ascension_mode":true,"campfire_choices":[{"floor":10,"key":"REST"},{"data":"Eruption","floor":12,"key":"SMITH"},{"floor":15,"key":"REST"}],"circlet_count":0,"master_deck":["AscendersBane","Strike_P","Strike_P","Strike_P","Defend_P","Defend_P+1","Defend_P","Eruption+1","Vigilance+1","ForeignInfluence","FollowUp","EmptyFist","SandsOfTime","MentalFortress","FearNoEvil","BowlingBash","Wallop"],"relics":["PureWater","Matryoshka","War Paint","Art of War","Torii"],"acts_visited":["Exordium"],"potions_floor_usage":[16],"damage_taken":[{"damage":9.0,"enemies":"Cultist","floor":1.0,"turns":4.0},{"damage":5.0,"enemies":"Small Slimes","floor":2.0,"turns":3.0},{"damage":3.0,"enemies":"2 Louse","floor":4.0,"turns":2.0},{"damage":20.0,"enemies":"Gremlin Nob","floor":6.0,"turns":4.0},{"damage":6.0,"enemies":"Large Slime","floor":7.0,"turns":4.0},{"damage":16.0,"enemies":"Blue Slaver","floor":8.0,"turns":3.0},{"damage":8,"enemies":"Exordium Thugs","floor":11,"turns":3},{"damage":23,"enemies":"Lagavulin","floor":13,"turns":6},{"damage":23,"enemies":"The Guardian","floor":16,"turns":5}],"seed_played":"-5402998712766933397","potions_obtained":[{"floor":1.0,"key":"SpeedPotion"},{"floor":6.0,"key":"Energy Potion"}],"is_trial":false,"path_per_floor":["M","M","$","M","?","E","M","M","T","R","M","R","E","?","R","B"],"character_chosen":"WATCHER","items_purchased":["EmptyFist"],"campfire_rested":2,"item_purchase_floors":[3],"current_hp_per_floor":[56,51,51,48,72,52,46,30,30,51,43,43,20,2,23,0,0],"gold":217,"neow_bonus":"TRANSFORM_CARD","is_daily":false,"chose_seed":false,"campfire_upgraded":1,"win_rate":0.0,"timestamp":1611905320,"path_taken":["M","M","?","M","?","E","?","M","T","R","M","R","E","?","R","BOSS"],"items_purchased_type":["Card"],"build_version":"2020-12-22","purchased_purges":1,"victory":false,"max_hp_per_floor":[72,72,72,72,72,72,72,72,72,72,72,72,72,72,72,72,72],"card_choices":[{"not_picked":["FlyingSleeves","Fasting2"],"picked":"FollowUp","floor":1.0},{"not_picked":["Halt","LikeWater","Crescendo"],"picked":"SKIP","floor":2.0},{"not_picked":["EmptyBody","PathToVictory"],"picked":"SandsOfTime","floor":4.0},{"not_picked":["Ragnarok","Crescendo"],"picked":"MentalFortress","floor":6.0},{"not_picked":["PathToVictory","DeceiveReality"],"picked":"FearNoEvil","floor":7.0},{"not_picked":["FlyingSleeves","Sanctity","Study"],"picked":"SKIP","floor":8.0},{"not_picked":["SashWhip","EmptyBody"],"picked":"BowlingBash","floor":11},{"not_picked":["Ragnarok","Wireheading"],"picked":"Wallop","floor":13}],"player_experience":379275,"relics_obtained":[{"floor":6.0,"key":"Matryoshka"},{"floor":9,"key":"War Paint"},{"floor":13,"key":"Art of War"}],"event_choices":[{"damage_healed":24.0,"max_hp_gain":0.0,"max_hp_loss":0.0,"gold_gain":0.0,"event_name":"Wheel of Change","player_choice":"Full Heal","floor":5.0,"gold_loss":0.0,"damage_taken":0.0},{"damage_healed":0,"gold_gain":0,"player_choice":"Success","damage_taken":18,"relics_obtained":["Torii"],"max_hp_gain":0,"max_hp_loss":0,"event_name":"Scrap Ooze","floor":14,"gold_loss":0}],"is_beta":false,"boss_relics":[],"items_purged_floors":[3],"is_endless":false,"potions_floor_spawned":[1,6,7,13],"killed_by":"The Guardian","ascension_level":12}}