{"host":"rb2p2z6v6vieend5","time":1611946584,"event":{"mods":["BaseMod","Block Reminder","Colored Map","DeckTracker","Highlight Path","Minty Spire (QoL Compilation)","Random Character Button","Relic Stats"],"gold_per_floor":[119,119,129,142,159,159,194,194,194,207,227,239,271,285,285,357,357,377,397,414,414,20,20,55,71,98,197,216,86,86,101,101,176,176,195,195,195,195,211,211,229,246,297,297,311,337,112,158,158,158,158],"floor_reached":50,"language":"ENG","playtime":7921,"items_purged":["Heavy Blade","Bash","Parasite"],"score":879,"play_id":"58c288b7-7ee6-4a3a-bdb4-7e7906b106d6","local_time":"20210129195624","is_ascension_mode":true,"campfire_choices":[{"data":"Searing Blow","floor":6,"key":"SMITH"},{"data":"Searing Blow+1","floor":8,"key":"SMITH"},{"data":"Searing Blow+2","floor":15,"key":"SMITH"},{"data":"Armaments","floor":23,"key":"SMITH"},{"data":"Searing Blow+3","floor":30,"key":"SMITH"},{"data":"Searing Blow+4","floor":32,"key":"SMITH"},{"data":"Searing Blow+5","floor":40,"key":"SMITH"},{"data":"Searing Blow+6","floor":44,"key":"SMITH"},{"floor":49,"key":"REST"}],"circlet_count":0,"master_deck":["AscendersBane","Dramatic Entrance","Flame Barrier","Searing Blow+7","Spot Weakness","Uppercut","Shockwave","True Grit","Pommel Strike","Bludgeon","Clothesline","Pommel Strike","Fire Breathing","Disarm","Reaper","Bloodletting","Cleave","Armaments+1","Ghostly Armor+1","Disarm+1","Burning Pact+1","Metallicize","Battle Trance+1","Exhume+1","Intimidate+1","Armaments+1","Metallicize"],"relics":["Burning Blood","Mercury Hourglass","Lizard Tail","TungstenRod","Pandora\u0027s Box","Toxic Egg 2","Vajra","Smiling Mask","Velvet Choker","Molten Egg 2","Art of War","Darkstone Periapt","Blood Vial"],"acts_visited":["Exordium","TheCity","TheBeyond"],"potions_floor_usage":[10,25,25,33,33,42,46,47,50,50],"damage_taken":[{"damage":3,"enemies":"2 Louse","floor":1,"turns":3},{"damage":4,"enemies":"Cultist","floor":3,"turns":6},{"damage":7,"enemies":"Small Slimes","floor":4,"turns":3},{"damage":17,"enemies":"Looter","floor":5,"turns":3},{"damage":40,"enemies":"Gremlin Nob","floor":7,"turns":5},{"damage":6,"enemies":"Large Slime","floor":10,"turns":3},{"damage":8,"enemies":"Blue Slaver","floor":11,"turns":3},{"damage":0,"enemies":"Gremlin Gang","floor":12,"turns":3},{"damage":15,"enemies":"3 Sentries","floor":13,"turns":5},{"damage":0,"enemies":"Lots of Slimes","floor":14,"turns":1},{"damage":13,"enemies":"The Guardian","floor":16,"turns":12},{"damage":8,"enemies":"Chosen","floor":18,"turns":4},{"damage":0,"enemies":"3 Byrds","floor":19,"turns":1},{"damage":2,"enemies":"Snake Plant","floor":20,"turns":2},{"damage":9,"enemies":"Gremlin Leader","floor":24,"turns":6},{"damage":20,"enemies":"Centurion and Healer","floor":25,"turns":5},{"damage":15,"enemies":"Cultist and Chosen","floor":28,"turns":7},{"damage":4,"enemies":"Snake Plant","floor":31,"turns":3},{"damage":67,"enemies":"Automaton","floor":33,"turns":10},{"damage":0,"enemies":"Orb Walker","floor":35,"turns":2},{"damage":15,"enemies":"3 Darklings","floor":39,"turns":6},{"damage":5,"enemies":"4 Shapes","floor":41,"turns":2},{"damage":37,"enemies":"Transient","floor":42,"turns":5},{"damage":37,"enemies":"Writhing Mass","floor":45,"turns":6},{"damage":79,"enemies":"Giant Head","floor":46,"turns":11},{"damage":72,"enemies":"Donu and Deca","floor":50,"turns":7}],"seed_played":"1371674892824659128","potions_obtained":[{"floor":1,"key":"Block Potion"},{"floor":4,"key":"LiquidBronze"},{"floor":11,"key":"SpeedPotion"},{"floor":13,"key":"Swift Potion"},{"floor":18,"key":"LiquidMemories"},{"floor":25,"key":"Swift Potion"},{"floor":28,"key":"ColorlessPotion"},{"floor":33,"key":"Swift Potion"},{"floor":35,"key":"DistilledChaos"},{"floor":45,"key":"Strength Potion"}],"is_trial":false,"path_per_floor":["M","?","M","M","M","R","E","R","T","M","M","M","E","M","R","B",null,"M","M","M","?","$","R","E","M","T","?","M","$","R","M","R","B",null,"M","?","?","?","M","R","M","M","T","R","M","E","$","T","R","B"],"character_chosen":"IRONCLAD","items_purchased":["Toxic Egg 2","Ghostly Armor+1","Battle Trance+1","Fruit Juice","LiquidMemories"],"campfire_rested":1,"item_purchase_floors":[22,22,29,47,47],"current_hp_per_floor":[75,75,77,76,65,65,31,31,31,31,29,35,26,32,32,25,66,64,70,74,74,74,74,71,57,57,57,62,62,62,64,64,15,64,70,70,70,70,67,67,76,54,54,54,26,12,17,17,40,0,0],"gold":158,"neow_bonus":"RANDOM_COLORLESS","is_daily":false,"chose_seed":false,"campfire_upgraded":8,"win_rate":0.0,"timestamp":1611946584,"path_taken":["M","?","M","?","M","R","E","R","T","M","M","M","E","M","R","BOSS","M","M","M","?","$","R","E","M","T","?","M","$","R","M","R","BOSS","M","?","?","?","M","R","M","?","T","R","M","E","?","?","R","BOSS"],"items_purchased_type":["Relic","Card","Card","Potion","Potion"],"build_version":"2020-12-22","purchased_purges":3,"victory":false,"max_hp_per_floor":[80,80,80,80,80,80,80,80,80,80,80,80,80,80,80,80,80,80,80,80,80,80,80,80,80,80,80,80,80,80,80,80,80,80,80,76,76,76,76,76,76,76,76,76,76,76,78,78,78,78,78],"relic_stats":{"Darkstone Periapt":0,"Blood Vial":2,"Lizard Tail":38,"counters":[26,123],"Pandora\u0027s Box":["Clothesline","Pommel Strike","Fire Breathing","Disarm","Reaper","Bloodletting","Cleave","Heavy Blade"],"Art of War":[6],"Smiling Mask":125,"obtain_stats":[{"Darkstone Periapt":46,"Vajra":24,"Velvet Choker":34,"Smiling Mask":26,"Burning Blood":0,"Mercury Hourglass":7,"Blood Vial":48,"Lizard Tail":9,"Pandora\u0027s Box":17,"Molten Egg 2":38,"Art of War":43,"Toxic Egg 2":22,"TungstenRod":13},{"Darkstone Periapt":25,"Vajra":15,"Velvet Choker":19,"Smiling Mask":16,"Burning Blood":0,"Mercury Hourglass":5,"Blood Vial":25,"Lizard Tail":5,"Pandora\u0027s Box":11,"Molten Egg 2":20,"Art of War":23,"Toxic Egg 2":14,"TungstenRod":9},{"Darkstone Periapt":116,"Vajra":60,"Velvet Choker":84,"Smiling Mask":65,"Burning Blood":0,"Mercury Hourglass":20,"Blood Vial":116,"Lizard Tail":20,"Pandora\u0027s Box":47,"Molten Egg 2":86,"Art of War":99,"Toxic Egg 2":54,"TungstenRod":34}],"Burning Blood":146,"TungstenRod":67,"Mercury Hourglass":[453]},"card_choices":[{"not_picked":["Forethought","Finesse"],"picked":"Dramatic Entrance","floor":0},{"not_picked":["Thunderclap","Wild Strike"],"picked":"Flame Barrier","floor":1},{"not_picked":["Clothesline","Perfected Strike"],"picked":"Searing Blow","floor":3},{"not_picked":["Wild Strike","Heavy Blade","Thunderclap"],"picked":"SKIP","floor":4},{"not_picked":["Anger","Power Through","Carnage"],"picked":"SKIP","floor":5},{"not_picked":["Clothesline","Perfected Strike"],"picked":"Spot Weakness","floor":7},{"not_picked":["Power Through","Pommel Strike","Pummel"],"picked":"SKIP","floor":10},{"not_picked":["Cleave","Body Slam"],"picked":"Uppercut","floor":11},{"not_picked":["Iron Wave","Limit Break"],"picked":"Shockwave","floor":12},{"not_picked":["Flex","Burning Pact"],"picked":"True Grit","floor":13},{"not_picked":["Havoc","Inflame"],"picked":"Pommel Strike","floor":14},{"not_picked":["Exhume","Brutality"],"picked":"Bludgeon","floor":16},{"not_picked":["Iron Wave","Disarm","Headbutt"],"picked":"SKIP","floor":18},{"not_picked":["Blood for Blood","Cleave","Warcry"],"picked":"SKIP","floor":19},{"not_picked":["Whirlwind","Pommel Strike","Iron Wave"],"picked":"SKIP","floor":20},{"not_picked":["Warcry+1","Hemokinesis"],"picked":"Disarm+1","floor":24},{"not_picked":["Headbutt","Perfected Strike"],"picked":"Burning Pact+1","floor":25},{"not_picked":["Warcry+1","Headbutt"],"picked":"Metallicize","floor":28},{"not_picked":["Pommel Strike","Headbutt","Perfected Strike"],"picked":"SKIP","floor":31},{"not_picked":["Bludgeon","Corruption"],"picked":"Exhume+1","floor":33},{"not_picked":["Infernal Blade+1","Sentinel+1"],"picked":"Intimidate+1","floor":35},{"not_picked":["True Grit+1","Twin Strike+1"],"picked":"Armaments+1","floor":39},{"not_picked":["Twin Strike+1","Iron Wave+1","Perfected Strike+1"],"picked":"SKIP","floor":41},{"not_picked":["Dual Wield+1","Cleave+1","Combust"],"picked":"SKIP","floor":42},{"not_picked":["Body Slam+1","Flex+1"],"picked":"Metallicize","floor":45},{"not_picked":["Dual Wield+1","Clothesline+1","Sword Boomerang+1"],"picked":"SKIP","floor":46}],"player_experience":641571,"relics_obtained":[{"floor":7,"key":"Mercury Hourglass"},{"floor":9,"key":"Lizard Tail"},{"floor":13,"key":"TungstenRod"},{"floor":24,"key":"Vajra"},{"floor":26,"key":"Smiling Mask"},{"floor":38,"key":"Molten Egg 2"},{"floor":43,"key":"Art of War"},{"floor":46,"key":"Darkstone Periapt"},{"floor":48,"key":"Blood Vial"}],"event_choices":[{"cards_removed":["Strike_R"],"damage_healed":0,"gold_gain":0,"player_choice":"Purged","damage_taken":0,"max_hp_gain":0,"max_hp_loss":0,"event_name":"Purifier","floor":2,"gold_loss":0},{"damage_healed":0,"gold_gain":0,"player_choice":"Read","damage_taken":0,"max_hp_gain":0,"max_hp_loss":0,"event_name":"The Library","floor":21,"gold_loss":0,"cards_obtained":["Armaments"]},{"damage_healed":0,"gold_gain":99,"player_choice":"Stole From Cult","damage_taken":0,"max_hp_gain":0,"max_hp_loss":0,"event_name":"Nest","floor":27,"gold_loss":0},{"damage_healed":0,"gold_gain":0,"player_choice":"Max HP","damage_taken":0,"max_hp_gain":0,"max_hp_loss":4,"event_name":"Winding Halls","floor":36,"gold_loss":0},{"damage_healed":0,"gold_gain":0,"player_choice":"Ignored","damage_taken":0,"max_hp_gain":0,"max_hp_loss":0,"event_name":"Tomb of Lord Red Mask","floor":37,"gold_loss":0},{"damage_healed":0,"gold_gain":0,"player_choice":"Relic","damage_taken":0,"max_hp_gain":0,"max_hp_loss":0,"event_name":"Wheel of Change","floor":38,"gold_loss":0}],"is_beta":false,"boss_relics":[{"not_picked":["Calling Bell","Coffee Dripper"],"picked":"Pandora\u0027s Box"},{"not_picked":["Fusion Hammer","SacredBark"],"picked":"Velvet Choker"}],"items_purged_floors":[22,29,47],"is_endless":false,"potions_floor_spawned":[1,4,11,13,18,25,28,33,35,41,45],"killed_by":"Donu and Deca","ascension_level":13}}