{"host":"7tqog9fnhs0gxmti","time":1611914272,"event":{"mods":["AchievementEnabler","Act Like it!","Astrologer","BaseMod","Beaked The Cultist","CapriCore","Colored Map","Colored Powertips","Downfall","Hermit","Highlight Path","Koishi","Marisa????????","Minty Spire (QoL Compilation)","Quick Restart","Random Character Button","Rare Cards Sparkle","Robot Space Explorer","Somnambulant","StSLib","The Bug Knight","The Construct","The Cursed","The Disciple","The Gatherer","The Hayseed","The Marked","Wandering Minibosses","everything is the same but u backflip on backflip"],"gold_per_floor":[99,119,136,0,19,36,36,62,237,137,137,165,165,198,218,218,218,218],"floor_reached":16,"language":"ENG","playtime":813,"items_purged":["bronze:Strike"],"score":120,"play_id":"3121518c-c48f-40f8-b5e8-83b344c6f4a5","local_time":"20210129175752","is_ascension_mode":false,"campfire_choices":[{"data":"bronze:DarkDash","floor":1,"key":"SMITH"},{"data":"bronze:MaxOutput","floor":10,"key":"SMITH"}],"circlet_count":0,"master_deck":["bronze:Strike","bronze:Strike","bronze:Strike","bronze:Defend","bronze:Defend","bronze:Defend+1","bronze:Defend","bronze:Replicate+1","bronze:Goto","bronze:DarkDash+1","bronze:ItsAFeature","bronze:MaxOutput+1","bronze:Terminator","bronze:WhirlingStrike","bronze:Invalidate+1","Doubt","downfall:Malfunctioning"],"relics":["bronze:BronzeCore","PreservedInsect","Singing Bowl","downfall:HeartBlessingGreen","Gremlin Horn","Bottled Tornado"],"acts_visited":["Exordium"],"potions_floor_usage":[14,16,16,16],"damage_taken":[{"damage":0,"enemies":"Cultist","floor":2,"turns":3},{"damage":11,"enemies":"2 Louse","floor":3,"turns":3},{"damage":5,"enemies":"downfall:FleeingMerchant","floor":4,"turns":5},{"damage":1,"enemies":"Small Slimes","floor":5,"turns":2},{"damage":7,"enemies":"Blue Slaver","floor":6,"turns":4},{"damage":1,"enemies":"3 Sentries","floor":8,"turns":3},{"damage":3,"enemies":"Gremlin Nob","floor":12,"turns":3},{"damage":13,"enemies":"3 Sentries","floor":14,"turns":3},{"damage":14,"enemies":"Exordium Thugs","floor":15,"turns":3},{"damage":58,"enemies":"DF_ARCHETYPE_STREAMLINE","floor":16,"turns":9}],"seed_played":"-480367099181072603","potions_obtained":[{"floor":2,"key":"bronze:BurnAndBuffPotion"},{"floor":3,"key":"BlessingOfTheForge"},{"floor":12,"key":"champ:CounterPotion"},{"floor":14,"key":"FearPotion"}],"is_trial":false,"path_per_floor":["R","M","M","$","M","M","T","E","?","R","?","E","?","E","M","B"],"character_chosen":"THE_AUTOMATON","items_purchased":["bronze:WhirlingStrike"],"campfire_rested":0,"item_purchase_floors":[4],"current_hp_per_floor":[70,70,59,54,53,46,46,47,47,47,47,46,70,59,47,0,0,0],"gold":218,"neow_bonus":"THREE_CARDS","is_daily":false,"chose_seed":false,"campfire_upgraded":2,"win_rate":0.0,"timestamp":1611914272,"path_taken":["R","M","M","$","?","M","T","E","?","R","?","E","?","E","M","BOSS"],"items_purchased_type":["Card"],"build_version":"2020-12-22","purchased_purges":1,"victory":false,"max_hp_per_floor":[70,70,70,70,70,70,70,72,72,72,72,74,74,76,78,78,78,78],"card_choices":[{"not_picked":["bronze:ForLoop","bronze:Overheat"],"picked":"bronze:DarkDash","floor":0},{"not_picked":["bronze:ForLoop","bronze:Fortify"],"picked":"bronze:ItsAFeature","floor":2},{"not_picked":["bronze:BugBarrage","bronze:Frontload"],"picked":"bronze:MaxOutput","floor":3},{"not_picked":["bronze:Iterate","bronze:Invalidate"],"picked":"bronze:Terminator","floor":4},{"not_picked":["bronze:Terminator","bronze:Philosophize"],"picked":"bronze:Invalidate","floor":5},{"not_picked":["bronze:Turbo","bronze:Overload","bronze:FollowUp"],"picked":"SKIP","floor":6},{"not_picked":["bronze:Invalidate","bronze:Deprecate","bronze:Separator"],"picked":"Singing Bowl","floor":8},{"not_picked":["bronze:FollowUp","bronze:HyperBeam","bronze:MaxOutput"],"picked":"Singing Bowl","floor":12},{"not_picked":["bronze:Allocate","bronze:Safeguard","bronze:FineTuning"],"picked":"Singing Bowl","floor":14},{"not_picked":["bronze:Branch","bronze:ForLoop","bronze:Turbo"],"picked":"Singing Bowl","floor":15}],"player_experience":915649,"relics_obtained":[{"floor":7,"key":"PreservedInsect"},{"floor":8,"key":"Singing Bowl"},{"floor":12,"key":"Gremlin Horn"},{"floor":14,"key":"Bottled Tornado"}],"event_choices":[{"damage_healed":24,"gold_gain":0,"player_choice":"Banana","damage_taken":0,"max_hp_gain":0,"max_hp_loss":0,"event_name":"Big Fish","floor":13,"gold_loss":0}],"is_beta":false,"boss_relics":[],"items_purged_floors":[4],"is_endless":false,"potions_floor_spawned":[2,3,12,14,15],"killed_by":"DF_ARCHETYPE_STREAMLINE","ascension_level":0}}