{"host":"1c17lcvl7acx821p","time":1611920065,"event":{"mods":["AchievementEnabler","BaseMod","Colored Map","Minty Spire (QoL Compilation)","Quick Restart","Relic Sorter","StSLib"],"gold_per_floor":[114,189,202,221,239,268,296,316,316,316,331,362,362,392,29,29,29,106,106,119,134,152,169,182,214,214,245,245,272,282,282,300,300,300,373,373,385,262,280,280,291,325,325,325,325],"floor_reached":44,"language":"ENG","playtime":1959,"items_purged":["Zap"],"score":911,"play_id":"f9b8f83b-8d9f-4d4e-8a4f-30897311a9b3","local_time":"20210129133425","is_ascension_mode":true,"campfire_choices":[{"floor":9.0,"key":"REST"},{"floor":13.0,"key":"REST"},{"floor":16.0,"key":"REST"},{"data":"Apotheosis","floor":17.0,"key":"SMITH"},{"floor":26.0,"key":"REST"},{"floor":31.0,"key":"REST"},{"data":"Chill","floor":34.0,"key":"SMITH"}],"circlet_count":0,"master_deck":["AscendersBane","Dualcast","Cold Snap","Streamline","Beam Cell","Compile Driver","Cold Snap","Barrage","Regret","White Noise","Compile Driver","Sweeping Beam","Apotheosis+1","Defragment","Defragment","Biased Cognition","Double Energy","Steam","Reprogram","Storm","Hyperbeam","Self Repair","Rebound","Cold Snap","Reinforced Body+1","Rebound","Recycle","Defragment","Skim","Shame","Chill+1","Force Field","Go for the Eyes","Creative AI","Sweeping Beam","Compile Driver","Barrage+1","Compile Driver","Madness","Madness"],"relics":["Cursed Key","Shuriken","Odd Mushroom","Blood Vial","Orichalcum","Kunai","DollysMirror","Pandora\u0027s Box","Bag of Marbles","Lantern","Bag of Preparation","Oddly Smooth Stone","Inserter","Frozen Egg 2"],"acts_visited":["Exordium","TheCity","TheBeyond"],"potions_floor_usage":[44,44],"damage_taken":[{"damage":4.0,"enemies":"Jaw Worm","floor":1.0,"turns":3.0},{"damage":2.0,"enemies":"Small Slimes","floor":3.0,"turns":4.0},{"damage":0.0,"enemies":"2 Louse","floor":4.0,"turns":3.0},{"damage":13.0,"enemies":"Gremlin Gang","floor":5.0,"turns":5.0},{"damage":8.0,"enemies":"Lagavulin","floor":6.0,"turns":6.0},{"damage":19.0,"enemies":"The Mushroom Lair","floor":7.0,"turns":5.0},{"damage":0.0,"enemies":"Large Slime","floor":8.0,"turns":4.0},{"damage":4.0,"enemies":"Blue Slaver","floor":11.0,"turns":4.0},{"damage":9.0,"enemies":"Gremlin Nob","floor":12.0,"turns":3.0},{"damage":17.0,"enemies":"Lagavulin","floor":14.0,"turns":5.0},{"damage":23.0,"enemies":"Slime Boss","floor":18.0,"turns":5.0},{"damage":13.0,"enemies":"Chosen","floor":20.0,"turns":6.0},{"damage":2.0,"enemies":"Spheric Guardian","floor":21.0,"turns":4.0},{"damage":39.0,"enemies":"Chosen and Byrds","floor":22.0,"turns":5.0},{"damage":21.0,"enemies":"3 Cultists","floor":23.0,"turns":5.0},{"damage":20.0,"enemies":"Cultist and Chosen","floor":24.0,"turns":8.0},{"damage":15.0,"enemies":"Book of Stabbing","floor":25.0,"turns":4.0},{"damage":34.0,"enemies":"Slavers","floor":27.0,"turns":5.0},{"damage":13.0,"enemies":"Book of Stabbing","floor":29.0,"turns":4.0},{"damage":13.0,"enemies":"Shelled Parasite and Fungi","floor":30.0,"turns":5.0},{"damage":6.0,"enemies":"Centurion and Healer","floor":32.0,"turns":4.0},{"damage":28.0,"enemies":"Collector","floor":35.0,"turns":8.0},{"damage":8.0,"enemies":"Orb Walker","floor":37.0,"turns":3.0},{"damage":14.0,"enemies":"3 Shapes","floor":39.0,"turns":8.0},{"damage":13.0,"enemies":"Writhing Mass","floor":41.0,"turns":8.0},{"damage":12.0,"enemies":"Nemesis","floor":42.0,"turns":7.0},{"damage":46,"enemies":"Spire Growth","floor":44,"turns":4}],"seed_played":"3167948787831390582","potions_obtained":[{"floor":5.0,"key":"Weak Potion"},{"floor":6.0,"key":"Energy Potion"},{"floor":11.0,"key":"DuplicationPotion"},{"floor":14.0,"key":"Energy Potion"},{"floor":18.0,"key":"Block Potion"},{"floor":24.0,"key":"SkillPotion"},{"floor":25.0,"key":"GamblersBrew"},{"floor":35.0,"key":"Fire Potion"},{"floor":39.0,"key":"GamblersBrew"},{"floor":41.0,"key":"Dexterity Potion"},{"floor":42.0,"key":"Dexterity Potion"}],"is_trial":false,"path_per_floor":["M","?","M","M","M","E","?","M","R","T","M","E","R","E","$","R","R","B",null,"M","M","M","M","M","E","R","E","T","E","M","R","M","?","R","B",null,"M","$","M","?","M","E","?","M"],"character_chosen":"DEFECT","items_purchased":["Apotheosis","Defragment","DollysMirror","Compile Driver"],"campfire_rested":5,"item_purchase_floors":[15,15,15,38],"current_hp_per_floor":[64,53,51,51,38,30,11,11,33,33,31,24,46,31,31,53,53,32,64,60,70,43,31,20,17,39,14,14,13,12,34,30,30,30,14,60,54,54,52,52,51,51,42,0,0],"gold":325,"neow_bonus":"BOSS_RELIC","is_daily":false,"chose_seed":false,"campfire_upgraded":2,"win_rate":0.0,"timestamp":1611920065,"path_taken":["M","?","M","M","M","E","?","M","R","T","M","E","R","E","$","R","R","BOSS","M","M","M","M","M","E","R","E","T","E","M","R","M","?","R","BOSS","M","$","?","?","M","E","?","M"],"items_purchased_type":["Card","Card","Relic","Card"],"build_version":"2020-12-22","purchased_purges":1,"victory":false,"max_hp_per_floor":[75,75,75,75,75,75,75,75,75,75,75,75,75,75,75,75,75,75,75,75,75,75,75,75,75,75,75,75,75,75,75,75,75,75,75,75,75,75,75,75,75,75,75,75,75],"card_choices":[{"not_picked":["Ball Lightning","Sweeping Beam"],"picked":"Cold Snap","floor":1.0},{"not_picked":["Force Field","Beam Cell"],"picked":"Streamline","floor":3.0},{"not_picked":["Static Discharge","Go for the Eyes"],"picked":"Beam Cell","floor":4.0},{"not_picked":["Sweeping Beam","Steam"],"picked":"Compile Driver","floor":5.0},{"not_picked":["Melter","Blizzard"],"picked":"Cold Snap","floor":6.0},{"not_picked":["Gash","Hologram"],"picked":"Barrage","floor":8.0},{"not_picked":["Conserve Battery","Multi-Cast"],"picked":"White Noise","floor":11.0},{"not_picked":["Electrodynamics","Heatsinks"],"picked":"Compile Driver","floor":12.0},{"not_picked":["Skim","Compile Driver"],"picked":"Sweeping Beam","floor":14.0},{"not_picked":["Seek","Reboot"],"picked":"Biased Cognition","floor":18.0},{"not_picked":["Sweeping Beam+1","Barrage"],"picked":"Reinforced Body+1","floor":20.0},{"not_picked":["Darkness","Turbo"],"picked":"Rebound","floor":21.0},{"not_picked":["Rebound+1","Lockon"],"picked":"Recycle","floor":22.0},{"not_picked":["Steam","Stack"],"picked":"Defragment","floor":23.0},{"not_picked":["Static Discharge","Consume","Rip and Tear"],"picked":"SKIP","floor":24.0},{"not_picked":["Static Discharge+1","Double Energy","Recycle"],"picked":"SKIP","floor":25.0},{"not_picked":["Cold Snap","Go for the Eyes"],"picked":"Skim","floor":27.0},{"not_picked":["Stack","Skim"],"picked":"Chill","floor":29.0},{"not_picked":["Stack","Barrage"],"picked":"Force Field","floor":30.0},{"not_picked":["Chill","Go for the Eyes","Compile Driver"],"picked":"SKIP","floor":32.0},{"not_picked":["Rainbow","Core Surge"],"picked":"Creative AI","floor":35.0},{"not_picked":["Conserve Battery","Cold Snap"],"picked":"Sweeping Beam","floor":37.0},{"not_picked":["Genetic Algorithm+1","Fusion","Gash"],"picked":"SKIP","floor":39.0},{"not_picked":["Chaos","Sweeping Beam"],"picked":"Barrage+1","floor":41.0},{"not_picked":["Conserve Battery","Auto Shields+1"],"picked":"Compile Driver","floor":42.0}],"player_experience":242733,"relics_obtained":[{"floor":6.0,"key":"Shuriken"},{"floor":7.0,"key":"Odd Mushroom"},{"floor":10.0,"key":"Blood Vial"},{"floor":12.0,"key":"Orichalcum"},{"floor":14.0,"key":"Kunai"},{"floor":25.0,"key":"Bag of Marbles"},{"floor":27.0,"key":"Lantern"},{"floor":28.0,"key":"Bag of Preparation"},{"floor":29.0,"key":"Oddly Smooth Stone"},{"floor":42.0,"key":"Frozen Egg 2"}],"event_choices":[{"damage_healed":0.0,"max_hp_gain":0.0,"max_hp_loss":0.0,"gold_gain":75.0,"event_name":"World of Goop","player_choice":"Gather Gold","floor":2.0,"gold_loss":0.0,"damage_taken":11.0},{"damage_healed":0.0,"max_hp_gain":0.0,"max_hp_loss":0.0,"gold_gain":0.0,"event_name":"Mushrooms","player_choice":"Fought Mushrooms","floor":7.0,"gold_loss":0.0,"damage_taken":0.0},{"damage_healed":0.0,"max_hp_gain":0.0,"max_hp_loss":0.0,"gold_gain":0.0,"event_name":"Match and Keep!","player_choice":"1 cards matched","floor":33.0,"gold_loss":0.0,"damage_taken":0.0,"cards_obtained":["Go for the Eyes"]},{"damage_healed":0.0,"max_hp_gain":0.0,"max_hp_loss":0.0,"gold_gain":0.0,"event_name":"Tomb of Lord Red Mask","player_choice":"Ignored","floor":40.0,"gold_loss":0.0,"damage_taken":0.0},{"damage_healed":0.0,"max_hp_gain":0.0,"max_hp_loss":0.0,"gold_gain":0.0,"event_name":"Winding Halls","player_choice":"Embrace Madness","floor":43.0,"gold_loss":0.0,"damage_taken":9.0,"cards_obtained":["Madness","Madness"]}],"is_beta":false,"boss_relics":[{"not_picked":["Ectoplasm","Astrolabe"],"picked":"Pandora\u0027s Box"},{"not_picked":["Nuclear Battery","Empty Cage"],"picked":"Inserter"}],"items_purged_floors":[38],"is_endless":false,"potions_floor_spawned":[5,6,11,14,18,22,24,25,35,39,41,42],"killed_by":"Spire Growth","ascension_level":13}}