{"host":"m3qxensetu6036ua","time":1611932145,"event":{"mods":["2.2 Compatiblity","AchievementEnabler","BaseMod","Better Altar","Better Match","Better Sensory Stone","Better Skull","Better Third Choice","Better Vampires","Block Reminder","Colored Powertips","Displayed Cursed Tome","Good Game Mod","GungeonMod","Hubris","Jedi Mod","Minty Spire (QoL Compilation)","Rare Cards Sparkle","Remove Card Discount Mod","Replay The Spire","Spicy Shops","StSLib","The Cursed"],"gold_per_floor":[114,114,130,212,227,227,260,273,320,320,334,226,69,86,86,191,191,206,206,72,72,72,72,89,89,112,112,112,123,136,155,155,253,253,270,150,167,183,183,183,183,183],"floor_reached":41,"language":"ENG","playtime":2601,"items_purged":["Doubt","Pain","CommonCold"],"score":443,"play_id":"f54de97c-2195-4360-8aaa-be7f84bc897e","local_time":"20210129155545","is_ascension_mode":false,"campfire_choices":[{"data":"PathToVictory","floor":6.0,"key":"SMITH"},{"floor":10.0,"key":"REST"},{"data":"PathToVictory","floor":23.0,"key":"SMITH"},{"data":"Study","floor":25.0,"key":"SMITH"},{"data":"Eruption","floor":27.0,"key":"SMITH"},{"data":"Evaluate","floor":32.0,"key":"SMITH"},{"data":"DevaForm","floor":40,"key":"SMITH"}],"circlet_count":0,"master_deck":["Strike_P","Strike_P","Strike_P","Strike_P","Defend_P","Defend_P","Defend_P","Defend_P","Eruption+1","Vigilance","PathToVictory+1","Conclude","ClearTheMind","TalkToTheHand","Crescendo","PathToVictory+1","Study+1","Evaluate+1","Brilliance","Prostrate","LikeWater","EmptyBody","Prostrate","Vault","DevaForm+1","Prostrate+1","Tantrum"],"relics":["PureWater","REME:ComplimentaryCards","NeowsBlessing","hubris:Icosahedron","PreservedInsect","Replay:Wax Seal","Boot","jedi:fakemustache","Replay:Ancient Bell","Bag of Marbles","hubris:PeanutButter","TungstenRod","ReplayTheSpireMod:Ring of Exchange","Happy Flower","hubris:HollowSoul","DemoMod:GlassGuonStoneRelic"],"acts_visited":["Exordium","TheCity","TheBeyond"],"potions_floor_usage":[38,38,41],"damage_taken":[{"damage":0.0,"enemies":"Cultist","floor":1.0,"turns":1.0},{"damage":0.0,"enemies":"2 Louse","floor":3.0,"turns":1.0},{"damage":0.0,"enemies":"Small Slimes","floor":5.0,"turns":1.0},{"damage":17.0,"enemies":"Gremlin Nob","floor":7.0,"turns":4.0},{"damage":9.0,"enemies":"Exordium Thugs","floor":8.0,"turns":5.0},{"damage":0.0,"enemies":"Looter","floor":11.0,"turns":2.0},{"damage":5.0,"enemies":"2 Fungi Beasts","floor":14.0,"turns":2.0},{"damage":0.0,"enemies":"Slime Boss","floor":16.0,"turns":5.0},{"damage":9.0,"enemies":"Spheric Guardian","floor":18.0,"turns":4.0},{"damage":0.0,"enemies":"Chosen","floor":24.0,"turns":3.0},{"damage":0.0,"enemies":"Centurion and Healer","floor":29.0,"turns":4.0},{"damage":2.0,"enemies":"Snake Plant","floor":30.0,"turns":5.0},{"damage":0.0,"enemies":"Snecko","floor":31.0,"turns":5.0},{"damage":2.0,"enemies":"Collector","floor":33.0,"turns":8.0},{"damage":0,"enemies":"3 Shapes","floor":35,"turns":9},{"damage":0,"enemies":"Orb Walker","floor":37,"turns":4},{"damage":23,"enemies":"3 Darklings","floor":38,"turns":6},{"damage":0,"enemies":"Reptomancer","floor":41,"turns":2}],"seed_played":"8551911241941541937","potions_obtained":[{"floor":4.0,"key":"GamblersBrew"},{"floor":4.0,"key":"BottledMiracle"},{"floor":7.0,"key":"Energy Potion"},{"floor":8.0,"key":"Cursed Concoction"},{"floor":16.0,"key":"StancePotion"},{"floor":18.0,"key":"PowerPotion"},{"floor":24.0,"key":"Dexterity Potion"},{"floor":33.0,"key":"Adrenaline Potion"},{"floor":35,"key":"Explosive Potion"}],"is_trial":false,"path_per_floor":["M","?","M","?","M","R","E","M","T","R","M","$","$","M","R","B",null,"M","?","$","?","?","R","M","R","T","R","?","M","M","M","R","B",null,"M","$","M","M","?","R","E"],"character_chosen":"WATCHER","items_purchased":["PathToVictory","jedi:fakemustache","Prostrate","LikeWater","DevaForm","SkillPotion"],"campfire_rested":1,"item_purchase_floors":[12,13,20,20,36,36],"current_hp_per_floor":[72,72,72,54,54,54,37,28,28,49,49,49,59,54,54,54,72,63,63,72,72,72,72,72,72,72,72,72,72,70,70,70,68,72,72,72,72,49,49,49,49,49],"gold":183,"neow_bonus":"THREE_ENEMY_KILL","is_daily":false,"chose_seed":false,"campfire_upgraded":6,"win_rate":0.0,"timestamp":1611932145,"path_taken":["M","?","M","?","?","R","E","M","T","R","M","?","$","M","R","BOSS","M","?","$","?","?","R","?","R","T","R","?","M","M","?","R","BOSS","M","$","M","M","?","R","E"],"items_purchased_type":["Card","Relic","Card","Card","Card","Potion"],"build_version":"2020-12-22","purchased_purges":3,"victory":false,"max_hp_per_floor":[72,72,72,72,72,72,72,72,72,72,72,72,72,72,72,72,72,72,72,72,72,72,72,72,72,72,72,72,72,72,72,72,72,72,72,72,72,72,72,72,72,72],"card_choices":[{"not_picked":["CrushJoints","Halt","Sanctity"],"picked":"SKIP","floor":1.0},{"not_picked":["Protect","Consecrate"],"picked":"PathToVictory","floor":3.0},{"not_picked":["Consecrate","Halt"],"picked":"Conclude","floor":4.0},{"not_picked":["Replay:ManipulateFuture","ThirdEye"],"picked":"ClearTheMind","floor":5.0},{"not_picked":["ThirdEye","Swivel","Replay:AtTheReady"],"picked":"SKIP","floor":7.0},{"not_picked":["Replay:DivineShield","Replay:ManipulateFuture"],"picked":"TalkToTheHand","floor":8.0},{"not_picked":["CrushJoints","ConjureBlade"],"picked":"Crescendo","floor":11.0},{"not_picked":["ThirdEye","EmptyBody"],"picked":"Study","floor":14.0},{"not_picked":["Ragnarok","Replay:LoomingThreat"],"picked":"Brilliance","floor":16.0},{"not_picked":["ReplayTheSpireMod:Splinters","Spreading Infection"],"picked":"Doubt","floor":17.0},{"not_picked":["ReplayTheSpireMod:Splinters","hubris:Envy"],"picked":"Pain","floor":17.0},{"not_picked":["Sickly","hubris:Sloth"],"picked":"CommonCold","floor":17.0},{"not_picked":["Swivel","BowlingBash+1","Weave"],"picked":"SKIP","floor":18.0},{"not_picked":["SandsOfTime","Replay:LoomingThreat"],"picked":"EmptyBody","floor":24.0},{"not_picked":["EmptyBody","ThirdEye+1"],"picked":"Prostrate","floor":29.0},{"not_picked":["CrushJoints","Sanctity","Replay:ManipulateFuture+1"],"picked":"SKIP","floor":30.0},{"not_picked":["Replay:ManipulateFuture","Replay:AtTheReady+1","JustLucky"],"picked":"SKIP","floor":31.0},{"not_picked":["MasterReality","Replay:LoomingThreat"],"picked":"Vault","floor":33.0},{"not_picked":["WheelKick","CrushJoints","Replay:Anticipation"],"picked":"SKIP","floor":35},{"not_picked":["SashWhip","Halt","Nirvana+1"],"picked":"SKIP","floor":37},{"not_picked":["Swivel+1","JustLucky+1"],"picked":"Prostrate+1","floor":38}],"player_experience":193436,"relics_obtained":[{"floor":4.0,"key":"PreservedInsect"},{"floor":7.0,"key":"Replay:Wax Seal"},{"floor":9.0,"key":"Boot"},{"floor":21.0,"key":"ReplayTheSpireMod:Ring of Exchange"},{"floor":28.0,"key":"Happy Flower"}],"event_choices":[{"damage_healed":0.0,"max_hp_gain":0.0,"max_hp_loss":0.0,"gold_gain":0.0,"event_name":"Beggar","player_choice":"Ignored","floor":19.0,"gold_loss":0.0,"damage_taken":0.0},{"damage_healed":0.0,"max_hp_gain":0.0,"max_hp_loss":0.0,"gold_gain":0.0,"event_name":"NoteForYourself","player_choice":"Ignored","floor":22.0,"gold_loss":0.0,"damage_taken":0.0}],"is_beta":false,"boss_relics":[{"not_picked":["Black Star","Kintsugi"],"picked":"Replay:Ancient Bell"},{"not_picked":["Replay:Mystery Machine","Bag of Preparation"],"picked":"Bag of Marbles"},{"not_picked":["hubris:CrystalStatue","jedi:bottledfury"],"picked":"hubris:PeanutButter"},{"not_picked":["WingedGreaves","Replay:PocketPolymizer"],"picked":"TungstenRod"},{"not_picked":["Tiny House","Painkiller Herb"],"picked":"hubris:HollowSoul"}],"items_purged_floors":[20,20,20],"is_endless":false,"potions_floor_spawned":[7,8,16,18,24,33,35],"killed_by":"Reptomancer","ascension_level":0}}