{"host":"8d3fefv2347kqkpz","time":1611917836,"event":{"mods":["AchievementEnabler","Act Like it!","Aspiration","BaseMod","Better Vampires","Colored Map","Colored Powertips","Conspire","GifTheSpireLib","Highlight Path","Hubris","Mimic Mod","Minty Spire (QoL Compilation)","Quick Restart","Rare Cards Sparkle","Relic Stats","Replay The Spire","Spicy Shops","StSLib","The Jungle","Waifu the Spire"],"gold_per_floor":[117,117,127,145,145,173,199,211,250,276,317,329,355,367,379,491,503,532,554,566,124,139,166,166,201,201,201,201,236,253,15,15,15,15],"floor_reached":33,"language":"ZHS","playtime":974,"items_purged":["Strike_G"],"score":315,"play_id":"ae87aac9-54f7-48a4-9ced-66996ddf4d72","local_time":"20210129185716","is_ascension_mode":false,"campfire_choices":[{"data":"Catalyst","floor":8.0,"key":"SMITH"},{"floor":12.0,"key":"REST"},{"data":"Neutralize","floor":15.0,"key":"SMITH"},{"floor":28.0,"key":"REST"},{"floor":32,"key":"REST"}],"circlet_count":0,"master_deck":["Strike_G","Strike_G","Strike_G","Defend_G","Defend_G","Defend_G","Defend_G","Defend_G","Survivor","Neutralize+1","Infinite Blades","Catalyst+1","Poison Darts+1","Blade Dance","Flying Knee","Outmaneuver","Malaise","Corpse Explosion","Accuracy","Outmaneuver"],"relics":["Ring of the Snake","NeowsBlessing","MawBank","Bag of Marbles","Juzu Bracelet","Runic Dome","Replay:Baseball","Basket Of Snakes","HornCleat","Oddly Smooth Stone","hubris:TenFootPole","aspiration:StickyExplosives_weak","ReplayTheSpireMod:Shallot"],"acts_visited":["Exordium","TheCity"],"potions_floor_usage":[],"damage_taken":[{"damage":0.0,"enemies":"2 Louse","floor":1.0,"turns":1.0},{"damage":0.0,"enemies":"Cultist","floor":3.0,"turns":1.0},{"damage":0.0,"enemies":"Small Slimes","floor":4.0,"turns":1.0},{"damage":16.0,"enemies":"Lagavulin","floor":6.0,"turns":5.0},{"damage":2.0,"enemies":"Looter","floor":7.0,"turns":3.0},{"damage":3.0,"enemies":"Red Slaver","floor":10.0,"turns":4.0},{"damage":16.0,"enemies":"Replay:BlueRogue","floor":11.0,"turns":6.0},{"damage":12.0,"enemies":"3 Louse","floor":13.0,"turns":3.0},{"damage":14.0,"enemies":"Fading Forest","floor":16.0,"turns":11.0},{"damage":9.0,"enemies":"Shell Parasite","floor":18.0,"turns":4.0},{"damage":0.0,"enemies":"Spheric Guardian","floor":19.0,"turns":1.0},{"damage":14.0,"enemies":"Shelled Parasite and Fungi","floor":22.0,"turns":5.0},{"damage":28.0,"enemies":"Gremlin Leader","floor":23.0,"turns":5.0},{"damage":18.0,"enemies":"Book of Stabbing","floor":25.0,"turns":6.0},{"damage":12,"enemies":"Gremlin Leader","floor":29,"turns":5},{"damage":0,"enemies":"Snecko","floor":30,"turns":4},{"damage":37,"enemies":"Collector","floor":33,"turns":6}],"seed_played":"4561738330864961084","potions_obtained":[{"floor":1.0,"key":"ColorlessPotion"},{"floor":3.0,"key":"Strength Potion"},{"floor":10.0,"key":"SpeedPotion"},{"floor":13.0,"key":"Adrenaline Potion"}],"is_trial":false,"path_per_floor":["M","?","M","M","?","E","M","R","T","M","E","R","M","?","R","B",null,"M","M","?","$","M","E","?","E","T","?","R","E","M","$","R","B"],"character_chosen":"THE_SILENT","items_purchased":["Replay:Baseball","Basket Of Snakes","Accuracy","ReplayTheSpireMod:Shallot"],"campfire_rested":3,"item_purchase_floors":[21,21,21,31],"current_hp_per_floor":[70,70,70,70,70,54,52,52,52,49,33,54,42,42,42,38,70,61,61,61,61,47,19,19,1,1,1,22,10,10,10,31,0,0],"gold":15,"neow_bonus":"THREE_ENEMY_KILL","is_daily":false,"chose_seed":false,"campfire_upgraded":2,"win_rate":0.0,"timestamp":1611917836,"path_taken":["M","?","M","M","?","E","M","R","T","?","E","R","M","?","R","BOSS","M","M","?","$","M","E","?","E","T","?","R","E","M","$","R","BOSS"],"items_purchased_type":["Relic","Relic","Card","Relic"],"build_version":"2020-12-22","purchased_purges":1,"victory":false,"max_hp_per_floor":[70,70,70,70,70,70,70,70,70,70,70,70,70,70,70,70,70,70,70,70,70,70,70,70,70,70,70,70,70,70,70,70,70,70],"relic_stats":{"counters":[17,71],"Juzu Bracelet":1,"MawBank":180,"obtain_stats":[{"NeowsBlessing":0,"Basket Of Snakes":21,"Oddly Smooth Stone":25,"Juzu Bracelet":11,"MawBank":6,"aspiration:StickyExplosives_weak":29,"Runic Dome":17,"Replay:Baseball":21,"HornCleat":23,"ReplayTheSpireMod:Shallot":31,"Bag of Marbles":9,"hubris:TenFootPole":26,"Ring of the Snake":0},{"NeowsBlessing":0,"Basket Of Snakes":11,"Oddly Smooth Stone":14,"Juzu Bracelet":7,"MawBank":4,"aspiration:StickyExplosives_weak":15,"Runic Dome":9,"Replay:Baseball":11,"HornCleat":13,"ReplayTheSpireMod:Shallot":16,"Bag of Marbles":5,"hubris:TenFootPole":14,"Ring of the Snake":0},{"NeowsBlessing":0,"Basket Of Snakes":40,"Oddly Smooth Stone":56,"Juzu Bracelet":21,"MawBank":8,"aspiration:StickyExplosives_weak":61,"Runic Dome":35,"Replay:Baseball":40,"HornCleat":50,"ReplayTheSpireMod:Shallot":65,"Bag of Marbles":11,"hubris:TenFootPole":56,"Ring of the Snake":0}],"Ring of the Snake":[34]},"card_choices":[{"not_picked":["Sucker Punch","PiercingWail"],"picked":"Infinite Blades","floor":1.0},{"not_picked":["Finisher","Sucker Punch"],"picked":"Catalyst","floor":3.0},{"not_picked":["Prepared","Bane"],"picked":"Poison Darts","floor":4.0},{"not_picked":["Bouncing Flask","Dagger Throw","Sneak Up"],"picked":"SKIP","floor":6.0},{"not_picked":["Acrobatics","Hidden Blade","Dodge and Roll"],"picked":"SKIP","floor":7.0},{"not_picked":["Setup","Expertise"],"picked":"Blade Dance","floor":10.0},{"not_picked":["Expertise","Fluid Movement"],"picked":"Flying Knee","floor":11.0},{"not_picked":["ReplayTheSpireMod:Speed Training","Deadly Poison"],"picked":"Outmaneuver","floor":13.0},{"not_picked":["Poison Darts","Malaise"],"picked":"Corpse Explosion","floor":16.0},{"not_picked":["Hidden Blade","Poisoned Stab","Underhanded Strike+1"],"picked":"SKIP","floor":18.0},{"not_picked":["Dagger Throw","Sucker Punch+1","Cloak And Dagger"],"picked":"SKIP","floor":19.0},{"not_picked":["Dagger Throw+1","Deflect+1","Hidden Blade"],"picked":"SKIP","floor":22.0},{"not_picked":["Dagger Throw","Expertise+1","Sucker Punch"],"picked":"SKIP","floor":23.0},{"not_picked":["Masterful Stab","Escape Plan","Tools of the Trade"],"picked":"SKIP","floor":25.0},{"not_picked":["hubris:SlightOfHand","Flying Knee","Deadly Poison"],"picked":"SKIP","floor":29},{"not_picked":["Acrobatics","Blade Dance"],"picked":"Outmaneuver","floor":30}],"player_experience":221239,"relics_obtained":[{"floor":6.0,"key":"MawBank"},{"floor":9.0,"key":"Bag of Marbles"},{"floor":11.0,"key":"Juzu Bracelet"},{"floor":23.0,"key":"HornCleat"},{"floor":25.0,"key":"Oddly Smooth Stone"},{"floor":26.0,"key":"hubris:TenFootPole"},{"floor":29,"key":"aspiration:StickyExplosives_weak"}],"event_choices":[{"damage_healed":0.0,"max_hp_gain":0.0,"max_hp_loss":0.0,"gold_gain":0.0,"event_name":"conspire:Investor","player_choice":"Leave","floor":2.0,"gold_loss":0.0,"damage_taken":0.0},{"damage_healed":0.0,"max_hp_gain":0.0,"max_hp_loss":0.0,"gold_gain":0.0,"event_name":"Upgrade Shrine","player_choice":"Upgraded","floor":5.0,"gold_loss":0.0,"damage_taken":0.0,"cards_upgraded":["Poison Darts"]},{"damage_healed":0.0,"max_hp_gain":0.0,"max_hp_loss":0.0,"gold_gain":0.0,"cards_transformed":["Strike_G"],"event_name":"Living Wall","player_choice":"Change","floor":14.0,"gold_loss":0.0,"damage_taken":0.0,"cards_obtained":["Malaise"]},{"damage_healed":0.0,"max_hp_gain":0.0,"max_hp_loss":0.0,"gold_gain":0.0,"event_name":"Match and Keep!","player_choice":"0 cards matched","floor":24.0,"gold_loss":0.0,"damage_taken":0.0,"cards_obtained":[]},{"damage_healed":0.0,"max_hp_gain":0.0,"max_hp_loss":0.0,"gold_gain":0.0,"event_name":"Cursed Tome","player_choice":"Ignored","floor":27.0,"gold_loss":0.0,"damage_taken":0.0}],"is_beta":false,"boss_relics":[{"not_picked":["Astrolabe","WristBlade"],"picked":"Runic Dome"}],"items_purged_floors":[21],"is_endless":false,"potions_floor_spawned":[1,3,10,13,16,23,25],"killed_by":"Collector","ascension_level":0}}