{"host":"nozk9xg7ssf2drdi","time":1611891902,"event":{"mods":["BaseMod","Colored Map","Minty Spire (QoL Compilation)","Relic Stats","Slay the Relics Exporter","StSLib","everything is the same but u backflip on backflip"],"gold_per_floor":[158,46,97,52,92,92,147,147,147,186,186,186,186,270,270,295,295],"floor_reached":16,"language":"ENG","playtime":2275,"items_purged":["Decay"],"score":216,"play_id":"98aeb08c-4e2d-4159-8429-bd20446a4f1d","local_time":"20210128214502","is_ascension_mode":true,"campfire_choices":[{"data":"HandOfGreed","floor":6,"key":"SMITH"},{"data":"Reaper","floor":8,"key":"SMITH"},{"data":"Havoc","floor":11,"key":"SMITH"},{"floor":13,"key":"REST"},{"floor":15,"key":"REST"}],"circlet_count":0,"master_deck":["AscendersBane","Strike_R","Strike_R","Strike_R","Strike_R+1","Strike_R","Defend_R","Defend_R","Defend_R","Defend_R","Bash","HandOfGreed+1","Headbutt+1","Dark Embrace","Whirlwind","Inflame","Reaper+1","Havoc+1"],"relics":["Burning Blood","Smiling Mask","Pear","White Beast Statue"],"acts_visited":["Exordium"],"potions_floor_usage":[7,14],"damage_taken":[{"damage":7,"enemies":"2 Louse","floor":1,"turns":4},{"damage":8,"enemies":"Small Slimes","floor":3,"turns":7},{"damage":1,"enemies":"Cultist","floor":5,"turns":3},{"damage":32,"enemies":"Gremlin Nob","floor":7,"turns":4},{"damage":34,"enemies":"Exordium Thugs","floor":10,"turns":6},{"damage":25,"enemies":"3 Sentries","floor":14,"turns":7},{"damage":68,"enemies":"Slime Boss","floor":16,"turns":7}],"seed_played":"-2881255620677117833","potions_obtained":[{"floor":5,"key":"ElixirPotion"},{"floor":10,"key":"Explosive Potion"}],"is_trial":false,"path_per_floor":["M","$","M","$","M","R","E","R","T","M","R","?","R","E","R","B"],"character_chosen":"IRONCLAD","items_purchased":["Dark Embrace","Whirlwind"],"campfire_rested":2,"item_purchase_floors":[2,4],"current_hp_per_floor":[67,67,65,65,70,70,44,44,54,36,36,10,35,23,48,0,0],"gold":295,"neow_bonus":"RANDOM_COLORLESS_2","is_daily":false,"chose_seed":false,"campfire_upgraded":3,"win_rate":0.0,"timestamp":1611891902,"path_taken":["M","$","M","$","M","R","E","R","T","M","R","?","R","E","R","BOSS"],"items_purchased_type":["Card","Card"],"build_version":"2020-12-22","purchased_purges":1,"victory":false,"max_hp_per_floor":[75,75,75,75,75,75,75,75,85,85,85,85,85,85,85,85,85],"relic_stats":{"counters":[7,38],"Smiling Mask":0,"obtain_stats":[{"Pear":9,"Smiling Mask":7,"Burning Blood":0,"White Beast Statue":14},{"Pear":4,"Smiling Mask":4,"Burning Blood":0,"White Beast Statue":6},{"Pear":18,"Smiling Mask":18,"Burning Blood":0,"White Beast Statue":31}],"Burning Blood":36},"card_choices":[{"not_picked":["Magnetism","Mayhem"],"picked":"HandOfGreed","floor":0},{"not_picked":["Sword Boomerang","Body Slam"],"picked":"Headbutt","floor":1},{"not_picked":["Rage","Twin Strike","Dark Embrace"],"picked":"SKIP","floor":3},{"not_picked":["Perfected Strike","Twin Strike"],"picked":"Inflame","floor":5},{"not_picked":["Wild Strike","Sentinel"],"picked":"Reaper","floor":7},{"not_picked":["Anger","Flex"],"picked":"Havoc","floor":10},{"not_picked":["Twin Strike","Heavy Blade","Flex"],"picked":"SKIP","floor":14}],"player_experience":6008287,"relics_obtained":[{"floor":7,"key":"Smiling Mask"},{"floor":9,"key":"Pear"},{"floor":14,"key":"White Beast Statue"}],"event_choices":[{"damage_healed":0,"gold_gain":0,"player_choice":"Entered Light","damage_taken":26,"max_hp_gain":0,"max_hp_loss":0,"event_name":"Shining Light","floor":12,"gold_loss":0,"cards_upgraded":["Headbutt","Strike_R"]}],"is_beta":false,"boss_relics":[],"items_purged_floors":[2],"is_endless":false,"potions_floor_spawned":[5,10],"killed_by":"Slime Boss","ascension_level":20}}