{"host":"o6rpelx2jpc8yies","time":1611898339,"event":{"mods":["BaseMod","Downfall","Minty Spire (QoL Compilation)","StSLib"],"gold_per_floor":[99,109,124,138,288,288,288,320,335,135,135,45,30,48,68,173,173,173,173,58,70,55,55,55,67,67,101,1,16,42,53,69,174,174,174,191,201,201,221,221,221,305,321,321,321,341,358,62,76,76,76,106,61,61,61,61,61],"floor_reached":55,"language":"ENG","playtime":4517,"items_purged":["downfall:Icky","Writhe","Regret"],"score":1040,"play_id":"a9483341-3303-4242-92b4-b28f30f1d684","local_time":"20210128223219","is_ascension_mode":true,"campfire_choices":[{"floor":1.0,"key":"RECALL"},{"data":"champ:IronFortress","floor":10.0,"key":"SMITH"},{"data":"champ:StanceDance","floor":18.0,"key":"SMITH"},{"data":"champ:HeartStrike","floor":23.0,"key":"SMITH"},{"data":"champ:Taunt","floor":26.0,"key":"SMITH"},{"data":"champ:ArenaPreparation","floor":28.0,"key":"SMITH"},{"data":"champ:Improvising","floor":35.0,"key":"SMITH"},{"data":"champ:StanceDance","floor":40.0,"key":"SMITH"},{"data":"champ:RageSigil","floor":45.0,"key":"SMITH"},{"floor":54.0,"key":"REST"}],"circlet_count":0,"master_deck":["champ:Strike","champ:Strike","champ:Strike","champ:Strike","champ:Defend","champ:Defend","champ:Defend","champ:Defend","champ:Execute","champ:Taunt+1","champ:CrownThrow","champ:StanceDance+1","champ:AdrenalArmor","champ:BringItOn","champ:HeartStrike+1","champ:ShieldThrow","champ:PreciseThrust","champ:ArenaPreparation+1","champ:SteelEdge","champ:FlashCut+1","champ:StanceDance+1","champ:DefensiveStyle","champ:LastStand","champ:Improvising+1","champ:Circumvent","expansioncontent:YouAreMine","champ:StanceDance+1","champ:RageSigil+1","champ:TornadoPunch"],"relics":["champ:ChampionCrown","Happy Flower","Blood Vial","downfall:HeartBlessingRed","downfall:HeartBlessingGreen","Juzu Bracelet","Cursed Key","Anchor","InkBottle","downfall:HeartBlessingBlue","Bronze Scales","Sozu","Guardian:PocketSentry","champ:SignatureFinisher","champ:FightingForDummies"],"acts_visited":["Exordium","TheCity","TheBeyond","TheEnding"],"potions_floor_usage":[55],"damage_taken":[{"damage":10.0,"enemies":"Cultist","floor":2.0,"turns":4.0},{"damage":24.0,"enemies":"Jaw Worm","floor":3.0,"turns":3.0},{"damage":17.0,"enemies":"2 Louse","floor":4.0,"turns":3.0},{"damage":93.0,"enemies":"Lagavulin","floor":8.0,"turns":9.0},{"damage":3.0,"enemies":"Red Slaver","floor":9.0,"turns":4.0},{"damage":30.0,"enemies":"downfall:FleeingMerchant","floor":12.0,"turns":4.0},{"damage":17.0,"enemies":"downfall:FleeingMerchant","floor":13.0,"turns":4.0},{"damage":8.0,"enemies":"Large Slime","floor":14.0,"turns":5.0},{"damage":20.0,"enemies":"Exordium Wildlife","floor":15.0,"turns":3.0},{"damage":54.0,"enemies":"WA_ARCHETYPE_RETAIN","floor":16.0,"turns":10.0},{"damage":50.0,"enemies":"downfall:FleeingMerchant","floor":20.0,"turns":4.0},{"damage":0.0,"enemies":"Chosen","floor":21.0,"turns":4.0},{"damage":35.0,"enemies":"downfall:FleeingMerchant","floor":22.0,"turns":4.0},{"damage":36.0,"enemies":"Snecko","floor":25.0,"turns":6.0},{"damage":70.0,"enemies":"Gremlin Leader","floor":27.0,"turns":7.0},{"damage":40.0,"enemies":"Shelled Parasite and Fungi","floor":29.0,"turns":4.0},{"damage":90.0,"enemies":"Slavers","floor":30.0,"turns":6.0},{"damage":21.0,"enemies":"3 Cultists","floor":31.0,"turns":5.0},{"damage":1.0,"enemies":"Snake Plant","floor":32.0,"turns":2.0},{"damage":21.0,"enemies":"DF_ARCHETYPE_CLAW","floor":33.0,"turns":6.0},{"damage":41.0,"enemies":"3 Darklings","floor":36.0,"turns":5.0},{"damage":25.0,"enemies":"3 Shapes","floor":37.0,"turns":4.0},{"damage":11.0,"enemies":"Maw","floor":39.0,"turns":6.0},{"damage":31.0,"enemies":"downfall:FleeingMerchant","floor":42.0,"turns":4.0},{"damage":15.0,"enemies":"4 Shapes","floor":43.0,"turns":5.0},{"damage":5.0,"enemies":"Jaw Worm Horde","floor":46.0,"turns":2.0},{"damage":32.0,"enemies":"Transient","floor":47.0,"turns":5.0},{"damage":20.0,"enemies":"3 Darklings","floor":49.0,"turns":5.0},{"damage":73.0,"enemies":"IC_BLOCK_ARCHETYPE","floor":50.0,"turns":8.0},{"damage":91.0,"enemies":"downfall:CharBossMerchant","floor":52.0,"turns":11.0},{"damage":123,"enemies":"downfall:NeowBoss","floor":55,"turns":25}],"seed_played":"-5608050631157303107","potions_obtained":[{"floor":2.0,"key":"PowerPotion"},{"floor":3.0,"key":"Swift Potion"},{"floor":4.0,"key":"LiquidBronze"},{"floor":14.0,"key":"Weak Potion"},{"floor":25.0,"key":"ColorlessPotion"},{"floor":27.0,"key":"SkillPotion"},{"floor":32.0,"key":"EssenceOfSteel"},{"floor":33.0,"key":"Energy Potion"}],"is_trial":false,"path_per_floor":["R","M","M","M","?","?","T","E","M","R","?","$","$","M","M","B",null,"R","?","$","M","$","R","T","M","R","E","R","M","E","M","M","B",null,"R","M","M","?","M","R","T","$","M","?","R","M","M","$","M","B",null,"E","$","R","B"],"character_chosen":"THE_CHAMP","items_purchased":["Guardian:PocketSentry","champ:SignatureFinisher","champ:TornadoPunch"],"campfire_rested":1,"item_purchase_floors":[42,48,53],"current_hp_per_floor":[99,99,95,88,88,99,99,71,70,70,58,60,55,49,51,48,99,99,99,89,91,93,93,93,94,94,81,91,93,50,36,37,18,109,109,78,70,70,71,71,71,72,74,74,74,76,56,56,48,7,109,48,48,80,0,0,0],"gold":61,"neow_bonus":"TEN_PERCENT_HP_BONUS","is_daily":false,"chose_seed":false,"campfire_upgraded":8,"win_rate":0.0,"timestamp":1611898339,"path_taken":["R","M","M","?","?","?","T","E","?","R","?","?","$","M","M","BOSS","R","?","$","M","?","R","T","M","R","E","R","M","E","M","M","BOSS","R","M","M","?","M","R","T","$","M","?","R","M","M","$","M","BOSS","E","$","R","BOSS"],"items_purchased_type":["Relic","Relic","Card"],"build_version":"2020-12-22","purchased_purges":3,"victory":false,"max_hp_per_floor":[99,99,99,99,99,99,99,99,99,99,99,99,99,99,99,99,99,99,99,99,99,99,99,99,99,99,99,109,109,109,109,109,109,109,109,109,109,109,109,109,109,109,109,109,109,109,109,109,109,109,109,109,109,109,109,109,109],"card_choices":[{"not_picked":["champ:FaceSlap","champ:EndlessRage"],"picked":"champ:CrownThrow","floor":2.0},{"not_picked":["champ:HeartStrike","champ:PerfectedStrike"],"picked":"champ:StanceDance","floor":3.0},{"not_picked":["champ:RapidStrikes","champ:PreciseThrust"],"picked":"champ:AdrenalArmor","floor":4.0},{"not_picked":["champ:Shatter","champ:BladeFlurry"],"picked":"champ:BringItOn","floor":8.0},{"not_picked":["champ:Parry","champ:PerfectedStrike"],"picked":"champ:IronFortress","floor":9.0},{"not_picked":["champ:RapidStrikes","champ:DefensiveStyle"],"picked":"champ:HeartStrike","floor":12.0},{"not_picked":["champ:ViciousMockery","champ:PerfectedStrike"],"picked":"champ:ShieldThrow","floor":13.0},{"not_picked":["champ:ShieldSigil","champ:DefensiveShout"],"picked":"champ:PreciseThrust","floor":14.0},{"not_picked":["champ:FalseCounter","champ:EndlessRage"],"picked":"champ:ArenaPreparation","floor":15.0},{"not_picked":["champ:SwordThrow","champ:StrikeOfGenius"],"picked":"champ:SteelEdge","floor":16.0},{"not_picked":["champ:FaceSlap","champ:SwordThrow"],"picked":"champ:FlashCut+1","floor":20.0},{"not_picked":["champ:FanOfKnives","champ:FaceSlap","champ:BringItOn"],"picked":"SKIP","floor":21.0},{"not_picked":["champ:Lariat+1","champ:FanOfKnives"],"picked":"champ:StanceDance+1","floor":22.0},{"not_picked":["champ:EnragedBash","champ:Circumvent"],"picked":"champ:DefensiveStyle","floor":25.0},{"not_picked":["champ:GladiatorStyle+1","champ:TornadoPunch","champ:RecklessLeap"],"picked":"SKIP","floor":27.0},{"not_picked":["champ:DefensiveStyle","champ:Parry+1","champ:CrownThrow"],"picked":"SKIP","floor":29.0},{"not_picked":["champ:DefensiveStyle","champ:Parry+1","champ:CrownThrow"],"picked":"SKIP","floor":29.0},{"not_picked":["champ:MurderStrike","champ:HeartStrike"],"picked":"champ:LastStand","floor":30.0},{"not_picked":["champ:RecklessLeap","champ:BerserkersShout","champ:StanceDance"],"picked":"SKIP","floor":31.0},{"not_picked":["champ:FanOfKnives+1","champ:DeathBlow+1","champ:PerfectedStrike"],"picked":"SKIP","floor":32.0},{"not_picked":["champ:ShieldThrow","champ:LastStand"],"picked":"champ:Improvising","floor":33.0},{"not_picked":["champ:CalledShot","champ:DefensiveStyle"],"picked":"champ:Circumvent","floor":36.0},{"not_picked":["champ:RapidStrikes+1","champ:RisingSlash+1","champ:Parry+1"],"picked":"SKIP","floor":37.0},{"not_picked":["expansioncontent:AwakenDeath","expansioncontent:DashGenerateEvil"],"picked":"expansioncontent:YouAreMine","floor":38.0},{"not_picked":["champ:BringItOn+1","champ:BladeFlurry+1"],"picked":"champ:StanceDance","floor":39.0},{"not_picked":["champ:Duel+1","champ:Encircle","champ:BringItOn"],"picked":"SKIP","floor":42.0},{"not_picked":["champ:AdrenalArmor+1","champ:EnchantSword"],"picked":"champ:RageSigil","floor":43.0},{"not_picked":["champ:ShieldSigil","champ:BladeFlurry+1","champ:StanceDance+1"],"picked":"SKIP","floor":46.0},{"not_picked":["champ:EnragedBash","champ:AdrenalArmor+1","champ:BladeFlurry+1"],"picked":"SKIP","floor":47.0},{"not_picked":["champ:FlashCut+1","champ:BladeFlurry+1","champ:EnGarde"],"picked":"SKIP","floor":49.0},{"not_picked":["champ:CrookedStrike+1","champ:Encircle","champ:DancingMaster"],"picked":"SKIP","floor":52.0}],"player_experience":1881104,"relics_obtained":[{"floor":7.0,"key":"Happy Flower"},{"floor":8.0,"key":"Blood Vial"},{"floor":27.0,"key":"InkBottle"},{"floor":30.0,"key":"Bronze Scales"},{"floor":52.0,"key":"champ:FightingForDummies"}],"event_choices":[{"damage_healed":11.0,"max_hp_gain":0.0,"max_hp_loss":0.0,"gold_gain":0.0,"event_name":"Wheel of Change","player_choice":"Full Heal","floor":6.0,"gold_loss":0.0,"damage_taken":0.0},{"damage_healed":0.0,"max_hp_gain":0.0,"max_hp_loss":0.0,"gold_gain":0.0,"event_name":"Scrap Ooze","player_choice":"Success","floor":11.0,"gold_loss":0.0,"damage_taken":12.0,"relics_obtained":["Juzu Bracelet"]},{"cards_removed":["champ:IronFortress"],"damage_healed":0.0,"max_hp_gain":0.0,"max_hp_loss":0.0,"gold_gain":0.0,"event_name":"Falling","player_choice":"Removed Power","floor":44.0,"gold_loss":0.0,"damage_taken":0.0}],"is_beta":false,"boss_relics":[{"not_picked":["SacredBark","Tiny House"],"picked":"Cursed Key"},{"not_picked":["Astrolabe","bronze:MakeshiftBattery"],"picked":"Sozu"}],"items_purged_floors":[12,20,42],"is_endless":false,"potions_floor_spawned":[2,3,4,14,15,25,27,29,32,33,36,46],"killed_by":"downfall:NeowBoss","ascension_level":3}}