{"host":"8jxmcizw1q83bzb8","time":1611963852,"event":{"mods":["Act Like it!","BaseMod","Downfall","Minty Spire (QoL Compilation)","StSLib"],"gold_per_floor":[99,115,127,127,37,37,37,67,94,94,127,127,152,152,170,170,170,170],"floor_reached":16,"language":"ENG","playtime":1018,"items_purged":["downfall:Haunted"],"score":166,"play_id":"f636c21c-e329-4a73-9c5b-f7aa5970278a","local_time":"20210129214412","is_ascension_mode":false,"campfire_choices":[{"floor":1,"key":"RECALL"},{"data":"champ:Taunt","floor":6,"key":"SMITH"},{"data":"champ:Duel","floor":10,"key":"SMITH"}],"circlet_count":0,"master_deck":["champ:Strike+1","champ:Strike+1","champ:Strike","champ:Strike","champ:Defend","champ:Defend","champ:Defend","champ:Defend","champ:Execute","champ:Taunt+1","champ:BerserkersShout","champ:Haymaker+1","downfall:Haunted","Clumsy","champ:Devastate","champ:ArenaPreparation","champ:Duel+1","downfall:Malfunctioning","champ:FanOfKnives"],"relics":["champ:ChampionCrown","Darkstone Periapt","InkBottle","Nunchaku","MealTicket","Mummified Hand","Pear"],"acts_visited":["Exordium"],"potions_floor_usage":[16],"damage_taken":[{"damage":20,"enemies":"Cultist","floor":2,"turns":4},{"damage":15,"enemies":"2 Louse","floor":3,"turns":3},{"damage":15,"enemies":"downfall:FleeingMerchant","floor":5,"turns":4},{"damage":64,"enemies":"3 Sentries","floor":9,"turns":9},{"damage":66,"enemies":"Gremlin Nob","floor":11,"turns":5},{"damage":55,"enemies":"Lagavulin","floor":13,"turns":6},{"damage":30,"enemies":"Small Slimes","floor":15,"turns":3},{"damage":183,"enemies":"DF_ARCHETYPE_STREAMLINE","floor":16,"turns":14}],"seed_played":"8777513177862167994","potions_obtained":[{"floor":9,"key":"Ancient Potion"},{"floor":15,"key":"Fire Potion"}],"is_trial":false,"path_per_floor":["R","M","M","?","$","R","T","?","E","R","E","?","E","?","M","B"],"character_chosen":"THE_CHAMP","items_purchased":[],"campfire_rested":0,"item_purchase_floors":[],"current_hp_per_floor":[99,99,99,117,112,112,112,112,83,83,52,52,57,63,63,0,0,0],"gold":170,"neow_bonus":"TEN_PERCENT_HP_BONUS","is_daily":false,"chose_seed":false,"campfire_upgraded":2,"win_rate":0.0,"timestamp":1611963852,"path_taken":["R","M","M","?","$","R","T","?","E","R","E","?","E","?","M","BOSS"],"items_purchased_type":[],"build_version":"2020-12-22","purchased_purges":1,"victory":false,"max_hp_per_floor":[99,99,99,117,117,117,117,117,117,117,117,117,127,133,133,133,133,133],"card_choices":[{"not_picked":["champ:PerfectedStrike","champ:EnGarde"],"picked":"champ:BerserkersShout","floor":2},{"not_picked":["champ:PerfectedStrike","champ:EnGarde"],"picked":"champ:Haymaker","floor":3},{"not_picked":["champ:StanceDance","champ:BerserkersShout"],"picked":"champ:ArenaPreparation","floor":5},{"not_picked":["champ:FaceSlap","champ:Backstep"],"picked":"champ:Duel","floor":9},{"not_picked":["champ:DancingMaster","champ:Haymaker","champ:BladeFlurry"],"picked":"SKIP","floor":11},{"not_picked":["champ:Circumvent","champ:SetATrap","champ:PreemptiveStrike"],"picked":"SKIP","floor":13},{"not_picked":["champ:Circumvent","champ:BerserkersShout"],"picked":"champ:FanOfKnives","floor":15}],"player_experience":1188579,"relics_obtained":[{"floor":7,"key":"InkBottle"},{"floor":9,"key":"MealTicket"},{"floor":11,"key":"Mummified Hand"},{"floor":13,"key":"Pear"}],"event_choices":[],"is_beta":false,"boss_relics":[],"items_purged_floors":[5],"is_endless":false,"potions_floor_spawned":[9,15],"killed_by":"DF_ARCHETYPE_STREAMLINE","ascension_level":0}}