{"host":"kiqwdjvbe02g19y1","time":1611888598,"event":{"mods":["BaseMod","BetterRewards","Colored Powertips","Downfall","Googly Eyes","Hubris","Minty Spire (QoL Compilation)","Relic Stats","Spicy Shops","StSLib","everything is the same but u backflip on backflip"],"gold_per_floor":[99,114,114,2,22,80,80,65,79,92,542,542,442,462,480,480,480,480],"floor_reached":16,"language":"ENG","playtime":1751,"items_purged":["Normality"],"score":117,"play_id":"038bfa51-b899-461e-90d6-7b65c6171526","local_time":"20210129124958","is_ascension_mode":false,"campfire_choices":[{"floor":1,"key":"RECALL"},{"floor":13,"key":"REST"}],"circlet_count":0,"master_deck":["Guardian:Strike_Guardian","Guardian:Strike_Guardian","Guardian:Strike_Guardian","Guardian:Strike_Guardian","Guardian:Defend_Guardian","Guardian:Defend_Guardian","Guardian:Defend_Guardian","Guardian:Defend_Guardian","Guardian:CurlUp","Guardian:TwinSlam","Guardian:WalkerClaw","Guardian:PiercingHide","Guardian:BronzeOrb","downfall:Icky","downfall:Icky","downfall:Icky","Guardian:BronzeOrb","Guardian:Gem_Fragmented"],"relics":["Guardian:ModeShifter","hubris:Spice","Membership Card","hubris:BottledRain","hubris:DeckOfHolding","Mercury Hourglass","downfall:HeartBlessingRed"],"acts_visited":["Exordium"],"potions_floor_usage":[],"damage_taken":[{"damage":6,"enemies":"Jaw Worm","floor":2,"turns":5},{"damage":0,"enemies":"downfall:FleeingMerchant","floor":4,"turns":4},{"damage":6,"enemies":"2 Louse","floor":5,"turns":3},{"damage":51,"enemies":"Lagavulin Event","floor":6,"turns":12},{"damage":3,"enemies":"downfall:FleeingMerchant","floor":8,"turns":4},{"damage":0,"enemies":"Cultist","floor":9,"turns":3},{"damage":8,"enemies":"Large Slime","floor":10,"turns":9},{"damage":0,"enemies":"Blue Slaver","floor":14,"turns":3},{"damage":0,"enemies":"2 Fungi Beasts","floor":15,"turns":2},{"damage":33,"enemies":"IC_STATUS_ARCHETYPE","floor":16,"turns":8}],"seed_played":"-778419078208594139","potions_obtained":[{"floor":2,"key":"EssenceOfSteel"},{"floor":10,"key":"sneckomod:MuddlingPotion"},{"floor":14,"key":"Regen Potion"}],"is_trial":false,"path_per_floor":["R","M","?","$","M","?","T","$","M","M","?","T","R","M","M","B"],"character_chosen":"GUARDIAN","items_purchased":["Membership Card"],"campfire_rested":1,"item_purchase_floors":[4],"current_hp_per_floor":[88,82,72,72,66,15,15,12,12,4,4,4,32,32,32,0,0,0],"gold":480,"neow_bonus":"TEN_PERCENT_HP_BONUS","is_daily":false,"chose_seed":false,"campfire_upgraded":0,"win_rate":0.0,"timestamp":1611888598,"path_taken":["R","M","?","$","M","?","T","?","?","M","?","?","R","M","M","BOSS"],"items_purchased_type":["Relic"],"build_version":"2020-12-22","purchased_purges":1,"victory":false,"max_hp_per_floor":[88,88,96,96,96,96,96,96,96,96,96,96,96,96,96,96,96,96],"relic_stats":{"counters":[10,53],"obtain_stats":[{"downfall:HeartBlessingRed":13,"hubris:Spice":3,"Guardian:ModeShifter":0,"hubris:DeckOfHolding":7,"Membership Card":4,"hubris:BottledRain":6,"Mercury Hourglass":12},{"downfall:HeartBlessingRed":7,"hubris:Spice":1,"Guardian:ModeShifter":0,"hubris:DeckOfHolding":4,"Membership Card":2,"hubris:BottledRain":3,"Mercury Hourglass":7},{"downfall:HeartBlessingRed":40,"hubris:Spice":5,"Guardian:ModeShifter":0,"hubris:DeckOfHolding":24,"Membership Card":9,"hubris:BottledRain":12,"Mercury Hourglass":40}],"Mercury Hourglass":[36]},"card_choices":[{"not_picked":["Guardian:BronzeOrb","Guardian:Gem_Yellow"],"picked":"Guardian:WalkerClaw","floor":2},{"not_picked":["Guardian:CrystalBeam","Guardian:Incinerate"],"picked":"Guardian:PiercingHide","floor":4},{"not_picked":["Guardian:Gem_Green","Guardian:Recover"],"picked":"Guardian:BronzeOrb","floor":5},{"not_picked":["Guardian:FloatingOrbs","Guardian:BodySlam"],"picked":"Guardian:Gem_Cyan","floor":6},{"not_picked":["Guardian:Incinerate","Guardian:VentSteam"],"picked":"Guardian:Gem_White","floor":8},{"not_picked":["Guardian:StasisStrike","Guardian:Gem_White"],"picked":"Guardian:Gem_Fragmented","floor":9},{"not_picked":["Guardian:ShieldCharger","Guardian:RollAttack"],"picked":"Guardian:Gem_Purple","floor":10},{"not_picked":["Guardian:RollAttack","Guardian:TemporalShield"],"picked":"Guardian:BronzeOrb","floor":14},{"not_picked":["Guardian:Preprogram","Guardian:RollAttack"],"picked":"Guardian:Gem_Fragmented","floor":15}],"player_experience":313458,"relics_obtained":[{"floor":7,"key":"hubris:DeckOfHolding"},{"floor":12,"key":"Mercury Hourglass"}],"event_choices":[{"damage_healed":0,"gold_gain":0,"player_choice":"Success","damage_taken":18,"relics_obtained":["hubris:Spice"],"max_hp_gain":0,"max_hp_loss":0,"event_name":"Scrap Ooze","floor":3,"gold_loss":0}],"is_beta":false,"boss_relics":[],"items_purged_floors":[4],"is_endless":false,"potions_floor_spawned":[2,10,14,15],"killed_by":"IC_STATUS_ARCHETYPE","ascension_level":0}}