{"host":"sav7uxregyirlf69","time":1611908824,"event":{"mods":["AchievementEnabler","BaseMod","Colored Map","DeckTracker","Keyboard Shortcuts","Minty Spire (QoL Compilation)","READ ME - Guardian Mod","StSLib","SuperFastMode"],"gold_per_floor":[115,132,132,102,123,123,141,175,202,202,215,215,250,117,117,208,208,208,208,37,37,37,37,37,37,37,37,37,37,37,37,37,37,37],"floor_reached":33,"language":"KOR","playtime":552,"items_purged":["Strike_R"],"score":658,"play_id":"ad3bda9d-11ae-4574-bd50-90d548bb4cf5","local_time":"20210129172704","is_ascension_mode":true,"campfire_choices":[{"data":"Evolve","floor":6,"key":"SMITH"},{"data":"Armaments","floor":10,"key":"SMITH"},{"floor":12,"key":"REST"},{"data":"Blood for Blood","floor":15,"key":"SMITH"},{"floor":29,"key":"REST"},{"data":"Feel No Pain","floor":32,"key":"SMITH"}],"circlet_count":0,"master_deck":["AscendersBane","Strike_R","Strike_R","Strike_R","Strike_R","Defend_R","Defend_R","Defend_R","Defend_R","Bash","Wild Strike","Evolve+1","Battle Trance","Immolate","Armaments+1","Rage","Blood for Blood+1","Shrug It Off","Offering","Body Slam+1","Shockwave","Feel No Pain+1","Dual Wield","Shrug It Off"],"relics":["Burning Blood","Art of War","Golden Idol","Red Skull","Ancient Tea Set","Tiny Chest","Ectoplasm","Lee\u0027s Waffle","Vajra","Oddly Smooth Stone","WingedGreaves","Mummified Hand"],"acts_visited":["Exordium","TheCity"],"potions_floor_usage":[8,16,16,23,24],"damage_taken":[{"damage":14,"enemies":"Jaw Worm","floor":1,"turns":4},{"damage":0,"enemies":"Cultist","floor":2,"turns":3},{"damage":7,"enemies":"Small Slimes","floor":5,"turns":3},{"damage":11,"enemies":"Blue Slaver","floor":7,"turns":7},{"damage":10,"enemies":"3 Sentries","floor":8,"turns":4},{"damage":16,"enemies":"3 Louse","floor":11,"turns":3},{"damage":32,"enemies":"Gremlin Nob","floor":13,"turns":4},{"damage":0,"enemies":"Slime Boss","floor":16,"turns":4},{"damage":30,"enemies":"Shell Parasite","floor":18,"turns":5},{"damage":12,"enemies":"Chosen","floor":19,"turns":3},{"damage":21,"enemies":"Snake Plant","floor":21,"turns":3},{"damage":13,"enemies":"Snecko","floor":22,"turns":4},{"damage":33,"enemies":"Shelled Parasite and Fungi","floor":23,"turns":3},{"damage":12,"enemies":"Slavers","floor":24,"turns":3},{"damage":6,"enemies":"Cultist and Chosen","floor":27,"turns":4},{"damage":6,"enemies":"Chosen and Byrds","floor":30,"turns":5},{"damage":67,"enemies":"Collector","floor":33,"turns":6}],"seed_played":"-974413374945269836","potions_obtained":[{"floor":1,"key":"LiquidMemories"},{"floor":4,"key":"Energy Potion"},{"floor":7,"key":"DistilledChaos"},{"floor":11,"key":"Energy Potion"},{"floor":18,"key":"AttackPotion"},{"floor":19,"key":"AttackPotion"},{"floor":27,"key":"Ancient Potion"},{"floor":30,"key":"SteroidPotion"}],"is_trial":false,"path_per_floor":["M","M","?","?","M","R","M","E","T","R","M","R","E","$","R","B",null,"M","M","$","M","M","M","E","?","T","M","?","R","M","T","R","B"],"character_chosen":"IRONCLAD","items_purchased":["Shrug It Off","Lee\u0027s Waffle"],"campfire_rested":2,"item_purchase_floors":[14,20],"current_hp_per_floor":[60,66,40,40,39,39,34,30,30,30,20,42,16,16,16,22,62,38,32,82,67,60,33,27,27,27,27,27,51,51,51,51,0,0],"gold":37,"neow_bonus":"RANDOM_COMMON_RELIC","is_daily":false,"chose_seed":false,"campfire_upgraded":4,"win_rate":0.0,"timestamp":1611908824,"path_taken":["M","M","?","?","M","R","?","E","T","R","M","R","E","$","R","BOSS","M","M","$","M","M","M","E","?","T","M","?","R","?","?","R","R","BOSS"],"items_purchased_type":["Card","Relic"],"build_version":"2020-12-22","purchased_purges":1,"victory":false,"max_hp_per_floor":[75,75,75,75,75,75,75,75,75,75,75,75,75,75,75,75,75,75,75,82,82,82,82,82,82,82,82,82,82,82,82,82,82,82],"card_choices":[{"not_picked":["Whirlwind","Burning Pact"],"picked":"Wild Strike","floor":1},{"not_picked":["Whirlwind","Carnage"],"picked":"Evolve","floor":2},{"not_picked":["Warcry","Sword Boomerang"],"picked":"Battle Trance","floor":5},{"not_picked":["Sword Boomerang","Thunderclap"],"picked":"Immolate","floor":7},{"not_picked":["Sword Boomerang","Exhume"],"picked":"Armaments","floor":8},{"not_picked":["Seeing Red","Twin Strike"],"picked":"Rage","floor":11},{"not_picked":["Sword Boomerang","Perfected Strike"],"picked":"Blood for Blood","floor":13},{"not_picked":["Brutality","Fiend Fire"],"picked":"Offering","floor":16},{"not_picked":["Iron Wave","Warcry","Wild Strike"],"picked":"SKIP","floor":18},{"not_picked":["Shrug It Off","Carnage"],"picked":"Body Slam+1","floor":19},{"not_picked":["Sword Boomerang","Shrug It Off"],"picked":"Shockwave","floor":21},{"not_picked":["Hemokinesis","Sever Soul"],"picked":"Feel No Pain","floor":22},{"not_picked":["Seeing Red","Pommel Strike+1"],"picked":"Dual Wield","floor":23},{"not_picked":["Shrug It Off","Combust","Evolve"],"picked":"SKIP","floor":24},{"not_picked":["Intimidate","Bloodletting"],"picked":"Shrug It Off","floor":27},{"not_picked":["Armaments","Body Slam","Rupture"],"picked":"SKIP","floor":30}],"player_experience":1424749,"relics_obtained":[{"floor":8,"key":"Red Skull"},{"floor":9,"key":"Ancient Tea Set"},{"floor":13,"key":"Tiny Chest"},{"floor":24,"key":"Vajra"},{"floor":26,"key":"Oddly Smooth Stone"},{"floor":31,"key":"Mummified Hand"}],"event_choices":[{"damage_healed":0,"gold_gain":0,"player_choice":"Take Damage","damage_taken":26,"relics_obtained":["Golden Idol"],"max_hp_gain":0,"max_hp_loss":0,"event_name":"Golden Idol","floor":3,"gold_loss":0},{"damage_healed":0,"gold_gain":0,"player_choice":"Bought 2 Potions","damage_taken":0,"max_hp_gain":0,"max_hp_loss":0,"event_name":"The Woman in Blue","floor":4,"gold_loss":0},{"damage_healed":0,"gold_gain":0,"player_choice":"Ignored","damage_taken":0,"max_hp_gain":0,"max_hp_loss":0,"event_name":"The Mausoleum","floor":25,"gold_loss":0},{"damage_healed":0,"gold_gain":0,"player_choice":"Gave Potion","damage_taken":0,"relics_obtained":["WingedGreaves"],"max_hp_gain":0,"max_hp_loss":0,"event_name":"WeMeetAgain","floor":28,"gold_loss":0}],"is_beta":false,"boss_relics":[{"not_picked":["Velvet Choker","Snecko Eye"],"picked":"Ectoplasm"}],"items_purged_floors":[14],"is_endless":false,"potions_floor_spawned":[1,5,7,11,18,19,27,30],"killed_by":"Collector","ascension_level":20}}