{"host":"mku5fdaoqz3qihec","time":1611923289,"event":{"mods":["100% Spire Juice","2.2 Compatiblity","AchievementEnabler","Arknights The Spire","BaseMod","CapriCore","Colored Map","Colored Powertips","Hermit","Koishi","Minty Spire (QoL Compilation)","Rare Cards Sparkle","StSLib","SuperFastMode","The Dragon Tamer","The Immortal","The Servant 0.9.4"],"gold_per_floor":[112,122,72,72,72,72,101,101,124,144,144,144,158,173,173,173,173,173],"floor_reached":16,"language":"KOR","playtime":452,"items_purged":[],"score":100,"play_id":"1804cacb-1066-4564-bf15-d8dad670c710","local_time":"20210129212809","is_ascension_mode":false,"campfire_choices":[{"data":"MokouMod:SearingBlow","floor":6,"key":"SMITH"},{"data":"MokouMod:SearingBlow+1","floor":8,"key":"SMITH"},{"data":"MokouMod:SearingBlow+2","floor":11,"key":"SMITH"},{"data":"MokouMod:BurningDraft","floor":15,"key":"SMITH"}],"circlet_count":0,"master_deck":["MokouMod:Strike","MokouMod:Strike","MokouMod:Strike","MokouMod:Defend","MokouMod:Defend","MokouMod:Defend","MokouMod:Defend","MokouMod:HeatSpark","MokouMod:SearingBlow+3","MokouMod:Refresh","MokouMod:Extinguish","MokouMod:RoaringFlare","MokouMod:Burn","MokouMod:BurningDraft+1"],"relics":["MokouMod:PhoenixFeather","The Courier","Bag of Marbles","Akabeko"],"acts_visited":["Exordium"],"potions_floor_usage":[7,7,16],"damage_taken":[{"damage":5,"enemies":"2 Louse","floor":1,"turns":3},{"damage":5,"enemies":"Jaw Worm","floor":2,"turns":6},{"damage":32,"enemies":"Gremlin Nob","floor":7,"turns":4},{"damage":0,"enemies":"Small Slimes","floor":10,"turns":2},{"damage":0,"enemies":"Exordium Wildlife","floor":13,"turns":2},{"damage":6,"enemies":"3 Louse","floor":14,"turns":3},{"damage":62,"enemies":"Hexaghost","floor":16,"turns":12}],"seed_played":"7550830346477350525","potions_obtained":[{"floor":1,"key":"SkillPotion"},{"floor":2,"key":"CultistPotion"},{"floor":13,"key":"Strength Potion"}],"is_trial":false,"path_per_floor":["M","M","?","T","?","R","E","R","T","M","R","?","M","M","R","B"],"character_chosen":"MKU","items_purchased":[],"campfire_rested":0,"item_purchase_floors":[],"current_hp_per_floor":[49,44,44,44,37,37,5,5,5,5,5,5,5,18,18,0,0,0],"gold":173,"neow_bonus":"THREE_RARE_CARDS","is_daily":false,"chose_seed":false,"campfire_upgraded":4,"win_rate":0.0,"timestamp":1611923289,"path_taken":["M","M","?","?","?","R","E","R","T","M","R","?","M","M","R","BOSS"],"items_purchased_type":[],"build_version":"2020-12-22","purchased_purges":0,"victory":false,"max_hp_per_floor":[75,75,75,75,75,75,75,75,75,75,75,75,75,75,75,75,75,75],"card_choices":[{"not_picked":["MokouMod:PhoenixForm","MokouMod:ExplosiveFlame"],"picked":"MokouMod:SearingBlow","floor":0},{"not_picked":["MokouMod:IndiscriminateIgnition","MokouMod:BurningDraft"],"picked":"MokouMod:Refresh","floor":1},{"not_picked":["MokouMod:DanceofFlames","MokouMod:Singe"],"picked":"MokouMod:Extinguish","floor":2},{"not_picked":["MokouMod:HeatTransfer","MokouMod:TemporalFireSeal"],"picked":"MokouMod:RoaringFlare","floor":7},{"not_picked":["MokouMod:ResoluteFlare","MokouMod:FlickeringFlame"],"picked":"MokouMod:Burn","floor":10},{"not_picked":["MokouMod:TemporalFireSeal","MokouMod:EternalBurstReactor","MokouMod:FlickeringFlame"],"picked":"SKIP","floor":13},{"not_picked":["MokouMod:UncontrollableSolarReaction","MokouMod:Stoke"],"picked":"MokouMod:BurningDraft","floor":14}],"player_experience":289488,"relics_obtained":[{"floor":4,"key":"The Courier"},{"floor":7,"key":"Bag of Marbles"},{"floor":9,"key":"Akabeko"}],"event_choices":[{"cards_removed":["MokouMod:Strike"],"damage_healed":0,"gold_gain":0,"player_choice":"Card Removal","damage_taken":0,"max_hp_gain":0,"max_hp_loss":0,"event_name":"The Cleric","floor":3,"gold_loss":50},{"cards_removed":["MokouMod:Strike"],"damage_healed":0,"gold_gain":0,"player_choice":"Card Removal","damage_taken":7,"max_hp_gain":0,"max_hp_loss":0,"event_name":"Golden Wing","floor":5,"gold_loss":0},{"damage_healed":0,"gold_gain":0,"player_choice":"Ignored","damage_taken":0,"max_hp_gain":0,"max_hp_loss":0,"event_name":"Liars Game","floor":12,"gold_loss":0}],"is_beta":false,"boss_relics":[],"items_purged_floors":[],"is_endless":false,"potions_floor_spawned":[1,2,13],"killed_by":"Hexaghost","ascension_level":0}}