{"host":"z2o61o1qvcmvhuul","time":1611885019,"event":{"mods":["BaseMod","Minty Spire (QoL Compilation)","Quick Restart","StSLib","SuperFastMode"],"gold_per_floor":[365,365,385,139,153,181,200,200,200,47,82,94,94,0,0,79,79,98,115,115,15,29,29,64,64,64,80,106,156,156,166,166,243,243,255,266,141,141,141,141,141,141,141],"floor_reached":42,"language":"ZHS","playtime":1289,"items_purged":["Strike_P","Defend_P","Eruption+1"],"score":992,"play_id":"23726a23-84b1-40ec-a129-92d5549c117d","local_time":"20210129095019","is_ascension_mode":true,"campfire_choices":[{"data":"Eruption","floor":8.0,"key":"SMITH"},{"data":"Adaptation","floor":13.0,"key":"SMITH"},{"data":"BattleHymn","floor":15.0,"key":"SMITH"},{"data":"Deep Breath","floor":23.0,"key":"SMITH"},{"floor":25.0,"key":"REST"},{"floor":32.0,"key":"REST"},{"data":"MasterReality","floor":40,"key":"SMITH"}],"circlet_count":0,"master_deck":["AscendersBane","Defend_P","Defend_P","Vigilance","LikeWater+1","BattleHymn+1","WaveOfTheHand","CarveReality","Establishment","Adaptation+1","EmptyFist+1","Deep Breath+1","MasterReality+1","Evaluate","DeceiveReality","Worship","InnerPeace+1","Pray+1","Brilliance+1","InnerPeace","DevaForm","Evaluate+1"],"relics":["PureWater","Sling","Bottled Lightning","Mummified Hand","Molten Egg 2","Empty Cage","Pen Nib","Omamori","StrikeDummy","Runic Pyramid"],"acts_visited":["Exordium","TheCity","TheBeyond"],"potions_floor_usage":[41,42],"damage_taken":[{"damage":2.0,"enemies":"Jaw Worm","floor":1.0,"turns":5.0},{"damage":0.0,"enemies":"Cultist","floor":3.0,"turns":4.0},{"damage":0.0,"enemies":"2 Louse","floor":5.0,"turns":4.0},{"damage":21.0,"enemies":"Gremlin Nob","floor":6.0,"turns":4.0},{"damage":0.0,"enemies":"Exordium Wildlife","floor":7.0,"turns":6.0},{"damage":8.0,"enemies":"Lagavulin","floor":11.0,"turns":6.0},{"damage":10.0,"enemies":"Large Slime","floor":12.0,"turns":4.0},{"damage":0.0,"enemies":"Slime Boss","floor":16.0,"turns":5.0},{"damage":12.0,"enemies":"Chosen","floor":18.0,"turns":5.0},{"damage":13.0,"enemies":"Spheric Guardian","floor":19.0,"turns":4.0},{"damage":1.0,"enemies":"Cultist and Chosen","floor":22.0,"turns":4.0},{"damage":12.0,"enemies":"Gremlin Leader","floor":24.0,"turns":5.0},{"damage":27.0,"enemies":"Sentry and Sphere","floor":27.0,"turns":5.0},{"damage":14.0,"enemies":"Slavers","floor":28.0,"turns":8.0},{"damage":0.0,"enemies":"Centurion and Healer","floor":31.0,"turns":4.0},{"damage":12.0,"enemies":"Champ","floor":33.0,"turns":5.0},{"damage":2.0,"enemies":"3 Shapes","floor":35.0,"turns":4.0},{"damage":11.0,"enemies":"Orb Walker","floor":36.0,"turns":3.0},{"damage":0,"enemies":"4 Shapes","floor":41,"turns":1},{"damage":2,"enemies":"Reptomancer","floor":42,"turns":2}],"seed_played":"-7767924641125120933","potions_obtained":[{"floor":3.0,"key":"Energy Potion"},{"floor":7.0,"key":"BlessingOfTheForge"},{"floor":24.0,"key":"FairyPotion"},{"floor":27.0,"key":"AttackPotion"},{"floor":28.0,"key":"SmokeBomb"},{"floor":31.0,"key":"Dexterity Potion"}],"is_trial":false,"path_per_floor":["M","?","M","$","M","E","M","R","T","$","E","M","R","$","R","B",null,"M","M","?","$","M","R","E","R","T","M","E","?","?","M","R","B",null,"M","M","$","?","?","R","M","E"],"character_chosen":"WATCHER","items_purchased":["Sling","Establishment","Deep Breath"],"campfire_rested":2,"item_purchase_floors":[4,10,14],"current_hp_per_floor":[59,59,59,59,59,38,38,38,38,38,30,20,20,20,20,20,52,40,27,27,27,26,26,14,32,32,5,9,9,9,9,27,15,50,48,37,37,37,37,37,37,35,35],"gold":141,"neow_bonus":"TWO_FIFTY_GOLD","is_daily":false,"chose_seed":false,"campfire_upgraded":5,"win_rate":0.0,"timestamp":1611885019,"path_taken":["M","?","M","$","?","E","M","R","T","$","E","M","R","$","R","BOSS","M","M","?","$","M","R","E","R","T","M","E","?","?","?","R","BOSS","M","M","$","?","?","R","M","E"],"items_purchased_type":["Relic","Card","Card"],"build_version":"2020-12-22","purchased_purges":3,"victory":false,"max_hp_per_floor":[62,62,62,62,62,62,62,62,62,62,62,62,62,62,62,62,62,62,62,62,62,62,62,62,62,62,62,62,62,62,62,62,62,62,62,62,62,62,62,62,62,62,62],"card_choices":[{"not_picked":["JustLucky","Protect"],"picked":"LikeWater","floor":1.0},{"not_picked":["Prostrate","Crescendo"],"picked":"BattleHymn","floor":3.0},{"not_picked":["Evaluate","Consecrate"],"picked":"WaveOfTheHand","floor":5.0},{"not_picked":["SashWhip","ForeignInfluence","WreathOfFlame"],"picked":"SKIP","floor":6.0},{"not_picked":["Evaluate","Crescendo"],"picked":"CarveReality","floor":7.0},{"not_picked":["EmptyBody","Protect"],"picked":"Adaptation","floor":11.0},{"not_picked":["ConjureBlade","FlurryOfBlows+1"],"picked":"EmptyFist+1","floor":12.0},{"not_picked":["DevaForm","DeusExMachina"],"picked":"MasterReality","floor":16.0},{"not_picked":["FlurryOfBlows+1","Pray+1"],"picked":"Evaluate","floor":18.0},{"not_picked":["Study","CrushJoints+1","CutThroughFate+1"],"picked":"SKIP","floor":19.0},{"not_picked":["ThirdEye","CrushJoints+1"],"picked":"InnerPeace","floor":22.0},{"not_picked":["ReachHeaven+1","ThirdEye"],"picked":"Pray","floor":24.0},{"not_picked":["FlyingSleeves+1","SignatureMove+1"],"picked":"Adaptation","floor":27.0},{"not_picked":["Crescendo","BowlingBash+1"],"picked":"Brilliance+1","floor":28.0},{"not_picked":["ThirdEye+1","Evaluate"],"picked":"InnerPeace","floor":31.0},{"not_picked":["Wish","Establishment"],"picked":"DevaForm","floor":33.0},{"not_picked":["Fasting2","WaveOfTheHand","FollowUp+1"],"picked":"SKIP","floor":35.0},{"not_picked":["Study","CutThroughFate+1"],"picked":"Evaluate+1","floor":36.0}],"player_experience":316953,"relics_obtained":[{"floor":6.0,"key":"Bottled Lightning"},{"floor":9.0,"key":"Mummified Hand"},{"floor":11.0,"key":"Molten Egg 2"},{"floor":24.0,"key":"Pen Nib"},{"floor":26.0,"key":"Omamori"},{"floor":28.0,"key":"StrikeDummy"}],"event_choices":[{"damage_healed":0.0,"max_hp_gain":0.0,"max_hp_loss":0.0,"gold_gain":0.0,"event_name":"Upgrade Shrine","player_choice":"Upgraded","floor":2.0,"gold_loss":0.0,"damage_taken":0.0,"cards_upgraded":["LikeWater"]},{"damage_healed":0.0,"max_hp_gain":0.0,"max_hp_loss":0.0,"gold_gain":0.0,"cards_transformed":["Strike_P","Defend_P"],"event_name":"Drug Dealer","player_choice":"Became Test Subject","floor":20.0,"gold_loss":0.0,"damage_taken":0.0,"cards_obtained":["DeceiveReality","Worship"]},{"damage_healed":0.0,"max_hp_gain":0.0,"max_hp_loss":0.0,"gold_gain":50.0,"event_name":"Nest","player_choice":"Stole From Cult","floor":29.0,"gold_loss":0.0,"damage_taken":0.0},{"damage_healed":0.0,"max_hp_gain":0.0,"max_hp_loss":0.0,"gold_gain":0.0,"event_name":"Accursed Blacksmith","player_choice":"Forge","floor":30.0,"gold_loss":0.0,"damage_taken":0.0,"cards_upgraded":["InnerPeace"]},{"cards_removed":["Adaptation"],"damage_healed":0,"gold_gain":0,"player_choice":"Removed Power","damage_taken":0,"max_hp_gain":0,"max_hp_loss":0,"event_name":"Falling","floor":38,"gold_loss":0},{"damage_healed":0,"gold_gain":0,"player_choice":"Upgraded","damage_taken":0,"max_hp_gain":0,"max_hp_loss":0,"event_name":"Upgrade Shrine","floor":39,"gold_loss":0,"cards_upgraded":["Pray"]}],"is_beta":false,"boss_relics":[{"not_picked":["Snecko Eye","Philosopher\u0027s Stone"],"picked":"Empty Cage"},{"not_picked":["Black Star","SlaversCollar"],"picked":"Runic Pyramid"}],"items_purged_floors":[4,21,37],"is_endless":false,"potions_floor_spawned":[3,7,12,16,24,27,28,31,36,41],"killed_by":"Reptomancer","ascension_level":20}}