{"host":"p4v0hquynnreu717","time":1611933240,"event":{"mods":["BaseMod","Better Vampires","DeckTracker","Googly Eyes","Minty Spire (QoL Compilation)","Quick Restart","StSLib","SuperFastMode"],"gold_per_floor":[118,43,43,55,68,68,85,85,85,100,100,118,118,130,130,201,201,212,212,212,232,41,41,72,72,72,72,72,72],"floor_reached":28,"language":"ZHS","playtime":572,"items_purged":["Strike_G","Strike_G"],"score":399,"play_id":"3458a5a5-d8aa-465a-88a8-b35fe1d58ebb","local_time":"20210129231400","is_ascension_mode":true,"campfire_choices":[{"data":"Neutralize","floor":6.0,"key":"SMITH"},{"data":"Noxious Fumes","floor":8.0,"key":"SMITH"},{"data":"Catalyst","floor":13.0,"key":"SMITH"},{"data":"Survivor","floor":15.0,"key":"SMITH"},{"data":"Purity","floor":23.0,"key":"SMITH"},{"data":"Strike_G","floor":25,"key":"PURGE"}],"circlet_count":0,"master_deck":["AscendersBane","Strike_G","Strike_G","Defend_G","Defend_G","Defend_G","Defend_G","Survivor+1","Neutralize+1","Noxious Fumes+1","Blade Dance","Backflip","Catalyst+1","Adrenaline","Blade Dance","After Image","Concentrate+1","Accuracy","Well Laid Plans","Purity+1","Backflip"],"relics":["Coffee Dripper","Art of War","SacredBark","Peace Pipe","Darkstone Periapt"],"acts_visited":["Exordium","TheCity"],"potions_floor_usage":[24],"damage_taken":[{"damage":0.0,"enemies":"Small Slimes","floor":1.0,"turns":3.0},{"damage":0.0,"enemies":"Cultist","floor":4.0,"turns":4.0},{"damage":0.0,"enemies":"Jaw Worm","floor":5.0,"turns":4.0},{"damage":0.0,"enemies":"Blue Slaver","floor":7.0,"turns":4.0},{"damage":4.0,"enemies":"2 Fungi Beasts","floor":10.0,"turns":4.0},{"damage":6.0,"enemies":"Looter","floor":12.0,"turns":3.0},{"damage":12.0,"enemies":"Large Slime","floor":14.0,"turns":5.0},{"damage":21.0,"enemies":"The Guardian","floor":16.0,"turns":9.0},{"damage":0.0,"enemies":"Shell Parasite","floor":18.0,"turns":5.0},{"damage":0.0,"enemies":"Spheric Guardian","floor":21.0,"turns":3.0},{"damage":32,"enemies":"Book of Stabbing","floor":24,"turns":6},{"damage":0,"enemies":"3 Cultists","floor":28,"turns":2}],"seed_played":"-4554545412689585162","potions_obtained":[{"floor":5.0,"key":"ColorlessPotion"},{"floor":14.0,"key":"LiquidBronze"},{"floor":16.0,"key":"EssenceOfSteel"},{"floor":18.0,"key":"Explosive Potion"}],"is_trial":false,"path_per_floor":["M","$","?","M","M","R","M","R","T","M","T","M","R","M","R","B",null,"M","?","?","M","$","R","E","R","T","?","M"],"character_chosen":"THE_SILENT","items_purchased":["Purity"],"campfire_rested":0,"item_purchase_floors":[22],"current_hp_per_floor":[59,59,59,59,59,59,59,59,59,55,55,49,49,37,37,16,54,54,54,36,36,36,36,4,4,4,4,4,4],"gold":72,"neow_bonus":"BOSS_RELIC","is_daily":false,"chose_seed":false,"campfire_upgraded":5,"win_rate":0.0,"timestamp":1611933240,"path_taken":["M","$","?","M","?","R","M","R","T","M","?","M","R","M","R","BOSS","M","?","?","M","$","R","E","R","T","?","M"],"items_purchased_type":["Card"],"build_version":"2020-12-22","purchased_purges":2,"victory":false,"max_hp_per_floor":[66,66,66,66,66,66,66,66,66,66,66,66,66,66,66,66,66,66,66,71,71,71,71,71,71,71,71,71,71],"card_choices":[{"not_picked":["Sucker Punch","Distraction"],"picked":"Noxious Fumes","floor":1.0},{"not_picked":["PiercingWail","Flying Knee"],"picked":"Blade Dance","floor":4.0},{"not_picked":["Blur","Underhanded Strike"],"picked":"Backflip","floor":5.0},{"not_picked":["Caltrops","Underhanded Strike"],"picked":"Catalyst","floor":7.0},{"not_picked":["Blur","Flying Knee","Quick Slash"],"picked":"SKIP","floor":10.0},{"not_picked":["Flying Knee","Dodge and Roll"],"picked":"Adrenaline","floor":12.0},{"not_picked":["Caltrops","Flying Knee"],"picked":"Blade Dance","floor":14.0},{"not_picked":["Bullet Time","Adrenaline"],"picked":"After Image","floor":16.0},{"not_picked":["Poisoned Stab","Distraction"],"picked":"Concentrate+1","floor":18.0},{"not_picked":["Flechettes","Outmaneuver"],"picked":"Well Laid Plans","floor":21.0},{"not_picked":["Backstab","Slice"],"picked":"Backflip","floor":24}],"player_experience":798108,"relics_obtained":[{"floor":11.0,"key":"Art of War"},{"floor":24,"key":"Peace Pipe"},{"floor":26,"key":"Darkstone Periapt"}],"event_choices":[{"cards_removed":["Defend_G"],"damage_healed":0.0,"max_hp_gain":0.0,"max_hp_loss":0.0,"gold_gain":0.0,"event_name":"Purifier","player_choice":"Purged","floor":3.0,"gold_loss":0.0,"damage_taken":0.0},{"damage_healed":0.0,"max_hp_gain":0.0,"max_hp_loss":0.0,"gold_gain":0.0,"event_name":"The Library","player_choice":"Read","floor":19.0,"gold_loss":0.0,"damage_taken":0.0,"cards_obtained":["Accuracy"]},{"damage_healed":0.0,"max_hp_gain":5.0,"max_hp_loss":0.0,"gold_gain":0.0,"event_name":"Forgotten Altar","player_choice":"Shed Blood","floor":20.0,"gold_loss":0.0,"damage_taken":23.0}],"is_beta":false,"boss_relics":[{"not_picked":["Sozu","Tiny House"],"picked":"SacredBark"}],"items_purged_floors":[2,22],"is_endless":false,"potions_floor_spawned":[5,14,16,18],"killed_by":"3 Cultists","ascension_level":15}}