{"host":"1xo5g347e5o4auts","time":1611952435,"event":{"mods":["BaseMod","Minty Spire (QoL Compilation)","Permanent Neow","StSLib"],"gold_per_floor":[110,121,133,133,150,179,179,205,205,224,224,244,279,204,204,280,280,298,298,58,76,87,87,87],"floor_reached":23,"language":"ENG","playtime":569,"items_purged":["Strike_P"],"score":426,"play_id":"d8ecd4b7-68ff-46e3-9014-fe83cc3d36fc","local_time":"20210129223355","is_ascension_mode":true,"campfire_choices":[{"data":"SandsOfTime","floor":7.0,"key":"SMITH"},{"data":"Wallop","floor":11.0,"key":"SMITH"},{"data":"Consecrate","floor":15.0,"key":"SMITH"}],"circlet_count":0,"master_deck":["AscendersBane","Strike_P","Defend_P","Defend_P","Defend_P","Defend_P","Eruption","Vigilance","Wallop+1","Swivel","BowlingBash","SandsOfTime+1","Tantrum","Establishment+1","Consecrate+1","Devotion+1","BattleHymn+1","Adaptation+1","Protect","ClearTheMind","FlurryOfBlows"],"relics":["SacredBark","Bottled Lightning","Frozen Egg 2","Meat on the Bone","Letter Opener","Coffee Dripper"],"acts_visited":["Exordium","TheCity"],"potions_floor_usage":[22],"damage_taken":[{"damage":0.0,"enemies":"Cultist","floor":1.0,"turns":3.0},{"damage":0.0,"enemies":"Jaw Worm","floor":2.0,"turns":3.0},{"damage":3.0,"enemies":"Small Slimes","floor":3.0,"turns":3.0},{"damage":9.0,"enemies":"Red Slaver","floor":5.0,"turns":5.0},{"damage":4.0,"enemies":"3 Sentries","floor":6.0,"turns":4.0},{"damage":10.0,"enemies":"Gremlin Nob","floor":8.0,"turns":3.0},{"damage":4.0,"enemies":"2 Fungi Beasts","floor":10.0,"turns":4.0},{"damage":0.0,"enemies":"Blue Slaver","floor":12.0,"turns":2.0},{"damage":3.0,"enemies":"3 Sentries","floor":13.0,"turns":4.0},{"damage":17.0,"enemies":"Slime Boss","floor":16.0,"turns":6.0},{"damage":11.0,"enemies":"Spheric Guardian","floor":18.0,"turns":3.0},{"damage":4,"enemies":"Chosen","floor":21,"turns":3},{"damage":27,"enemies":"Snake Plant","floor":22,"turns":5},{"damage":21,"enemies":"Slavers","floor":23,"turns":2}],"seed_played":"6389056417326983415","potions_obtained":[{"floor":1.0,"key":"Fire Potion"},{"floor":6.0,"key":"LiquidBronze"},{"floor":8.0,"key":"BlessingOfTheForge"},{"floor":13.0,"key":"SkillPotion"},{"floor":21,"key":"Weak Potion"}],"is_trial":false,"path_per_floor":["M","M","M","?","M","E","R","E","T","M","R","M","E","?","R","B",null,"M","?","$","M","M","E"],"character_chosen":"WATCHER","items_purchased":["Adaptation+1","Protect","ClearTheMind"],"campfire_rested":0,"item_purchase_floors":[20,20,20],"current_hp_per_floor":[61,61,58,68,59,55,55,45,45,41,41,41,38,38,38,33,59,48,48,48,44,29,8,8],"gold":87,"neow_bonus":"BOSS_RELIC","is_daily":false,"chose_seed":false,"campfire_upgraded":3,"win_rate":0.0,"timestamp":1611952435,"path_taken":["M","M","?","?","M","E","R","E","T","?","R","M","E","?","R","BOSS","M","?","$","M","M","E"],"items_purchased_type":["Card","Card","Card"],"build_version":"2020-12-22","purchased_purges":1,"victory":false,"max_hp_per_floor":[68,68,68,68,68,68,68,68,68,68,68,68,68,68,68,68,68,68,68,68,68,68,68,68],"card_choices":[{"not_picked":["WreathOfFlame","Halt"],"picked":"Vengeance","floor":1.0},{"not_picked":["Protect","EmptyFist"],"picked":"Wallop","floor":2.0},{"not_picked":["Prostrate","CrushJoints"],"picked":"Swivel","floor":3.0},{"not_picked":["Halt","Worship"],"picked":"BowlingBash","floor":5.0},{"not_picked":["Pray","JustLucky"],"picked":"SandsOfTime","floor":6.0},{"not_picked":["Prostrate","EmptyBody","BowlingBash"],"picked":"SKIP","floor":8.0},{"not_picked":["Crescendo","PathToVictory"],"picked":"Tantrum","floor":10.0},{"not_picked":["Consecrate","Crescendo"],"picked":"Establishment+1","floor":12.0},{"not_picked":["Establishment+1","Collect"],"picked":"Consecrate","floor":13.0},{"not_picked":["ConjureBlade","Vault"],"picked":"Devotion+1","floor":16.0},{"not_picked":["ForeignInfluence","Consecrate+1","SignatureMove"],"picked":"SKIP","floor":18},{"not_picked":["FlyingSleeves","JustLucky"],"picked":"FlurryOfBlows","floor":21},{"not_picked":["SashWhip","SandsOfTime","BattleHymn+1"],"picked":"SKIP","floor":22}],"player_experience":1380553,"relics_obtained":[{"floor":6.0,"key":"Bottled Lightning"},{"floor":8.0,"key":"Frozen Egg 2"},{"floor":9.0,"key":"Meat on the Bone"},{"floor":13.0,"key":"Letter Opener"}],"event_choices":[{"cards_removed":["Vengeance"],"damage_healed":10.0,"max_hp_gain":0.0,"max_hp_loss":0.0,"gold_gain":0.0,"event_name":"Bonfire Elementals","player_choice":"Offered Uncommon","floor":4.0,"gold_loss":0.0,"damage_taken":0.0},{"cards_removed":["Strike_P"],"damage_healed":0.0,"max_hp_gain":0.0,"max_hp_loss":0.0,"gold_gain":0.0,"event_name":"The Cleric","player_choice":"Card Removal","floor":14.0,"gold_loss":75.0,"damage_taken":0.0},{"damage_healed":0,"gold_gain":0,"cards_transformed":["Strike_P"],"player_choice":"Transformed","damage_taken":0,"max_hp_gain":0,"max_hp_loss":0,"event_name":"Transmorgrifier","floor":19,"gold_loss":0,"cards_obtained":["BattleHymn"]}],"is_beta":false,"boss_relics":[{"not_picked":["Fusion Hammer","SlaversCollar"],"picked":"Coffee Dripper"}],"items_purged_floors":[20],"is_endless":false,"potions_floor_spawned":[1,6,8,13,21],"killed_by":"Slavers","ascension_level":20}}