{"host":"3a1ypf1irl30q4k8","time":1611914315,"event":{"mods":["AchievementEnabler","BaseMod","Bestiary","Colored Map","Minty Spire (QoL Compilation)","Relic Stats"],"gold_per_floor":[112,131,141,101,117,117,151,168,168,168,168,168,168,168,168,272,272,289,289,305,33,45,78,89,89,89,108,108,8,27,52,52,52,52],"floor_reached":33,"language":"ENG","playtime":2005,"items_purged":["Strike_B","Strike_B"],"score":344,"play_id":"7bed2e54-5252-4af8-b937-f4cfab93d846","local_time":"20210129095835","is_ascension_mode":true,"campfire_choices":[{"data":"Ball Lightning","floor":6.0,"key":"SMITH"},{"data":"Reprogram","floor":10.0,"key":"SMITH"},{"floor":13.0,"key":"REST"},{"data":"1","floor":15.0,"key":"LIFT"},{"floor":25,"key":"REST"},{"floor":28,"key":"REST"},{"data":"2","floor":32,"key":"LIFT"}],"circlet_count":0,"master_deck":["Strike_B","Strike_B","Defend_B","Defend_B","Defend_B","Defend_B","Zap","Dualcast","Reinforced Body","Rebound","Conserve Battery","Ball Lightning+1","Reprogram+1","Auto Shields+1","Hyperbeam","Undo","Melter","Turbo","Compile Driver","Conserve Battery","Melter","Regret","Streamline","Hologram+1","Streamline+1"],"relics":["Nuclear Battery","Girya","Mummified Hand","Blue Candle","Symbiotic Virus","Cursed Key","Ancient Tea Set","Tiny Chest","Bottled Lightning","Potion Belt"],"acts_visited":["Exordium","TheCity"],"potions_floor_usage":[30,31],"damage_taken":[{"damage":0.0,"enemies":"Small Slimes","floor":1.0,"turns":4.0},{"damage":0.0,"enemies":"Cultist","floor":2.0,"turns":4.0},{"damage":1.0,"enemies":"2 Louse","floor":3.0,"turns":3.0},{"damage":8.0,"enemies":"Exordium Thugs","floor":5.0,"turns":4.0},{"damage":16.0,"enemies":"Gremlin Nob","floor":7.0,"turns":4.0},{"damage":4.0,"enemies":"Red Slaver","floor":8.0,"turns":5.0},{"damage":25.0,"enemies":"Hexaghost","floor":16.0,"turns":13.0},{"damage":6.0,"enemies":"3 Byrds","floor":18.0,"turns":4.0},{"damage":0.0,"enemies":"Chosen","floor":20.0,"turns":3.0},{"damage":15,"enemies":"Snecko","floor":22,"turns":5},{"damage":49,"enemies":"Book of Stabbing","floor":23,"turns":7},{"damage":15,"enemies":"Shelled Parasite and Fungi","floor":24,"turns":9},{"damage":0,"enemies":"Snake Plant","floor":27,"turns":3},{"damage":16,"enemies":"Snecko","floor":30,"turns":6},{"damage":11,"enemies":"Slavers","floor":31,"turns":5},{"damage":40,"enemies":"Champ","floor":33,"turns":8}],"seed_played":"2926599793487324296","potions_obtained":[{"floor":2.0,"key":"Swift Potion"},{"floor":4.0,"key":"Strength Potion"},{"floor":4.0,"key":"FocusPotion"},{"floor":8.0,"key":"Swift Potion"},{"floor":16.0,"key":"CultistPotion"},{"floor":22,"key":"FairyPotion"},{"floor":27,"key":"SpeedPotion"}],"is_trial":false,"path_per_floor":["M","M","M","?","M","R","E","M","T","R","?","?","R","T","R","B",null,"M","?","M","$","M","E","M","R","T","M","R","$","M","E","R","B"],"character_chosen":"DEFECT","items_purchased":["Turbo","Ancient Tea Set"],"campfire_rested":3,"item_purchase_floors":[21,21],"current_hp_per_floor":[75,75,74,74,66,66,50,46,46,46,28,28,50,50,50,25,75,69,75,75,75,60,11,18,40,40,40,62,62,46,35,35,0,0],"gold":52,"neow_bonus":"BOSS_RELIC","is_daily":false,"chose_seed":false,"campfire_upgraded":2,"win_rate":0.0,"timestamp":1611914315,"path_taken":["M","M","M","?","M","R","E","?","T","R","?","?","R","?","R","BOSS","M","?","M","$","M","E","M","R","T","M","R","$","M","E","R","BOSS"],"items_purchased_type":["Card","Relic"],"build_version":"2020-12-22","purchased_purges":2,"victory":false,"max_hp_per_floor":[75,75,75,75,75,75,75,75,75,75,75,75,75,75,75,75,75,75,75,75,75,75,75,75,75,75,75,75,75,75,75,75,75,75],"relic_stats":{"counters":[16,87],"Mummified Hand":[0],"Blue Candle":[3],"Tiny Chest":0,"Cursed Key":1,"obtain_stats":[{"Potion Belt":31,"Girya":7,"Mummified Hand":9,"Blue Candle":11,"Tiny Chest":23,"Bottled Lightning":26,"Cracked Core":0,"Symbiotic Virus":14,"Cursed Key":17,"Ancient Tea Set":21,"Nuclear Battery":0},{"Potion Belt":15,"Girya":5,"Mummified Hand":6,"Blue Candle":6,"Tiny Chest":11,"Bottled Lightning":12,"Cracked Core":0,"Symbiotic Virus":6,"Cursed Key":7,"Ancient Tea Set":9,"Nuclear Battery":0},{"Potion Belt":79,"Girya":19,"Mummified Hand":24,"Blue Candle":24,"Tiny Chest":56,"Bottled Lightning":65,"Cracked Core":0,"Symbiotic Virus":24,"Cursed Key":37,"Ancient Tea Set":44,"Nuclear Battery":0}]},"card_choices":[{"not_picked":["Steam","Skim"],"picked":"Reinforced Body","floor":1.0},{"not_picked":["Go for the Eyes","Conserve Battery"],"picked":"Rebound","floor":2.0},{"not_picked":["Beam Cell","Hello World"],"picked":"Conserve Battery","floor":3.0},{"not_picked":["Conserve Battery","Machine Learning"],"picked":"Ball Lightning","floor":5.0},{"not_picked":["Turbo","Steam"],"picked":"Reprogram","floor":7.0},{"not_picked":["Turbo","Rebound"],"picked":"Auto Shields","floor":8.0},{"not_picked":["Meteor Strike","Thunder Strike"],"picked":"Hyperbeam","floor":16.0},{"not_picked":["Steam","Rebound"],"picked":"Undo","floor":18.0},{"not_picked":["Beam Cell","Undo"],"picked":"Melter","floor":20},{"not_picked":["Gash","Glacier"],"picked":"Compile Driver","floor":22},{"not_picked":["Barrage","Rebound"],"picked":"Conserve Battery","floor":23},{"not_picked":["Chill","Hologram+1"],"picked":"Melter","floor":24},{"not_picked":["Force Field","Steam+1"],"picked":"Streamline","floor":27},{"not_picked":["Aggregate","Barrage"],"picked":"Hologram+1","floor":30},{"not_picked":["Conserve Battery","Loop"],"picked":"Streamline+1","floor":31}],"player_experience":1239935,"relics_obtained":[{"floor":7.0,"key":"Girya"},{"floor":9.0,"key":"Mummified Hand"},{"floor":14.0,"key":"Symbiotic Virus"},{"floor":23,"key":"Tiny Chest"},{"floor":26,"key":"Bottled Lightning"},{"floor":31,"key":"Potion Belt"}],"event_choices":[{"damage_healed":0.0,"max_hp_gain":0.0,"max_hp_loss":0.0,"gold_gain":0.0,"event_name":"The Woman in Blue","player_choice":"Bought 3 Potions","floor":4.0,"gold_loss":0.0,"damage_taken":0.0},{"damage_healed":0.0,"max_hp_gain":0.0,"max_hp_loss":0.0,"gold_gain":0.0,"event_name":"Scrap Ooze","player_choice":"Success","floor":11.0,"gold_loss":0.0,"damage_taken":18.0,"relics_obtained":["Blue Candle"]},{"damage_healed":0.0,"max_hp_gain":0.0,"max_hp_loss":0.0,"gold_gain":0.0,"event_name":"Living Wall","player_choice":"Grow","floor":12.0,"gold_loss":0.0,"damage_taken":0.0,"cards_upgraded":["Auto Shields"]},{"damage_healed":6.0,"max_hp_gain":0.0,"max_hp_loss":0.0,"gold_gain":0.0,"event_name":"Wheel of Change","player_choice":"Full Heal","floor":19.0,"gold_loss":0.0,"damage_taken":0.0}],"is_beta":false,"boss_relics":[{"not_picked":["SlaversCollar","Sozu"],"picked":"Cursed Key"}],"items_purged_floors":[21,29],"is_endless":false,"potions_floor_spawned":[2,8,16,22,27],"killed_by":"Champ","ascension_level":4}}