{"host":"0sdgcakzygnyzdok","time":1611920734,"event":{"mods":["Act Like it!","BaseMod","Colored Map","DeckTracker","Hubris","Infinite Spire","Minty Spire (QoL Compilation)","Relic Stats","Replay The Spire","Shop Mod","Spire Arcade","StSLib","Wandering Minibosses"],"gold_per_floor":[15,30,30,30,46,46,64,89,89,123,123,155,155,155,8,35,35,134,134,153,78,92,92,92,122,122,88,88,88,112,112,31,65,65,168,168,188,200,85,85,85,119,119,136,136,162,162,188,208,272,272,272],"floor_reached":53,"language":"ENG","playtime":3199,"items_purged":["Strike_R","Pommel Strike"],"score":1000,"play_id":"2c20271c-d4e0-403f-a610-50f4f17f10e3","local_time":"20210129124534","is_ascension_mode":true,"campfire_choices":[{"data":"Offering","floor":9,"key":"SMITH"},{"data":"True Grit","floor":17,"key":"SMITH"},{"floor":26,"key":"REST"},{"data":"Feed","floor":26,"key":"SMITH"},{"data":"Eclipse","floor":29,"key":"SMITH"},{"data":"Evolve","floor":34,"key":"SMITH"},{"data":"Demonic Infusion","floor":43,"key":"SMITH"},{"floor":51,"key":"REST"},{"data":"Second Wind","floor":51,"key":"SMITH"}],"circlet_count":0,"master_deck":["Defend_R","Defend_R","Defend_R","Bash+1","Clothesline+1","Shrug It Off","Iron Wave+1","Offering+1","True Grit+1","Feed+1","Eclipse+1","Second Wind+1","Evolve+1","hubris:ReadiedAction+1","Shrug It Off+1","Dramatic Entrance+1","Shrug It Off+1","Brutality","ReplayTheSpireMod:Strike From Hell","Metallicize+1","Demonic Infusion+1","ReplayTheSpireMod:Doomed","ReplayTheSpireMod:Limb From Limb+1","Shrug It Off+1"],"relics":["Burning Blood","Pear","infinitespire:Magic Flask","Charon\u0027s Ashes","Ornamental Fan","hubris:OldNail","Pen Nib","infinitespire:Burning Sword","Replay:Blank Codex","Whetstone","ReplayTheSpireMod:TigerMarble","Regal Pillow","OrangePellets","Replay:Bottled Flurry","Cursed Key","Gremlin Food","hubris:MobiusCoin","Bag of Preparation","hubris:BottledRain"],"acts_visited":["Exordium","TheCity","TheBeyond"],"potions_floor_usage":[12,18,18,25,33,38,42,48,52,52],"damage_taken":[{"damage":5,"enemies":"Jaw Worm","floor":1,"turns":4},{"damage":7,"enemies":"2 Louse","floor":2,"turns":2},{"damage":0,"enemies":"Small Slimes","floor":5,"turns":3},{"damage":4,"enemies":"3 Louse","floor":7,"turns":4},{"damage":23,"enemies":"3 Sentries","floor":8,"turns":10},{"damage":21,"enemies":"Replay:BlueRogue","floor":10,"turns":5},{"damage":10,"enemies":"3 Sentries","floor":12,"turns":5},{"damage":10,"enemies":"Gremlin Nob","floor":16,"turns":3},{"damage":21,"enemies":"Slime Boss","floor":18,"turns":10},{"damage":21,"enemies":"3 Byrds","floor":20,"turns":7},{"damage":10,"enemies":"2 Thieves","floor":22,"turns":3},{"damage":23,"enemies":"Slavers","floor":25,"turns":5},{"damage":6,"enemies":"Gremlin Leader","floor":33,"turns":2},{"damage":12,"enemies":"Automaton","floor":35,"turns":5},{"damage":0,"enemies":"3 Shapes","floor":37,"turns":1},{"damage":5,"enemies":"Orb Walker","floor":38,"turns":4},{"damage":22,"enemies":"Reptomancer","floor":42,"turns":6},{"damage":6,"enemies":"Transient","floor":44,"turns":5},{"damage":15,"enemies":"Giant Head","floor":46,"turns":6},{"damage":10,"enemies":"Nemesis","floor":48,"turns":9},{"damage":32,"enemies":"3 Darklings","floor":49,"turns":6},{"damage":18,"enemies":"Spire Growth","floor":50,"turns":6},{"damage":25,"enemies":"Donu and Deca","floor":52,"turns":5}],"seed_played":"-7034714900554103829","potions_obtained":[{"floor":1,"key":"Fruit Juice"},{"floor":7,"key":"GamblersBrew"},{"floor":10,"key":"SkillPotion"},{"floor":12,"key":"FairyPotion"},{"floor":18,"key":"PowerPotion"},{"floor":22,"key":"ColorlessPotion"},{"floor":33,"key":"Swift Potion"},{"floor":35,"key":"Swift Potion"},{"floor":38,"key":"Venom Potion"},{"floor":42,"key":"Dexterity Potion"},{"floor":49,"key":"Ancient Potion"}],"is_trial":false,"path_per_floor":["M","M","PTL","PTL","M","?","M","E","R","E","T","E","?","?","$","E","R","B",null,"M","?","M","?","?","E","R","$","T","R","T","AVR","$","E","R","B",null,"M","M","$","?","NS","E","R","M","T","E","?","E","M","M","R","B",null],"character_chosen":"IRONCLAD","items_purchased":["hubris:OldNail","Shrug It Off+1","Dramatic Entrance","Metallicize"],"campfire_rested":2,"item_purchase_floors":[15,27,32,39],"current_hp_per_floor":[80,79,79,79,80,80,80,73,73,58,58,59,52,52,52,48,48,36,98,83,83,82,82,66,52,83,83,83,83,83,83,83,91,91,85,108,108,112,112,112,112,96,96,96,96,91,91,87,61,57,109,94],"gold":272,"neow_bonus":"REMOVE_TWO","is_daily":false,"chose_seed":false,"campfire_upgraded":7,"win_rate":0.0,"timestamp":1611920734,"path_taken":["M","M","PTL","PTL","M","?","M","E","R","E","T","E","?","?","$","E","R","BOSS","M","?","M","?","?","E","R","$","T","R","?","AVR","?","E","R","BOSS","M","M","$","?","NS","E","R","M","T","E","?","E","M","M","R","BOSS"],"items_purchased_type":["Relic","Card","Card","Card"],"build_version":"2020-12-22","purchased_purges":2,"victory":true,"max_hp_per_floor":[80,80,80,80,80,80,80,90,90,90,90,95,95,95,95,95,95,98,98,98,98,101,101,101,104,104,104,104,104,104,104,104,108,108,108,108,108,112,112,112,112,112,112,112,112,116,116,116,116,124,124,128],"relic_stats":{"OrangePellets":[2],"Regal Pillow":15,"counters":[23,116],"Ornamental Fan":[112],"Charon\u0027s Ashes":[869],"Pen Nib":[16],"Bag of Preparation":[8],"Whetstone":["Iron Wave","Clothesline"],"Cursed Key":1,"obtain_stats":[{"Gremlin Food":42,"hubris:MobiusCoin":45,"Regal Pillow":30,"Pear":8,"Charon\u0027s Ashes":11,"Pen Nib":16,"Bag of Preparation":46,"infinitespire:Magic Flask":10,"Whetstone":25,"Cursed Key":36,"Burning Blood":0,"OrangePellets":31,"Ornamental Fan":12,"infinitespire:Burning Sword":19,"ReplayTheSpireMod:TigerMarble":28,"Replay:Bottled Flurry":33,"hubris:OldNail":15,"Replay:Blank Codex":24,"hubris:BottledRain":48},{"Gremlin Food":17,"hubris:MobiusCoin":18,"Regal Pillow":12,"Pear":5,"Charon\u0027s Ashes":6,"Pen Nib":8,"Bag of Preparation":19,"infinitespire:Magic Flask":6,"Whetstone":12,"Cursed Key":14,"Burning Blood":0,"OrangePellets":12,"Ornamental Fan":7,"infinitespire:Burning Sword":9,"ReplayTheSpireMod:TigerMarble":12,"Replay:Bottled Flurry":13,"hubris:OldNail":7,"Replay:Blank Codex":11,"hubris:BottledRain":20},{"Gremlin Food":79,"hubris:MobiusCoin":84,"Regal Pillow":61,"Pear":23,"Charon\u0027s Ashes":28,"Pen Nib":36,"Bag of Preparation":90,"infinitespire:Magic Flask":28,"Whetstone":61,"Cursed Key":68,"Burning Blood":0,"OrangePellets":61,"Ornamental Fan":33,"infinitespire:Burning Sword":46,"ReplayTheSpireMod:TigerMarble":61,"Replay:Bottled Flurry":63,"hubris:OldNail":33,"Replay:Blank Codex":56,"hubris:BottledRain":99}],"Burning Blood":123},"card_choices":[{"not_picked":["Anger","Armaments"],"picked":"Clothesline","floor":1},{"not_picked":["Armaments","Wild Strike"],"picked":"Shrug It Off","floor":2},{"not_picked":["Abandon","Reckless Charge"],"picked":"Iron Wave","floor":5},{"not_picked":["Pummel","Rampage"],"picked":"Pommel Strike","floor":7},{"not_picked":["Clothesline","Perfected Strike"],"picked":"Offering","floor":8},{"not_picked":["Clash","Flex"],"picked":"True Grit","floor":10},{"not_picked":["Clothesline","Twin Strike","Body Slam"],"picked":"SKIP","floor":12},{"not_picked":["Sword Boomerang","Wild Strike"],"picked":"Feed","floor":16},{"not_picked":["Berserk","Bludgeon"],"picked":"Eclipse","floor":18},{"not_picked":["Twin Strike","Warcry+1"],"picked":"Second Wind","floor":20},{"not_picked":["ReplayTheSpireMod:Corrosion Curse","Rampage+1"],"picked":"Evolve","floor":22},{"not_picked":["Iron Wave","Wild Strike+1"],"picked":"hubris:ReadiedAction+1","floor":25},{"not_picked":["Headbutt","Thunderclap"],"picked":"Shrug It Off+1","floor":33},{"not_picked":["Hemogenesis","Juggernaut"],"picked":"Brutality","floor":35},{"not_picked":["ReplayReversal+1","Replay:Undeath\u0027s Touch+1"],"picked":"ReplayTheSpireMod:Strike From Hell","floor":37},{"not_picked":["Armaments+1","ReplayTheSpireMod:Strike From Hell","Anger"],"picked":"SKIP","floor":38},{"not_picked":["Headbutt","Body Slam+1"],"picked":"Demonic Infusion","floor":42},{"not_picked":["Perfected Strike","Twin Strike+1","Wild Strike+1"],"picked":"SKIP","floor":44},{"not_picked":["Blood for Blood","Armaments","hubris:ReadiedAction+1"],"picked":"SKIP","floor":46},{"not_picked":["Pommel Strike","Headbutt"],"picked":"ReplayTheSpireMod:Limb From Limb+1","floor":48},{"not_picked":["Pummel+1","Headbutt+1","Reckless Charge"],"picked":"SKIP","floor":49},{"not_picked":["Headbutt","Anger"],"picked":"Shrug It Off+1","floor":50}],"player_experience":105930,"relics_obtained":[{"floor":8,"key":"Pear"},{"floor":10,"key":"infinitespire:Magic Flask"},{"floor":11,"key":"Charon\u0027s Ashes"},{"floor":12,"key":"Ornamental Fan"},{"floor":16,"key":"Pen Nib"},{"floor":24,"key":"Replay:Blank Codex"},{"floor":25,"key":"Whetstone"},{"floor":28,"key":"ReplayTheSpireMod:TigerMarble"},{"floor":30,"key":"Regal Pillow"},{"floor":33,"key":"Replay:Bottled Flurry"},{"floor":42,"key":"Gremlin Food"},{"floor":45,"key":"hubris:MobiusCoin"},{"floor":46,"key":"Bag of Preparation"},{"floor":48,"key":"hubris:BottledRain"}],"event_choices":[{"damage_healed":0,"gold_gain":0,"player_choice":"Grow","damage_taken":0,"max_hp_gain":0,"max_hp_loss":0,"event_name":"Living Wall","floor":6,"gold_loss":0,"cards_upgraded":["Bash"]},{"cards_removed":["Strike_R"],"damage_healed":0,"gold_gain":0,"player_choice":"Card Removal","damage_taken":7,"max_hp_gain":0,"max_hp_loss":0,"event_name":"Golden Wing","floor":13,"gold_loss":0},{"cards_removed":["Strike_R"],"damage_healed":0,"gold_gain":0,"player_choice":"Gave Gold","damage_taken":0,"max_hp_gain":0,"max_hp_loss":0,"event_name":"Beggar","floor":21,"gold_loss":75},{"damage_healed":0,"gold_gain":0,"player_choice":"Ignored","damage_taken":0,"max_hp_gain":0,"max_hp_loss":0,"event_name":"Ghosts","floor":23,"gold_loss":0},{"damage_healed":0,"gold_gain":0,"player_choice":"Obtained Book","damage_taken":16,"max_hp_gain":0,"max_hp_loss":0,"event_name":"Cursed Tome","floor":24,"gold_loss":0},{"damage_healed":0,"gold_gain":0,"player_choice":"Forge","damage_taken":0,"max_hp_gain":0,"max_hp_loss":0,"event_name":"Accursed Blacksmith","floor":47,"gold_loss":0,"cards_upgraded":["Metallicize"]}],"is_beta":false,"boss_relics":[{"not_picked":["ChewingGum","Tiny House"],"picked":"infinitespire:Burning Sword"},{"not_picked":["ReplayTheSpireMod:DimensionalGlitch","SlaversCollar"],"picked":"Cursed Key"}],"items_purged_floors":[31,39],"is_endless":false,"potions_floor_spawned":[1,7,10,12,18,22,33,35,38,42,49],"ascension_level":1}}