{"host":"h1qktzcccqnez8tx","time":1611880537,"event":{"mods":["AchievementEnabler","BaseMod","Bestiary","Better Note","Block Reminder","Colored Map","Colored Powertips","Curses Come First","Downfall","Highlight Path","Infinite Spire","Minty Spire (QoL Compilation)","Permanent Neow","Quick Restart","Relic Stats","Replay The Spire","Say the Spire","StSLib","UnlockEverythingMod"],"gold_per_floor":[111,121,133,199,214,241,241,7,7,7,37,48,60,74,74,169,169,184,184,31,130,130,160,173,173,173,193,193,193,193],"floor_reached":28,"language":"ENG","playtime":1445,"items_purged":["hexamod:NightmareStrike"],"score":300,"play_id":"ae11e38a-0cb2-4009-91e1-5b28621ffba0","local_time":"20210129013537","daily_mods":["Draft"],"is_ascension_mode":false,"campfire_choices":[{"data":"hexamod:SearingWound","floor":10,"key":"SMITH"},{"data":"hexamod:FlamesFromBeyond","floor":15,"key":"SMITH"},{"data":"hexamod:BurningTouch","floor":25,"key":"SMITH"}],"circlet_count":0,"master_deck":["hexamod:NightmareGuise+1","hexamod:RetreatToShadows","hexamod:FastForward","hexamod:Hexaguard","hexamod:ExtraCrispy","hexamod:NightmareStrike","hexamod:SpectralSpark","hexamod:SpectersWail","hexamod:SoulSteal","hexamod:BurningTouch+1","hexamod:Firestarter","hexamod:ShieldOfDarkness","hexamod:HeatMetal","hexamod:FlamesFromBeyond+1","hexamod:SpectersWail","hexamod:HeatMetal","hexamod:Firestarter","hexamod:SpectralSpark","hexamod:FirstSeal","hexamod:Hexaguard+1","hexamod:SearingWound+1","hexamod:HeatMetal+1","hexamod:Firestarter","hexamod:SixthSeal","hexamod:ExtraCrispy","infinitespire:Fortify+1","hexamod:PhantomCloak+1","hexamod:FlamesFromBeyond+1"],"relics":["hexamod:SpiritBrand","infinitespire:Bottled Soul","Replay:Bottled Snecko","Kunai","Coffee Dripper","Replay:Wax Seal","infinitespire:ShieldingShard","Bottled Tornado"],"acts_visited":["Exordium","TheCity"],"potions_floor_usage":[16,23,23],"damage_taken":[{"damage":0,"enemies":"Jaw Worm","floor":1,"turns":3},{"damage":0,"enemies":"Small Slimes","floor":2,"turns":3},{"damage":0,"enemies":"Cultist","floor":3,"turns":3},{"damage":18,"enemies":"Exordium Thugs","floor":5,"turns":4},{"damage":0,"enemies":"Lagavulin","floor":6,"turns":4},{"damage":0,"enemies":"Gremlin Nob","floor":11,"turns":3},{"damage":0,"enemies":"2 Fungi Beasts","floor":12,"turns":2},{"damage":0,"enemies":"Looter","floor":13,"turns":2},{"damage":2,"enemies":"Exordium Wildlife","floor":14,"turns":3},{"damage":11,"enemies":"Hexaghost","floor":16,"turns":6},{"damage":7,"enemies":"Shell Parasite","floor":18,"turns":3},{"damage":40,"enemies":"Slavers","floor":23,"turns":3},{"damage":0,"enemies":"Spheric Guardian","floor":24,"turns":2},{"damage":12,"enemies":"Snecko","floor":27,"turns":4},{"damage":9,"enemies":"Centurion and Healer","floor":28,"turns":1}],"seed_played":"-5268977457894278200","potions_obtained":[{"floor":2,"key":"LiquidMemories"},{"floor":6,"key":"Energy Potion"},{"floor":13,"key":"Death Potion"},{"floor":18,"key":"PowerPotion"},{"floor":24,"key":"FearPotion"}],"is_trial":true,"path_per_floor":["M","M","M","?","M","E","?","$","T","R","E","M","M","M","R","B",null,"M","?","$","?","?","E","M","R","T","M","M"],"character_chosen":"THE_SPIRIT","items_purchased":["hexamod:SearingWound","hexamod:HeatMetal+1","Fire Potion","Replay:Wax Seal"],"campfire_rested":0,"item_purchase_floors":[8,8,8,20],"current_hp_per_floor":[70,70,70,70,52,52,52,52,52,52,59,66,70,70,70,59,70,63,63,63,63,46,13,20,20,20,8,0,0,0],"gold":193,"neow_bonus":"","is_daily":false,"chose_seed":false,"campfire_upgraded":3,"win_rate":0.0,"timestamp":1611880537,"path_taken":["M","M","M","?","M","E","?","$","T","R","E","M","M","?","R","BOSS","M","?","$","?","?","E","M","R","T","?","M"],"items_purchased_type":["Card","Card","Potion","Relic"],"build_version":"2020-12-22","purchased_purges":1,"victory":false,"max_hp_per_floor":[70,70,70,70,70,70,70,70,70,70,70,70,70,70,70,70,70,70,70,70,70,70,70,70,70,70,70,70,70,70],"relic_stats":{"counters":[15,46],"Kunai":[4],"obtain_stats":[{"infinitespire:ShieldingShard":23,"infinitespire:Bottled Soul":6,"Coffee Dripper":17,"Replay:Bottled Snecko":9,"Kunai":11,"Replay:Wax Seal":20,"Bottled Tornado":26,"hexamod:SpiritBrand":0},{"infinitespire:ShieldingShard":12,"infinitespire:Bottled Soul":5,"Coffee Dripper":10,"Replay:Bottled Snecko":5,"Kunai":6,"Replay:Wax Seal":11,"Bottled Tornado":13,"hexamod:SpiritBrand":0},{"infinitespire:ShieldingShard":39,"infinitespire:Bottled Soul":17,"Coffee Dripper":33,"Replay:Bottled Snecko":17,"Kunai":20,"Replay:Wax Seal":36,"Bottled Tornado":41,"hexamod:SpiritBrand":0}]},"card_choices":[{"not_picked":["hexamod:Haunt","hexamod:SpectralAdrenaline"],"picked":"hexamod:NightmareGuise","floor":0},{"not_picked":["hexamod:EtherealExpedition","hexamod:InspiringFlames"],"picked":"hexamod:RetreatToShadows","floor":0},{"not_picked":["hexamod:InspiringFlames","hexamod:DynamicBlow"],"picked":"hexamod:FastForward","floor":0},{"not_picked":["hexamod:BurningTouch","hexamod:Again"],"picked":"hexamod:Hexaguard","floor":0},{"not_picked":["hexamod:ShieldOfDarkness","hexamod:EtherealExpedition"],"picked":"hexamod:ExtraCrispy","floor":0},{"not_picked":["hexamod:Haunt","hexamod:InspiringFlames"],"picked":"hexamod:NightmareStrike","floor":0},{"not_picked":["hexamod:StepThrough","hexamod:Firestarter"],"picked":"hexamod:SpectralSpark","floor":0},{"not_picked":["hexamod:FourthSeal","hexamod:FastForward"],"picked":"hexamod:SpectersWail","floor":0},{"not_picked":["hexamod:SwordOfDarkness","hexamod:GhostShield"],"picked":"hexamod:SoulSteal","floor":0},{"not_picked":["hexamod:SkipABeat","hexamod:SpectralSpark"],"picked":"hexamod:BurningTouch","floor":0},{"not_picked":["hexamod:InspiringFlames","hexamod:ShieldOfDarkness"],"picked":"hexamod:Firestarter","floor":0},{"not_picked":["hexamod:NecessarySacrifice","hexamod:SpectralSpark"],"picked":"hexamod:ShieldOfDarkness","floor":0},{"not_picked":["hexamod:GhostShield","hexamod:NecessarySacrifice"],"picked":"hexamod:HeatMetal","floor":0},{"not_picked":["hexamod:CatchUp","hexamod:ThermalTransfer"],"picked":"hexamod:FlamesFromBeyond","floor":0},{"not_picked":["hexamod:HauntingEcho","hexamod:InspiringFlames"],"picked":"hexamod:SpectersWail","floor":0},{"not_picked":["hexamod:PhantomCloak","hexamod:FastForward","hexamod:AdvancingGuard"],"picked":"SKIP","floor":1},{"not_picked":["hexamod:BacktrackSmack","hexamod:RetreatToShadows"],"picked":"hexamod:HeatMetal","floor":2},{"not_picked":["hexamod:ThermalTransfer","hexamod:FastForward"],"picked":"hexamod:Firestarter","floor":3},{"not_picked":["hexamod:NightmareGuise","hexamod:SuperheatedStrike"],"picked":"hexamod:SpectralSpark","floor":5},{"not_picked":["hexamod:FastForward","hexamod:SuperheatedStrike"],"picked":"hexamod:FirstSeal","floor":6},{"not_picked":["hexamod:HeatShield","hexamod:AdvancingGuard"],"picked":"hexamod:NightmareStrike","floor":11},{"not_picked":["hexamod:SuperheatedStrike","hexamod:HeatMetal","hexamod:AdvancingGuard"],"picked":"SKIP","floor":12},{"not_picked":["hexamod:ChargedBarrage","hexamod:BacktrackSmack"],"picked":"hexamod:Firestarter","floor":13},{"not_picked":["hexamod:AdvancingGuard","hexamod:FirstSeal","hexamod:ShieldOfDarkness"],"picked":"SKIP","floor":14},{"not_picked":["hexamod:ApocalypseNow","hexamod:WildfireWeapon"],"picked":"hexamod:SixthSeal","floor":16},{"not_picked":["hexamod:Hexaguard","hexamod:RetreatToShadows"],"picked":"hexamod:ExtraCrispy","floor":18},{"not_picked":["infinitespire:Punishment","ReplayTheSpireMod:Black Plague"],"picked":"infinitespire:Fortify","floor":22},{"not_picked":["hexamod:ShieldOfDarkness+1","hexamod:FourthSeal","hexamod:ChargedBarrage"],"picked":"SKIP","floor":23},{"not_picked":["hexamod:ShieldOfDarkness","hexamod:ExtraCrispy"],"picked":"hexamod:PhantomCloak+1","floor":24},{"not_picked":["hexamod:ThermalTransfer","hexamod:GhostLash"],"picked":"hexamod:FlamesFromBeyond+1","floor":27}],"player_experience":260835,"relics_obtained":[{"floor":6,"key":"infinitespire:Bottled Soul"},{"floor":9,"key":"Replay:Bottled Snecko"},{"floor":11,"key":"Kunai"},{"floor":23,"key":"infinitespire:ShieldingShard"},{"floor":26,"key":"Bottled Tornado"}],"event_choices":[{"damage_healed":0,"gold_gain":66,"player_choice":"Gained Gold","damage_taken":0,"max_hp_gain":0,"max_hp_loss":0,"event_name":"Golden Wing","floor":4,"gold_loss":0},{"cards_removed":["hexamod:FirstSeal"],"damage_healed":0,"gold_gain":0,"player_choice":"Take \u0026 Give","damage_taken":0,"max_hp_gain":0,"max_hp_loss":0,"event_name":"betterNote:BetterNote","floor":7,"gold_loss":0,"cards_obtained":["hexamod:Hexaguard"]},{"damage_healed":0,"gold_gain":99,"player_choice":"Stole From Cult","damage_taken":0,"max_hp_gain":0,"max_hp_loss":0,"event_name":"Nest","floor":21,"gold_loss":0}],"is_beta":false,"boss_relics":[{"not_picked":["Snecko Heart","bronze:MakeshiftBattery"],"picked":"Coffee Dripper"}],"items_purged_floors":[20],"is_endless":false,"potions_floor_spawned":[2,6,12,13,14,18,24],"killed_by":"Centurion and Healer","ascension_level":0}}