{"host":"1ewexarttg8tjb6w","time":1611893273,"event":{"mods":["ATMod(°¢èªMod)","Act Like it!","Arknights The Spire","BaseMod","Downfall","Gensokyo","Marisa£¨ìFÓê¡¡Ä§ÀíÉ³£©","Minty Spire (QoL Compilation)","SIMod","StSLib","The Jungle","The Servant 0.9.4"],"gold_per_floor":[99,116,2,2,177,177,201,101,111,0,15,48,60,74,92,192,192,192,211,30,46,46,66,66,94,94,94,94,109,9,23,37,37,37,37],"floor_reached":33,"language":"ZHS","playtime":3475,"items_purged":[],"score":319,"play_id":"f4f964b2-7ee1-4df2-aa47-572e01298d09","local_time":"20210129120753","is_ascension_mode":false,"campfire_choices":[{"data":"Slimebound:Split","floor":1,"key":"SMITH"},{"data":"Slimebound:SplitBruiser","floor":6,"key":"SMITH"},{"data":"Slimebound:PressTheAttack","floor":8,"key":"SMITH"},{"floor":18,"key":"RECALL"},{"floor":27,"key":"REST"},{"floor":30,"key":"REST"}],"circlet_count":0,"master_deck":["Slimebound:Tackle","Slimebound:Defend_Slimebound","Slimebound:Defend_Slimebound","Slimebound:Defend_Slimebound","Slimebound:Defend_Slimebound","Slimebound:Split+1","Slimebound:CorrosiveSpit","Slimebound:ProtectTheBoss","Slimebound:LivingWall","Slimebound:SplitBruiser+1","Slimebound:PressTheAttack+1","Doubt","Slimebound:LeechEnergy","Slimebound:Nibble","expansioncontent:PolyBeam","Slimebound:SlimeBrawl","Slimebound:GoopSpray","Slimebound:SlimeBarrage","Slimebound:SplitAcid","Slimebound:SlimeSpikes","Slimebound:DuplicatedForm","Slimebound:GoopTackle","Slimebound:OozeBath","expansioncontent:QuickStudy","Slimebound:ViciousTackle","Slimebound:Prepare","Slimebound:RejuvenatingLick","Slimebound:ComboTackle+1","Slimebound:MinionMaster","Slimebound:Tackle+1","Slimebound:Tackle+1","Slimebound:Tackle+1","Slimebound:LeadByExample","Slimebound:SlimeTap+1","Slimebound:RollThrough"],"relics":["Slimebound:AbsorbEndCombatUpgraded","AT_ATBox","Pyrelight","downfall:HeartBlessingBlue","AT_BellowingDragoncrestRing","Pantograph","Bag of Preparation","MarkOfWind","downfall:HeartBlessingRed"],"acts_visited":["Exordium","TheCity"],"potions_floor_usage":[13,13,13,14,16,16,16,20,25,32],"damage_taken":[{"damage":23,"enemies":"Small Slimes","floor":2,"turns":3},{"damage":11,"enemies":"downfall:FleeingMerchant","floor":3,"turns":4},{"damage":6,"enemies":"Jaw Worm","floor":9,"turns":3},{"damage":10,"enemies":"downfall:FleeingMerchant","floor":10,"turns":4},{"damage":0,"enemies":"Cultist","floor":11,"turns":4},{"damage":2,"enemies":"Gremlin Nob","floor":12,"turns":3},{"damage":24,"enemies":"Exordium Wildlife","floor":13,"turns":3},{"damage":3,"enemies":"2 Fungi Beasts","floor":14,"turns":2},{"damage":11,"enemies":"3 Louse","floor":15,"turns":2},{"damage":12,"enemies":"IC_STATUS_ARCHETYPE","floor":16,"turns":7},{"damage":20,"enemies":"Spheric Guardian","floor":19,"turns":5},{"damage":32,"enemies":"downfall:FleeingMerchant","floor":20,"turns":4},{"damage":28,"enemies":"3 Byrds","floor":21,"turns":3},{"damage":51,"enemies":"Centurion and Healer","floor":23,"turns":7},{"damage":23,"enemies":"Gremlin Leader","floor":25,"turns":7},{"damage":24,"enemies":"Snake Plant","floor":29,"turns":3},{"damage":3,"enemies":"Snecko","floor":31,"turns":2},{"damage":32,"enemies":"Cultist and Chosen","floor":32,"turns":5},{"damage":81,"enemies":"DF_ARCHETYPE_CLAW","floor":33,"turns":6}],"seed_played":"9208540492529030764","potions_obtained":[{"floor":2,"key":"AttackPotion"},{"floor":9,"key":"SneckoOil"},{"floor":12,"key":"EntropicBrew"},{"floor":15,"key":"Guardian:BlockOnCardUsePotion"},{"floor":16,"key":"Swift Potion"},{"floor":19,"key":"Dexterity Potion"},{"floor":29,"key":"Block Potion"}],"is_trial":false,"path_per_floor":["R","M","$","?","?","R","T","R","M","$","M","E","M","M","M","B",null,"R","M","$","M","?","M","T","E","?","R","?","M","R","M","M","B"],"character_chosen":"SLIMEBOUND","items_purchased":["Slimebound:SplitBruiser","Slimebound:PressTheAttack","expansioncontent:PolyBeam","expansioncontent:QuickStudy"],"campfire_rested":2,"item_purchase_floors":[3,3,10,20],"current_hp_per_floor":[71,54,47,47,47,47,47,57,53,47,51,49,25,24,15,5,81,81,64,56,34,34,21,21,13,13,37,37,37,61,70,44,0,0,0],"gold":37,"neow_bonus":"TEN_PERCENT_HP_BONUS","is_daily":false,"chose_seed":false,"campfire_upgraded":3,"win_rate":0.0,"timestamp":1611893273,"path_taken":["R","M","$","?","?","R","T","R","M","?","M","E","M","M","M","BOSS","R","M","$","M","?","M","T","E","?","R","?","M","R","M","M","BOSS"],"items_purchased_type":["Card","Card","Card","Card"],"build_version":"2020-12-22","purchased_purges":0,"victory":false,"max_hp_per_floor":[71,71,71,71,71,71,71,81,81,81,81,81,81,81,81,81,81,81,81,81,81,81,81,81,81,81,81,81,81,81,81,81,81,81,81],"card_choices":[{"not_picked":["Slimebound:Gluttony","Slimebound:LeechEnergy"],"picked":"Slimebound:ProtectTheBoss","floor":2},{"not_picked":["Slimebound:Prepare","Slimebound:SplitBruiser"],"picked":"Slimebound:LivingWall","floor":3},{"not_picked":["Slimebound:LivingWall","Slimebound:LeechingTouch"],"picked":"Slimebound:LeechEnergy","floor":9},{"not_picked":["Slimebound:PressTheAttack","Slimebound:RollThrough"],"picked":"Slimebound:Nibble","floor":10},{"not_picked":["Slimebound:ProtectTheBoss","Slimebound:ComboTackle"],"picked":"Slimebound:SlimeBrawl","floor":11},{"not_picked":["Slimebound:SamplingLick","Slimebound:TongueLash"],"picked":"Slimebound:GoopSpray","floor":12},{"not_picked":["Slimebound:RollThrough","Slimebound:BestDefense"],"picked":"Slimebound:SlimeBarrage","floor":13},{"not_picked":["Slimebound:LeechingTouch","Slimebound:SlimeSlap"],"picked":"Slimebound:SplitAcid","floor":14},{"not_picked":["Slimebound:Gluttony","Slimebound:LeechingTouch"],"picked":"Slimebound:SlimeSpikes","floor":15},{"not_picked":["Slimebound:Teamwork","Slimebound:SlimeSlap"],"picked":"Slimebound:DuplicatedForm","floor":16},{"not_picked":["Slimebound:Prepare","Slimebound:FlameTackle"],"picked":"Slimebound:GoopTackle","floor":19},{"not_picked":["Slimebound:ViciousTackle+1","Slimebound:HauntingLick"],"picked":"Slimebound:OozeBath","floor":20},{"not_picked":["Slimebound:Dissolve","Slimebound:SplitBruiser"],"picked":"Slimebound:ViciousTackle","floor":21},{"not_picked":["Slimebound:FormOfPuddle","Slimebound:SplitAcid"],"picked":"Slimebound:ComboTackle+1","floor":23},{"not_picked":["Slimebound:SplitBruiser","Slimebound:GoopTackle+1"],"picked":"Slimebound:MinionMaster","floor":25},{"not_picked":["Slimebound:SplitAcid","Slimebound:FinishingTackle+1"],"picked":"Slimebound:LeadByExample","floor":29},{"not_picked":["Slimebound:ComboTackle","Slimebound:SplitAcid"],"picked":"Slimebound:SlimeTap+1","floor":31},{"not_picked":["Slimebound:SplitLeeching+1","Slimebound:Prepare"],"picked":"Slimebound:RollThrough","floor":32}],"player_experience":36780,"relics_obtained":[{"floor":12,"key":"AT_BellowingDragoncrestRing"},{"floor":24,"key":"Pantograph"},{"floor":25,"key":"Bag of Preparation"}],"event_choices":[{"damage_healed":0,"gold_gain":0,"cards_transformed":["Slimebound:Strike_Slimebound","Slimebound:Strike_Slimebound"],"player_choice":"Became Test Subject","damage_taken":0,"max_hp_gain":0,"max_hp_loss":0,"event_name":"Drug Dealer","floor":22,"gold_loss":0,"cards_obtained":["Slimebound:Prepare","Slimebound:RejuvenatingLick"]}],"is_beta":false,"boss_relics":[{"not_picked":["Cursed Key","Empty Cage"],"picked":"Slimebound:AbsorbEndCombatUpgraded"}],"items_purged_floors":[],"is_endless":false,"potions_floor_spawned":[2,9,12,15,16,19,29],"killed_by":"DF_ARCHETYPE_CLAW","ascension_level":0}}