{"host":"pesfwaef25r60kxm","time":1611901757,"event":{"mods":["ATMod(阿瑾Mod)","Act Like it!","Arknights The Spire","BaseMod","Colored Powertips","Gensokyo","Minty Spire (QoL Compilation)","Replay The Spire","RumiaBox-露米娅的神秘盒子","Spicy Shops","StSLib","WarShipGirlsR/战舰少女R mod","[IsaacMod]以撒尖塔","noobMod","【遗物卡牌】REMEMod"],"gold_per_floor":[117,129,141,155,225,225,252,252,252,252,252],"floor_reached":10,"language":"ZHS","playtime":213,"items_purged":[],"score":112,"play_id":"192e3f39-d0f6-434d-a2db-99718b7977a2","local_time":"20210129142917","is_ascension_mode":true,"campfire_choices":[{"data":"After Image","floor":6,"key":"SMITH"},{"data":"Replay:Undeath\u0027s Touch","floor":8,"key":"SMITH"}],"circlet_count":0,"master_deck":["Strike_R","Strike_R","Strike_R","Strike_R","Strike_R","Defend_R","Defend_R","Defend_R","Defend_R","Bash","SuicideKing","After Image+1","AT_FamilyPortrait","Replay:Undeath\u0027s Touch+1"],"relics":["Burning Blood","HushsDoor","ice","REME_ComplimentaryCards","AT_ATBox","NeowsBlessing","Damocles","BelialBook","Shuriken","Replay:Accelerometer","Toy Ornithopter","InkBottle","AT_RedTearstoneRing","REME_HandOfSuture"],"acts_visited":["Exordium"],"potions_floor_usage":[4],"damage_taken":[{"damage":0,"enemies":"Small Slimes","floor":1,"turns":1},{"damage":0,"enemies":"Jaw Worm","floor":2,"turns":1},{"damage":0,"enemies":"Cultist","floor":3,"turns":1},{"damage":12,"enemies":"Exordium Wildlife","floor":4,"turns":2},{"damage":0,"enemies":"Replay:BlueRogue","floor":7,"turns":1},{"damage":0,"enemies":"Lagavulin","floor":10,"turns":3}],"seed_played":"1907930083761949020","potions_obtained":[{"floor":2,"key":"AttackPotion"},{"floor":4,"key":"LiquidMemories"},{"floor":7,"key":"DistilledChaos"}],"is_trial":false,"path_per_floor":["M","M","M","M","?","R","E","R","T","E"],"character_chosen":"IRONCLAD","items_purchased":[],"campfire_rested":0,"item_purchase_floors":[],"current_hp_per_floor":[80,80,80,74,59,59,65,65,65,0,0],"gold":252,"neow_bonus":"THREE_ENEMY_KILL","is_daily":false,"chose_seed":false,"campfire_upgraded":2,"win_rate":0.0,"timestamp":1611901757,"path_taken":["M","M","M","M","?","R","E","R","T","E"],"items_purchased_type":[],"build_version":"2020-12-22","purchased_purges":0,"victory":false,"max_hp_per_floor":[80,80,80,80,80,80,80,80,80,80,80],"card_choices":[{"not_picked":[],"picked":"SuicideKing","floor":0},{"not_picked":["Uppercut","Feel No Pain","Clash"],"picked":"SKIP","floor":1},{"not_picked":["Anger","Havoc","Twin Strike"],"picked":"SKIP","floor":2},{"not_picked":["ReplayTheSpireMod:LeadingStrike","AT_CaressingTears","Wild Strike"],"picked":"SKIP","floor":3},{"not_picked":["Clothesline","Wild Strike","Anger"],"picked":"SKIP","floor":4},{"not_picked":["Body Slam","Wild Strike"],"picked":"Replay:Undeath\u0027s Touch","floor":7}],"player_experience":97660,"relics_obtained":[{"floor":1,"key":"BelialBook"},{"floor":2,"key":"Shuriken"},{"floor":3,"key":"Replay:Accelerometer"},{"floor":4,"key":"Toy Ornithopter"},{"floor":7,"key":"InkBottle"},{"floor":7,"key":"AT_RedTearstoneRing"},{"floor":9,"key":"REME_HandOfSuture"}],"event_choices":[],"is_beta":false,"boss_relics":[],"items_purged_floors":[],"is_endless":false,"potions_floor_spawned":[2,4,7],"killed_by":"Lagavulin","ascension_level":4}}