{"host":"1hzg86ju9fvxh562","time":1611931164,"event":{"mods":["AchievementEnabler","Act Like it!","AlwaysNeverKeys","BaseMod","Bestiary","Better Altar","Better Match","Better Note","Better Sensory Stone","Better Skull","Better Third Choice","Colored Map","Colored Powertips","Curses Come First","Displayed Cursed Tome","Filter the Spire","Highlight Path","Keyboard Shortcuts","Minty Spire (QoL Compilation)","Rare Cards Sparkle","Relic Sorter","Relic Stats","ShortenTheSpire","Spicy Shops","StSLib","everything is the same but u backflip on backflip","slay the spire mod where everything is the same but ironclad has a cowboy hat"],"gold_per_floor":[115,129,129,34,57,57,57,72,145,184,184,222,1,21,21,21,21],"floor_reached":16,"language":"ENG","playtime":735,"items_purged":["Electrodynamics"],"score":236,"play_id":"643a5ed1-6630-41d4-ad2e-349abaef8d05","local_time":"20210129123924","is_ascension_mode":true,"campfire_choices":[{"data":"Panacea","floor":6.0,"key":"SMITH"},{"floor":11.0,"key":"REST"},{"data":"Coolheaded","floor":15,"key":"SMITH"}],"circlet_count":0,"master_deck":["AscendersBane","Zap","Dualcast","Beam Cell","Hyperbeam","Machine Learning","Hyperbeam","Core Surge","Sweeping Beam","Barrage","Turbo","Genetic Algorithm","Panacea+1","Conserve Battery","Reinforced Body","Coolheaded+1","Skim","Coolheaded"],"relics":["Pandora\u0027s Box","Golden Idol","Bottled Tornado","Akabeko","Art of War","OrangePellets"],"acts_visited":["Exordium"],"potions_floor_usage":[16],"damage_taken":[{"damage":8.0,"enemies":"Small Slimes","floor":1.0,"turns":2.0},{"damage":12.0,"enemies":"Jaw Worm","floor":2.0,"turns":2.0},{"damage":0.0,"enemies":"Cultist","floor":5.0,"turns":2.0},{"damage":11.0,"enemies":"Looter","floor":8.0,"turns":2.0},{"damage":23.0,"enemies":"Lagavulin","floor":10.0,"turns":4.0},{"damage":0.0,"enemies":"3 Sentries","floor":12.0,"turns":1.0},{"damage":0,"enemies":"3 Louse","floor":14,"turns":1},{"damage":34,"enemies":"Hexaghost","floor":16,"turns":12}],"seed_played":"-3128672133703928972","potions_obtained":[{"floor":1.0,"key":"BlessingOfTheForge"},{"floor":8.0,"key":"SmokeBomb"},{"floor":12.0,"key":"EssenceOfSteel"},{"floor":14,"key":"FocusPotion"}],"is_trial":false,"path_per_floor":["M","M","?","$","M","R","$","M","T","E","R","E","$","M","R","B"],"character_chosen":"DEFECT","items_purchased":["Panacea","OrangePellets"],"campfire_rested":1,"item_purchase_floors":[4,13],"current_hp_per_floor":[56,44,44,44,44,44,44,33,33,10,29,29,29,29,29,0,0],"gold":21,"neow_bonus":"BOSS_RELIC","is_daily":false,"chose_seed":false,"campfire_upgraded":2,"win_rate":0.0,"timestamp":1611931164,"path_taken":["M","M","?","?","M","R","$","M","T","E","R","E","$","?","R","BOSS"],"items_purchased_type":["Card","Relic"],"build_version":"2020-12-22","purchased_purges":1,"victory":false,"max_hp_per_floor":[71,71,64,64,64,64,64,64,64,64,64,64,64,64,64,64,64],"relic_stats":{"OrangePellets":[0],"counters":[8,26],"Golden Idol":28,"Pandora\u0027s Box":["Beam Cell","Electrodynamics","Hyperbeam","Machine Learning","Hyperbeam","Core Surge","Sweeping Beam","Barrage"],"Art of War":[2],"obtain_stats":[{"OrangePellets":13,"Golden Idol":3,"Pandora\u0027s Box":0,"Art of War":12,"Bottled Tornado":9,"Cracked Core":0,"Akabeko":10},{"OrangePellets":6,"Golden Idol":2,"Pandora\u0027s Box":0,"Art of War":6,"Bottled Tornado":4,"Cracked Core":0,"Akabeko":5},{"OrangePellets":13,"Golden Idol":4,"Pandora\u0027s Box":0,"Art of War":13,"Bottled Tornado":8,"Cracked Core":0,"Akabeko":12}]},"card_choices":[{"not_picked":["Skim","Go for the Eyes"],"picked":"Turbo","floor":1.0},{"not_picked":["Redo","Coolheaded"],"picked":"Genetic Algorithm","floor":2.0},{"not_picked":["Streamline","Gash"],"picked":"Conserve Battery","floor":5.0},{"not_picked":["Tempest","Reprogram"],"picked":"Reinforced Body","floor":8.0},{"not_picked":["Cold Snap","White Noise"],"picked":"Coolheaded","floor":10.0},{"not_picked":["Melter","Sweeping Beam"],"picked":"Skim","floor":12.0},{"not_picked":["Barrage","Rebound"],"picked":"Coolheaded","floor":14}],"player_experience":502883,"relics_obtained":[{"floor":9.0,"key":"Bottled Tornado"},{"floor":10.0,"key":"Akabeko"},{"floor":12.0,"key":"Art of War"}],"event_choices":[{"damage_healed":0.0,"max_hp_gain":0.0,"max_hp_loss":7.0,"gold_gain":0.0,"event_name":"Golden Idol","player_choice":"Lose Max HP","floor":3.0,"gold_loss":0.0,"damage_taken":0.0,"relics_obtained":["Golden Idol"]}],"is_beta":false,"boss_relics":[],"items_purged_floors":[13],"is_endless":false,"potions_floor_spawned":[1,8,12,14],"killed_by":"Hexaghost","ascension_level":15}}