{"host":"oz0i1fpezyhy8r2h","time":1611900757,"event":{"mods":["ATMod(∞¢Ë™Mod)","Act Like it!","Arknights The Spire","BaseMod","KinomotoSakuraMod(ƒæ÷Æ±æ”£)","Minty Spire (QoL Compilation)","Reimu£®≤©¿ˆ¡È√Œ£©","Remilia£®¿Ÿ√◊¿Ú—«£©","StSLib","The Bug Knight","°æ“≈ŒÔø®≈∆°øREMEMod"],"gold_per_floor":[115,127,179,179,179,232,232,232,232,292,129,129,180,199,199,302,302,341,152,152,196,257,285,160,236,301,381,381,87,168,279,279,438,438,472,126,235,0,0,0,90,90,90,132,164,214,41,41,41,41],"floor_reached":51,"language":"ZHS","playtime":2283,"items_purged":["Regret","ats:Strike S","ats:Strike G","ats:Strike C","ats:Defend"],"score":1266,"play_id":"98e3f3cc-4688-4680-84a4-19bfeb885d92","local_time":"20210129141237","is_ascension_mode":true,"campfire_choices":[{"data":"HandOfGreed","floor":8,"key":"SMITH"},{"data":"AT_PowerWithin","floor":15,"key":"SMITH"},{"data":"ats:Dogmatic Field","floor":28,"key":"SMITH"},{"data":"Madness","floor":32,"key":"SMITH"},{"data":"Apotheosis","floor":40,"key":"SMITH"},{"data":"ats:Serious Mode","floor":42,"key":"SMITH"},{"data":"ats:Composite Medical Shells","floor":49,"key":"SMITH"}],"circlet_count":0,"master_deck":["ats:Strike V+1","ats:Armor Crushing Shot","ats:Defend","ats:Defend","ats:Emotion Absorption+1","HandOfGreed+1","ats:Apocalypse","ats:Shell Defense","AT_PowerWithin+1","ats:Demon Strength","ats:Dogmatic Field+1","Madness+1","ats:Thermite Blade+1","ats:Serious Mode+1","ats:Soul Absorption+1","ats:Directed Diagnosis","Apotheosis+1","ats:LN2 Cannon+1","ats:Composite Medical Shells+1","Madness","Madness"],"relics":["ats:Sanity","AT_ATBox","REME_ComplimentaryCards","CrazyTorch:ReiMu","ats:Originium","Anchor","AT_ArcaneBoots","HollowMod:LifeEnderRelic","Black Star","PreservedInsect","Dream Catcher","ats:Gyao","Orichalcum","ScarletDevilRocket","Omamori","AT_DeathDance","AT_BellDemon","Vajra","Mango","RedLine:ReiMu","Red Mask","Potion Belt","ats:Ability Aura","AT_ImmortalShieldbow","REME_IWantAll","AT_ChloranthyRing","REME_HourglassOfDeath","ats:Bonebreaker"],"acts_visited":["Exordium","TheCity","TheBeyond"],"potions_floor_usage":[16,16,16,25],"damage_taken":[{"damage":10.0,"enemies":"Jaw Worm","floor":1.0,"turns":6.0},{"damage":0.0,"enemies":"Small Slimes","floor":2.0,"turns":3.0},{"damage":4.0,"enemies":"2 Louse","floor":3.0,"turns":4.0},{"damage":14,"enemies":"Gremlin Nob","floor":6,"turns":3},{"damage":38,"enemies":"Lagavulin","floor":10,"turns":6},{"damage":4,"enemies":"Gremlin Nob","floor":13,"turns":2},{"damage":0,"enemies":"Looter","floor":14,"turns":2},{"damage":17,"enemies":"The Guardian","floor":16,"turns":4},{"damage":3,"enemies":"Spheric Guardian","floor":18,"turns":3},{"damage":6,"enemies":"Chosen","floor":21,"turns":4},{"damage":28,"enemies":"Centurion and Healer","floor":22,"turns":4},{"damage":39,"enemies":"Book of Stabbing","floor":23,"turns":3},{"damage":48,"enemies":"Slavers","floor":25,"turns":7},{"damage":40,"enemies":"REME_1_Revenger","floor":27,"turns":4},{"damage":13,"enemies":"HollowMod:Nosk","floor":30,"turns":3},{"damage":25,"enemies":"3 Cultists","floor":31,"turns":4},{"damage":81,"enemies":"Collector","floor":33,"turns":5},{"damage":7,"enemies":"Orb Walker","floor":35,"turns":2},{"damage":20,"enemies":"3 Shapes","floor":37,"turns":4},{"damage":29,"enemies":"Giant Head","floor":41,"turns":5},{"damage":14,"enemies":"Reptomancer","floor":44,"turns":3},{"damage":55,"enemies":"Transient","floor":45,"turns":5},{"damage":42,"enemies":"Nemesis","floor":46,"turns":3},{"damage":44,"enemies":"Time Eater","floor":50,"turns":4}],"seed_played":"-6705603526470473554","potions_obtained":[{"floor":1.0,"key":"DuplicationPotion"},{"floor":3.0,"key":"Fire Potion"},{"floor":6,"key":"Swift Potion"},{"floor":14,"key":"Energy Potion"},{"floor":21,"key":"DuplicationPotion"},{"floor":23,"key":"LiquidMemories"},{"floor":27,"key":"Explosive Potion"},{"floor":30,"key":"Block Potion"},{"floor":31,"key":"ats:Emergency Sanity Potion"},{"floor":41,"key":"Regen Potion"}],"is_trial":false,"path_per_floor":["M","M","M","?","?","E","?","R","T","E","$","?","E","M","R","B",null,"M","$","?","M","M","E","$","E","T","E","R","$","E","M","R","B",null,"M","$","M","?","?","R","E","R","T","E","M","E","$","?","R","B",null],"character_chosen":"DOCTOR_CLASS","items_purchased":["AT_PowerWithin","Madness","AT_BellDemon","Apotheosis","ats:Composite Medical Shells","FairyPotion"],"campfire_rested":0,"item_purchase_floors":[11,19,29,36,47,47],"current_hp_per_floor":[62,62,58,58,58,49,49,49,49,24,24,8,9,14,14,4,60,64,64,64,78,50,24,24,19,19,11,11,11,51,93,93,39,80,90,90,92,92,92,92,93,93,93,87,92,56,56,49,49,93],"gold":41,"neow_bonus":"TEN_PERCENT_HP_BONUS","is_daily":false,"chose_seed":false,"campfire_upgraded":7,"win_rate":0.0,"timestamp":1611900757,"path_taken":["M","M","M","?","?","E","?","R","T","E","$","?","E","?","R","BOSS","M","$","?","M","M","E","$","E","T","E","R","$","E","M","R","BOSS","M","$","M","?","?","R","E","R","T","E","?","E","$","?","R","BOSS"],"items_purchased_type":["Card","Card","Relic","Card","Card","Potion"],"build_version":"2020-12-22","purchased_purges":5,"victory":true,"max_hp_per_floor":[79,79,79,79,79,79,79,79,79,79,79,79,79,79,79,79,79,79,79,79,79,79,79,79,79,79,79,79,79,93,93,93,93,93,93,93,93,93,93,93,93,93,93,93,93,93,93,93,93,93],"card_choices":[{"not_picked":["ats:Part Time Job","ats:Assault Order","ats:Flexible Camouflage"],"picked":"SKIP","floor":1.0},{"not_picked":["ats:Part Time Job","ats:Assault Order","ats:Flexible Camouflage"],"picked":"SKIP","floor":1.0},{"not_picked":["ats:Red Shift","ats:Steam Pump","ats:Assault Order"],"picked":"SKIP","floor":2.0},{"not_picked":["ats:Assault Order","ats:Shadow Raid"],"picked":"ats:Apocalypse","floor":3.0},{"not_picked":["ats:Blood Oath","ats:Powerful Strike"],"picked":"ats:Shell Defense","floor":6},{"not_picked":["ats:Ambush","ats:Roar Of Ursus","ats:Powerful Strike"],"picked":"SKIP","floor":10},{"not_picked":["ats:Volcano","ats:Blood Oath"],"picked":"ats:Demon Strength","floor":13},{"not_picked":["ats:Ignite","ats:Powerful Strike","ats:Explosion Area Strengthen"],"picked":"SKIP","floor":14},{"not_picked":["ats:Fractured Body","ats:Rat Pack"],"picked":"ats:Dogmatic Field","floor":16},{"not_picked":["ats:Defend Order","ats:Flexible Camouflage","ats:Powerful Strike+1"],"picked":"SKIP","floor":18},{"not_picked":["ats:Guard Mode","ats:Magnetic Hammer+1","ats:Rapid Magazine"],"picked":"SKIP","floor":21},{"not_picked":["ats:Poison Spread","ats:Powerful Strike"],"picked":"ats:Thermite Blade+1","floor":22},{"not_picked":["ats:Consecutive Shot Auto","ats:Collapsing Strike"],"picked":"ats:Serious Mode","floor":23},{"not_picked":["ats:Absolute Focus","ats:Flexible Camouflage","ats:Rapid Magazine"],"picked":"SKIP","floor":25},{"not_picked":["ats:Shell Defense","ats:Absolute Focus","ats:Song Of Battle"],"picked":"SKIP","floor":27},{"not_picked":["ats:Apocalypse","ats:Beaten Up"],"picked":"ats:Soul Absorption+1","floor":30},{"not_picked":["ats:Directed Diagnosis","ats:Explosion Area Strengthen","ats:Encircling Forest+1"],"picked":"SKIP","floor":31},{"not_picked":["ats:Cat Scratch","ats:Flame Of Heaven+1"],"picked":"ats:Directed Diagnosis","floor":35},{"not_picked":["ats:Guard Mode","ats:Explosion Area Strengthen","ats:Revitalization+1"],"picked":"SKIP","floor":37},{"not_picked":["ats:Automatic Cover+1","ats:Leaping Hammer","ats:Consecutive Shot Auto+1"],"picked":"SKIP","floor":41},{"not_picked":["ats:Leaping Hammer","ats:Serious Mode"],"picked":"ats:LN2 Cannon+1","floor":44},{"not_picked":["ats:Shell Defense+1","ats:Explosion Area Strengthen+1","ats:Closed Bolt Burst Fire+1"],"picked":"SKIP","floor":45},{"not_picked":["ats:Burning Ground","ats:Flexible Camouflage","ats:Shell Defense+1"],"picked":"SKIP","floor":46}],"player_experience":185923,"relics_obtained":[{"floor":6,"key":"ats:Originium"},{"floor":6,"key":"Anchor"},{"floor":10,"key":"ats:Originium"},{"floor":10,"key":"AT_SpeedBoots"},{"floor":13,"key":"ats:Originium"},{"floor":13,"key":"HollowMod:LifeEnderRelic"},{"floor":23,"key":"ats:Originium"},{"floor":23,"key":"PreservedInsect"},{"floor":23,"key":"Dream Catcher"},{"floor":25,"key":"ats:Gyao"},{"floor":25,"key":"Orichalcum"},{"floor":26,"key":"ScarletDevilRocket"},{"floor":27,"key":"Omamori"},{"floor":27,"key":"AT_DeathDance"},{"floor":30,"key":"Vajra"},{"floor":30,"key":"Mango"},{"floor":41,"key":"ats:Ability Aura"},{"floor":43,"key":"AT_ImmortalShieldbow"},{"floor":44,"key":"REME_IWantAll"},{"floor":44,"key":"AT_ChloranthyRing"},{"floor":46,"key":"REME_HourglassOfDeath"},{"floor":46,"key":"ats:Bonebreaker"}],"event_choices":[{"cards_removed":["ats:Defend"],"damage_healed":0,"gold_gain":0,"player_choice":"Forget","damage_taken":0,"max_hp_gain":0,"max_hp_loss":0,"event_name":"Living Wall","floor":4,"gold_loss":0},{"damage_healed":0,"gold_gain":0,"player_choice":"Box","damage_taken":0,"relics_obtained":["CrazyTorch:ReiMu"],"max_hp_gain":0,"max_hp_loss":0,"event_name":"Big Fish","floor":5,"gold_loss":0,"cards_obtained":["Regret"]},{"damage_healed":0,"gold_gain":0,"player_choice":"Entered Light","damage_taken":16,"max_hp_gain":0,"max_hp_loss":0,"event_name":"Shining Light","floor":12,"gold_loss":0,"cards_upgraded":["ats:Emotion Absorption","ats:Strike V"]},{"damage_healed":0,"gold_gain":0,"player_choice":"Ignored","damage_taken":0,"max_hp_gain":0,"max_hp_loss":0,"event_name":"Ghosts","floor":20,"gold_loss":0},{"damage_healed":0,"gold_gain":0,"player_choice":"Paid","damage_taken":0,"relics_obtained":["Red Mask"],"max_hp_gain":0,"max_hp_loss":0,"event_name":"Tomb of Lord Red Mask","floor":38,"gold_loss":235},{"damage_healed":0,"gold_gain":0,"player_choice":"Gave Potion","damage_taken":0,"relics_obtained":["Potion Belt"],"max_hp_gain":0,"max_hp_loss":0,"event_name":"WeMeetAgain","floor":39,"gold_loss":0},{"damage_healed":0,"gold_gain":0,"player_choice":"Embrace Madness","damage_taken":12,"max_hp_gain":0,"max_hp_loss":0,"event_name":"Winding Halls","floor":48,"gold_loss":0,"cards_obtained":["Madness","Madness"]}],"is_beta":false,"boss_relics":[{"not_picked":["Calling Bell","REME_DuelDisc"],"picked":"Black Star"},{"not_picked":["Astrolabe","REME_ChargedStone"],"picked":"RedLine:ReiMu"}],"items_purged_floors":[11,19,24,29,36],"is_endless":false,"potions_floor_spawned":[1,3,6,14,21,23,27,30,31,35,41],"ascension_level":7}}