{"host":"gfxjwtol062e9znw","time":1611963569,"event":{"mods":["BaseMod","Colored Map","Minty Spire (QoL Compilation)"],"gold_per_floor":[119,132,132,149,161,193,212,212,235,235,288,288,301,330,330,430,430,449,463,463,214,139,139,169,169,169,210,210,235,262,280,280,280,280],"floor_reached":33,"language":"ENG","playtime":1594,"items_purged":[],"score":383,"play_id":"6f791dce-eead-461d-9573-c983a869cd7e","local_time":"20210130103929","is_ascension_mode":true,"campfire_choices":[{"floor":8,"key":"REST"},{"floor":12,"key":"REST"},{"data":"Phantasmal Killer","floor":15,"key":"SMITH"},{"floor":23,"key":"RECALL"},{"floor":25,"key":"REST"},{"data":"Wraith Form v2","floor":28,"key":"SMITH"},{"floor":32,"key":"REST"}],"circlet_count":0,"master_deck":["Strike_G","Strike_G","Strike_G","Strike_G+1","Defend_G+1","Defend_G","Defend_G","Defend_G","Defend_G","Survivor","Neutralize","Doppelganger","Blade Dance","PiercingWail","Bane","Bouncing Flask","Outmaneuver","Catalyst","Phantasmal Killer+1","Burst","Poisoned Stab+1","Escape Plan+1","Wraith Form v2+1","Bane+1","Masterful Stab+1"],"relics":["Ring of the Snake","Orichalcum","Lantern","Akabeko","Nunchaku","WristBlade","Juzu Bracelet","CeramicFish","Kunai"],"acts_visited":["Exordium","TheCity"],"potions_floor_usage":[6,14,14,27,27,30,33],"damage_taken":[{"damage":0,"enemies":"Cultist","floor":1,"turns":4},{"damage":2,"enemies":"Jaw Worm","floor":2,"turns":4},{"damage":2,"enemies":"2 Louse","floor":4,"turns":3},{"damage":5,"enemies":"Blue Slaver","floor":5,"turns":4},{"damage":32,"enemies":"3 Sentries","floor":6,"turns":13},{"damage":0,"enemies":"Large Slime","floor":7,"turns":5},{"damage":0,"enemies":"2 Fungi Beasts","floor":13,"turns":3},{"damage":0,"enemies":"Gremlin Nob","floor":14,"turns":2},{"damage":37,"enemies":"Slime Boss","floor":16,"turns":16},{"damage":0,"enemies":"Spheric Guardian","floor":18,"turns":1},{"damage":11,"enemies":"Shell Parasite","floor":19,"turns":4},{"damage":24,"enemies":"Gremlin Leader","floor":24,"turns":7},{"damage":1,"enemies":"Slavers","floor":27,"turns":6},{"damage":5,"enemies":"Snecko","floor":29,"turns":3},{"damage":0,"enemies":"Gremlin Leader","floor":30,"turns":4},{"damage":11,"enemies":"Snake Plant","floor":31,"turns":5},{"damage":112,"enemies":"Automaton","floor":33,"turns":10}],"seed_played":"-5132575786555343067","potions_obtained":[{"floor":5,"key":"Swift Potion"},{"floor":6,"key":"Poison Potion"},{"floor":13,"key":"CunningPotion"},{"floor":14,"key":"Energy Potion"},{"floor":24,"key":"GhostInAJar"},{"floor":29,"key":"Swift Potion"},{"floor":31,"key":"SpeedPotion"}],"is_trial":false,"path_per_floor":["M","M","?","M","M","E","M","R","T","?","T","R","M","E","R","B",null,"M","M","?","$","?","R","E","R","T","E","R","M","E","M","R","B"],"character_chosen":"THE_SILENT","items_purchased":["Wraith Form v2","FairyPotion"],"campfire_rested":4,"item_purchase_floors":[21,21],"current_hp_per_floor":[70,68,54,52,47,15,15,36,36,36,36,57,57,57,57,20,70,70,59,59,59,59,59,35,56,56,55,55,50,50,39,60,0,0],"gold":280,"neow_bonus":"ONE_RANDOM_RARE_CARD","is_daily":false,"chose_seed":false,"campfire_upgraded":2,"win_rate":0.0,"timestamp":1611963569,"path_taken":["M","?","?","M","M","E","M","R","T","?","?","R","M","E","R","BOSS","M","M","?","$","?","R","E","R","T","E","R","M","E","M","R","BOSS"],"items_purchased_type":["Card","Potion"],"build_version":"2020-12-22","purchased_purges":0,"victory":false,"max_hp_per_floor":[70,70,70,70,70,70,70,70,70,70,70,70,70,70,70,70,70,70,70,70,70,70,70,70,70,70,70,70,70,70,70,70,70,70],"card_choices":[{"not_picked":["Quick Slash","Endless Agony"],"picked":"Blade Dance","floor":1},{"not_picked":["Sucker Punch","Underhanded Strike"],"picked":"PiercingWail","floor":2},{"not_picked":["Setup","Dodge and Roll"],"picked":"Bane","floor":4},{"not_picked":["Blur","Flying Knee","Choke"],"picked":"SKIP","floor":5},{"not_picked":["Poisoned Stab","Dagger Throw"],"picked":"Bouncing Flask","floor":6},{"not_picked":["Dodge and Roll","Choke"],"picked":"Outmaneuver","floor":7},{"not_picked":["Deflect","Acrobatics"],"picked":"Catalyst","floor":13},{"not_picked":["Storm of Steel","Poisoned Stab"],"picked":"Phantasmal Killer","floor":14},{"not_picked":["Night Terror","Glass Knife"],"picked":"Burst","floor":16},{"not_picked":["PiercingWail","Heel Hook"],"picked":"Poisoned Stab+1","floor":18},{"not_picked":["Bane","Underhanded Strike+1"],"picked":"Escape Plan+1","floor":19},{"not_picked":["Acrobatics","Dagger Throw","Riddle With Holes"],"picked":"SKIP","floor":24},{"not_picked":["Blur","Dash"],"picked":"Bane+1","floor":27},{"not_picked":["Dagger Spray+1","Distraction"],"picked":"Masterful Stab+1","floor":29},{"not_picked":["Underhanded Strike","Noxious Fumes+1","Doppelganger"],"picked":"SKIP","floor":30},{"not_picked":["Poisoned Stab","Flying Knee","Slice+1"],"picked":"SKIP","floor":31}],"player_experience":41039,"relics_obtained":[{"floor":6,"key":"Orichalcum"},{"floor":9,"key":"Lantern"},{"floor":11,"key":"Akabeko"},{"floor":14,"key":"Nunchaku"},{"floor":24,"key":"Juzu Bracelet"},{"floor":27,"key":"CeramicFish"},{"floor":30,"key":"Kunai"}],"event_choices":[{"damage_healed":0,"gold_gain":0,"player_choice":"Entered Light","damage_taken":14,"max_hp_gain":0,"max_hp_loss":0,"event_name":"Shining Light","floor":3,"gold_loss":0,"cards_upgraded":["Defend_G","Strike_G"]},{"damage_healed":0,"gold_gain":0,"player_choice":"Ignored","damage_taken":0,"max_hp_gain":0,"max_hp_loss":0,"event_name":"Golden Idol","floor":10,"gold_loss":0},{"damage_healed":0,"gold_gain":0,"player_choice":"Ignored","damage_taken":0,"max_hp_gain":0,"max_hp_loss":0,"event_name":"Ghosts","floor":20,"gold_loss":0},{"cards_removed":["Strike_G"],"damage_healed":0,"gold_gain":0,"player_choice":"Gave Gold","damage_taken":0,"max_hp_gain":0,"max_hp_loss":0,"event_name":"Beggar","floor":22,"gold_loss":75}],"is_beta":false,"boss_relics":[{"not_picked":["Runic Dome","Busted Crown"],"picked":"WristBlade"}],"items_purged_floors":[],"is_endless":false,"potions_floor_spawned":[5,6,13,14,24,29,31],"killed_by":"Automaton","ascension_level":1}}