{"host":"xrbutm0tzv4qwo7u","time":1611949080,"event":{"mods":["AchievementEnabler","BaseMod","Better Altar","Better Match","Better Note","Better Sensory Stone","Better Skull","Better Third Choice","Colored Map","Colored Powertips","Curses Come First","Dark Map","Hermit","Minty Spire (QoL Compilation)","Quick Restart","Rare Cards Sparkle","Relic Stats","StSLib","The Cursed","The Marked"],"gold_per_floor":[109,59,76,151,151,163,210,237,249,261,290,302,302],"floor_reached":12,"language":"ENG","playtime":456,"items_purged":[],"score":82,"play_id":"8b9fe51d-aa82-469f-817e-3b98e52d3e5f","local_time":"20210129133800","is_ascension_mode":true,"campfire_choices":[{"data":"Acrobatics","floor":6,"key":"SMITH"}],"circlet_count":0,"master_deck":["Strike_G","Strike_G","Strike_G","Strike_G","Strike_G","Defend_G","Defend_G","Defend_G","Defend_G","Defend_G","Survivor","Neutralize","Underhanded Strike","Acrobatics+1","PiercingWail","Inflame+1","Dagger Throw","Dash","Writhe","Reflex"],"relics":["Snecko Eye","MawBank","Bottled Lightning"],"acts_visited":["Exordium"],"potions_floor_usage":[],"damage_taken":[{"damage":0,"enemies":"Cultist","floor":1,"turns":5},{"damage":7,"enemies":"Small Slimes","floor":3,"turns":4},{"damage":35,"enemies":"3 Sentries","floor":7,"turns":12},{"damage":0,"enemies":"2 Louse","floor":8,"turns":2},{"damage":0,"enemies":"Looter","floor":11,"turns":3},{"damage":12,"enemies":"Lagavulin","floor":12,"turns":6}],"seed_played":"4089800082905323706","potions_obtained":[{"floor":1,"key":"Weak Potion"},{"floor":7,"key":"SpeedPotion"}],"is_trial":false,"path_per_floor":["M","$","M","?","?","R","E","M","T","?","M","E"],"character_chosen":"THE_SILENT","items_purchased":["Acrobatics"],"campfire_rested":0,"item_purchase_floors":[2],"current_hp_per_floor":[70,70,63,52,44,44,9,9,9,9,9,0,0],"gold":302,"neow_bonus":"BOSS_RELIC","is_daily":false,"chose_seed":false,"campfire_upgraded":1,"win_rate":0.0,"timestamp":1611949080,"path_taken":["M","?","M","?","?","R","E","M","T","?","M","E"],"items_purchased_type":["Card"],"build_version":"2020-12-22","purchased_purges":0,"victory":false,"max_hp_per_floor":[70,70,70,70,70,70,70,70,70,70,70,70,70],"relic_stats":{"counters":[6,32],"Snecko Eye":[52,56,52,55],"MawBank":84,"obtain_stats":[{"Snecko Eye":0,"Bottled Lightning":7,"MawBank":5,"Ring of the Snake":0},{"Snecko Eye":0,"Bottled Lightning":3,"MawBank":2,"Ring of the Snake":0},{"Snecko Eye":0,"Bottled Lightning":21,"MawBank":9,"Ring of the Snake":0}]},"card_choices":[{"not_picked":["Well Laid Plans","Dagger Spray"],"picked":"Underhanded Strike","floor":1},{"not_picked":["Blade Dance","Choke"],"picked":"PiercingWail","floor":3},{"not_picked":["Heel Hook","Bouncing Flask"],"picked":"Dagger Throw","floor":7},{"not_picked":["Flying Knee","Bane"],"picked":"Dash","floor":8},{"not_picked":["Crippling Poison","Sucker Punch"],"picked":"Reflex","floor":11}],"player_experience":68515,"relics_obtained":[{"floor":7,"key":"Bottled Lightning"}],"event_choices":[{"damage_healed":0,"gold_gain":75,"player_choice":"Gold","damage_taken":11,"max_hp_gain":0,"max_hp_loss":0,"event_name":"betterThird:BetterGoop","floor":4,"gold_loss":0},{"damage_healed":0,"gold_gain":1,"player_choice":"4","damage_taken":0,"max_hp_gain":0,"max_hp_loss":0,"event_name":"betterStone:BetterStone","floor":10,"gold_loss":0,"cards_obtained":["Writhe"]}],"is_beta":false,"boss_relics":[],"items_purged_floors":[],"is_endless":false,"potions_floor_spawned":[1,7],"killed_by":"Lagavulin","ascension_level":1}}