{"host":"928gv66myv2vlnsd","time":1611886829,"event":{"mods":["BaseMod","Minty Spire (QoL Compilation)","StSLib"],"gold_per_floor":[117,131,131,145,295,295,320,332,332,332,332,350,383,394,394,471,471,481,497,497,513,107,107,107],"floor_reached":23,"language":"ENG","playtime":1006,"items_purged":["Doubt"],"score":355,"play_id":"b8ca226c-2edf-499e-a835-884a7f40f13a","local_time":"20210128212029","is_ascension_mode":true,"campfire_choices":[{"floor":6,"key":"REST"},{"floor":11,"key":"REST"},{"floor":15,"key":"REST"}],"circlet_count":0,"master_deck":["AscendersBane","Strike_G","Strike_G","Strike_G+1","Strike_G","Strike_G","Defend_G","Defend_G","Defend_G","Defend_G+1","Defend_G","Survivor","Neutralize","Dodge and Roll","Caltrops","Dagger Throw","Infinite Blades","Blade Dance","Noxious Fumes","Bane","Deadly Poison","Wraith Form v2","Bullet Time","Dagger Spray","Bouncing Flask","Dodge and Roll","Predator"],"relics":["Ring of the Snake","NeowsBlessing","Ornamental Fan","Bottled Lightning","Regal Pillow","Dream Catcher","Velvet Choker","Bottled Tornado"],"acts_visited":["Exordium","TheCity"],"potions_floor_usage":[7,13,23],"damage_taken":[{"damage":0,"enemies":"2 Louse","floor":1,"turns":1},{"damage":0,"enemies":"Small Slimes","floor":2,"turns":1},{"damage":0,"enemies":"Jaw Worm","floor":4,"turns":1},{"damage":30,"enemies":"Lagavulin","floor":7,"turns":9},{"damage":7,"enemies":"Blue Slaver","floor":8,"turns":6},{"damage":2,"enemies":"Lots of Slimes","floor":12,"turns":4},{"damage":12,"enemies":"3 Sentries","floor":13,"turns":8},{"damage":25,"enemies":"Exordium Thugs","floor":14,"turns":7},{"damage":35,"enemies":"Hexaghost","floor":16,"turns":10},{"damage":14,"enemies":"Shell Parasite","floor":18,"turns":6},{"damage":4,"enemies":"Chosen","floor":19,"turns":6},{"damage":11,"enemies":"Centurion and Healer","floor":21,"turns":9},{"damage":28,"enemies":"Book of Stabbing","floor":23,"turns":3}],"seed_played":"5452488930367076977","potions_obtained":[{"floor":4,"key":"AttackPotion"},{"floor":7,"key":"Strength Potion"},{"floor":8,"key":"SpeedPotion"},{"floor":13,"key":"Poison Potion"}],"is_trial":false,"path_per_floor":["M","M","?","M","?","R","E","M","T","?","R","M","E","M","R","B",null,"M","M","?","M","$","E"],"character_chosen":"THE_SILENT","items_purchased":["Bottled Tornado","Predator"],"campfire_rested":3,"item_purchase_floors":[22,22],"current_hp_per_floor":[59,59,39,39,39,58,28,21,21,16,50,48,36,11,45,10,52,38,34,34,23,23,0,0],"gold":107,"neow_bonus":"THREE_ENEMY_KILL","is_daily":false,"chose_seed":false,"campfire_upgraded":0,"win_rate":0.0,"timestamp":1611886829,"path_taken":["M","M","?","M","?","R","E","M","T","?","R","M","E","M","R","BOSS","M","M","?","M","$","E"],"items_purchased_type":["Relic","Card"],"build_version":"2020-12-22","purchased_purges":1,"victory":false,"max_hp_per_floor":[66,66,66,66,66,66,66,66,66,66,66,66,66,66,66,66,66,66,66,66,66,66,66,66],"card_choices":[{"not_picked":["Outmaneuver","Prepared"],"picked":"Dodge and Roll","floor":1},{"not_picked":["Dash","Accuracy"],"picked":"Caltrops","floor":2},{"not_picked":["Crippling Poison","Flying Knee"],"picked":"Dagger Throw","floor":4},{"not_picked":["Outmaneuver","Escape Plan"],"picked":"Infinite Blades","floor":7},{"not_picked":["Flying Knee","Accuracy"],"picked":"Blade Dance","floor":8},{"not_picked":["Finisher","Distraction"],"picked":"Noxious Fumes","floor":12},{"not_picked":["Acrobatics","Masterful Stab"],"picked":"Bane","floor":13},{"not_picked":["Terror","Escape Plan"],"picked":"Deadly Poison","floor":14},{"not_picked":["Reflex","Flying Knee"],"picked":"Wraith Form v2","floor":15},{"not_picked":["Grand Finale","Doppelganger"],"picked":"Bullet Time","floor":16},{"not_picked":["Outmaneuver","Prepared"],"picked":"Dagger Spray","floor":18},{"not_picked":["Eviscerate","Acrobatics"],"picked":"Bouncing Flask","floor":19},{"not_picked":["Eviscerate","Cloak And Dagger"],"picked":"Dodge and Roll","floor":21}],"player_experience":1370947,"relics_obtained":[{"floor":7,"key":"Ornamental Fan"},{"floor":9,"key":"Bottled Lightning"},{"floor":13,"key":"Dream Catcher"}],"event_choices":[{"damage_healed":0,"gold_gain":0,"player_choice":"Entered Light","damage_taken":20,"max_hp_gain":0,"max_hp_loss":0,"event_name":"Shining Light","floor":3,"gold_loss":0,"cards_upgraded":["Strike_G","Defend_G"]},{"damage_healed":0,"gold_gain":150,"player_choice":"AGREE","damage_taken":0,"max_hp_gain":0,"max_hp_loss":0,"event_name":"Liars Game","floor":5,"gold_loss":0,"cards_obtained":["Doubt"]},{"damage_healed":0,"gold_gain":0,"player_choice":"Success","damage_taken":5,"relics_obtained":["Regal Pillow"],"max_hp_gain":0,"max_hp_loss":0,"event_name":"Scrap Ooze","floor":10,"gold_loss":0},{"damage_healed":0,"gold_gain":0,"player_choice":"Ignored","damage_taken":0,"max_hp_gain":0,"max_hp_loss":0,"event_name":"Ghosts","floor":20,"gold_loss":0}],"is_beta":false,"boss_relics":[{"not_picked":["Runic Dome","Ectoplasm"],"picked":"Velvet Choker"}],"items_purged_floors":[22],"is_endless":false,"potions_floor_spawned":[4,7,8,13,21],"killed_by":"Book of Stabbing","ascension_level":15}}