{"host":"j0tja808rg8hkg8v","time":1611937018,"event":{"mods":["Aspiration","BaseMod","Colored Powertips","Downfall","Energized Spire","Hermit","Infinite Spire","Ironclad Rager","Magitek Elite","Minty Spire (QoL Compilation)","Relic Stats","Replay The Spire","StSLib","The Bladedancer","The Cursed","The Disciple","The Runesmith"],"gold_per_floor":[116,66,79,95,115,115,115,115,142,175,175,210,210,210,210,310,310,329,152,167,167,182,182,182,193,193,225,225,240,266,266,266,384,384,424,244,304,338,338,338,371,281,281,281,311,311,311,358,358,358],"floor_reached":51,"language":"ENG","playtime":5603,"items_purged":["Runesmith:Strike_RS","Doubt"],"score":891,"play_id":"d2f23d39-bf88-4f08-88f2-bdddd9503ce7","local_time":"20210129161658","is_ascension_mode":false,"campfire_choices":[{"data":"Runesmith:Fortify","floor":6.0,"key":"SMITH"},{"data":"Runesmith:CraftFirestone","floor":8.0,"key":"SMITH"},{"floor":13.0,"key":"REST"},{"floor":15.0,"key":"REST"},{"floor":24.0,"key":"REST"},{"floor":32.0,"key":"REST"},{"floor":40.0,"key":"REST"},{"floor":49,"key":"REST"},{"data":"Runesmith:PoweredAnvil","floor":49,"key":"SMITH"}],"circlet_count":0,"master_deck":["Runesmith:Strike_RS+1","Runesmith:Strike_RS+1","Runesmith:Defend_RS+1","Runesmith:Defend_RS","Runesmith:Defend_RS","Runesmith:CraftFirestone+1","Runesmith:Fortify+1","Runesmith:RunicBlueprint+1","Runesmith:EarthShield","Runesmith:RuneHurl","Runesmith:GoWithTheFlow+1","Runesmith:DoubleUp+1","Runesmith:MetallurgicalResearch+1","Runesmith:PerfectChisel+1","Runesmith:CraftMagma+1","Runesmith:EnergizedChisel","Runesmith:Repurpose","Runesmith:ChaoticBlast+1","Runesmith:UnlimitedPower+1","aspiration:UnbridledHammer+1","Runesmith:LithiumIon","Runesmith:LithiumIon","Runesmith:HeatedChisel+1","Runesmith:DuctTape","Runesmith:Firewall+1","Runesmith:PoweredAnvil+1","Runesmith:CraftIncendium+1"],"relics":["Runesmith:BrokenRuby","Juzu Bracelet","aspiration:HiddenCompartment","Gremlin Food","Replay:Bottled Eggs","energizedSpire:MagnifyingGlass","MutagenicStrength","infinitespire:EmpoweringShard","FossilizedHelix","ReplayTheSpireMod:Ring of Challenge","Ring of Searing","Whetstone","Gremlin Horn","infinitespire:EvilPickle","ChewingGum","DollysMirror","Replay:Bottled Steam","infinitespire:ShieldingShard","ReplayTheSpireMod:Lightbulb","aspiration:MobileForge","infinitespire:Magic Flask"],"acts_visited":["Exordium","TheCity","TheBeyond"],"potions_floor_usage":[48,50,50],"damage_taken":[{"damage":0.0,"enemies":"2 Louse","floor":1.0,"turns":4.0},{"damage":2.0,"enemies":"Small Slimes","floor":3.0,"turns":3.0},{"damage":3.0,"enemies":"Jaw Worm","floor":4.0,"turns":5.0},{"damage":8.0,"enemies":"Large Slime","floor":5.0,"turns":6.0},{"damage":18.0,"enemies":"Lagavulin","floor":10.0,"turns":6.0},{"damage":5.0,"enemies":"3 Sentries","floor":12.0,"turns":10.0},{"damage":68.0,"enemies":"Hexaghost","floor":16.0,"turns":17.0},{"damage":11.0,"enemies":"Spheric Guardian","floor":18.0,"turns":8.0},{"damage":0.0,"enemies":"Shell Parasite","floor":20.0,"turns":5.0},{"damage":19.0,"enemies":"Snecko","floor":22.0,"turns":7.0},{"damage":15.0,"enemies":"Sentry and Sphere","floor":25.0,"turns":7.0},{"damage":6.0,"enemies":"Book of Stabbing","floor":27.0,"turns":7.0},{"damage":3.0,"enemies":"Snake Plant","floor":29.0,"turns":6.0},{"damage":20.0,"enemies":"Gremlin Leader","floor":30.0,"turns":8.0},{"damage":10.0,"enemies":"Pondfish","floor":33.0,"turns":10.0},{"damage":17.0,"enemies":"3 Darklings","floor":35.0,"turns":3.0},{"damage":0.0,"enemies":"Orb Walker","floor":38.0,"turns":3.0},{"damage":10.0,"enemies":"Maw","floor":41.0,"turns":6.0},{"damage":8.0,"enemies":"3 Darklings","floor":45.0,"turns":4.0},{"damage":24,"enemies":"2 Orb Walkers","floor":48,"turns":4},{"damage":0,"enemies":"infinitespire:MassOfShapes","floor":50,"turns":7}],"seed_played":"7523299479173110678","potions_obtained":[{"floor":3.0,"key":"LiquidMemories"},{"floor":5.0,"key":"FairyPotion"},{"floor":12.0,"key":"BlessingOfTheForge"},{"floor":20.0,"key":"Weak Potion"},{"floor":25.0,"key":"Languid Potion"},{"floor":30.0,"key":"EssenceOfSteel"},{"floor":35.0,"key":"Doom Potion"},{"floor":37.0,"key":"Flashbang"},{"floor":48,"key":"champ:CounterPotion"}],"is_trial":false,"path_per_floor":["M","?","M","M","M","R","?","R","T","E","?","E","R","T","R","B",null,"M","$","M","?","M","?","R","M","T","E","?","M","E","?","R","B",null,"M","$","?","M","T","R","M","?","T","?","M","?","AVR","?","R","B",null],"character_chosen":"RUNESMITH_CLASS","items_purchased":["Runesmith:PerfectChisel","Runesmith:CraftMagma","Runesmith:LithiumIon","DollysMirror"],"campfire_rested":6,"item_purchase_floors":[19,19,36,36],"current_hp_per_floor":[77,77,75,72,64,64,49,49,49,31,31,26,49,49,72,4,77,66,66,66,66,47,47,70,55,55,49,49,46,26,26,49,39,77,60,60,41,41,41,64,54,54,54,54,46,46,46,22,43,43],"gold":358,"neow_bonus":"TEN_PERCENT_HP_BONUS","is_daily":false,"chose_seed":false,"campfire_upgraded":3,"win_rate":0.0,"timestamp":1611937018,"path_taken":["M","?","M","M","M","R","?","R","T","E","?","E","R","?","R","BOSS","M","$","M","?","M","?","R","M","T","E","?","M","E","?","R","BOSS","M","$","?","M","?","R","M","?","T","?","M","?","AVR","?","R","BOSS"],"items_purchased_type":["Card","Card","Card","Relic"],"build_version":"2020-12-22","purchased_purges":2,"victory":true,"max_hp_per_floor":[77,77,77,77,77,77,77,77,77,77,77,77,77,77,77,77,77,77,77,77,77,77,77,77,77,77,77,77,77,77,77,77,77,77,77,77,77,77,77,77,77,77,77,73,73,73,73,73,73,73],"relic_stats":{"Gremlin Horn":[13,13],"counters":[21,136],"Juzu Bracelet":1,"Whetstone":["Runesmith:Strike_RS","Runesmith:PerfectChisel"],"obtain_stats":[{"Gremlin Food":12,"Runesmith:BrokenRuby":0,"Gremlin Horn":31,"Juzu Bracelet":9,"Whetstone":30,"infinitespire:Magic Flask":48,"aspiration:HiddenCompartment":10,"Ring of Searing":28,"infinitespire:EvilPickle":33,"infinitespire:ShieldingShard":39,"DollysMirror":36,"aspiration:MobileForge":47,"MutagenicStrength":23,"ChewingGum":34,"energizedSpire:MagnifyingGlass":17,"infinitespire:EmpoweringShard":26,"Replay:Bottled Eggs":14,"ReplayTheSpireMod:Ring of Challenge":28,"ReplayTheSpireMod:Lightbulb":43,"FossilizedHelix":27,"Replay:Bottled Steam":37},{"Gremlin Food":6,"Runesmith:BrokenRuby":0,"Gremlin Horn":14,"Juzu Bracelet":4,"Whetstone":14,"infinitespire:Magic Flask":20,"aspiration:HiddenCompartment":5,"Ring of Searing":12,"infinitespire:EvilPickle":15,"infinitespire:ShieldingShard":17,"DollysMirror":16,"aspiration:MobileForge":19,"MutagenicStrength":10,"ChewingGum":15,"energizedSpire:MagnifyingGlass":7,"infinitespire:EmpoweringShard":11,"Replay:Bottled Eggs":6,"ReplayTheSpireMod:Ring of Challenge":12,"ReplayTheSpireMod:Lightbulb":18,"FossilizedHelix":12,"Replay:Bottled Steam":16},{"Gremlin Food":34,"Runesmith:BrokenRuby":0,"Gremlin Horn":99,"Juzu Bracelet":18,"Whetstone":99,"infinitespire:Magic Flask":129,"aspiration:HiddenCompartment":24,"Ring of Searing":85,"infinitespire:EvilPickle":109,"infinitespire:ShieldingShard":115,"DollysMirror":112,"aspiration:MobileForge":125,"MutagenicStrength":71,"ChewingGum":109,"energizedSpire:MagnifyingGlass":51,"infinitespire:EmpoweringShard":78,"Replay:Bottled Eggs":34,"ReplayTheSpireMod:Ring of Challenge":85,"ReplayTheSpireMod:Lightbulb":121,"FossilizedHelix":85,"Replay:Bottled Steam":112}]},"card_choices":[{"not_picked":["Runesmith:StaticCage","Runesmith:Grindstone"],"picked":"Runesmith:RunicBlueprint","floor":1.0},{"not_picked":["Runesmith:Grindstone","Runesmith:Retool"],"picked":"Runesmith:EarthShield","floor":3.0},{"not_picked":["Runesmith:ChaoticBlast","Runesmith:Overpower"],"picked":"Runesmith:RuneHurl","floor":4.0},{"not_picked":["Runesmith:BackupBattery","Runesmith:Prism"],"picked":"Runesmith:GoWithTheFlow","floor":5.0},{"not_picked":["Runesmith:ArcReactor","Runesmith:MakeshiftArmor"],"picked":"Runesmith:DoubleUp","floor":10.0},{"not_picked":["Runesmith:ShiftingStrike","Runesmith:Repurpose","Runesmith:MakeshiftArmor"],"picked":"SKIP","floor":12.0},{"not_picked":["Runesmith:CreatorForm","Runesmith:CraftPrismatica"],"picked":"Runesmith:MetallurgicalResearch","floor":16.0},{"not_picked":["Runesmith:Prism+1","Runesmith:UnstableHammer","Runesmith:HammerTime"],"picked":"SKIP","floor":18.0},{"not_picked":["Runesmith:EarthShield+1","Runesmith:Augment","Runesmith:Retool"],"picked":"SKIP","floor":20.0},{"not_picked":["Runesmith:Grindstone","Runesmith:RuneHurl+1"],"picked":"Runesmith:EnergizedChisel","floor":22.0},{"not_picked":["Runesmith:ElementalConversion","Runesmith:ShiftingStrike+1","Runesmith:NanitesCloud"],"picked":"SKIP","floor":25.0},{"not_picked":["Runesmith:RuneHurl","Runesmith:GenerateForcefield","Runesmith:HeatExchange"],"picked":"SKIP","floor":27.0},{"not_picked":["Runesmith:MakeshiftArmor","Runesmith:ChargedHammer"],"picked":"Runesmith:Repurpose","floor":29.0},{"not_picked":["Runesmith:WhiteBalance","Runesmith:Grindstone"],"picked":"Runesmith:ChaoticBlast+1","floor":30.0},{"not_picked":["Runesmith:Duplicate","Runesmith:FissionHammer"],"picked":"Runesmith:UnlimitedPower","floor":33.0},{"not_picked":["Runesmith:EnergizedChisel+1","Runesmith:HammerAndChisel"],"picked":"aspiration:UnbridledHammer+1","floor":35.0},{"not_picked":["Runesmith:BackupBattery","Runesmith:MakeshiftArmor+1"],"picked":"Runesmith:HeatedChisel+1","floor":37.0},{"not_picked":["Runesmith:CraftMagma+1","Runesmith:RuneHurl"],"picked":"Runesmith:DuctTape","floor":38.0},{"not_picked":["Runesmith:FrozenChisel+1","Runesmith:StaticCage+1"],"picked":"Runesmith:Firewall+1","floor":41.0},{"not_picked":["Runesmith:NanitesCloud","Runesmith:RunicBlueprint+1"],"picked":"Runesmith:PoweredAnvil","floor":45.0},{"not_picked":["Runesmith:CraftVitae+1","Runesmith:Empowerment"],"picked":"Runesmith:CraftIncendium+1","floor":48}],"player_experience":61330,"relics_obtained":[{"floor":9.0,"key":"Juzu Bracelet"},{"floor":10.0,"key":"aspiration:HiddenCompartment"},{"floor":12.0,"key":"Gremlin Food"},{"floor":14.0,"key":"Replay:Bottled Eggs"},{"floor":26.0,"key":"infinitespire:EmpoweringShard"},{"floor":27.0,"key":"FossilizedHelix"},{"floor":28.0,"key":"ReplayTheSpireMod:Ring of Challenge"},{"floor":28.0,"key":"Ring of Searing"},{"floor":30.0,"key":"Whetstone"},{"floor":37.0,"key":"Replay:Bottled Steam"},{"floor":39.0,"key":"infinitespire:ShieldingShard"},{"floor":43.0,"key":"ReplayTheSpireMod:Lightbulb"},{"floor":48,"key":"infinitespire:Magic Flask"}],"event_choices":[{"cards_removed":["Runesmith:Defend_RS"],"damage_healed":0.0,"max_hp_gain":0.0,"max_hp_loss":0.0,"gold_gain":0.0,"event_name":"The Cleric","player_choice":"Card Removal","floor":2.0,"gold_loss":50.0,"damage_taken":0.0},{"damage_healed":0.0,"max_hp_gain":0.0,"max_hp_loss":0.0,"gold_gain":0.0,"event_name":"Shining Light","player_choice":"Entered Light","floor":7.0,"gold_loss":0.0,"damage_taken":15.0,"cards_upgraded":["Runesmith:RunicBlueprint","Runesmith:Defend_RS"]},{"damage_healed":0.0,"max_hp_gain":0.0,"max_hp_loss":0.0,"gold_gain":0.0,"event_name":"Ghosts","player_choice":"Ignored","floor":21.0,"gold_loss":0.0,"damage_taken":0.0},{"damage_healed":0.0,"max_hp_gain":0.0,"max_hp_loss":0.0,"gold_gain":0.0,"event_name":"Drug Dealer","player_choice":"Inject Mutagens","floor":23.0,"gold_loss":0.0,"damage_taken":0.0,"relics_obtained":["MutagenicStrength"]},{"damage_healed":0.0,"max_hp_gain":0.0,"max_hp_loss":0.0,"gold_gain":0.0,"event_name":"The Mausoleum","player_choice":"Opened","floor":31.0,"gold_loss":0.0,"damage_taken":0.0,"relics_obtained":["Gremlin Horn"]},{"cards_removed":["Runesmith:Strike_RS"],"damage_healed":0.0,"max_hp_gain":0.0,"max_hp_loss":0.0,"gold_gain":0.0,"event_name":"Designer","player_choice":"Upgrade and Remove","floor":42.0,"gold_loss":90.0,"damage_taken":0.0,"cards_upgraded":["Runesmith:DoubleUp"]},{"damage_healed":0.0,"max_hp_gain":0.0,"max_hp_loss":4.0,"gold_gain":0.0,"event_name":"Winding Halls","player_choice":"Max HP","floor":44.0,"gold_loss":0.0,"damage_taken":0.0},{"damage_healed":0,"gold_gain":0,"player_choice":"Fight","damage_taken":0,"max_hp_gain":0,"max_hp_loss":0,"event_name":"Mysterious Sphere","floor":48,"gold_loss":0}],"is_beta":false,"boss_relics":[{"not_picked":["aspiration:WatcherSkillbook","ReplayTheSpireMod:SealedPack"],"picked":"energizedSpire:MagnifyingGlass"},{"not_picked":["energizedSpire:SpiderWeb","Busted Crown"],"picked":"ChewingGum"}],"items_purged_floors":[19,47],"is_endless":false,"potions_floor_spawned":[3,5,12,20,25,30,35,45,48],"ascension_level":0}}