{"host":"6he3f0ic6yesrium","time":1611939176,"event":{"mods":["BaseMod","Better Altar","Better Match","Better Note","Better Sensory Stone","Better Skull","Better Third Choice","Colored Map","Conspire","Duelist Mod","Hermit","Hubris","Marisa????????","Mimic Mod","Minty Spire (QoL Compilation)","Replay The Spire","Shade Mod","Somnambulant","Spire Arcade","Spire Birthday Party","StSLib","The Alterego","The Disciple","The Forsaken","The Hierophant","The Mystic","The Necromancer","The Runesmith","The Servant 0.9.4","The Valiant","TheVacant"],"gold_per_floor":[91,91,82,82,82,82,29,29,29,37,45,31,106,114,114,0,0],"floor_reached":16,"language":"ENG","playtime":730,"items_purged":[],"score":117,"play_id":"b91a9cc9-9068-4dfe-8a9c-641e1931cb4d","local_time":"20210129115256","is_ascension_mode":false,"campfire_choices":[{"data":"hierophant:RepressedViolence","floor":6,"key":"SMITH"},{"data":"hierophant:RustyCrate","floor":8,"key":"SMITH"},{"data":"hierophant:OrnateBuckler","floor":15,"key":"SMITH"}],"circlet_count":0,"master_deck":["hierophant:Strike_Hierophant","hierophant:Strike_Hierophant","hierophant:Strike_Hierophant","hierophant:Strike_Hierophant","hierophant:Punish","hierophant:Defend_Hierophant","hierophant:Defend_Hierophant","hierophant:Defend_Hierophant","hierophant:Defend_Hierophant","hierophant:ChurchCoffers","hierophant:Generosity","hierophant:Doubloon","hierophant:RepressedViolence+1","hierophant:Invocation","hierophant:RustyCrate+1","hierophant:Doubloon","hierophant:Doubloon","hierophant:Doubloon","hierophant:CursedGold","hierophant:Doubloon","hierophant:Dazzle","hierophant:Embezzle","hierophant:OrnateBuckler+1"],"relics":["hierophant:PropheticMaskRelic","hubris:Icosahedron","hubris:Reverence","Mirror"],"acts_visited":["Exordium"],"potions_floor_usage":[12,16,16],"damage_taken":[{"damage":0,"enemies":"Small Slimes","floor":1,"turns":3},{"damage":1,"enemies":"Cultist","floor":3,"turns":3},{"damage":0,"enemies":"conspire:RoseBush","floor":10,"turns":3},{"damage":15,"enemies":"Exordium Wildlife","floor":11,"turns":5},{"damage":5,"enemies":"conspire:2 RoseBushes","floor":12,"turns":3},{"damage":14,"enemies":"Blue Slaver","floor":14,"turns":4},{"damage":34,"enemies":"Slime Boss","floor":16,"turns":12}],"seed_played":"-7497774636640855976","potions_obtained":[{"floor":3,"key":"Milkshake"},{"floor":11,"key":"BlessingOfTheForge"},{"floor":14,"key":"SpeedPotion"}],"is_trial":false,"path_per_floor":["M","?","M","?","T","R","$","R","T","M","M","M","?","M","R","B"],"character_chosen":"HIEROPHANT","items_purchased":["hierophant:RustyCrate"],"campfire_rested":0,"item_purchase_floors":[7],"current_hp_per_floor":[75,75,74,74,74,74,74,74,74,74,59,54,47,33,33,0,0],"gold":0,"neow_bonus":"ONE_RANDOM_RARE_CARD","is_daily":false,"chose_seed":false,"campfire_upgraded":3,"win_rate":0.0,"timestamp":1611939176,"path_taken":["M","?","?","?","?","R","?","R","T","?","M","M","?","M","R","BOSS"],"items_purchased_type":["Card"],"build_version":"2020-12-22","purchased_purges":0,"victory":false,"max_hp_per_floor":[75,75,75,75,75,75,75,75,75,75,75,75,75,75,75,75,75],"card_choices":[{"not_picked":["hierophant:Sermon","hierophant:FlamingChariot"],"picked":"hierophant:RepressedViolence","floor":1},{"not_picked":["hierophant:Sermon","hierophant:TollTheBells"],"picked":"hierophant:Invocation","floor":3},{"not_picked":["hierophant:Purify","hierophant:Racketeering"],"picked":"hierophant:CursedGold","floor":10},{"not_picked":["hierophant:ArchangelShield","hierophant:FieryStrike"],"picked":"hierophant:Dazzle","floor":11},{"not_picked":["hierophant:Blessing","hierophant:ArchangelShield"],"picked":"hierophant:Embezzle","floor":12},{"not_picked":["hierophant:AuricShield","hierophant:DivineIntervention"],"picked":"hierophant:OrnateBuckler","floor":14}],"player_experience":376060,"relics_obtained":[{"floor":5,"key":"hubris:Reverence"},{"floor":9,"key":"Mirror"}],"event_choices":[{"cards_removed":["hierophant:Doubloon"],"damage_healed":0,"gold_gain":0,"player_choice":"Give","damage_taken":0,"max_hp_gain":0,"max_hp_loss":0,"event_name":"betterNote:BetterNote","floor":2,"gold_loss":0,"cards_obtained":["hierophant:LocustPlague"]},{"damage_healed":0,"gold_gain":75,"player_choice":"Touch","damage_taken":7,"max_hp_gain":0,"max_hp_loss":0,"event_name":"FaceTrader","floor":13,"gold_loss":0}],"is_beta":false,"boss_relics":[],"items_purged_floors":[],"is_endless":false,"potions_floor_spawned":[3,11,14],"killed_by":"Slime Boss","ascension_level":0}}