{"host":"15f3wpiimhe5yrng","time":1611957277,"event":{"mods":["BaseMod","Better Altar","Better Match","Better Note","Better Sensory Stone","Better Skull","Better Third Choice","Colored Map","Downfall","GifTheSpireLib","Good Game Mod","Minty Spire (QoL Compilation)","Permanent Neow","StSLib"],"gold_per_floor":[99,274,294,307,21,37,61,93,93,128,13,13,13,44,62,62,62,62],"floor_reached":16,"language":"ENG","playtime":952,"items_purged":["Doubt","sneckomod:Defend"],"score":118,"play_id":"b78a99f6-e164-4974-b27d-8ad490c58298","local_time":"20210129225437","is_ascension_mode":false,"campfire_choices":[{"floor":1,"key":"RECALL"},{"data":"expansioncontent:HyperBeam","floor":9,"key":"SMITH"}],"circlet_count":0,"master_deck":["sneckomod:Strike","sneckomod:Strike","sneckomod:Defend","sneckomod:Defend","sneckomod:TailWhip","sneckomod:SnekBite","sneckomod:Unknown","sneckomod:Unknown+1","expansioncontent:HyperBeam+1","sneckomod:SlitherStrike","sneckomod:SerpentMind","sneckomod:UnendingSupply+1","sneckomod:UnknownCommonAttack","sneckomod:QuickBite","sneckomod:UnknownCommonSkill+1","sneckomod:SlitherStrike","downfall:Malfunctioning","Whirlwind","sneckomod:Unknown0Cost","sneckomod:TrashToTreasure"],"relics":["sneckomod:SneckoSoul","REME:ComplimentaryCards","Medical Kit","Happy Flower","Bottled Tornado","Letter Opener","Sundial"],"acts_visited":["Exordium"],"potions_floor_usage":[5,10,11,11],"damage_taken":[{"damage":1,"enemies":"2 Louse","floor":3,"turns":2},{"damage":0,"enemies":"Small Slimes","floor":4,"turns":3},{"damage":12,"enemies":"downfall:FleeingMerchant","floor":5,"turns":4},{"damage":1,"enemies":"Jaw Worm","floor":6,"turns":2},{"damage":24,"enemies":"3 Sentries","floor":8,"turns":5},{"damage":23,"enemies":"Lagavulin","floor":10,"turns":4},{"damage":0,"enemies":"downfall:FleeingMerchant","floor":11,"turns":4},{"damage":6,"enemies":"Gremlin Nob","floor":14,"turns":3},{"damage":19,"enemies":"Blue Slaver","floor":15,"turns":3},{"damage":13,"enemies":"DF_ARCHETYPE_STREAMLINE","floor":16,"turns":3}],"seed_played":"6323742318400682478","potions_obtained":[{"floor":3,"key":"ColorlessPotion"},{"floor":4,"key":"Strength Potion"},{"floor":6,"key":"DistilledChaos"},{"floor":8,"key":"bronze:BurnAndBuffPotion"}],"is_trial":false,"path_per_floor":["R","?","M","M","$","M","T","E","R","E","$","?","R","E","M","B"],"character_chosen":"THE_SNECKO","items_purchased":["Medical Kit","sneckomod:UnendingSupply"],"campfire_rested":0,"item_purchase_floors":[5,5],"current_hp_per_floor":[90,90,89,89,77,76,76,52,52,29,29,29,29,23,4,0,0,0],"gold":62,"neow_bonus":"REMOVE_CARD","is_daily":false,"chose_seed":false,"campfire_upgraded":1,"win_rate":0.0,"timestamp":1611957277,"path_taken":["R","?","M","M","$","M","T","E","R","E","$","?","R","E","M","BOSS"],"items_purchased_type":["Relic","Card"],"build_version":"2020-12-22","purchased_purges":2,"victory":false,"max_hp_per_floor":[90,90,90,90,90,90,90,90,90,90,90,90,90,90,90,90,90,90],"card_choices":[{"not_picked":["sneckomod:RainOfDice","sneckomod:UnknownVulnerable"],"picked":"sneckomod:UnknownX","floor":3},{"not_picked":["sneckomod:QuickMove","sneckomod:DiceBlock"],"picked":"sneckomod:SlitherStrike","floor":4},{"not_picked":["sneckomod:IronFang","sneckomod:Unknown1Cost"],"picked":"sneckomod:SerpentMind","floor":5},{"not_picked":["sneckomod:UnknownUncommonSkill","sneckomod:RainOfDice"],"picked":"sneckomod:UnknownCommonAttack","floor":6},{"not_picked":["sneckomod:IronFang","sneckomod:ImprovisedGuard"],"picked":"sneckomod:QuickBite","floor":8},{"not_picked":["sneckomod:UnknownX","sneckomod:DiceCrush"],"picked":"sneckomod:UnknownCommonSkill","floor":10},{"not_picked":["sneckomod:Unknown2Cost","sneckomod:UnknownBlock"],"picked":"sneckomod:SlitherStrike","floor":11},{"not_picked":["sneckomod:UnknownWeak","sneckomod:DiceBoulder"],"picked":"sneckomod:Unknown0Cost","floor":14},{"not_picked":["sneckomod:Unknown0Cost","sneckomod:Nope"],"picked":"sneckomod:TrashToTreasure","floor":15}],"player_experience":97209,"relics_obtained":[{"floor":7,"key":"Happy Flower"},{"floor":8,"key":"Bottled Tornado"},{"floor":10,"key":"Letter Opener"},{"floor":14,"key":"Sundial"}],"event_choices":[],"is_beta":false,"boss_relics":[],"items_purged_floors":[5,11],"is_endless":false,"potions_floor_spawned":[3,4,6,8],"killed_by":"DF_ARCHETYPE_STREAMLINE","ascension_level":0}}