{"host":"mnpd8gh7cwxsn5kh","time":1611929315,"event":{"mods":["BaseMod","Bestiary","Block Reminder","Colored Map","Colored Powertips","Highlight Path","Minty Spire (QoL Compilation)","Relic Sorter","Relic Stats"],"gold_per_floor":[368,317,125,145,71,71,106,117,117,143,143,162,162,172,172,267,267,285,168,180,180,199,199,255,255,255,255,280,310,327,344,344,443,443,462,479,91,91,111,139,139,155,223,252,270,9,9,9,9,9,9,9,9,34,34,34],"floor_reached":55,"language":"ENG","playtime":5851,"items_purged":["Normality","Strike_R+1"],"score":988,"play_id":"619d0a7e-96c5-4db9-b394-9cde39d88cd6","local_time":"20210129150835","is_ascension_mode":true,"campfire_choices":[{"data":"Armaments","floor":6,"key":"SMITH"},{"data":"Body Slam","floor":11,"key":"SMITH"},{"data":"True Grit","floor":15,"key":"SMITH"},{"data":"Entrench","floor":23,"key":"SMITH"},{"data":"Barricade","floor":32,"key":"SMITH"},{"data":"Juggernaut","floor":41,"key":"SMITH"},{"floor":47,"key":"RECALL"},{"data":"Rage","floor":49,"key":"SMITH"},{"floor":52,"key":"REST"}],"circlet_count":0,"master_deck":["Strike_R+1","Strike_R+1","Strike_R+1","Strike_R+1","Defend_R+1","Defend_R+1","Defend_R+1","Defend_R+1","Bash","Twin Strike","Armaments+1","Carnage","Body Slam+1","Clothesline","Shrug It Off+1","Ghostly Armor","Juggernaut+1","True Grit+1","Jack Of All Trades","Rage+1","Barricade+1","Inflame+1","Entrench+1","Shrug It Off","Flex+1","Shockwave+1","Dual Wield","Second Wind+1","Body Slam+1","Immolate+1","Body Slam+1","Power Through","Iron Wave+1","Warcry+1","Flame Barrier+1","Good Instincts+1"],"relics":["Burning Blood","Mercury Hourglass","StrikeDummy","Mummified Hand","Gremlin Horn","Runic Pyramid","Tiny Chest","Molten Egg 2","Lizard Tail","Red Mask","Boot","Velvet Choker","Bronze Scales","Sling","Toxic Egg 2","The Courier","War Paint","Oddly Smooth Stone","Toy Ornithopter"],"acts_visited":["Exordium","TheCity","TheBeyond","TheEnding"],"potions_floor_usage":[14,16,18,29,30,35,40,45,50,55],"damage_taken":[{"damage":15,"enemies":"Jaw Worm","floor":1,"turns":6},{"damage":0,"enemies":"Cultist","floor":4,"turns":2},{"damage":21,"enemies":"Lagavulin","floor":7,"turns":7},{"damage":0,"enemies":"2 Louse","floor":8,"turns":2},{"damage":10,"enemies":"3 Sentries","floor":10,"turns":4},{"damage":11,"enemies":"Exordium Thugs","floor":12,"turns":3},{"damage":13,"enemies":"Large Slime","floor":14,"turns":4},{"damage":12,"enemies":"Hexaghost","floor":16,"turns":8},{"damage":6,"enemies":"Chosen","floor":18,"turns":5},{"damage":13,"enemies":"Spheric Guardian","floor":20,"turns":4},{"damage":0,"enemies":"3 Cultists","floor":22,"turns":5},{"damage":20,"enemies":"Gremlin Leader","floor":24,"turns":10},{"damage":6,"enemies":"Masked Bandits","floor":28,"turns":5},{"damage":15,"enemies":"Book of Stabbing","floor":29,"turns":6},{"damage":6,"enemies":"Centurion and Healer","floor":30,"turns":4},{"damage":10,"enemies":"Snake Plant","floor":31,"turns":3},{"damage":1,"enemies":"Champ","floor":33,"turns":9},{"damage":0,"enemies":"Orb Walker","floor":35,"turns":4},{"damage":26,"enemies":"3 Darklings","floor":36,"turns":3},{"damage":1,"enemies":"Jaw Worm Horde","floor":39,"turns":2},{"damage":5,"enemies":"Nemesis","floor":40,"turns":5},{"damage":0,"enemies":"Maw","floor":42,"turns":7},{"damage":12,"enemies":"Reptomancer","floor":44,"turns":4},{"damage":8,"enemies":"3 Darklings","floor":45,"turns":2},{"damage":22,"enemies":"Awakened One","floor":50,"turns":9},{"damage":28,"enemies":"Shield and Spear","floor":54,"turns":6},{"damage":128,"enemies":"The Heart","floor":55,"turns":8}],"seed_played":"8569657864507190839","potions_obtained":[{"floor":4,"key":"ElixirPotion"},{"floor":12,"key":"EssenceOfSteel"},{"floor":14,"key":"SpeedPotion"},{"floor":16,"key":"Fruit Juice"},{"floor":20,"key":"Regen Potion"},{"floor":24,"key":"Regen Potion"},{"floor":28,"key":"ColorlessPotion"},{"floor":29,"key":"BloodPotion"},{"floor":31,"key":"BlessingOfTheForge"},{"floor":39,"key":"Strength Potion"},{"floor":44,"key":"SmokeBomb"},{"floor":45,"key":"Dexterity Potion"},{"floor":54,"key":"SmokeBomb"}],"is_trial":false,"path_per_floor":["M","?","$","M","$","R","E","M","T","E","R","M","?","M","R","B",null,"M","$","M","?","M","R","E","?","T","?","?","E","M","M","R","B",null,"M","M","$","T","M","E","R","M","T","E","M","$","R","?","R","B",null,"R","$","E","B"],"character_chosen":"IRONCLAD","items_purchased":["Armaments","Carnage","Clothesline","Shrug It Off","Entrench","Shrug It Off","Power Through","Bronze Scales","Sling","Flame Barrier+1","Oddly Smooth Stone"],"campfire_rested":1,"item_purchase_floors":[3,3,5,5,19,19,37,37,37,46,46],"current_hp_per_floor":[71,71,71,77,77,77,62,68,68,64,64,59,59,52,52,46,72,77,77,70,70,76,76,62,62,62,62,62,68,68,64,64,69,81,85,65,65,65,70,71,71,77,77,71,74,74,74,74,74,58,78,85,85,63,0,0],"gold":34,"neow_bonus":"TWO_FIFTY_GOLD","is_daily":false,"chose_seed":false,"campfire_upgraded":7,"win_rate":0.0,"timestamp":1611929315,"path_taken":["M","?","$","M","?","R","E","M","T","E","R","M","?","M","R","BOSS","M","$","M","?","M","R","E","?","T","?","?","E","M","M","R","BOSS","M","M","$","?","M","E","R","M","T","E","M","?","R","?","R","BOSS","R","$","E","BOSS"],"items_purchased_type":["Card","Card","Card","Card","Card","Card","Card","Relic","Relic","Card","Relic"],"build_version":"2020-12-22","purchased_purges":2,"victory":false,"max_hp_per_floor":[80,80,80,80,80,80,80,80,80,80,80,80,80,80,80,80,80,85,85,85,85,85,85,85,85,85,85,85,85,85,85,85,85,85,85,85,85,85,85,85,85,85,85,85,85,85,85,85,85,85,85,85,85,85,85,85],"relic_stats":{"Lizard Tail":42,"Gremlin Horn":[28,28],"counters":[27,137],"Mummified Hand":[47],"Bronze Scales":[232],"Tiny Chest":1,"War Paint":["Shrug It Off","Shockwave"],"Boot":[11],"obtain_stats":[{"Gremlin Horn":10,"Velvet Choker":34,"Oddly Smooth Stone":46,"The Courier":43,"War Paint":44,"Boot":29,"Sling":37,"Burning Blood":0,"Mercury Hourglass":2,"Lizard Tail":27,"Mummified Hand":9,"Bronze Scales":37,"Tiny Chest":24,"Molten Egg 2":26,"Red Mask":28,"Toxic Egg 2":40,"StrikeDummy":7,"Toy Ornithopter":54,"Runic Pyramid":17},{"Gremlin Horn":5,"Velvet Choker":17,"Oddly Smooth Stone":24,"The Courier":22,"War Paint":23,"Boot":14,"Sling":19,"Burning Blood":0,"Mercury Hourglass":1,"Lizard Tail":12,"Mummified Hand":4,"Bronze Scales":19,"Tiny Chest":12,"Molten Egg 2":12,"Red Mask":13,"Toxic Egg 2":21,"StrikeDummy":3,"Toy Ornithopter":26,"Runic Pyramid":8},{"Gremlin Horn":21,"Velvet Choker":87,"Oddly Smooth Stone":114,"The Courier":108,"War Paint":112,"Boot":71,"Sling":94,"Burning Blood":0,"Mercury Hourglass":6,"Lizard Tail":60,"Mummified Hand":17,"Bronze Scales":94,"Tiny Chest":60,"Molten Egg 2":60,"Red Mask":65,"Toxic Egg 2":101,"StrikeDummy":15,"Toy Ornithopter":129,"Runic Pyramid":36}],"Burning Blood":154,"Toy Ornithopter":5,"Mercury Hourglass":[492]},"card_choices":[{"not_picked":["Pommel Strike","Havoc"],"picked":"Twin Strike","floor":1},{"not_picked":["Twin Strike","Intimidate"],"picked":"Body Slam","floor":4},{"not_picked":["Armaments","Dark Embrace"],"picked":"Ghostly Armor","floor":7},{"not_picked":["Fire Breathing","Dual Wield","Juggernaut"],"picked":"SKIP","floor":8},{"not_picked":["Shrug It Off","Heavy Blade"],"picked":"Juggernaut","floor":10},{"not_picked":["Whirlwind","Inflame"],"picked":"True Grit","floor":12},{"not_picked":["Flex","Sentinel"],"picked":"Rage","floor":14},{"not_picked":["Corruption","Offering"],"picked":"Barricade","floor":16},{"not_picked":["True Grit","Dropkick+1"],"picked":"Inflame+1","floor":18},{"not_picked":["Headbutt+1","Sword Boomerang"],"picked":"Flex+1","floor":20},{"not_picked":["Perfected Strike","Sword Boomerang"],"picked":"Shockwave","floor":22},{"not_picked":["Limit Break","Rupture","Cleave"],"picked":"SKIP","floor":24},{"not_picked":["Headbutt+1","Reckless Charge+1"],"picked":"Dual Wield","floor":28},{"not_picked":["Bludgeon+1","Havoc"],"picked":"Second Wind+1","floor":29},{"not_picked":["Twin Strike+1","Burning Pact+1","Fire Breathing"],"picked":"SKIP","floor":30},{"not_picked":["Perfected Strike+1","Shrug It Off"],"picked":"Body Slam+1","floor":31},{"not_picked":["Barricade","Reaper+1"],"picked":"Immolate+1","floor":33},{"not_picked":["Sentinel+1","Flex+1"],"picked":"Body Slam+1","floor":35},{"not_picked":["Rage+1","Searing Blow+1","Flex+1"],"picked":"SKIP","floor":36},{"not_picked":["Warcry","Wild Strike+1"],"picked":"Iron Wave+1","floor":39},{"not_picked":["Berserk","Body Slam+1","Burning Pact+1"],"picked":"SKIP","floor":40},{"not_picked":["Heavy Blade+1","Twin Strike+1"],"picked":"Warcry+1","floor":42},{"not_picked":["Thunderclap+1","Body Slam+1","Battle Trance+1"],"picked":"SKIP","floor":44},{"not_picked":["Whirlwind+1","Thunderclap+1","Blood for Blood+1"],"picked":"SKIP","floor":45},{"not_picked":["Purity+1","Swift Strike+1"],"picked":"Good Instincts+1","floor":48},{"not_picked":["Sever Soul+1","Bludgeon+1","Body Slam+1"],"picked":"SKIP","floor":54}],"player_experience":171611,"relics_obtained":[{"floor":7,"key":"StrikeDummy"},{"floor":9,"key":"Mummified Hand"},{"floor":10,"key":"Gremlin Horn"},{"floor":24,"key":"Tiny Chest"},{"floor":26,"key":"Molten Egg 2"},{"floor":28,"key":"Red Mask"},{"floor":29,"key":"Boot"},{"floor":40,"key":"Toxic Egg 2"},{"floor":43,"key":"The Courier"},{"floor":44,"key":"War Paint"},{"floor":54,"key":"Toy Ornithopter"}],"event_choices":[{"damage_healed":0,"gold_gain":0,"player_choice":"Paid Gold","damage_taken":0,"relics_obtained":["Mercury Hourglass"],"max_hp_gain":0,"max_hp_loss":0,"event_name":"WeMeetAgain","floor":2,"gold_loss":51},{"damage_healed":0,"gold_gain":0,"player_choice":"1 cards matched","damage_taken":0,"max_hp_gain":0,"max_hp_loss":0,"event_name":"Match and Keep!","floor":13,"gold_loss":0,"cards_obtained":["Jack Of All Trades"]},{"damage_healed":0,"gold_gain":0,"player_choice":"Simplicity","damage_taken":0,"max_hp_gain":0,"max_hp_loss":0,"event_name":"Back to Basics","floor":21,"gold_loss":0,"cards_upgraded":["Strike_R","Strike_R","Strike_R","Strike_R","Strike_R","Defend_R","Defend_R","Defend_R","Defend_R"]},{"damage_healed":0,"gold_gain":0,"player_choice":"Ignored","damage_taken":0,"max_hp_gain":0,"max_hp_loss":0,"event_name":"Beggar","floor":25,"gold_loss":0},{"damage_healed":0,"gold_gain":0,"player_choice":"Opened","damage_taken":0,"relics_obtained":["Lizard Tail"],"max_hp_gain":0,"max_hp_loss":0,"event_name":"The Mausoleum","floor":27,"gold_loss":0},{"damage_healed":0,"gold_gain":0,"player_choice":"Fought Bandits","damage_taken":0,"max_hp_gain":0,"max_hp_loss":0,"event_name":"Masked Bandits","floor":28,"gold_loss":0},{"damage_healed":0,"gold_gain":0,"player_choice":"Memory 1","damage_taken":0,"max_hp_gain":0,"max_hp_loss":0,"event_name":"SensoryStone","floor":48,"gold_loss":0}],"is_beta":false,"boss_relics":[{"not_picked":["Fusion Hammer","Runic Cube"],"picked":"Runic Pyramid"},{"not_picked":["Black Blood","Mark of Pain"],"picked":"Velvet Choker"}],"items_purged_floors":[3,46],"is_endless":false,"potions_floor_spawned":[4,12,14,16,20,24,28,29,31,39,44,45,54],"killed_by":"The Heart","ascension_level":5}}