{"host":"zw3dvemvayodnaug","time":1611932360,"event":{"mods":["Act Like it!","BaseMod","Colored Map","Decade(王小明)","Gensokyo","Gremlin Mod","Hermit","Hunter 猎人","Koishi","LagranYue(拉格朗・月)","Marisa（F雨　魔理沙）","Minty Spire (QoL Compilation)","Quick Restart","Remilia（蕾米莉亚）","Replay The Spire","Robot Space Explorer","StSLib","Td1madao Mod","TestMod","The Administrix","The Blackbeard","The Bladedancer","The Construct","The Cursed","The Gatherer","The Runesmith","Yuyuko","[GremlinLeader]The Maniac","[IsaacMod]以撒尖塔"],"gold_per_floor":[112,160,172,172,29,61,61,14,38,52,72,92,110,123,123,146,146,161,161,180,180,180],"floor_reached":21,"language":"ZHS","playtime":979,"items_purged":["construct:Strike_Gold"],"score":208,"play_id":"f8ed11ad-4f4b-4296-b55b-5124e15ba2da","local_time":"20210129225920","is_ascension_mode":false,"campfire_choices":[{"data":"construct:BatteryAcid","floor":7,"key":"SMITH"},{"data":"construct:HeavyBolt","floor":15,"key":"SMITH"}],"circlet_count":0,"master_deck":["construct:Strike_Gold","construct:Strike_Gold","construct:Strike_Gold","construct:Strike_Gold","construct:Defend_Gold","construct:Defend_Gold","construct:Defend_Gold","construct:Defend_Gold","construct:Defend_Gold","construct:AttackMode","construct:DefenseMode","construct:BatteryAcid+1","construct:HeavyBolt+1","construct:Hazardproof","construct:ScopeCore","construct:Analyze","construct:SuppressiveFire","construct:ClusterMines","construct:LongRangeLance","construct:Versatility","construct:Multistage","construct:FierceBash+1","construct:HardReboot+1"],"relics":["construct:Cogwheel","HushsDoor","testmod-TestBox","TuHaoJin","testmod-RainbowHikingShoes","LagranYue:RandomDrawCardRelic","NeowsBlessing","testmod-AssaultLearning","testmod-TurbochargingSystem","Runic Pyramid","Incubus","TheBean"],"acts_visited":["Exordium","TheCity"],"potions_floor_usage":[2,12,16,16,16,16],"damage_taken":[{"damage":0,"enemies":"Jaw Worm","floor":1,"turns":1},{"damage":0,"enemies":"Small Slimes","floor":3,"turns":1},{"damage":0,"enemies":"Gremlin Nob","floor":6,"turns":1},{"damage":1,"enemies":"Cultist","floor":10,"turns":4},{"damage":7,"enemies":"Blue Slaver","floor":11,"turns":4},{"damage":1,"enemies":"2 Fungi Beasts","floor":12,"turns":2},{"damage":6,"enemies":"Exordium Wildlife","floor":13,"turns":2},{"damage":3,"enemies":"Red Slaver","floor":14,"turns":3},{"damage":4,"enemies":"Fading Forest","floor":16,"turns":11},{"damage":8,"enemies":"Shell Parasite","floor":18,"turns":3},{"damage":0,"enemies":"Spheric Guardian","floor":20,"turns":3},{"damage":0,"enemies":"3 Cultists","floor":21,"turns":2}],"seed_played":"634939823785456002","potions_obtained":[{"floor":1,"key":"SteroidPotion"},{"floor":2,"key":"SkillPotion"},{"floor":2,"key":"testmod-SpacePotion"},{"floor":2,"key":"Fruit Juice"},{"floor":6,"key":"Adrenaline Potion"},{"floor":12,"key":"DistilledChaos"},{"floor":16,"key":"Dexterity Potion"}],"is_trial":false,"path_per_floor":["M","?","M","?","$","E","R","$","T","M","M","M","M","M","R","B",null,"M","T","M","M"],"character_chosen":"THE_CONSTRUCT_MOD","items_purchased":["testmod-AssaultLearning","construct:Analyze","Incubus"],"campfire_rested":0,"item_purchase_floors":[5,8,17],"current_hp_per_floor":[85,85,85,70,70,70,70,70,70,69,62,66,60,57,57,67,65,57,57,57,57,57],"gold":180,"neow_bonus":"THREE_ENEMY_KILL","is_daily":false,"chose_seed":false,"campfire_upgraded":2,"win_rate":0.0,"timestamp":1611932360,"path_taken":["M","?","M","?","$","E","R","?","T","M","M","M","M","M","R","BOSS","M","?","?","M"],"items_purchased_type":["Relic","Card","Relic"],"build_version":"2020-12-22","purchased_purges":1,"victory":false,"max_hp_per_floor":[85,85,85,85,85,85,85,85,85,85,85,90,90,90,90,90,65,65,65,65,65,65],"card_choices":[{"not_picked":["construct:GuardCore","construct:Autoturret"],"picked":"construct:BatteryAcid","floor":1},{"not_picked":["construct:Disrupt","construct:Reinforce"],"picked":"construct:HeavyBolt","floor":2},{"not_picked":["construct:SyphonStrike","construct:LaserCore"],"picked":"construct:Hazardproof","floor":3},{"not_picked":["construct:ShieldBurst","construct:SyphonStrike"],"picked":"construct:ScopeCore","floor":6},{"not_picked":["construct:Boost","construct:Backfire"],"picked":"construct:SuppressiveFire","floor":10},{"not_picked":["construct:ReactiveShield","construct:FierceBash"],"picked":"construct:ClusterMines","floor":11},{"not_picked":["construct:FierceBash","construct:ScrapCannon"],"picked":"Bomb","floor":12},{"not_picked":["construct:SyphonStrike","construct:PowerUp"],"picked":"construct:LongRangeLance","floor":13},{"not_picked":["construct:FocusedBeam","construct:ScrapCannon"],"picked":"construct:Versatility","floor":14},{"not_picked":["construct:BatteryCore","construct:Bunker"],"picked":"construct:Multistage","floor":16},{"not_picked":["construct:Autoturret","construct:SaveState"],"picked":"construct:FierceBash+1","floor":18},{"not_picked":["construct:Reinforce+1","construct:OmegaCannon"],"picked":"construct:HardReboot+1","floor":20}],"player_experience":52152,"relics_obtained":[{"floor":6,"key":"testmod-TurbochargingSystem"},{"floor":19,"key":"TheBean"}],"event_choices":[],"is_beta":false,"boss_relics":[{"not_picked":["Calling Bell","Replay:Ancient Bell"],"picked":"Runic Pyramid"},{"not_picked":[]}],"items_purged_floors":[17],"is_endless":false,"potions_floor_spawned":[1,6,12,14,16],"killed_by":"3 Cultists","ascension_level":0}}