{"host":"0kk91h4bq4kgfj0u","time":1611883536,"event":{"mods":["BaseMod","Minty Spire (QoL Compilation)","StSLib"],"gold_per_floor":[113,131,131,147,163,191,191,202,226,260,260,435,102,112,112,233,233,269,286,54,54,16,16,41,41,123,123,162,172,87,106,106,106,106],"floor_reached":33,"language":"ENG","playtime":1277,"items_purged":["Doubt"],"score":346,"play_id":"0d5756e6-0855-414d-9d12-6e0cae2b62bd","local_time":"20210128202536","is_ascension_mode":true,"campfire_choices":[{"floor":7,"key":"REST"},{"floor":15,"key":"REST"},{"floor":23,"key":"REST"},{"floor":25,"key":"REST"},{"floor":27,"key":"REST"},{"floor":32,"key":"REST"}],"circlet_count":0,"master_deck":["Strike_B","Strike_B","Strike_B","Strike_B","Defend_B","Defend_B","Defend_B","Defend_B","Zap+1","Dualcast","Sweeping Beam","Melter","Conserve Battery","Creative AI","Loop","Go for the Eyes","Force Field","Turbo","Doom and Gloom","HandOfGreed","White Noise","Beam Cell","Rebound","Echo Form","Redo","Streamline","Lockon","Self Repair","All For One","Skim","Aggregate+1","Cold Snap+1"],"relics":["Cracked Core","TungstenRod","Bag of Preparation","MealTicket","Lantern","Tiny Chest","Question Card","Bird Faced Urn"],"acts_visited":["Exordium","TheCity"],"potions_floor_usage":[19,29,29,33,33],"damage_taken":[{"damage":10,"enemies":"2 Louse","floor":1,"turns":2},{"damage":0,"enemies":"Cultist","floor":2,"turns":3},{"damage":0,"enemies":"Small Slimes","floor":4,"turns":2},{"damage":8,"enemies":"Exordium Wildlife","floor":5,"turns":3},{"damage":36,"enemies":"Gremlin Nob","floor":6,"turns":5},{"damage":4,"enemies":"Exordium Thugs","floor":8,"turns":4},{"damage":21,"enemies":"Lagavulin","floor":10,"turns":7},{"damage":5,"enemies":"Looter","floor":14,"turns":2},{"damage":14,"enemies":"The Guardian","floor":16,"turns":10},{"damage":12,"enemies":"3 Byrds","floor":18,"turns":6},{"damage":19,"enemies":"Shell Parasite","floor":19,"turns":3},{"damage":68,"enemies":"Slavers","floor":24,"turns":4},{"damage":27,"enemies":"3 Cultists","floor":28,"turns":5},{"damage":17,"enemies":"Chosen and Byrds","floor":29,"turns":6},{"damage":4,"enemies":"Cultist and Chosen","floor":31,"turns":5},{"damage":92,"enemies":"Collector","floor":33,"turns":7}],"seed_played":"5904310097136090269","potions_obtained":[{"floor":6,"key":"EntropicBrew"},{"floor":8,"key":"GamblersBrew"},{"floor":10,"key":"FearPotion"},{"floor":28,"key":"LiquidBronze"},{"floor":31,"key":"Weak Potion"}],"is_trial":false,"path_per_floor":["M","M","?","M","M","E","R","M","T","E","?","?","$","M","R","B",null,"M","M","$","?","$","R","E","R","T","R","M","M","?","M","R","B"],"character_chosen":"DEFECT","items_purchased":["HandOfGreed","White Noise","Beam Cell","Lantern","Lockon","Self Repair"],"campfire_rested":6,"item_purchase_floors":[13,13,13,20,20,22],"current_hp_per_floor":[65,65,65,65,57,21,43,39,39,18,18,18,33,28,50,36,65,53,34,49,44,59,75,14,36,36,58,45,42,42,40,62,0,0],"gold":106,"neow_bonus":"UPGRADE_CARD","is_daily":false,"chose_seed":false,"campfire_upgraded":0,"win_rate":0.0,"timestamp":1611883536,"path_taken":["M","M","?","M","?","E","R","?","T","E","?","?","$","M","R","BOSS","M","M","$","?","?","R","E","R","T","R","M","M","?","?","R","BOSS"],"items_purchased_type":["Card","Card","Card","Relic","Card","Card"],"build_version":"2020-12-22","purchased_purges":1,"victory":false,"max_hp_per_floor":[75,75,75,75,75,75,75,75,75,75,75,75,75,75,75,75,75,75,75,75,75,75,75,75,75,75,75,75,75,75,75,75,75,75],"card_choices":[{"not_picked":["Compile Driver","Darkness"],"picked":"Sweeping Beam","floor":1},{"not_picked":["Compile Driver","Stack"],"picked":"Melter","floor":2},{"not_picked":["Recycle","Go for the Eyes"],"picked":"Loop","floor":4},{"not_picked":["Cold Snap","Coolheaded"],"picked":"Go for the Eyes","floor":5},{"not_picked":["Scrape","Sweeping Beam"],"picked":"Force Field","floor":6},{"not_picked":["Rebound","Conserve Battery"],"picked":"Turbo","floor":8},{"not_picked":["Beam Cell","Redo"],"picked":"Doom and Gloom","floor":10},{"not_picked":["Tempest","Hyperbeam"],"picked":"Rebound","floor":14},{"not_picked":["Core Surge","Rainbow"],"picked":"Echo Form","floor":16},{"not_picked":["Hologram+1","Heatsinks+1"],"picked":"Redo","floor":18},{"not_picked":["Steam+1","Beam Cell"],"picked":"Streamline","floor":19},{"not_picked":["Darkness","Recycle"],"picked":"All For One","floor":24},{"not_picked":["Coolheaded","Redo","Stack"],"picked":"Skim","floor":28},{"not_picked":["Leap","Steam","Sweeping Beam"],"picked":"Aggregate+1","floor":29},{"not_picked":["Melter","Rebound","Leap"],"picked":"Cold Snap+1","floor":31}],"player_experience":821452,"relics_obtained":[{"floor":6,"key":"TungstenRod"},{"floor":9,"key":"Bag of Preparation"},{"floor":10,"key":"MealTicket"},{"floor":24,"key":"Tiny Chest"},{"floor":26,"key":"Question Card"}],"event_choices":[{"damage_healed":0,"gold_gain":0,"player_choice":"2 cards matched","damage_taken":0,"max_hp_gain":0,"max_hp_loss":0,"event_name":"Match and Keep!","floor":3,"gold_loss":0,"cards_obtained":["Conserve Battery","Creative AI"]},{"damage_healed":0,"gold_gain":0,"player_choice":"Leave","damage_taken":0,"max_hp_gain":0,"max_hp_loss":0,"event_name":"The Cleric","floor":11,"gold_loss":0},{"damage_healed":0,"gold_gain":175,"player_choice":"AGREE","damage_taken":0,"max_hp_gain":0,"max_hp_loss":0,"event_name":"Liars Game","floor":12,"gold_loss":0,"cards_obtained":["Doubt"]},{"damage_healed":0,"gold_gain":0,"player_choice":"","damage_taken":6,"max_hp_gain":0,"max_hp_loss":0,"event_name":"Knowing Skull","floor":21,"potions_obtained":[],"gold_loss":0,"cards_obtained":[]},{"damage_healed":0,"gold_gain":0,"player_choice":"Obtained Relic","damage_taken":0,"relics_obtained":["Bird Faced Urn"],"max_hp_gain":0,"max_hp_loss":0,"event_name":"Addict","floor":30,"gold_loss":85}],"is_beta":false,"boss_relics":[{"not_picked":["FrozenCore","Fusion Hammer","Sozu"]}],"items_purged_floors":[13],"is_endless":false,"potions_floor_spawned":[6,8,10,16,28,31],"killed_by":"Collector","ascension_level":5}}