{"host":"htqwg582tjjtn9p7","time":1611941190,"event":{"mods":["2.2 Compatiblity","AchievementEnabler","Act Like it!","Aspiration","BaseMod","Better Third Choice","Colored Map","Conspire","Curses Come First","Displayed Cursed Tome","Energized Spire","Force Act Four","Fox Events","GifTheSpireLib","Hermit","Highlight Path","JesterMod","Mad Scientist","Minty Spire (QoL Compilation)","Pale of the Ancients","Permanent Neow","Random Character Button","Relic Stats","Reliquary","Replay The Spire","Robot Space Explorer","Somnambulant","Spicy Shops","Spikes Relics","StS++","StSLib","Stuff the Spire","The Blue Laboratory","The Bug Knight","The Forsaken","The Gatherer","The Judge","The Jungle","The Marked","The Runesmith","The Servant 0.9.4","TheSurvivalist","Uncapped"],"gold_per_floor":[119,133,133,157,3,3,47,47,47,62,93,15,33,56,56,149,149,170,194,194,194,208,208,224,224,224,224,1,25,25,25,25,66,66,164,164,185,204,52,52,66,97,97,122,122,122,44,44,85,85,85,85,85,85,85],"floor_reached":54,"language":"ENG","playtime":2418,"items_purged":["Strike_R"],"score":1294,"play_id":"f8af4454-b4b0-4296-8f99-74aa7c1f231f","local_time":"20210129182630","is_ascension_mode":true,"campfire_choices":[{"data":"StuffTheSpire:Slingshot","floor":6,"key":"SMITH"},{"data":"Eruption","floor":8,"key":"SMITH"},{"data":"ReplayTheSpireMod:Strike From Hell","floor":15,"key":"SMITH"},{"data":"StuffTheSpire:CuriosityCurse","floor":23,"key":"PURGE"},{"data":"Strike_R","floor":25,"key":"PURGE"},{"data":"Strike_R","floor":27,"key":"PURGE"},{"data":"Strike_R","floor":30,"key":"PURGE"},{"floor":34,"key":"REST"},{"data":"Strike_R","floor":43,"key":"PURGE"},{"floor":46,"key":"REST"},{"floor":48,"key":"REST"},{"floor":51,"key":"REST"}],"circlet_count":0,"master_deck":["AscendersBane","Defend_R","Defend_R","Defend_R","Defend_R","Bash","Defend_B","Eruption+1","Master of Strategy","Clash","Shrug It Off","StuffTheSpire:Slingshot+1","ReplayTheSpireMod:Strike From Hell+1","Clothesline","ReplayTheSpireMod:Stacked","Flame Barrier+1","Shrug It Off+1","Shrug It Off+1","Limit Break+1","ReplayTheSpireMod:Strike From Hell","Defy Death","Havoc+1","Reaper","Whirlwind+1","StuffTheSpire:Slingshot","Pommel Strike+1","Shrug It Off+1","StuffTheSpire:Slingshot","ReplayTheSpireMod:Private Reserves"],"relics":["Burning Blood","Golden Idol","Another Sword","Lee\u0027s Waffle","reliquary:RedPaperclip","Peace Pipe","Onion Ring","theForsaken:Lifeblossom","Omamori","Black Star","PreservedInsect","reliquary:Knoch","Replay:Bottled Flurry","Gremlin Food","Snack Pack","paleoftheancients:Timepiece","paleoftheancients:KeyRelic","CultistMask"],"acts_visited":["Exordium","TheCity","TheBeyond","TheBeyond"],"potions_floor_usage":[7,7,11,22,22,33,41,42,52,52],"damage_taken":[{"damage":8,"enemies":"conspire:RoseBush","floor":1,"turns":6},{"damage":14,"enemies":"Small Slimes","floor":2,"turns":4},{"damage":0,"enemies":"2 Louse","floor":4,"turns":2},{"damage":10,"enemies":"Lagavulin","floor":7,"turns":5},{"damage":7,"enemies":"Gremlin Gang","floor":10,"turns":2},{"damage":5,"enemies":"3 Sentries","floor":11,"turns":7},{"damage":0,"enemies":"Blue Slaver","floor":13,"turns":2},{"damage":0,"enemies":"Looter","floor":14,"turns":2},{"damage":45,"enemies":"The Guardian","floor":16,"turns":23},{"damage":17,"enemies":"2 Thieves","floor":18,"turns":4},{"damage":13,"enemies":"Shell Parasite","floor":19,"turns":7},{"damage":3,"enemies":"Cultist and Chosen","floor":22,"turns":6},{"damage":8,"enemies":"conspire:HollyBat","floor":24,"turns":9},{"damage":9,"enemies":"3 Cultists","floor":29,"turns":7},{"damage":5,"enemies":"Book of Stabbing","floor":33,"turns":6},{"damage":56,"enemies":"Automaton","floor":35,"turns":10},{"damage":4,"enemies":"Orb Walker","floor":37,"turns":4},{"damage":11,"enemies":"3 Shapes","floor":38,"turns":8},{"damage":21,"enemies":"Maw","floor":41,"turns":9},{"damage":44,"enemies":"Reptomancer","floor":42,"turns":6},{"damage":49,"enemies":"Spire Growth","floor":44,"turns":7},{"damage":42,"enemies":"Giant Head","floor":49,"turns":8},{"damage":97,"enemies":"Time Eater","floor":52,"turns":11},{"damage":107,"enemies":"Time Eater","floor":53,"turns":8},{"damage":98,"enemies":"Time Eater","floor":54,"turns":5}],"seed_played":"-8634676957818450571","potions_obtained":[{"floor":1,"key":"Weak Potion"},{"floor":10,"key":"DuplicationPotion"},{"floor":16,"key":"blueLaboratory:NullPotion"},{"floor":19,"key":"blueLaboratory:PhilterOfMotion"},{"floor":22,"key":"blueLaboratory:LouseDecoction"},{"floor":29,"key":"GamblersBrew"},{"floor":35,"key":"Adrenaline Potion"},{"floor":37,"key":"blueLaboratory:StoneskinPotion"},{"floor":38,"key":"SteroidPotion"},{"floor":49,"key":"blueLaboratory:IronCompound"}],"is_trial":false,"path_per_floor":["M","M","?","M","$","R","E","R","T","M","E","$","M","M","R","B",null,"M","M","?","?","M","R","M","R","T","R","$","M","R","PTL","PTL","E","R","B",null,"M","M","$","?","M","E","R","M","T","R","$","R","E","?","R","B","M","M"],"character_chosen":"IRONCLAD","items_purchased":["PowerPotion","ReplayTheSpireMod:Strike From Hell","Lee\u0027s Waffle","theForsaken:Lifeblossom","PreservedInsect","BloodPotion"],"campfire_rested":4,"item_purchase_floors":[5,5,12,28,39,47],"current_hp_per_floor":[66,58,58,64,64,64,60,60,60,59,60,75,75,75,75,36,65,54,47,47,47,50,50,48,48,48,48,48,51,51,51,51,58,75,26,63,75,75,75,75,70,59,59,22,22,44,44,66,47,47,69,66,75,0,0],"gold":85,"neow_bonus":"RANDOM_COLORLESS_2","is_daily":false,"chose_seed":false,"campfire_upgraded":3,"win_rate":0.0,"timestamp":1611941190,"path_taken":["M","M","?","M","$","R","E","R","T","M","E","$","M","M","R","BOSS","M","M","?","?","M","R","M","R","T","R","$","M","R","PTL","PTL","E","R","BOSS","M","M","$","?","M","E","R","?","T","R","$","R","E","?","R","BOSS","M","M"],"items_purchased_type":["Potion","Card","Relic","Relic","Relic","Potion"],"build_version":"2020-12-22","purchased_purges":1,"victory":false,"max_hp_per_floor":[75,75,68,68,68,68,68,68,68,68,68,75,75,75,75,75,75,75,75,75,75,75,75,75,75,75,75,75,75,75,75,75,75,75,75,75,75,75,75,75,75,75,75,75,75,75,75,75,75,75,75,75,75,75,75],"relic_stats":{"Peace Pipe":5,"Lee\u0027s Waffle":15,"counters":[25,168],"Golden Idol":154,"PreservedInsect":191,"Black Star":2,"obtain_stats":[{"Gremlin Food":49,"Lee\u0027s Waffle":12,"paleoftheancients:KeyRelic":52,"Golden Idol":3,"theForsaken:Lifeblossom":28,"PreservedInsect":39,"aspiration:HummingbirdHeart":9,"Omamori":33,"Burning Blood":0,"Peace Pipe":21,"paleoftheancients:Timepiece":52,"reliquary:RedPaperclip":17,"Onion Ring":26,"Another Sword":7,"CultistMask":52,"Black Star":36,"Replay:Bottled Flurry":42,"Snack Pack":49,"reliquary:Knoch":42,"Toxic Egg 2":11},{"Gremlin Food":22,"Lee\u0027s Waffle":6,"paleoftheancients:KeyRelic":23,"Golden Idol":2,"theForsaken:Lifeblossom":13,"PreservedInsect":18,"aspiration:HummingbirdHeart":4,"Omamori":15,"Burning Blood":0,"Peace Pipe":11,"paleoftheancients:Timepiece":23,"reliquary:RedPaperclip":9,"Onion Ring":13,"Another Sword":4,"CultistMask":23,"Black Star":16,"Replay:Bottled Flurry":20,"Snack Pack":22,"reliquary:Knoch":20,"Toxic Egg 2":6},{"Gremlin Food":144,"Lee\u0027s Waffle":26,"paleoftheancients:KeyRelic":155,"Golden Idol":10,"theForsaken:Lifeblossom":79,"PreservedInsect":114,"aspiration:HummingbirdHeart":17,"Omamori":92,"Burning Blood":0,"Peace Pipe":64,"paleoftheancients:Timepiece":155,"reliquary:RedPaperclip":53,"Onion Ring":79,"Another Sword":17,"CultistMask":155,"Black Star":102,"Replay:Bottled Flurry":129,"Snack Pack":144,"reliquary:Knoch":129,"Toxic Egg 2":26}],"Burning Blood":120},"card_choices":[{"not_picked":["ReplayUltimateDefense","Thinking Ahead"],"picked":"Master of Strategy","floor":0},{"not_picked":["Run Through","Evolve"],"picked":"Clash","floor":1},{"not_picked":["Combust","Evolve"],"picked":"Shrug It Off","floor":2},{"not_picked":["Massacre","Flex"],"picked":"StuffTheSpire:Slingshot","floor":4},{"not_picked":["Clash","Headbutt"],"picked":"Clothesline","floor":7},{"not_picked":["Body Slam","Havoc"],"picked":"ReplayTheSpireMod:Stacked","floor":10},{"not_picked":["StuffTheSpire:Incineration","Headbutt"],"picked":"Flame Barrier+1","floor":11},{"not_picked":["Clothesline","StuffTheSpire:RockThrow"],"picked":"Shrug It Off+1","floor":13},{"not_picked":["Pommel Strike","ReplayTheSpireMod:Limb From Limb"],"picked":"Shrug It Off+1","floor":14},{"not_picked":["Berserk","Hemogenesis"],"picked":"Limit Break+1","floor":16},{"not_picked":["Whirlwind","StSpp:Sprint+1"],"picked":"ReplayTheSpireMod:Strike From Hell","floor":18},{"not_picked":["Headbutt","Sever Soul"],"picked":"Defy Death","floor":19},{"not_picked":["Sever Soul+1","Carnage","Clash"],"picked":"SKIP","floor":22},{"not_picked":["Flex+1","Body Slam"],"picked":"Havoc","floor":24},{"not_picked":["StSpp:CounterStrike","Clash","StSpp:TheBiggerTheyAre"],"picked":"SKIP","floor":29},{"not_picked":["BarbarianYell","StuffTheSpire:Pyroclast+1","StSpp:Sprint"],"picked":"SKIP","floor":33},{"not_picked":["Barricade","StSpp:IntoTheAbyss"],"picked":"Reaper","floor":35},{"not_picked":["StuffTheSpire:Pyroclast","Blood for Blood","ReplayTheSpireMod:Corrosion Curse"],"picked":"SKIP","floor":37},{"not_picked":["conspire:ExplosiveBarrier+1","Carnage"],"picked":"Whirlwind+1","floor":38},{"not_picked":["Clash","Anger+1","Life Link"],"picked":"SKIP","floor":41},{"not_picked":["Rampage+1","Thunderclap"],"picked":"Pommel Strike+1","floor":42},{"not_picked":["ReplayTheSpireMod:Limb From Limb","Evolve"],"picked":"Shrug It Off+1","floor":44},{"not_picked":["Life Link+1","Clash"],"picked":"StuffTheSpire:Slingshot","floor":49},{"not_picked":["Blind","Swift Strike"],"picked":"ReplayTheSpireMod:Private Reserves","floor":50}],"player_experience":1968057,"relics_obtained":[{"floor":7,"key":"Another Sword"},{"floor":9,"key":"aspiration:HummingbirdHeart"},{"floor":11,"key":"Toxic Egg 2"},{"floor":26,"key":"Onion Ring"},{"floor":33,"key":"Omamori"},{"floor":42,"key":"reliquary:Knoch"},{"floor":42,"key":"Replay:Bottled Flurry"},{"floor":49,"key":"Gremlin Food"},{"floor":49,"key":"Snack Pack"}],"event_choices":[{"damage_healed":0,"gold_gain":0,"player_choice":"Lose Max HP","damage_taken":0,"relics_obtained":["Golden Idol"],"max_hp_gain":0,"max_hp_loss":7,"event_name":"Golden Idol","floor":3,"gold_loss":0},{"damage_healed":0,"gold_gain":0,"player_choice":"1 cards matched","damage_taken":0,"max_hp_gain":0,"max_hp_loss":0,"event_name":"Match and Keep!","floor":40,"gold_loss":0,"cards_obtained":["StuffTheSpire:Slingshot"]},{"damage_healed":0,"gold_gain":0,"player_choice":"Memory 1","damage_taken":0,"max_hp_gain":0,"max_hp_loss":0,"event_name":"SensoryStone","floor":50,"gold_loss":0}],"is_beta":false,"boss_relics":[{"not_picked":["aspiration:PoetsPen_weak","Coffee Dripper"],"picked":"reliquary:RedPaperclip"},{"not_picked":["SlaversCollar","Honey Jar"],"picked":"Black Star"}],"items_purged_floors":[28],"is_endless":false,"potions_floor_spawned":[1,10,16,19,22,29,35,37,38,49,53],"killed_by":"Time Eater","ascension_level":15}}