{"host":"kzg3uglj8yekbxlz","time":1611912669,"event":{"mods":["Act Like it!","Alarm Clock","BaseMod","Better Synergies","Better Vampires","CapriCore","Challenge The Spire","Curses Come First","Displayed Cursed Tome","Downfall","Evolution","FoggyMod","Gensokyo","Hallownest","Highlight Path","KinomotoSakuraMod(木之本樱)","Koishi","Lobotomy","LobotomyExtend","Marisa（F雨　魔理沙）","Minty Spire (QoL Compilation)","Poem Panic","Poor People Problems","Prisma Mod","Shop Mod","StSLib","The Administrix","The Alterego","The Bug Knight","The Hierophant","The Immortal","TheWitcher","WarShipGirlsR/战舰少女R mod","Yuri Mod","残留之物"],"gold_per_floor":[116,116,59,76,76,76,395,407,419,431,462,115,115,115,115,211,211,229,244,244,244,37,37,1,12,12,12,12,12,12,2,2,106,106,122,122,30,30,30,30,50,50,74,74,74,50,50,50,50,450,450,460,474,507,507,507,507],"floor_reached":55,"language":"ZHS","playtime":4278,"items_purged":["rmod:fletcher","Parasite","Decay"],"score":757,"play_id":"155ad524-1962-4689-92a0-17748a71d4df","local_time":"20210129173109","daily_mods":["SealedDeck","Flight"],"is_ascension_mode":false,"campfire_choices":[{"data":"rmod:salvage","floor":6.0,"key":"SMITH"},{"floor":15.0,"key":"REST"},{"data":"rmod:generalist","floor":32.0,"key":"SMITH"},{"data":"rmod:supportescort","floor":40,"key":"SMITH"},{"floor":44,"key":"REST"},{"floor":47,"key":"REST"},{"data":"rmod:supportescort","floor":49,"key":"SMITH"}],"circlet_count":0,"master_deck":["rmod:generalist+1","MokouMod:PhoenixFeathers","rmod:diamondstrike","rmod:supportescort+1","rmod:supportaircraftcarrier","rmod:fletcherpendant","rmod:fletcherpendant","rmod:salvage+1","rmod:fletcherpendant","rmod:fletcherpendant","MokouMod:BurningDraft+1","rmod:fletcherpendant+1","rmod:fletcherpendant+1","rmod:supportescort+1","rmod:unsinkable+1","rmod:salvage+1","rmod:fletcherpendant+1","rmod:ridicule+1","rmod:fletcherpendant+1","rmod:fletcher","rmod:fletcherpendant+1","Gensokyo:FourOfAKind+1","rmod:circuitoustactics+1","rmod:fletcherpendant+1","MokouMod:Burn+1","Gensokyo:FourOfAKind+1","Gensokyo:FourOfAKind+1","Gensokyo:FourOfAKind+1","Gensokyo:FourOfAKind+1","MokouMod:PhoenixForm+1","rmod:fletcherpendant","rmod:secretscript+1","rmod:fletcherpendant","rmod:circuitoustactics+1","Gensokyo:LockedMedkit","Gensokyo:Dawn+1","rmod:fletcherpendant+1","rmod:gendarmerie+1","Gensokyo:PrivateSquare+1","Pride","rmod:acesubmarine","rmod:fletcherpendant","rmod:fletcherpendant"],"relics":["MokouMod:PhoenixFeather","LetterFromLob","The Courier","Gensokyo:YoukaiFlower","MerchantsRug","Toxic Egg 2","Smiling Mask","Moonlight_r","Philosopher\u0027s Stone","Gensokyo:DirgeOfMelancholy","Frozen Egg 2","Gensokyo:ConquerorOfFear","hexamod:CandleOfCauterizing","Kunai","bronze:DecasWashers","Cursed Key","Gensokyo:DualWield","Regal Pillow","Tiny Chest","Sozu"],"acts_visited":["Exordium","Gensokyo:Gensokyo","Gensokyo:Gensokyoer","Gensokyo:Gensokyoest"],"potions_floor_usage":[],"damage_taken":[{"damage":0.0,"enemies":"Gensokyo:3_Fairies","floor":1.0,"turns":3.0},{"damage":6.0,"enemies":"Gensokyo:2_Kodama","floor":4.0,"turns":4.0},{"damage":33.0,"enemies":"Gensokyo:Gryphon","floor":7.0,"turns":6.0},{"damage":16.0,"enemies":"Gensokyo:2_Rabbits","floor":11.0,"turns":4.0},{"damage":20.0,"enemies":"Gensokyo:Yukari","floor":16.0,"turns":9.0},{"damage":44.0,"enemies":"Gensokyo:3_Dogs","floor":18.0,"turns":5.0},{"damage":31.0,"enemies":"Gensokyo:AngelMirror","floor":19.0,"turns":5.0},{"damage":40.0,"enemies":"Gensokyo:Wraith","floor":25.0,"turns":5.0},{"damage":23.0,"enemies":"Gensokyo:Eternal_Rivals","floor":33.0,"turns":12.0},{"damage":57.0,"enemies":"Gensokyo:AncientGuardian","floor":35.0,"turns":12.0},{"damage":39,"enemies":"Gensokyo:3_Boulders","floor":38,"turns":7},{"damage":20,"enemies":"Gensokyo:3_Boulders","floor":41,"turns":8},{"damage":26,"enemies":"Gensokyo:Yuyuko","floor":50,"turns":9},{"damage":0,"enemies":"Hallownest:monsterHuskWarrior","floor":52,"turns":2},{"damage":2,"enemies":"Hallownest:2_MossCreeps","floor":53,"turns":5},{"damage":0,"enemies":"Hallownest:eliteCrystalGuardian","floor":54,"turns":6}],"seed_played":"5","potions_obtained":[{"floor":4.0,"key":"Guardian:BlockOnCardUsePotion"},{"floor":16.0,"key":"FearPotion"},{"floor":18.0,"key":"SpeedPotion"},{"floor":19.0,"key":"Fire Potion"},{"floor":33.0,"key":"EssenceOfSteel"},{"floor":41,"key":"Ancient Potion"}],"is_trial":true,"path_per_floor":["M","?","COS","M","?","R","M","?","T","?","M","$","T","?","R","B",null,"M","M","?","?","$","?","COS","M","T","?","M","T","$","?","R","B",null,"M","?","COS","M","?","R","M","?","T","R","?","$","R","?","R","B",null,"M","M","E","$"],"character_chosen":"MKU","items_purchased":["MerchantsRug","rmod:unsinkable","DollysMirror","Toxic Egg 2","Frozen Egg 2","rmod:circuitoustactics+1"],"campfire_rested":3,"item_purchase_floors":[12,12,12,12,22,22],"current_hp_per_floor":[91,91,91,85,85,85,52,60,60,60,44,44,44,3,30,10,91,47,16,16,16,16,16,16,2,2,2,2,2,2,2,2,3,58,1,1,1,1,1,1,7,7,7,39,39,39,58,58,58,58,58,58,56,56,56,56,56],"gold":507,"neow_bonus":"","is_daily":false,"chose_seed":true,"campfire_upgraded":4,"win_rate":0.0,"timestamp":1611912669,"path_taken":["M","?","COS","?","?","R","?","?","T","?","?","?","?","?","R","BOSS","M","?","?","?","?","?","COS","?","T","?","?","?","?","?","R","BOSS","M","?","COS","?","?","R","?","?","T","R","?","$","R","?","R","BOSS","M","?","?","?"],"items_purchased_type":["Relic","Card","Relic","Relic","Relic","Card"],"build_version":"2020-12-22","purchased_purges":3,"victory":false,"max_hp_per_floor":[91,91,91,91,91,91,91,91,91,91,91,91,91,91,91,91,91,91,91,91,91,88,88,88,88,88,62,58,58,58,58,58,58,58,58,58,58,58,58,58,58,58,58,58,58,58,58,58,58,58,58,58,58,58,58,58,58],"card_choices":[{"not_picked":["MokouMod:HeatTransfer","MokouMod:Sear"],"picked":"rmod:fletcherpendant","floor":1.0},{"not_picked":["MokouMod:HeatFactory","MokouMod:Meltdown","MokouMod:Sear"],"picked":"SKIP","floor":4.0},{"not_picked":["rmod:ring","MokouMod:Meltdown"],"picked":"MokouMod:BurningDraft","floor":5.0},{"not_picked":["rmod:aviationdawn","rmod:maintain","MokouMod:Wildfire"],"picked":"SKIP","floor":7.0},{"not_picked":["MokouMod:IndiscriminateIgnition","rmod:overbreakdown"],"picked":"rmod:supportescort","floor":11.0},{"not_picked":["rmod:saltedfish+1","MokouMod:Rebirth"],"picked":"rmod:ridicule+1","floor":16.0},{"not_picked":["MokouMod:Stoke+1","rmod:luckystar","MokouMod:FujiyamaVolcano+1"],"picked":"SKIP","floor":18.0},{"not_picked":["rmod:capitalist+1","MokouMod:RoaringFlare","rmod:diamondstrike"],"picked":"SKIP","floor":19.0},{"not_picked":["rmod:intelligenceanalysis+1","MokouMod:ScorchingColumn+1"],"picked":"MokouMod:Burn+1","floor":25.0},{"not_picked":["rmod:luckystar+1","rmod:heivgo+1","MokouMod:BurningHiddenBullet"],"picked":"SKIP","floor":25.0},{"not_picked":[],"picked":"MokouMod:PhoenixForm","floor":31.0},{"not_picked":["MokouMod:Ventilation+1","rmod:desperatesituation+1"],"picked":"rmod:secretscript+1","floor":33.0},{"not_picked":["MokouMod:FlareStarter+1","rmod:highspeedshooting"],"picked":"rmod:circuitoustactics+1","floor":35.0},{"not_picked":["Gensokyo:UnhurriedMind","Gensokyo:MorningStar"],"picked":"Gensokyo:Dawn","floor":38},{"not_picked":["MokouMod:FlickeringFlame+1","MokouMod:HeartofFire+1"],"picked":"rmod:gendarmerie+1","floor":41},{"not_picked":["MokouMod:RadiantBlade","rmod:secretscript+1"],"picked":"rmod:acesubmarine","floor":50},{"not_picked":["MokouMod:Scorch","rmod:aggressivemary","MokouMod:Fireball"],"picked":"SKIP","floor":52},{"not_picked":["MokouMod:Wildfire+1","rmod:capitalist+1","MokouMod:ScorchingColumn"],"picked":"SKIP","floor":53},{"not_picked":["MokouMod:ThermalPressure+1","MokouMod:Stoke+1","MokouMod:FusionFlare"],"picked":"SKIP","floor":54}],"player_experience":688791,"relics_obtained":[{"floor":1.0,"key":"LetterFromLob"},{"floor":9.0,"key":"The Courier"},{"floor":13.0,"key":"Smiling Mask"},{"floor":25.0,"key":"Gensokyo:ConquerorOfFear"},{"floor":26.0,"key":"hexamod:CandleOfCauterizing"},{"floor":29.0,"key":"bronze:DecasWashers"},{"floor":43,"key":"Tiny Chest"}],"event_choices":[],"is_beta":false,"boss_relics":[{"not_picked":["SacredBark","bronze:MakeshiftBattery"],"picked":"Philosopher\u0027s Stone"},{"not_picked":["Astrolabe","Snecko Eye"],"picked":"Cursed Key"},{"not_picked":["Velvet Choker","Runic Pyramid"],"picked":"Sozu"}],"items_purged_floors":[12,22,46],"is_endless":true,"potions_floor_spawned":[4,16,18,19,33,41],"ascension_level":0}}