{"host":"9slw7l0ws16384qq","time":1611924194,"event":{"mods":["A Penny For Your Troubles","BaseMod","Colored Map","Downfall","Evolution","Hubris","Minty Spire (QoL Compilation)","Replay The Spire","StS++","StSLib"],"gold_per_floor":[99,111,128,144,144,54,81,95,124,124,9,9,9,9,29,133,133,33,44,60,76,46,58,112,137,37,37,37,50,78,0,13,118,118,118,137,157,157,157,173,173,173,78,95,95,20,47,61,81,82],"floor_reached":51,"language":"FRA","playtime":1961,"items_purged":["bronze:Strike","bronze:Defend","bronze:Defend","bronze:Strike"],"score":714,"play_id":"247dc959-cb4b-4ee8-afbe-1bc1065fe459","local_time":"20210129134314","is_ascension_mode":false,"campfire_choices":[{"data":"bronze:CutThrough","floor":1.0,"key":"SMITH"},{"floor":13.0,"key":"REST"},{"floor":18.0,"key":"RECALL"},{"data":"bronze:Defend","floor":26.0,"key":"SMITH"},{"data":"bronze:Defend","floor":28.0,"key":"SMITH"},{"data":"bronze:Strike","floor":35.0,"key":"PURGE"}],"circlet_count":0,"master_deck":["bronze:CutThrough+1","bronze:Defend+1","bronze:Defend+1","bronze:Replicate+1","bronze:Goto+1","bronze:CutThrough+1","expansioncontent:QuickStudy"],"relics":["bronze:BronzeCore","EVO:Axolotl","hubris:Spice","Boot","downfall:ShatteredFragment","downfall:HeartBlessingGreen","Membership Card","Orichalcum","downfall:HeartBlessingRed","ClockworkSouvenir","hubris:CrystalStatue","hubris:Towel"],"acts_visited":["Exordium","TheCity","TheBeyond"],"potions_floor_usage":[50,50,50],"damage_taken":[{"damage":1.0,"enemies":"Cultist","floor":2.0,"turns":3.0},{"damage":5.0,"enemies":"Small Slimes","floor":3.0,"turns":2.0},{"damage":3.0,"enemies":"2 Louse","floor":4.0,"turns":3.0},{"damage":10.0,"enemies":"downfall:FleeingMerchant","floor":6.0,"turns":4.0},{"damage":3.0,"enemies":"2 Fungi Beasts","floor":8.0,"turns":2.0},{"damage":0.0,"enemies":"Gremlin Nob","floor":9.0,"turns":2.0},{"damage":1.0,"enemies":"downfall:FleeingMerchant","floor":11.0,"turns":4.0},{"damage":0.0,"enemies":"Gremlin Gang","floor":15.0,"turns":2.0},{"damage":21.0,"enemies":"IC_STATUS_ARCHETYPE","floor":16.0,"turns":3.0},{"damage":0.0,"enemies":"Spheric Guardian","floor":19.0,"turns":2.0},{"damage":0.0,"enemies":"3 Cultists","floor":20.0,"turns":3.0},{"damage":10.0,"enemies":"Shelled Parasite and Fungi","floor":21.0,"turns":2.0},{"damage":0.0,"enemies":"downfall:FleeingMerchant","floor":22.0,"turns":1.0},{"damage":0.0,"enemies":"Snecko","floor":23.0,"turns":2.0},{"damage":14.0,"enemies":"Slavers","floor":25.0,"turns":2.0},{"damage":0.0,"enemies":"Snake Plant","floor":29.0,"turns":2.0},{"damage":4.0,"enemies":"Replay:Snechameleon","floor":30.0,"turns":2.0},{"damage":0.0,"enemies":"Centurion and Healer","floor":32.0,"turns":2.0},{"damage":13.0,"enemies":"SI_MIRROR_ARCHETYPE","floor":33.0,"turns":3.0},{"damage":0.0,"enemies":"Orb Walker","floor":36.0,"turns":1.0},{"damage":0.0,"enemies":"3 Darklings","floor":37.0,"turns":2.0},{"damage":0.0,"enemies":"Maw","floor":40.0,"turns":3.0},{"damage":0.0,"enemies":"Sphere and 2 Shapes","floor":44.0,"turns":3.0},{"damage":0,"enemies":"Writhing Mass","floor":48,"turns":2},{"damage":0,"enemies":"Jaw Worm Horde","floor":49,"turns":2},{"damage":15,"enemies":"DF_ARCHETYPE_ORBS","floor":50,"turns":3}],"seed_played":"8993865824613245273","potions_obtained":[{"floor":3.0,"key":"StSpp:ScatteredPotion"},{"floor":4.0,"key":"Fire Potion"},{"floor":8.0,"key":"Adrenaline Potion"},{"floor":16.0,"key":"bronze:FreeFunctionsPotion"},{"floor":44.0,"key":"SteroidPotion"},{"floor":49,"key":"champ:CounterPotion"}],"is_trial":false,"path_per_floor":["R","M","M","M","?","$","T","M","E","?","$","?","R","?","M","B",null,"R_BF","M","M","M","$","M","T","E","R","?","R","M","E","$","M","B",null,"R_BF","M","M","?","?","M","T","?","$","M","?","$","T","M","M","B",null],"character_chosen":"THE_AUTOMATON","items_purchased":["Membership Card","hubris:Spice","ClockworkSouvenir","expansioncontent:QuickStudy"],"campfire_rested":1,"item_purchase_floors":[22,22,31,43],"current_hp_per_floor":[71,70,65,62,62,52,60,57,57,57,56,35,56,56,56,35,63,63,63,55,45,45,45,45,31,31,31,31,31,27,27,27,14,31,31,31,31,31,34,34,34,34,34,34,34,34,34,34,34,19],"gold":82,"neow_bonus":"ONE_RARE_RELIC","is_daily":false,"chose_seed":false,"campfire_upgraded":3,"win_rate":0.0,"timestamp":1611924194,"path_taken":["R","M","M","?","?","$","T","?","E","?","$","?","R","?","M","BOSS","R_BF","M","M","M","$","?","T","E","R","?","R","M","E","$","M","BOSS","R_BF","M","M","?","?","M","T","?","?","M","?","$","?","M","M","BOSS"],"items_purchased_type":["Relic","Relic","Relic","Card"],"build_version":"2020-12-22","purchased_purges":4,"victory":true,"max_hp_per_floor":[71,71,71,71,71,71,79,71,71,71,71,71,71,71,71,71,63,63,63,55,55,47,47,47,39,39,39,39,39,31,31,31,31,31,31,31,31,31,34,34,34,34,34,34,34,34,34,34,34,34],"card_choices":[{"not_picked":["bronze:BuggyMess","bronze:Flail"],"picked":"bronze:CutThrough","floor":2.0},{"not_picked":["bronze:Overheat","bronze:Shield","bronze:Turbo"],"picked":"SKIP","floor":3.0},{"not_picked":["bronze:Iterate","bronze:MaxOutput","bronze:BitShift"],"picked":"SKIP","floor":4.0},{"not_picked":["bronze:DelayedSlice","bronze:WhirlingStrike","bronze:Allocate"],"picked":"SKIP","floor":6.0},{"not_picked":["bronze:ItsAFeature","bronze:Iterate"],"picked":"hubris:SpiceAddiction","floor":8.0},{"not_picked":["bronze:BurnOut","bronze:MaxOutput","bronze:Shell"],"picked":"SKIP","floor":9.0},{"not_picked":["bronze:BuggyMess","bronze:BugBarrage","bronze:DelayedGuard"],"picked":"SKIP","floor":11.0},{"not_picked":["bronze:DarkDash","bronze:ItsAFeature","bronze:OilSpill"],"picked":"SKIP","floor":15.0},{"not_picked":["bronze:DelayedGuard","bronze:Constructor","bronze:Flail"],"picked":"SKIP","floor":19.0},{"not_picked":["bronze:Invalidate","bronze:DelayedSlice"],"picked":"hubris:SpiceAddiction","floor":20.0},{"not_picked":["bronze:Iterate+1","bronze:ChosenStrike+1","bronze:NullPointer"],"picked":"SKIP","floor":21.0},{"not_picked":["bronze:BronzeOrb","bronze:OilSpill+1","bronze:DelayedSlice+1"],"picked":"SKIP","floor":22.0},{"not_picked":["bronze:Flail","bronze:Invalidate","bronze:DelayedGuard"],"picked":"SKIP","floor":23.0},{"not_picked":["bronze:FindAndReplace","bronze:CutThrough","bronze:Shield"],"picked":"SKIP","floor":25.0},{"not_picked":["bronze:FineTuning","bronze:BronzeArmor+1","bronze:Deprecate"],"picked":"SKIP","floor":29.0},{"not_picked":["bronze:BuggyMess","bronze:MaxOutput","bronze:Separator"],"picked":"SKIP","floor":30.0},{"not_picked":["bronze:Allocate","hubris:SpiceAddiction","bronze:Separator"],"picked":"SKIP","floor":32.0},{"not_picked":["bronze:Return+1","bronze:BugBarrage+1","bronze:Iterate"],"picked":"SKIP","floor":36.0},{"not_picked":["bronze:BitShift","hubris:SpiceAddiction","bronze:Deprecate+1"],"picked":"SKIP","floor":37.0},{"not_picked":["bronze:Constructor+1","bronze:CutThrough+1","bronze:Overload+1"],"picked":"SKIP","floor":40.0},{"not_picked":["bronze:Shield+1","bronze:BugBarrage+1","bronze:DelayedGuard+1"],"picked":"SKIP","floor":44.0},{"not_picked":["bronze:Branch","hubris:SpiceAddiction","bronze:BitShift+1"],"picked":"SKIP","floor":48},{"not_picked":["bronze:Repulsor+1","bronze:Philosophize","bronze:DelayedSlice"],"picked":"SKIP","floor":49}],"player_experience":1538843,"relics_obtained":[{"floor":7.0,"key":"hubris:Spice"},{"floor":9.0,"key":"Boot"},{"floor":24.0,"key":"Orichalcum"},{"floor":25.0,"key":"hubris:Spice"},{"floor":30.0,"key":"hubris:Spice"},{"floor":41.0,"key":"hubris:CrystalStatue"}],"event_choices":[{"damage_healed":0.0,"max_hp_gain":0.0,"max_hp_loss":0.0,"gold_gain":0.0,"event_name":"NoteForYourself","player_choice":"Ignored","floor":14.0,"gold_loss":0.0,"damage_taken":0.0},{"damage_healed":0.0,"max_hp_gain":0.0,"max_hp_loss":0.0,"gold_gain":0.0,"event_name":"Vampires","player_choice":"Ignored","floor":27.0,"gold_loss":0.0,"damage_taken":0.0}],"is_beta":false,"boss_relics":[{"not_picked":["SacredBark","hubris:Spice"],"picked":"hubris:Spice"},{"not_picked":["hubris:Spice","hubris:Spice","hubris:Spice"]}],"items_purged_floors":[6,11,22,46],"is_endless":false,"potions_floor_spawned":[3,4,8,15,16,20,23,25,32,36,44,49],"ascension_level":0}}