{"host":"jscggscbx0p7706o","time":1611934940,"event":{"mods":["AchievementEnabler","BaseMod","Block Reminder","Colored Powertips","Filter the Spire","Minty Spire (QoL Compilation)","Permanent Neow","Quick Restart","StSLib"],"gold_per_floor":[365,379,379,9,20,35,35,35,35,89,31,50,79,79,105,105,105,208,208,221,221,3,3,23,23,23,23,23],"floor_reached":27,"language":"ENG","playtime":1117,"items_purged":["Parasite"],"score":219,"play_id":"2b98bc63-e9f9-4b87-aa14-b350557aa6fd","local_time":"20210129234220","is_ascension_mode":false,"campfire_choices":[{"data":"True Grit","floor":7.0,"key":"SMITH"},{"data":"Bash","floor":9.0,"key":"SMITH"},{"data":"True Grit","floor":16,"key":"SMITH"},{"data":"Offering","floor":17,"key":"SMITH"},{"data":"Bludgeon","floor":26,"key":"SMITH"}],"circlet_count":0,"master_deck":["Strike_R","Strike_R","Strike_R","Strike_R","Strike_R","Defend_R","Defend_R","Defend_R","Bash+1","Ghostly Armor","True Grit+1","Headbutt","Twin Strike","Offering+1","Shrug It Off","True Grit+1","Bludgeon+1","Evolve","Writhe"],"relics":["Burning Blood","Torii","Medical Kit","Tiny Chest","The Courier","Toy Ornithopter","Letter Opener","Art of War","Cursed Key","MawBank","ClockworkSouvenir","Gremlin Horn"],"acts_visited":["Exordium","TheCity"],"potions_floor_usage":[],"damage_taken":[{"damage":1.0,"enemies":"2 Louse","floor":1.0,"turns":3.0},{"damage":1.0,"enemies":"Jaw Worm","floor":2.0,"turns":3.0},{"damage":1.0,"enemies":"Cultist","floor":5.0,"turns":4.0},{"damage":20.0,"enemies":"Exordium Wildlife","floor":6.0,"turns":10.0},{"damage":7.0,"enemies":"Exordium Thugs","floor":12.0,"turns":5.0},{"damage":28.0,"enemies":"Gremlin Nob","floor":13.0,"turns":4.0},{"damage":25,"enemies":"Lagavulin","floor":15,"turns":6},{"damage":13,"enemies":"Hexaghost","floor":18,"turns":14},{"damage":1,"enemies":"Chosen","floor":20,"turns":4},{"damage":8,"enemies":"2 Thieves","floor":24,"turns":4},{"damage":7,"enemies":"Gremlin Leader","floor":27,"turns":4}],"seed_played":"-1538397737284874606","potions_obtained":[{"floor":1.0,"key":"ElixirPotion"},{"floor":5.0,"key":"PowerPotion"},{"floor":6.0,"key":"Dexterity Potion"},{"floor":12.0,"key":"AttackPotion"},{"floor":15,"key":"Regen Potion"}],"is_trial":false,"path_per_floor":["M","M","?","$","M","M","R","T","R","T","$","M","E","?","E","R","R","B",null,"M","T","$","?","M","?","R","E"],"character_chosen":"IRONCLAD","items_purchased":["True Grit","Headbutt","Medical Kit","Tiny Chest","Offering","Evolve","ClockworkSouvenir"],"campfire_rested":0,"item_purchase_floors":[4,4,4,4,11,22,22],"current_hp_per_floor":[72,72,69,69,72,58,58,58,58,58,58,57,40,40,21,21,21,14,72,72,72,69,63,61,61,61,54,54],"gold":23,"neow_bonus":"TWO_FIFTY_GOLD","is_daily":false,"chose_seed":false,"campfire_upgraded":5,"win_rate":0.0,"timestamp":1611934940,"path_taken":["M","M","?","$","M","M","R","?","R","T","$","?","E","?","E","R","R","BOSS","M","?","$","?","?","?","R","E"],"items_purchased_type":["Card","Card","Relic","Relic","Card","Card","Relic"],"build_version":"2020-12-22","purchased_purges":1,"victory":false,"max_hp_per_floor":[72,72,72,72,72,72,72,72,72,72,72,72,72,72,72,72,72,72,72,72,72,69,69,69,69,69,69,69],"card_choices":[{"not_picked":["Clash","Infernal Blade"],"picked":"Ghostly Armor","floor":1.0},{"not_picked":["Second Wind","Power Through","Combust"],"picked":"SKIP","floor":2.0},{"not_picked":["Seeing Red","Clash","Armaments"],"picked":"SKIP","floor":5.0},{"not_picked":["Anger","Thunderclap"],"picked":"Twin Strike","floor":6.0},{"not_picked":["Bludgeon","Havoc"],"picked":"Shrug It Off","floor":12.0},{"not_picked":["Havoc","Carnage","Intimidate"],"picked":"SKIP","floor":13.0},{"not_picked":["Twin Strike","Blood for Blood"],"picked":"True Grit","floor":15},{"not_picked":["Exhume","Juggernaut"],"picked":"Bludgeon","floor":18},{"not_picked":["Heavy Blade","Rampage","Body Slam"],"picked":"SKIP","floor":20},{"not_picked":["Sword Boomerang","Twin Strike","Carnage"],"picked":"SKIP","floor":24}],"player_experience":355198,"relics_obtained":[{"floor":8.0,"key":"The Courier"},{"floor":10.0,"key":"Toy Ornithopter"},{"floor":13.0,"key":"Letter Opener"},{"floor":15,"key":"Art of War"},{"floor":21,"key":"MawBank"}],"event_choices":[{"damage_healed":0.0,"max_hp_gain":0.0,"max_hp_loss":0.0,"gold_gain":0.0,"event_name":"Scrap Ooze","player_choice":"Success","floor":3.0,"gold_loss":0.0,"damage_taken":3.0,"relics_obtained":["Torii"]},{"cards_removed":["Defend_R"],"damage_healed":0.0,"max_hp_gain":0.0,"max_hp_loss":0.0,"gold_gain":0.0,"event_name":"Wheel of Change","player_choice":"Card Removal","floor":14.0,"gold_loss":0.0,"damage_taken":0.0},{"damage_healed":0,"gold_gain":0,"player_choice":"","damage_taken":6,"max_hp_gain":0,"max_hp_loss":0,"event_name":"Knowing Skull","floor":23,"potions_obtained":[],"gold_loss":0,"cards_obtained":[]},{"damage_healed":0,"gold_gain":0,"player_choice":"Opened","damage_taken":0,"relics_obtained":["Gremlin Horn"],"max_hp_gain":0,"max_hp_loss":0,"event_name":"The Mausoleum","floor":25,"gold_loss":0,"cards_obtained":["Writhe"]}],"is_beta":false,"boss_relics":[{"not_picked":["Calling Bell","Pandora\u0027s Box"],"picked":"Cursed Key"}],"items_purged_floors":[22],"is_endless":false,"potions_floor_spawned":[1,5,6,12,15],"killed_by":"Gremlin Leader","ascension_level":0}}