{"host":"pe7ycb8t2t906so2","time":1611885128,"event":{"mods":["BaseMod","Colored Map","Highlight Path","Minty Spire (QoL Compilation)"],"gold_per_floor":[209,229,154,154,173,192,192,208,208,208,228,228,238,291,291,369,369,383,402,415,146,146,180,193,193,244,244,259,309,326,241,241,312,312,324,12,32,32,32,32,46,46,46,46,46,46,61,78,78,78],"floor_reached":51,"language":"FRA","playtime":3396,"items_purged":["Eruption","Strike_P","ThirdEye"],"score":1230,"play_id":"1dd0eac3-1cb8-46c5-9113-bab82b42a9f7","local_time":"20210128205208","is_ascension_mode":true,"campfire_choices":[{"data":"PathToVictory","floor":7,"key":"SMITH"},{"data":"PathToVictory","floor":12,"key":"SMITH"},{"data":"LikeWater","floor":15,"key":"SMITH"},{"floor":25,"key":"REST"},{"floor":27,"key":"REST"},{"data":"LikeWater","floor":32,"key":"SMITH"},{"data":"PathToVictory","floor":40,"key":"SMITH"},{"data":"PathToVictory","floor":46,"key":"SMITH"},{"floor":49,"key":"REST"}],"circlet_count":0,"master_deck":["AscendersBane","Defend_P+1","Defend_P+1","Defend_P+1","Defend_P+1","Vigilance","PathToVictory+1","LikeWater+1","PathToVictory+1","LikeWater+1","LikeWater+1","PathToVictory+1","Sanctity+1","Study+1","PathToVictory+1"],"relics":["PureWater","Bottled Tornado","Empty Cage","Melange","Pantograph","Strawberry","Frozen Egg 2","Velvet Choker","Peace Pipe"],"acts_visited":["Exordium","TheCity","TheBeyond"],"potions_floor_usage":[16,16,19,20,41,47],"damage_taken":[{"damage":10,"enemies":"Small Slimes","floor":1,"turns":5},{"damage":1,"enemies":"Cultist","floor":2,"turns":4},{"damage":0,"enemies":"Jaw Worm","floor":5,"turns":4},{"damage":3,"enemies":"Blue Slaver","floor":6,"turns":4},{"damage":1,"enemies":"Looter","floor":8,"turns":3},{"damage":5,"enemies":"Large Slime","floor":11,"turns":3},{"damage":0,"enemies":"Blue Slaver","floor":13,"turns":4},{"damage":8,"enemies":"Slime Boss","floor":16,"turns":5},{"damage":4,"enemies":"Shell Parasite","floor":18,"turns":4},{"damage":18,"enemies":"2 Thieves","floor":19,"turns":5},{"damage":7,"enemies":"Chosen and Byrds","floor":20,"turns":7},{"damage":18,"enemies":"Gremlin Leader","floor":23,"turns":5},{"damage":4,"enemies":"Sentry and Sphere","floor":24,"turns":9},{"damage":11,"enemies":"Cultist and Chosen","floor":28,"turns":7},{"damage":9,"enemies":"Snake Plant","floor":30,"turns":4},{"damage":29,"enemies":"Collector","floor":33,"turns":6},{"damage":0,"enemies":"Orb Walker","floor":35,"turns":4},{"damage":12,"enemies":"3 Shapes","floor":37,"turns":5},{"damage":8,"enemies":"Sphere and 2 Shapes","floor":41,"turns":6},{"damage":23,"enemies":"Writhing Mass","floor":47,"turns":4},{"damage":0,"enemies":"Maw","floor":48,"turns":4},{"damage":66,"enemies":"Awakened One","floor":50,"turns":9}],"seed_played":"2559735735505445699","potions_obtained":[{"floor":1,"key":"Swift Potion"},{"floor":8,"key":"FearPotion"},{"floor":11,"key":"GamblersBrew"},{"floor":18,"key":"Fire Potion"},{"floor":19,"key":"GamblersBrew"},{"floor":28,"key":"GamblersBrew"},{"floor":37,"key":"Explosive Potion"},{"floor":41,"key":"Block Potion"}],"is_trial":false,"path_per_floor":["M","M","$","?","M","M","R","M","T","?","M","R","M","T","R","B",null,"M","M","M","$","?","E","M","R","T","R","M","?","M","?","R","B",null,"M","$","M","?","?","R","M","?","T","?","?","R","M","M","R","B",null],"character_chosen":"WATCHER","items_purchased":["Melange","FairyPotion","Study+1"],"campfire_rested":3,"item_purchase_floors":[21,36,36],"current_hp_per_floor":[51,50,50,50,50,47,47,46,46,46,41,41,41,41,41,33,59,55,37,30,30,30,12,8,28,35,57,46,46,37,37,37,33,65,65,65,53,53,53,53,45,45,45,45,45,45,22,22,43,2],"gold":78,"neow_bonus":"HUNDRED_GOLD","is_daily":false,"chose_seed":false,"campfire_upgraded":6,"win_rate":0.0,"timestamp":1611885128,"path_taken":["M","M","$","?","M","?","R","M","T","?","M","R","M","?","R","BOSS","M","M","M","$","?","E","M","R","T","R","M","?","M","?","R","BOSS","M","$","M","?","?","R","?","?","T","?","?","R","M","M","R","BOSS"],"items_purchased_type":["Relic","Potion","Card"],"build_version":"2020-12-22","purchased_purges":3,"victory":true,"max_hp_per_floor":[68,68,68,68,68,68,68,68,68,68,68,68,68,68,68,68,68,68,68,68,68,68,68,68,68,75,75,75,75,75,75,75,75,75,75,75,75,75,75,75,75,75,75,75,71,71,71,71,71,71],"card_choices":[{"not_picked":["ReachHeaven","FollowUp"],"picked":"PathToVictory","floor":1},{"not_picked":["Prostrate","SashWhip","BowlingBash"],"picked":"SKIP","floor":2},{"not_picked":["Perseverance","EmptyFist"],"picked":"LikeWater","floor":5},{"not_picked":["Consecrate","Tantrum"],"picked":"PathToVictory","floor":6},{"not_picked":["FlurryOfBlows","Collect"],"picked":"ThirdEye","floor":8},{"not_picked":["WheelKick","Study"],"picked":"LikeWater","floor":11},{"not_picked":["MentalFortress","Crescendo","FollowUp"],"picked":"SKIP","floor":13},{"not_picked":["Tantrum","WindmillStrike","SandsOfTime"],"picked":"SKIP","floor":18},{"not_picked":["FearNoEvil","Pray","ClearTheMind"],"picked":"SKIP","floor":19},{"not_picked":["Prostrate","FollowUp"],"picked":"CutThroughFate","floor":20},{"not_picked":["CrushJoints+1","EmptyBody"],"picked":"LikeWater","floor":23},{"not_picked":["SashWhip+1","Halt"],"picked":"PathToVictory","floor":24},{"not_picked":["Weave","Study"],"picked":"Sanctity+1","floor":28},{"not_picked":["Halt","FlurryOfBlows+1","Wireheading"],"picked":"SKIP","floor":30},{"not_picked":["Wallop","WheelKick+1","FlurryOfBlows+1"],"picked":"SKIP","floor":35},{"not_picked":["EmptyMind","FollowUp"],"picked":"PathToVictory","floor":37},{"not_picked":["Consecrate","InnerPeace+1","Evaluate+1"],"picked":"SKIP","floor":41},{"not_picked":["CrushJoints","Protect","MentalFortress+1"],"picked":"SKIP","floor":47},{"not_picked":["ClearTheMind","Blasphemy","BowlingBash+1"],"picked":"SKIP","floor":48}],"player_experience":971079,"relics_obtained":[{"floor":9,"key":"Bottled Tornado"},{"floor":23,"key":"Pantograph"},{"floor":26,"key":"Strawberry"},{"floor":43,"key":"Peace Pipe"}],"event_choices":[{"cards_removed":["Strike_P"],"damage_healed":0,"gold_gain":0,"player_choice":"Offered Basic","damage_taken":0,"max_hp_gain":0,"max_hp_loss":0,"event_name":"Bonfire Elementals","floor":4,"gold_loss":0},{"damage_healed":0,"gold_gain":0,"player_choice":"Ignored","damage_taken":0,"max_hp_gain":0,"max_hp_loss":0,"event_name":"Liars Game","floor":10,"gold_loss":0},{"damage_healed":0,"gold_gain":0,"player_choice":"Simplicity","damage_taken":0,"max_hp_gain":0,"max_hp_loss":0,"event_name":"Back to Basics","floor":22,"gold_loss":0,"cards_upgraded":["Defend_P","Defend_P","Defend_P","Defend_P"]},{"damage_healed":0,"gold_gain":50,"player_choice":"Stole From Cult","damage_taken":0,"max_hp_gain":0,"max_hp_loss":0,"event_name":"Nest","floor":29,"gold_loss":0},{"damage_healed":0,"gold_gain":0,"player_choice":"Obtained Relic","damage_taken":0,"relics_obtained":["Frozen Egg 2"],"max_hp_gain":0,"max_hp_loss":0,"event_name":"Addict","floor":31,"gold_loss":85},{"cards_removed":["CutThroughFate"],"damage_healed":0,"gold_gain":0,"player_choice":"Removed Attack","damage_taken":0,"max_hp_gain":0,"max_hp_loss":0,"event_name":"Falling","floor":38,"gold_loss":0},{"damage_healed":0,"gold_gain":0,"player_choice":"Forge","damage_taken":0,"max_hp_gain":0,"max_hp_loss":0,"event_name":"Accursed Blacksmith","floor":39,"gold_loss":0,"cards_upgraded":["LikeWater"]},{"damage_healed":0,"gold_gain":0,"player_choice":"Ignored","damage_taken":0,"max_hp_gain":0,"max_hp_loss":0,"event_name":"Tomb of Lord Red Mask","floor":42,"gold_loss":0},{"damage_healed":0,"gold_gain":0,"player_choice":"Ignored","damage_taken":0,"max_hp_gain":0,"max_hp_loss":0,"event_name":"Mysterious Sphere","floor":44,"gold_loss":0},{"damage_healed":0,"gold_gain":0,"player_choice":"Max HP","damage_taken":0,"max_hp_gain":0,"max_hp_loss":4,"event_name":"Winding Halls","floor":45,"gold_loss":0}],"is_beta":false,"boss_relics":[{"not_picked":["Coffee Dripper","Runic Pyramid"],"picked":"Empty Cage"},{"not_picked":["SlaversCollar","HolyWater"],"picked":"Velvet Choker"}],"items_purged_floors":[3,21,36],"is_endless":false,"potions_floor_spawned":[1,8,11,18,19,28,37,41],"ascension_level":17}}