{"host":"vqd8yewason9t24a","time":1611945589,"event":{"mods":["AchievementEnabler","Act Like it!","Aspiration","BaseMod","Better Match","Better Note","BetterRewards","Block Reminder","Card Forge","Colored Map","Colored Powertips","Conspire","DeckTracker","Downfall","Energized Spire","Friendly Minions","Highlight Path","Hubris","Infinite Spire","Minty Spire (QoL Compilation)","Quick Restart","READ ME - Guardian Mod","Rare Cards Sparkle","Relic Stats","Replay The Spire","Spikes Relics","StSLib","SuperFastMode"],"gold_per_floor":[99,116,132,147,63,96,119,119,148,148,48,59,59,89,109,208,208,108,118,118,118,137,137,137,137,156,188,200,219,232,246,266,370,370,270,285,295,312,312,332,355,455,466,18,31,46,46,74,90,90,90,90],"floor_reached":50,"language":"ENG","playtime":7784,"items_purged":[],"score":622,"play_id":"8953923f-335c-460a-992e-a3e23cf4a09a","local_time":"20210129103949","is_ascension_mode":false,"campfire_choices":[{"floor":1,"key":"RECALL"},{"floor":11,"key":"REST"},{"floor":13,"key":"REST"},{"floor":18,"key":"REST"},{"floor":23,"key":"REST"},{"floor":25,"key":"REST"},{"floor":35,"key":"REST"},{"floor":47,"key":"REST"}],"circlet_count":0,"master_deck":["Guardian:Strike_Guardian+1","Guardian:Strike_Guardian+1","Guardian:Strike_Guardian+1","Guardian:Defend_Guardian+1","Guardian:Defend_Guardian+1","Guardian:Defend_Guardian+1","Guardian:Defend_Guardian+1","Guardian:CurlUp+1","Guardian:TwinSlam+1","Guardian:Incinerate+1","Guardian:BronzeOrb+1","Guardian:FloatingOrbs+1","Guardian:Clone+1","Guardian:PiercingHide+1","Guardian:StasisStrike+1","Guardian:CrystalBeam+1","Guardian:SphericShield+1","Guardian:Suspension+1","RitualDagger+1","Guardian:TemporalStrike+1","Guardian:ChargeCore+1","Guardian:TimeCapacitor+1","Guardian:EvasiveProtocol+1","Guardian:VentSteam+1","Guardian:FastForward+1","Guardian:BodySlam+1","Guardian:Planning+1","Guardian:WalkerClaw+1","hubris:Fate+1","Guardian:BronzeOrb+1","CurseOfTheBell","CurseOfTheBell","Guardian:SphericShield+1","Guardian:RollAttack+1","Guardian:ArmoredProtocol+1","Guardian:PrismaticBeam+1","Guardian:TemporalStrike+1","Guardian:ShieldSpikes+1","Guardian:FloatingOrbs+1"],"relics":["Guardian:ModeShifter","Hammer of Thor","Seething Fire","Anvil of the Gods","Meat on the Bone","Molten Egg 2","ReplayTheSpireMod:TigerMarble","downfall:HeartBlessingRed","infinitespire:Satchel","conspire:SpecialSausage","downfall:HeartBlessingBlue","ShockBauble","hubris:CrystalStatue","SacredBark","downfall:HeartBlessingGreen","hubris:ScarierMask","MealTicket","downfall:ExtraCursedBell","hubris:TenFootPole","RetroEgg","conspire:GlowingRock","conspire:TreasureMap","Strawberry","Bag of Marbles"],"acts_visited":["Exordium","TheCity","TheBeyond"],"potions_floor_usage":[50,50],"damage_taken":[{"damage":0,"enemies":"Jaw Worm","floor":2,"turns":3},{"damage":0,"enemies":"2 Louse","floor":3,"turns":2},{"damage":5,"enemies":"Small Slimes","floor":4,"turns":3},{"damage":10,"enemies":"downfall:FleeingMerchant","floor":5,"turns":4},{"damage":6,"enemies":"3 Sentries","floor":6,"turns":7},{"damage":12,"enemies":"Lagavulin","floor":9,"turns":6},{"damage":0,"enemies":"Exordium Thugs","floor":12,"turns":2},{"damage":1,"enemies":"3 Sentries","floor":14,"turns":5},{"damage":0,"enemies":"Gremlin Gang","floor":15,"turns":3},{"damage":15,"enemies":"IC_STATUS_ARCHETYPE","floor":16,"turns":5},{"damage":0,"enemies":"Shell Parasite","floor":19,"turns":4},{"damage":0,"enemies":"Cultist and Chosen","floor":22,"turns":5},{"damage":14,"enemies":"Snake Plant","floor":26,"turns":3},{"damage":12,"enemies":"Book of Stabbing","floor":27,"turns":4},{"damage":0,"enemies":"Snecko","floor":28,"turns":3},{"damage":1,"enemies":"Sentry and Sphere","floor":29,"turns":3},{"damage":16,"enemies":"Snake Plant","floor":30,"turns":3},{"damage":3,"enemies":"Shelled Parasite and Fungi","floor":31,"turns":3},{"damage":3,"enemies":"Cultist and Chosen","floor":32,"turns":3},{"damage":30,"enemies":"WA_ARCHETYPE_CALM","floor":33,"turns":9},{"damage":22,"enemies":"3 Darklings","floor":36,"turns":6},{"damage":0,"enemies":"3 Shapes","floor":37,"turns":4},{"damage":0,"enemies":"Transient","floor":38,"turns":5},{"damage":15,"enemies":"4 Shapes","floor":40,"turns":3},{"damage":0,"enemies":"Writhing Mass","floor":43,"turns":3},{"damage":0,"enemies":"downfall:FleeingMerchant","floor":44,"turns":4},{"damage":1,"enemies":"Jaw Worm Horde","floor":45,"turns":3},{"damage":0,"enemies":"Sphere and 2 Shapes","floor":46,"turns":1},{"damage":69,"enemies":"Reptomancer","floor":48,"turns":5},{"damage":0,"enemies":"Writhing Mass","floor":49,"turns":5},{"damage":140,"enemies":"SI_POISON_ARCHETYPE","floor":50,"turns":5}],"seed_played":"-4793784532792524703","potions_obtained":[{"floor":2,"key":"Energy Potion"},{"floor":4,"key":"Adrenaline Potion"},{"floor":12,"key":"Swift Potion"},{"floor":33,"key":"FairyPotion"},{"floor":40,"key":"hexamod:SoulburnPotion"}],"is_trial":false,"path_per_floor":["R","M","M","M","$","E","T","?","E","?","R","M","R","E","M","B",null,"R","M","?","?","M","R","T","R","M","E","M","M","M","M","M","B",null,"R","M","M","M","AVR","M","T","?","M","$","M","M","R","E","M","B"],"character_chosen":"GUARDIAN","items_purchased":["Guardian:FloatingOrbs","Guardian:Gem_Red","conspire:TreasureMap","Strawberry","Guardian:PrismaticBeam+1"],"campfire_rested":7,"item_purchase_floors":[5,44,44,44,44],"current_hp_per_floor":[88,88,88,83,73,67,67,67,55,55,81,81,88,87,87,72,88,98,98,98,92,92,98,98,98,84,73,73,72,56,53,50,32,99,99,77,77,77,77,62,62,67,67,89,92,92,111,62,62,0,0,0],"gold":90,"neow_bonus":"TEN_PERCENT_HP_BONUS","is_daily":false,"chose_seed":false,"campfire_upgraded":0,"win_rate":0.0,"timestamp":1611945589,"path_taken":["R","M","M","M","$","E","T","?","E","?","R","M","R","E","M","BOSS","R","M","?","?","M","R","T","R","M","E","?","M","?","M","M","BOSS","R","M","M","M","AVR","M","T","?","M","$","M","M","R","E","M","BOSS"],"items_purchased_type":["Card","Card","Relic","Relic","Card"],"build_version":"2020-12-22","purchased_purges":0,"victory":false,"max_hp_per_floor":[88,88,88,88,88,88,88,88,88,88,88,88,88,88,88,88,88,98,98,98,98,98,98,98,98,98,99,99,99,99,99,99,99,99,99,99,99,99,99,99,99,104,104,111,111,111,111,111,111,111,111,111],"relic_stats":{"counters":[31,124],"MealTicket":15,"obtain_stats":[{"conspire:TreasureMap":44,"ShockBauble":24,"hubris:CrystalStatue":27,"downfall:HeartBlessingRed":11,"SacredBark":34,"RetroEgg":42,"Guardian:ModeShifter":0,"conspire:SpecialSausage":17,"downfall:HeartBlessingGreen":35,"Hammer of Thor":0,"Seething Fire":0,"conspire:GlowingRock":42,"Anvil of the Gods":0,"downfall:HeartBlessingBlue":18,"Strawberry":44,"infinitespire:Satchel":14,"hubris:ScarierMask":39,"Molten Egg 2":8,"MealTicket":41,"ReplayTheSpireMod:TigerMarble":9,"hubris:TenFootPole":42,"Bag of Marbles":48,"downfall:ExtraCursedBell":42,"Meat on the Bone":6},{"conspire:TreasureMap":26,"ShockBauble":12,"hubris:CrystalStatue":14,"downfall:HeartBlessingRed":6,"SacredBark":20,"RetroEgg":24,"Guardian:ModeShifter":0,"conspire:SpecialSausage":10,"downfall:HeartBlessingGreen":20,"Hammer of Thor":0,"Seething Fire":0,"conspire:GlowingRock":24,"Anvil of the Gods":0,"downfall:HeartBlessingBlue":10,"Strawberry":26,"infinitespire:Satchel":8,"hubris:ScarierMask":23,"Molten Egg 2":5,"MealTicket":24,"ReplayTheSpireMod:TigerMarble":6,"hubris:TenFootPole":24,"Bag of Marbles":29,"downfall:ExtraCursedBell":24,"Meat on the Bone":5},{"conspire:TreasureMap":105,"ShockBauble":49,"hubris:CrystalStatue":56,"downfall:HeartBlessingRed":25,"SacredBark":80,"RetroEgg":98,"Guardian:ModeShifter":0,"conspire:SpecialSausage":40,"downfall:HeartBlessingGreen":80,"Hammer of Thor":0,"Seething Fire":0,"conspire:GlowingRock":98,"Anvil of the Gods":0,"downfall:HeartBlessingBlue":40,"Strawberry":105,"infinitespire:Satchel":32,"hubris:ScarierMask":95,"Molten Egg 2":19,"MealTicket":98,"ReplayTheSpireMod:TigerMarble":25,"hubris:TenFootPole":98,"Bag of Marbles":114,"downfall:ExtraCursedBell":98,"Meat on the Bone":19}],"Meat on the Bone":24},"card_choices":[{"not_picked":["Guardian:Planning","Guardian:PrimingBeam"],"picked":"Guardian:Incinerate","floor":2},{"not_picked":["Guardian:Gem_White","Guardian:BaubleBeam"],"picked":"Guardian:Gem_Cyan","floor":3},{"not_picked":["Guardian:MultiBeam","Guardian:Recover"],"picked":"Guardian:Gem_Blue","floor":4},{"not_picked":["Guardian:Harden","Guardian:SpikerProtocol"],"picked":"Guardian:BronzeOrb","floor":5},{"not_picked":["Guardian:Incinerate","Guardian:CrystalBeam"],"picked":"Guardian:Gem_Yellow","floor":6},{"not_picked":["Guardian:Gem_Lightblue","Guardian:Gem_Green"],"picked":"Guardian:Clone","floor":9},{"not_picked":["Guardian:ArmoredProtocol","Guardian:Gem_Red"],"picked":"Guardian:StasisStrike+1","floor":12},{"not_picked":["Guardian:VentSteam","Guardian:Planning"],"picked":"Guardian:Gem_Lightblue","floor":14},{"not_picked":["Guardian:EvasiveProtocol","Guardian:Gem_Cyan"],"picked":"Guardian:CrystalBeam+1","floor":15},{"not_picked":["Guardian:Gem_Synthetic","Guardian:ExploitGems"],"picked":"Guardian:SphericShield","floor":16},{"not_picked":["Guardian:TemporalStrike+1","Guardian:WalkerClaw+1"],"picked":"Guardian:Suspension","floor":19},{"not_picked":["Guardian:MultiBeam+1","Guardian:ShieldSpikes"],"picked":"Guardian:Gem_Cyan","floor":22},{"not_picked":["Guardian:Incinerate+1","Guardian:ArmoredProtocol"],"picked":"Guardian:TemporalStrike+1","floor":26},{"not_picked":["Guardian:Gem_Green","Guardian:Gem_Crimson"],"picked":"Guardian:ChargeCore+1","floor":27},{"not_picked":["Guardian:Harden","Guardian:TimeBomb+1"],"picked":"Guardian:TimeCapacitor","floor":28},{"not_picked":["Guardian:CrystalBeam+1","Guardian:Gem_Lightblue"],"picked":"Guardian:Gem_Blue","floor":29},{"not_picked":["Guardian:MultiBeam+1","Guardian:Clone"],"picked":"Guardian:EvasiveProtocol","floor":30},{"not_picked":["Guardian:PolyBeam+1","Guardian:RollAttack+1"],"picked":"Guardian:Gem_Crimson","floor":31},{"not_picked":["Guardian:HyperBeam_Guardian+1","Guardian:ChargeCore+1"],"picked":"Guardian:VentSteam+1","floor":32},{"not_picked":["Guardian:Gem_Synthetic","Guardian:SphericShield"],"picked":"Guardian:FastForward","floor":33},{"not_picked":["Guardian:ShieldCharger","Guardian:Emergency"],"picked":"Guardian:BodySlam+1","floor":36},{"not_picked":["Guardian:Harden","Guardian:ChargeCore+1"],"picked":"Guardian:Planning","floor":37},{"not_picked":["Guardian:Repulse","Guardian:RollAttack+1"],"picked":"Guardian:WalkerClaw+1","floor":38},{"not_picked":["Guardian:PolyBeam+1","Guardian:Planning+1"],"picked":"Guardian:BronzeOrb+1","floor":40},{"not_picked":["Guardian:BodySlam+1","Guardian:DonusPower+1"],"picked":"Guardian:RollAttack+1","floor":43},{"not_picked":["Guardian:MultiBeam+1","Guardian:EvasiveProtocol"],"picked":"Guardian:ArmoredProtocol","floor":44},{"not_picked":["Guardian:Recover","Guardian:BronzeArmor"],"picked":"Guardian:TemporalStrike+1","floor":45},{"not_picked":["Guardian:Preprogram+1","Guardian:EvasiveProtocol"],"picked":"Guardian:Gem_Red","floor":46},{"not_picked":["Guardian:Gem_Yellow","Guardian:RefractedBeam+1"],"picked":"Guardian:ShieldSpikes","floor":48},{"not_picked":["Guardian:Suspension","Guardian:RollAttack+1"],"picked":"Guardian:FloatingOrbs+1","floor":49}],"player_experience":545259,"relics_obtained":[{"floor":6,"key":"Meat on the Bone"},{"floor":9,"key":"ReplayTheSpireMod:TigerMarble"},{"floor":14,"key":"infinitespire:Satchel"},{"floor":24,"key":"ShockBauble"},{"floor":27,"key":"hubris:CrystalStatue"},{"floor":41,"key":"MealTicket"},{"floor":42,"key":"hubris:TenFootPole"},{"floor":42,"key":"RetroEgg"},{"floor":42,"key":"conspire:GlowingRock"},{"floor":48,"key":"Bag of Marbles"}],"event_choices":[{"damage_healed":0,"gold_gain":0,"player_choice":"Ignored","damage_taken":0,"max_hp_gain":0,"max_hp_loss":0,"event_name":"betterNote:BetterNote","floor":20,"gold_loss":0,"cards_obtained":["Slimebound:SlimeSpikes"]}],"is_beta":false,"boss_relics":[{"not_picked":["hubris:CrackedHourglass","Replay:Drink Me"],"picked":"conspire:SpecialSausage"},{"not_picked":["Ring of Chaos","ReplayTheSpireMod:DimensionalGlitch"],"picked":"SacredBark"}],"items_purged_floors":[],"is_endless":false,"potions_floor_spawned":[2,4,12,16,22,27,32,33,38,40,43,45,48],"killed_by":"SI_POISON_ARCHETYPE","ascension_level":0}}