{"host":"8rqsnaeml9gxb0kp","time":1611884262,"event":{"mods":["AchievementEnabler","BaseMod","Dark Map","Minty Spire (QoL Compilation)","Relic Stats","StSLib","slay the spire mod where everything is the same but ironclad has a cowboy hat"],"gold_per_floor":[113,38,56,76,88,113,113,143,143,143,163,183,199,199,199,278,278,292,309,66,66,66,66],"floor_reached":22,"language":"ENG","playtime":765,"items_purged":["Defend_R"],"score":368,"play_id":"d22bb820-ef5e-4962-af88-52176e73ecc2","local_time":"20210128173742","is_ascension_mode":true,"campfire_choices":[{"floor":7,"key":"REST"},{"floor":10,"key":"REST"},{"floor":15,"key":"REST"}],"circlet_count":0,"master_deck":["AscendersBane","Strike_R","Strike_R","Strike_R","Strike_R","Strike_R","Defend_R","Defend_R","Defend_R","Bash","Thunderclap","Twin Strike","Headbutt","Perfected Strike","Immolate","Uppercut","Shockwave","Clothesline","Headbutt","Demon Form","Clothesline","Headbutt"],"relics":["SacredBark","Bird Faced Urn","Ornamental Fan","Pantograph","Busted Crown","Eternal Feather"],"acts_visited":["Exordium","TheCity"],"potions_floor_usage":[6,8,8,12,16],"damage_taken":[{"damage":6,"enemies":"Cultist","floor":1,"turns":3},{"damage":13,"enemies":"Jaw Worm","floor":3,"turns":4},{"damage":7,"enemies":"2 Louse","floor":4,"turns":3},{"damage":23,"enemies":"Exordium Thugs","floor":5,"turns":5},{"damage":12,"enemies":"Gremlin Nob","floor":6,"turns":2},{"damage":30,"enemies":"Lagavulin","floor":8,"turns":4},{"damage":9,"enemies":"Blue Slaver","floor":11,"turns":2},{"damage":10,"enemies":"3 Louse","floor":12,"turns":2},{"damage":6,"enemies":"Exordium Thugs","floor":13,"turns":3},{"damage":37,"enemies":"Hexaghost","floor":16,"turns":9},{"damage":36,"enemies":"Shell Parasite","floor":18,"turns":5},{"damage":27,"enemies":"3 Byrds","floor":19,"turns":6},{"damage":9,"enemies":"Snecko","floor":22,"turns":2}],"seed_played":"-2629280758510089303","potions_obtained":[{"floor":4,"key":"SkillPotion"},{"floor":5,"key":"LiquidBronze"},{"floor":6,"key":"Explosive Potion"},{"floor":8,"key":"FearPotion"},{"floor":13,"key":"Energy Potion"}],"is_trial":false,"path_per_floor":["M","$","M","M","M","E","R","E","T","R","M","M","M","?","R","B",null,"M","M","$","?","M"],"character_chosen":"IRONCLAD","items_purchased":["Eternal Feather"],"campfire_rested":3,"item_purchase_floors":[20],"current_hp_per_floor":[66,66,53,46,23,11,35,5,5,29,20,10,4,4,28,16,64,28,1,1,1,0,0],"gold":66,"neow_bonus":"BOSS_RELIC","is_daily":false,"chose_seed":false,"campfire_upgraded":0,"win_rate":0.0,"timestamp":1611884262,"path_taken":["M","?","M","M","M","E","R","E","T","R","M","M","M","?","R","BOSS","M","M","$","?","M"],"items_purchased_type":["Relic"],"build_version":"2020-12-22","purchased_purges":1,"victory":false,"max_hp_per_floor":[80,80,80,80,80,80,80,80,80,80,80,80,80,80,80,80,80,80,80,80,80,80,80],"relic_stats":{"Busted Crown":4,"counters":[13,50],"Ornamental Fan":[48],"Bird Faced Urn":[0],"Pantograph":25,"Eternal Feather":0,"obtain_stats":[{"Busted Crown":17,"Ornamental Fan":8,"SacredBark":0,"Bird Faced Urn":6,"Pantograph":9,"Eternal Feather":20,"Burning Blood":0},{"Busted Crown":10,"Ornamental Fan":6,"SacredBark":0,"Bird Faced Urn":5,"Pantograph":6,"Eternal Feather":12,"Burning Blood":0},{"Busted Crown":37,"Ornamental Fan":21,"SacredBark":0,"Bird Faced Urn":17,"Pantograph":21,"Eternal Feather":48,"Burning Blood":0}]},"card_choices":[{"not_picked":["Anger","Dual Wield"],"picked":"Thunderclap","floor":1},{"not_picked":["Searing Blow","Anger"],"picked":"Twin Strike","floor":3},{"not_picked":["Wild Strike","Metallicize"],"picked":"Headbutt","floor":4},{"not_picked":["Evolve","Heavy Blade"],"picked":"Perfected Strike","floor":5},{"not_picked":["Perfected Strike","Searing Blow"],"picked":"Immolate","floor":6},{"not_picked":["Twin Strike","Wild Strike"],"picked":"Uppercut","floor":8},{"not_picked":["True Grit","Intimidate"],"picked":"Shockwave","floor":11},{"not_picked":["Heavy Blade","Havoc"],"picked":"Clothesline","floor":12},{"not_picked":["Thunderclap","Flex"],"picked":"Headbutt","floor":13},{"not_picked":["Juggernaut","Impervious"],"picked":"Demon Form","floor":16},{"not_picked":[],"picked":"Clothesline","floor":18},{"not_picked":[],"picked":"Headbutt","floor":19}],"player_experience":157145,"relics_obtained":[{"floor":6,"key":"Bird Faced Urn"},{"floor":8,"key":"Ornamental Fan"},{"floor":9,"key":"Pantograph"}],"event_choices":[{"damage_healed":0,"gold_gain":0,"player_choice":"Searched \u00270\u0027 times","damage_taken":0,"max_hp_gain":0,"max_hp_loss":0,"event_name":"Dead Adventurer","floor":14,"gold_loss":0},{"damage_healed":0,"gold_gain":0,"player_choice":"Leave","damage_taken":0,"max_hp_gain":0,"max_hp_loss":0,"event_name":"FaceTrader","floor":21,"gold_loss":0}],"is_beta":false,"boss_relics":[{"not_picked":["Empty Cage","Coffee Dripper"],"picked":"Busted Crown"}],"items_purged_floors":[2],"is_endless":false,"potions_floor_spawned":[4,5,6,8,13],"killed_by":"Snecko","ascension_level":13}}