{"host":"v4tuy5ykrbdcm9o9","time":1611952929,"event":{"mods":["BaseMod","Duelist Mod","Minty Spire (QoL Compilation)","Replay The Spire","StSLib"],"gold_per_floor":[112,124,14,25,40,69,84,84,84,109,109,109,109,149,149,270,270,289,289,54,54,65,94,94,94,94,127,147,173,4,21,21,122,122,141,161,161,41,59,59,59,59],"floor_reached":41,"language":"ENG","playtime":4034,"items_purged":["Pain"],"score":692,"play_id":"8270a8f1-1aaf-4397-b4b5-0567ff623cfc","local_time":"20210129154209","is_ascension_mode":true,"campfire_choices":[{"floor":12,"key":"REST"},{"floor":15,"key":"RECALL"},{"data":"Spot Weakness","floor":24,"key":"SMITH"},{"data":"Bash","floor":24,"key":"SMITH"},{"data":"Inflame","floor":32,"key":"SMITH"},{"data":"Bloodletting","floor":32,"key":"SMITH"},{"floor":40,"key":"DIG"}],"circlet_count":0,"master_deck":["Strike_R","Strike_R","Strike_R","Strike_R","Strike_R","Defend_R","Defend_R","Defend_R","Defend_R","Bash+1","Perfected Strike","Wild Strike","Headbutt","Headbutt","Bloodletting","Perfected Strike","Thunderclap","Inflame+1","Perfected Strike","Bloodletting+1","Spot Weakness+1","Fiend Fire+1","Anger+1","Life Link+1","Clash+1","Infernal Blade+1","Demon Form+1","Cleave+1","Sword Boomerang","Dramatic Entrance+1","Offering+1","Flex+1","ReplayTheSpireMod:LeadingStrike+1","Panacea+1","Armaments+1","ReplayTheSpireMod:Muscle Training"],"relics":["Burning Blood","ReplayTheSpireMod:TigerMarble","Golden Egg","Self Forming Clay","Bloody Idol","Ring of Hypnosis","Shovel","SlaversCollar","MutagenicStrength","Bronze Scales","Replay:Arrowhead","WarpedTongs","Replay:Bottled Steam","Question Card","Meat on the Bone","Replay:Bronze Core","Gambling Chip"],"acts_visited":["Exordium","TheCity","TheBeyond"],"potions_floor_usage":[6,6,7,18,22,27,41],"damage_taken":[{"damage":8,"enemies":"Small Slimes","floor":1,"turns":3},{"damage":0,"enemies":"Jaw Worm","floor":2,"turns":5},{"damage":0,"enemies":"Cultist","floor":4,"turns":2},{"damage":4,"enemies":"Looter","floor":5,"turns":2},{"damage":11,"enemies":"Lagavulin","floor":6,"turns":3},{"damage":4,"enemies":"Lots of Slimes","floor":7,"turns":2},{"damage":15,"enemies":"3 Sentries","floor":10,"turns":6},{"damage":8,"enemies":"Gremlin Nob","floor":14,"turns":3},{"damage":45,"enemies":"The Guardian","floor":16,"turns":9},{"damage":23,"enemies":"3 Byrds","floor":18,"turns":4},{"damage":3,"enemies":"Chosen","floor":22,"turns":2},{"damage":13,"enemies":"theDuelist:KaibaA2","floor":23,"turns":3},{"damage":30,"enemies":"Book of Stabbing","floor":27,"turns":3},{"damage":15,"enemies":"Centurion and Healer","floor":28,"turns":2},{"damage":2,"enemies":"Gremlin Leader","floor":29,"turns":3},{"damage":11,"enemies":"Sentry and Sphere","floor":31,"turns":3},{"damage":35,"enemies":"Automaton","floor":33,"turns":6},{"damage":9,"enemies":"Orb Walker","floor":35,"turns":2},{"damage":0,"enemies":"3 Darklings","floor":36,"turns":1},{"damage":20,"enemies":"4 Shapes","floor":39,"turns":3},{"damage":82,"enemies":"Giant Head","floor":41,"turns":6}],"seed_played":"3057028959087272855","potions_obtained":[{"floor":2,"key":"SteroidPotion"},{"floor":4,"key":"Swift Potion"},{"floor":6,"key":"SteroidPotion"},{"floor":7,"key":"Ancient Potion"},{"floor":16,"key":"ColorlessPotion"},{"floor":18,"key":"ColorlessPotion"},{"floor":23,"key":"EssenceOfSteel"},{"floor":28,"key":"BloodPotion"}],"is_trial":false,"path_per_floor":["M","M","$","M","M","E","M","?","T","E","?","R","?","E","R","B",null,"M","?","$","?","M","E","R","?","T","E","M","E","$","M","R","B",null,"M","M","?","$","M","R","E"],"character_chosen":"IRONCLAD","items_purchased":["Headbutt","Bloodletting","Bronze Scales","Life Link","BlessingOfTheForge","Dramatic Entrance","Panacea","Armaments"],"campfire_rested":1,"item_purchase_floors":[3,3,20,20,20,30,38,38],"current_hp_per_floor":[70,76,76,80,80,75,77,77,77,68,48,72,72,70,70,31,68,57,57,57,57,65,70,70,70,70,51,47,56,56,56,56,68,77,79,80,72,72,63,63,0,0],"gold":59,"neow_bonus":"RANDOM_COMMON_RELIC","is_daily":false,"chose_seed":false,"campfire_upgraded":4,"win_rate":0.0,"timestamp":1611952929,"path_taken":["M","M","$","M","M","E","M","?","T","E","?","R","?","E","R","BOSS","M","?","$","?","M","E","R","?","T","E","?","E","$","M","R","BOSS","M","M","?","$","?","R","E"],"items_purchased_type":["Card","Card","Relic","Card","Potion","Card","Card","Card"],"build_version":"2020-12-22","purchased_purges":1,"victory":false,"max_hp_per_floor":[80,80,80,80,80,80,80,80,80,80,80,80,80,80,80,80,80,80,80,80,80,80,80,80,80,80,80,80,80,80,80,80,80,80,80,80,80,80,80,80,80,80],"card_choices":[{"not_picked":["Heavy Blade","Dual Wield"],"picked":"Perfected Strike","floor":1},{"not_picked":["Twin Strike","Sword Boomerang"],"picked":"Wild Strike","floor":2},{"not_picked":["Fire Breathing","Blood for Blood"],"picked":"Perfected Strike","floor":4},{"not_picked":["Rage","Ghostly Armor"],"picked":"Thunderclap","floor":5},{"not_picked":["ReplayTheSpireMod:Strike From Hell","Rage"],"picked":"Inflame","floor":6},{"not_picked":["Heavy Blade","Twin Strike"],"picked":"Perfected Strike","floor":7},{"not_picked":["Wild Strike","Carnage"],"picked":"Bloodletting","floor":10},{"not_picked":["Body Slam","Shrug It Off"],"picked":"Spot Weakness","floor":14},{"not_picked":["Replay:Many Hands","Corruption"],"picked":"Fiend Fire","floor":16},{"not_picked":["ReplayTheSpireMod:Strike From Hell","Sword Boomerang"],"picked":"Anger+1","floor":18},{"not_picked":["Pommel Strike","Twin Strike"],"picked":"Clash+1","floor":22},{"not_picked":["Anger","Hemokinesis"],"picked":"Infernal Blade+1","floor":23},{"not_picked":["Clothesline","Rampage"],"picked":"Demon Form","floor":27},{"not_picked":["Shrug It Off","Carnage","Infernal Blade"],"picked":"Cleave+1","floor":28},{"not_picked":["Barricade","True Grit","Abandon"],"picked":"Sword Boomerang","floor":29},{"not_picked":["ReplayTheSpireMod:Strike From Hell","Wild Strike","Run Through","Cleave"],"picked":"SKIP","floor":31},{"not_picked":["Berserk","Demonic Infusion","Barricade"],"picked":"Offering","floor":33},{"not_picked":["Rage+1","Heavy Blade","Pommel Strike"],"picked":"Flex+1","floor":35},{"not_picked":["Run Through","Cleave","Disarm"],"picked":"ReplayTheSpireMod:LeadingStrike+1","floor":36},{"not_picked":["Wild Strike+1","Armaments","ReplayTheSpireMod:Strike From Hell"],"picked":"ReplayTheSpireMod:Muscle Training","floor":39}],"player_experience":697459,"relics_obtained":[{"floor":6,"key":"Golden Egg"},{"floor":10,"key":"Self Forming Clay"},{"floor":13,"key":"Ring of Hypnosis"},{"floor":14,"key":"Shovel"},{"floor":23,"key":"Replay:Arrowhead"},{"floor":26,"key":"Replay:Bottled Steam"},{"floor":27,"key":"Question Card"},{"floor":29,"key":"Meat on the Bone"},{"floor":40,"key":"Gambling Chip"}],"event_choices":[{"damage_healed":0,"gold_gain":0,"player_choice":"Leave","damage_taken":0,"max_hp_gain":0,"max_hp_loss":0,"event_name":"The Cleric","floor":8,"gold_loss":0},{"damage_healed":0,"gold_gain":0,"player_choice":"Take Damage","damage_taken":20,"relics_obtained":["Golden Idol"],"max_hp_gain":0,"max_hp_loss":0,"event_name":"Golden Idol","floor":11,"gold_loss":0},{"damage_healed":0,"gold_gain":0,"player_choice":"Inject Mutagens","damage_taken":0,"relics_obtained":["MutagenicStrength"],"max_hp_gain":0,"max_hp_loss":0,"event_name":"Drug Dealer","floor":19,"gold_loss":0},{"damage_healed":0,"gold_gain":0,"player_choice":"Gave Idol","damage_taken":0,"relics_obtained":["Bloody Idol"],"max_hp_gain":0,"max_hp_loss":0,"event_name":"Forgotten Altar","floor":21,"relics_lost":["Golden Idol"],"gold_loss":0},{"damage_healed":0,"gold_gain":0,"player_choice":"Rummage","damage_taken":0,"relics_obtained":["WarpedTongs"],"max_hp_gain":0,"max_hp_loss":0,"event_name":"Accursed Blacksmith","floor":25,"gold_loss":0,"cards_obtained":["Pain"]},{"damage_healed":0,"gold_gain":0,"player_choice":"Damaged","damage_taken":8,"max_hp_gain":0,"max_hp_loss":0,"event_name":"Wheel of Change","floor":37,"gold_loss":0}],"is_beta":false,"boss_relics":[{"not_picked":["Replay:Ancient Bell","Replay:Wanted Poster"],"picked":"SlaversCollar"},{"not_picked":["Ooze Armor","Mark of Pain"],"picked":"Replay:Bronze Core"}],"items_purged_floors":[30],"is_endless":false,"potions_floor_spawned":[2,4,6,7,16,18,23,28,29,39],"killed_by":"Giant Head","ascension_level":7}}