{"host":"krw8blyxua7at9ak","time":1611884421,"event":{"mods":["BaseMod","Highlight Path","Minty Spire (QoL Compilation)","ojb\u0027s Info Mod"],"gold_per_floor":[109,125,125,125,148,182,196,231,231,231,29,53,97,116,116,209,209,222,241,241,241,241,282,297,333,357,376,376,376,386,411,411,411,411],"floor_reached":33,"language":"ENG","playtime":1435,"items_purged":[],"score":754,"play_id":"01d1727f-3996-4a3e-8cc3-161f51cf05ea","local_time":"20210129024021","is_ascension_mode":true,"campfire_choices":[{"data":"Envenom","floor":15,"key":"SMITH"},{"data":"Well Laid Plans","floor":32,"key":"SMITH"}],"circlet_count":0,"master_deck":["AscendersBane","Strike_G+1","Strike_G+1","Strike_G+1","Strike_G+1","Strike_G+1","Defend_G+1","Defend_G+1","Defend_G+1","Defend_G+1","Defend_G+1","Survivor+1","Neutralize","Dagger Spray","Blade Dance","Dash","Slice","Dash+1","Dagger Throw","Infinite Blades","Blade Dance","Envenom+1","A Thousand Cuts","Acrobatics","RitualDagger","Ghostly","Ghostly","Ghostly","Leg Sweep","Escape Plan","Backstab+1","Cloak And Dagger+1","Well Laid Plans+1"],"relics":["Ring of the Snake","NeowsBlessing","Bloody Idol","Pen Nib","Gremlin Horn","Mummified Hand","Vajra","MealTicket","Runic Dome","Lantern","Molten Egg 2","Oddly Smooth Stone"],"acts_visited":["Exordium","TheCity"],"potions_floor_usage":[8,16,25,25,25,33,33],"damage_taken":[{"damage":0,"enemies":"2 Louse","floor":1,"turns":1},{"damage":0,"enemies":"Jaw Worm","floor":2,"turns":1},{"damage":0,"enemies":"Small Slimes","floor":5,"turns":1},{"damage":19,"enemies":"3 Sentries","floor":6,"turns":9},{"damage":0,"enemies":"2 Fungi Beasts","floor":7,"turns":4},{"damage":2,"enemies":"Gremlin Nob","floor":8,"turns":4},{"damage":0,"enemies":"3 Louse","floor":12,"turns":2},{"damage":0,"enemies":"3 Sentries","floor":13,"turns":5},{"damage":0,"enemies":"Large Slime","floor":14,"turns":3},{"damage":2,"enemies":"Hexaghost","floor":16,"turns":6},{"damage":8,"enemies":"Shell Parasite","floor":18,"turns":4},{"damage":0,"enemies":"Chosen","floor":19,"turns":3},{"damage":1,"enemies":"Book of Stabbing","floor":23,"turns":5},{"damage":18,"enemies":"Snake Plant","floor":24,"turns":4},{"damage":0,"enemies":"Gremlin Leader","floor":25,"turns":6},{"damage":1,"enemies":"Snecko","floor":27,"turns":5},{"damage":0,"enemies":"Cultist and Chosen","floor":30,"turns":5},{"damage":3,"enemies":"Book of Stabbing","floor":31,"turns":4},{"damage":21,"enemies":"Champ","floor":33,"turns":3}],"seed_played":"-5443159232711876193","potions_obtained":[{"floor":1,"key":"Ancient Potion"},{"floor":5,"key":"GamblersBrew"},{"floor":12,"key":"Energy Potion"},{"floor":13,"key":"Strength Potion"},{"floor":14,"key":"EntropicBrew"},{"floor":16,"key":"Swift Potion"},{"floor":24,"key":"DuplicationPotion"},{"floor":25,"key":"ColorlessPotion"},{"floor":30,"key":"Swift Potion"},{"floor":31,"key":"CunningPotion"}],"is_trial":false,"path_per_floor":["M","M","?","?","M","E","M","E","T","?","$","M","E","M","R","B",null,"M","M","?","?","?","E","M","E","T","M","?","?","M","E","R","B"],"character_chosen":"THE_SILENT","items_purchased":["Vajra","Infinite Blades"],"campfire_rested":0,"item_purchase_floors":[11,11],"current_hp_per_floor":[59,59,59,41,41,22,22,20,20,20,20,20,20,20,20,18,50,42,42,36,30,30,29,11,11,11,10,10,10,15,17,17,0,0],"gold":411,"neow_bonus":"THREE_ENEMY_KILL","is_daily":false,"chose_seed":false,"campfire_upgraded":2,"win_rate":0.0,"timestamp":1611884421,"path_taken":["M","M","?","?","M","E","?","E","T","?","$","M","E","M","R","BOSS","M","M","?","?","?","E","M","E","T","M","?","?","M","E","R","BOSS"],"items_purchased_type":["Relic","Card"],"build_version":"2020-12-22","purchased_purges":0,"victory":false,"max_hp_per_floor":[66,66,60,60,60,60,60,60,60,60,60,60,60,60,60,60,60,60,60,60,30,30,30,30,30,30,30,30,30,30,30,30,30,30],"card_choices":[{"not_picked":["Heel Hook","Bane"],"picked":"Dagger Spray","floor":1},{"not_picked":["Masterful Stab","Quick Slash"],"picked":"Blade Dance","floor":2},{"not_picked":["Terror","Expertise"],"picked":"Dash","floor":5},{"not_picked":["Setup","Concentrate"],"picked":"Slice","floor":6},{"not_picked":["Flying Knee","Heel Hook"],"picked":"Dash","floor":7},{"not_picked":["Crippling Poison","Setup"],"picked":"Dagger Throw","floor":8},{"not_picked":["Endless Agony","Deadly Poison"],"picked":"Blade Dance","floor":12},{"not_picked":["Riddle With Holes","Deflect"],"picked":"Envenom","floor":13},{"not_picked":["Poisoned Stab","Slice","Prepared"],"picked":"SKIP","floor":14},{"not_picked":["Unload","Die Die Die"],"picked":"A Thousand Cuts","floor":16},{"not_picked":["Skewer","Dodge and Roll"],"picked":"Acrobatics","floor":18},{"not_picked":["PiercingWail","Masterful Stab","Poisoned Stab"],"picked":"SKIP","floor":19},{"not_picked":["Underhanded Strike+1","Caltrops"],"picked":"Leg Sweep","floor":23},{"not_picked":["Deadly Poison","Slice","Catalyst+1"],"picked":"SKIP","floor":24},{"not_picked":["Deadly Poison","Slice","Catalyst+1"],"picked":"SKIP","floor":24},{"not_picked":["Underhanded Strike+1","Dagger Spray+1"],"picked":"Escape Plan","floor":25},{"not_picked":["Tactician","Acrobatics"],"picked":"Backstab+1","floor":27},{"not_picked":["Die Die Die+1","Outmaneuver"],"picked":"Cloak And Dagger+1","floor":30},{"not_picked":["PiercingWail","Escape Plan"],"picked":"Well Laid Plans","floor":31}],"player_experience":369597,"relics_obtained":[{"floor":6,"key":"Pen Nib"},{"floor":8,"key":"Gremlin Horn"},{"floor":9,"key":"Mummified Hand"},{"floor":13,"key":"MealTicket"},{"floor":23,"key":"Lantern"},{"floor":25,"key":"Molten Egg 2"},{"floor":31,"key":"Oddly Smooth Stone"}],"event_choices":[{"damage_healed":0,"gold_gain":0,"player_choice":"Lose Max HP","damage_taken":0,"relics_obtained":["Golden Idol"],"max_hp_gain":0,"max_hp_loss":6,"event_name":"Golden Idol","floor":3,"gold_loss":0},{"damage_healed":0,"gold_gain":0,"player_choice":"Entered Light","damage_taken":18,"max_hp_gain":0,"max_hp_loss":0,"event_name":"Shining Light","floor":4,"gold_loss":0,"cards_upgraded":["Survivor","Defend_G"]},{"damage_healed":0,"gold_gain":0,"player_choice":"Grow","damage_taken":0,"max_hp_gain":0,"max_hp_loss":0,"event_name":"Living Wall","floor":10,"gold_loss":0,"cards_upgraded":["Dash"]},{"damage_healed":0,"gold_gain":0,"player_choice":"Joined the Cult","damage_taken":6,"max_hp_gain":0,"max_hp_loss":0,"event_name":"Nest","floor":20,"gold_loss":0,"cards_obtained":["RitualDagger"]},{"damage_healed":0,"gold_gain":0,"player_choice":"Became a Ghost","damage_taken":0,"max_hp_gain":0,"max_hp_loss":30,"event_name":"Ghosts","floor":21,"gold_loss":0,"cards_obtained":["Ghostly","Ghostly","Ghostly"]},{"damage_healed":0,"gold_gain":0,"player_choice":"Ignored","damage_taken":0,"max_hp_gain":0,"max_hp_loss":0,"event_name":"Vampires","floor":22,"gold_loss":0},{"damage_healed":0,"gold_gain":0,"player_choice":"Simplicity","damage_taken":0,"max_hp_gain":0,"max_hp_loss":0,"event_name":"Back to Basics","floor":28,"gold_loss":0,"cards_upgraded":["Strike_G","Strike_G","Strike_G","Strike_G","Strike_G","Defend_G","Defend_G","Defend_G","Defend_G"]},{"damage_healed":0,"gold_gain":0,"player_choice":"Gave Idol","damage_taken":0,"relics_obtained":["Bloody Idol"],"max_hp_gain":0,"max_hp_loss":0,"event_name":"Forgotten Altar","floor":29,"relics_lost":["Golden Idol"],"gold_loss":0}],"is_beta":false,"boss_relics":[{"not_picked":["Tiny House","WristBlade"],"picked":"Runic Dome"}],"items_purged_floors":[],"is_endless":false,"potions_floor_spawned":[1,5,12,13,14,16,18,24,25,30,31],"killed_by":"Champ","ascension_level":20}}