{"host":"yq2wmfr0u0wuvxc0","time":1611949980,"event":{"mods":["Act Like it!","Aspiration","BaseMod","Curses Come First","Downfall","Friendly Minions","Gensokyo","Hubris","Infinite Spire","Marisa????????","Minty Spire (QoL Compilation)","Pale of the Ancients","Remilia??????","Shop Mod","Smile Girya","Spicy Shops","StSLib","The Jungle","The Servant 0.9.4","Wide Potions"],"gold_per_floor":[99,119,119,119,131,131,131,163,163,163,63,82,82,67,81,182,182,182,196,215,215,99,99,99,133,133,133,151,179,179,197,312,312,312,312],"floor_reached":33,"language":"ZHS","playtime":1239,"items_purged":["Envy_TH"],"score":366,"play_id":"d5186ca6-bdc1-4613-ba9c-f47b69aa609f","local_time":"20210129115300","is_ascension_mode":true,"campfire_choices":[{"data":"hexamod:Sear","floor":1.0,"key":"SMITH"},{"data":"hexamod:SwordOfDarkness","floor":6.0,"key":"SMITH"},{"data":"hexamod:ForkedFlame","floor":11.0,"key":"SMITH"},{"data":"hexamod:HeatShield","floor":13.0,"key":"SMITH"},{"data":"hexamod:ApocalypticArmor","floor":18.0,"key":"SMITH"},{"data":"hexamod:BurningTouch","floor":26.0,"key":"SMITH"},{"data":"hexamod:BurningTouch","floor":30.0,"key":"SMITH"}],"circlet_count":0,"master_deck":["hexamod:Strike","hexamod:Strike","hexamod:Strike","hexamod:Defend","hexamod:Defend","hexamod:Defend","hexamod:Sear+1","hexamod:Float","hexamod:SwordOfDarkness+1","hexamod:HeatShield+1","hexamod:ForkedFlame+1","hexamod:FastForward","hexamod:BurningTouch+1","hexamod:ApocalypticArmor+1","hexamod:Hexaguard+1","hexamod:BurningTouch+1","hexamod:SpectralSpark","hexamod:SuperheatedStrike+1","hexamod:HeatCrush"],"relics":["Philosopher\u0027s Stone","Vajra","hubris:Metronome","downfall:HeartBlessingGreen","Busted Crown","hubris:Icosahedron","InkBottle","aspiration:ChemicalBlood","Enchiridion","Oddly Smooth Stone"],"acts_visited":["Exordium","TheCity"],"potions_floor_usage":[33,33],"damage_taken":[{"damage":3.0,"enemies":"Small Slimes","floor":2.0,"turns":3.0},{"damage":3.0,"enemies":"2 Louse","floor":5.0,"turns":2.0},{"damage":0.0,"enemies":"Gremlin Nob","floor":8.0,"turns":2.0},{"damage":0.0,"enemies":"Cultist","floor":10.0,"turns":1.0},{"damage":0.0,"enemies":"Exordium Thugs","floor":12.0,"turns":3.0},{"damage":0.0,"enemies":"downfall:FleeingMerchant","floor":14.0,"turns":4.0},{"damage":0.0,"enemies":"3 Louse","floor":15.0,"turns":3.0},{"damage":11.0,"enemies":"SI_SHIV_ARCHETYPE","floor":16.0,"turns":5.0},{"damage":8.0,"enemies":"Chosen","floor":19.0,"turns":3.0},{"damage":0.0,"enemies":"Spheric Guardian","floor":20.0,"turns":3.0},{"damage":4.0,"enemies":"downfall:FleeingMerchant","floor":22.0,"turns":4.0},{"damage":9.0,"enemies":"Book of Stabbing","floor":25.0,"turns":5.0},{"damage":2.0,"enemies":"Centurion and Healer","floor":28.0,"turns":5.0},{"damage":4.0,"enemies":"Gremlin Leader","floor":29.0,"turns":4.0},{"damage":13.0,"enemies":"Snake Plant","floor":31.0,"turns":4.0},{"damage":14.0,"enemies":"Cultist and Chosen","floor":32.0,"turns":3.0},{"damage":6,"enemies":"WA_ARCHETYPE_CALM","floor":33,"turns":5}],"seed_played":"-4854993492537479659","potions_obtained":[{"floor":2.0,"key":"Strength Potion"},{"floor":5.0,"key":"DuplicationPotion"},{"floor":9.0,"key":"DistilledChaos"},{"floor":9.0,"key":"SkillPotion"},{"floor":31.0,"key":"Block Potion"}],"is_trial":false,"path_per_floor":["R","M","?","?","M","R","T","E","?","M","R","M","R","$","M","B",null,"R","M","M","?","$","?","T","E","R","?","M","E","R","M","M","B"],"character_chosen":"THE_SPIRIT","items_purchased":["hexamod:BurningTouch"],"campfire_rested":0,"item_purchase_floors":[22],"current_hp_per_floor":[70,67,72,72,69,69,69,69,69,69,69,69,69,69,69,58,75,75,67,67,67,63,63,63,54,54,38,36,32,32,19,5,0,0,0],"gold":312,"neow_bonus":"BOSS_RELIC","is_daily":false,"chose_seed":false,"campfire_upgraded":7,"win_rate":0.0,"timestamp":1611949980,"path_taken":["R","M","?","?","M","R","T","E","?","?","R","M","R","?","M","BOSS","R","M","M","?","$","?","T","E","R","?","M","E","R","?","M","BOSS"],"items_purchased_type":["Card"],"build_version":"2020-12-22","purchased_purges":1,"victory":false,"max_hp_per_floor":[70,70,75,75,75,75,75,75,75,75,75,75,75,75,75,75,75,75,75,75,75,75,75,75,75,75,75,75,75,75,75,75,75,75,75],"card_choices":[{"not_picked":["hexamod:RetreatToShadows","hexamod:HauntingEcho"],"picked":"hexamod:SwordOfDarkness","floor":2.0},{"not_picked":["hexamod:ThermalTransfer","hexamod:BacktrackSmack"],"picked":"hexamod:HeatShield","floor":5.0},{"not_picked":["hexamod:SoulSteal","hexamod:GiftsFromTheDead"],"picked":"hexamod:ForkedFlame","floor":8.0},{"not_picked":["hexamod:SuperheatedStrike","hexamod:Hexaguard","hexamod:Firestarter"],"picked":"SKIP","floor":10.0},{"not_picked":["hexamod:FlamesFromBeyond","hexamod:BacktrackSmack","hexamod:SuperheatedStrike"],"picked":"SKIP","floor":12.0},{"not_picked":["hexamod:FlamesFromBeyond","hexamod:UnleashSpirits"],"picked":"hexamod:FastForward","floor":14.0},{"not_picked":["hexamod:GhostShield","hexamod:GhostLash"],"picked":"hexamod:BurningTouch","floor":15.0},{"not_picked":["hexamod:FifthSeal","hexamod:SixthSeal"],"picked":"hexamod:ApocalypticArmor","floor":16.0},{"not_picked":[],"picked":"hexamod:Hexaguard+1","floor":19.0},{"not_picked":["hexamod:Firestarter"],"picked":"SKIP","floor":20.0},{"not_picked":["hexamod:HeatShield"],"picked":"SKIP","floor":22.0},{"not_picked":[],"picked":"hexamod:SpectralSpark","floor":25.0},{"not_picked":["hexamod:SuperheatedStrike+1"],"picked":"SKIP","floor":28.0},{"not_picked":["hexamod:GhostOfSpirePresent"],"picked":"SKIP","floor":29.0},{"not_picked":[],"picked":"hexamod:SuperheatedStrike+1","floor":31.0},{"not_picked":[],"picked":"hexamod:HeatCrush","floor":32.0}],"player_experience":283479,"relics_obtained":[{"floor":7.0,"key":"Vajra"},{"floor":8.0,"key":"hubris:Metronome"},{"floor":24.0,"key":"InkBottle"},{"floor":25.0,"key":"aspiration:ChemicalBlood"},{"floor":27.0,"key":"Enchiridion"},{"floor":29.0,"key":"Oddly Smooth Stone"}],"event_choices":[{"damage_healed":0.0,"max_hp_gain":5.0,"max_hp_loss":0.0,"gold_gain":0.0,"event_name":"Big Fish","player_choice":"Donut","floor":3.0,"gold_loss":0.0,"damage_taken":0.0},{"damage_healed":0.0,"max_hp_gain":0.0,"max_hp_loss":0.0,"gold_gain":0.0,"event_name":"Lab","player_choice":"Got Potions","floor":9.0,"gold_loss":0.0,"damage_taken":0.0}],"is_beta":false,"boss_relics":[{"not_picked":["hubris:BlackHole","aspiration:RitualDagger"],"picked":"Busted Crown"}],"items_purged_floors":[22],"is_endless":false,"potions_floor_spawned":[2,5,15,16,19,31],"killed_by":"WA_ARCHETYPE_CALM","ascension_level":2}}