{"host":"sp1f3sybb350mzsh","time":1611902090,"event":{"mods":["AchievementEnabler","BaseMod","Bestiary","Colored Map","Colored Powertips","Filter the Spire","Minty Spire (QoL Compilation)","Puzzle Mod","Relic Stats","StSLib"],"gold_per_floor":[368,368,391,391,39,39,77,77,100,134,169,185,185,185,185,314,314,329,269,269,269,269,269],"floor_reached":22,"language":"ENG","playtime":1221,"items_purged":["Strike_B"],"score":188,"play_id":"4e6b5164-ecff-4025-8c95-45e4c80eb111","local_time":"20210129003450","is_ascension_mode":false,"campfire_choices":[{"data":"Zap","floor":6,"key":"SMITH"},{"data":"Glacier","floor":8,"key":"SMITH"},{"data":"Consume","floor":13,"key":"SMITH"},{"data":"Leap","floor":15,"key":"SMITH"}],"circlet_count":0,"master_deck":["Strike_B","Strike_B","Strike_B","Defend_B","Defend_B","Defend_B","Defend_B","Zap+1","Dualcast","Steam","Rebound","Consume+1","Leap+1","Glacier+1","Machine Learning","Redo+1","Turbo+1","All For One","Conserve Battery+1","Beam Cell"],"relics":["Cracked Core","Golden Idol","Potion Belt","Cauldron","Tiny Chest","Oddly Smooth Stone","Toxic Egg 2","Odd Mushroom","SacredBark","Regal Pillow","GremlinMask"],"acts_visited":["TheCity"],"potions_floor_usage":[10,10,11,16,16],"damage_taken":[{"damage":8.0,"enemies":"Jaw Worm","floor":1.0,"turns":3.0},{"damage":0,"enemies":"Small Slimes","floor":3,"turns":3},{"damage":15,"enemies":"3 Sentries","floor":7,"turns":7},{"damage":4,"enemies":"Gremlin Nob","floor":10,"turns":4},{"damage":0,"enemies":"The Mushroom Lair","floor":11,"turns":7},{"damage":0,"enemies":"Cultist","floor":12,"turns":4},{"damage":20,"enemies":"The Guardian","floor":16,"turns":16},{"damage":2,"enemies":"Shell Parasite","floor":18,"turns":8},{"damage":0,"enemies":"2 Thieves","floor":19,"turns":4},{"damage":27,"enemies":"3 Cultists","floor":22,"turns":4}],"seed_played":"-4560451180249436601","potions_obtained":[{"floor":3,"key":"SteroidPotion"},{"floor":5,"key":"FairyPotion"},{"floor":5,"key":"SkillPotion"},{"floor":5,"key":"Fire Potion"},{"floor":5,"key":"EssenceOfSteel"},{"floor":11,"key":"SteroidPotion"},{"floor":12,"key":"EssenceOfSteel"},{"floor":14,"key":"FearPotion"},{"floor":14,"key":"Swift Potion"},{"floor":16,"key":"SkillPotion"}],"is_trial":false,"path_per_floor":["M","?","M","?","$","R","E","R","T","E","?","M","R","?","R","B",null,"M","M","T","?","M"],"character_chosen":"DEFECT","items_purchased":["Consume","Cauldron","Leap"],"campfire_rested":0,"item_purchase_floors":[5,5,5],"current_hp_per_floor":[60,60,60,48,48,48,33,33,33,29,29,29,29,29,29,9,63,61,61,61,61,34,34],"gold":269,"neow_bonus":"TWO_FIFTY_GOLD","is_daily":false,"chose_seed":false,"campfire_upgraded":4,"win_rate":0.0,"timestamp":1611902090,"path_taken":["M","?","M","?","$","R","E","R","T","E","?","?","R","?","R","BOSS","M","M","?","?","M"],"items_purchased_type":["Card","Relic","Card"],"build_version":"2020-12-22","purchased_purges":1,"victory":false,"max_hp_per_floor":[68,63,63,63,63,63,63,63,63,63,63,63,63,63,63,63,63,63,63,63,63,63,63],"relic_stats":{"Regal Pillow":0,"counters":[10,60],"Golden Idol":59,"Tiny Chest":1,"obtain_stats":[{"Potion Belt":4,"Cauldron":5,"Regal Pillow":20,"Golden Idol":2,"SacredBark":17,"Oddly Smooth Stone":9,"Tiny Chest":7,"GremlinMask":21,"Toxic Egg 2":10,"Odd Mushroom":11,"Cracked Core":0},{"Potion Belt":2,"Cauldron":2,"Regal Pillow":9,"Golden Idol":1,"SacredBark":7,"Oddly Smooth Stone":3,"Tiny Chest":3,"GremlinMask":9,"Toxic Egg 2":4,"Odd Mushroom":5,"Cracked Core":0},{"Potion Belt":6,"Cauldron":6,"Regal Pillow":56,"Golden Idol":3,"SacredBark":44,"Oddly Smooth Stone":13,"Tiny Chest":13,"GremlinMask":56,"Toxic Egg 2":17,"Odd Mushroom":24,"Cracked Core":0}]},"card_choices":[{"not_picked":["Turbo","Coolheaded"],"picked":"Steam","floor":1},{"not_picked":["Conserve Battery","Redo"],"picked":"Rebound","floor":3},{"not_picked":["Go for the Eyes","Fission"],"picked":"Glacier","floor":7},{"not_picked":["Doom and Gloom","Steam+1"],"picked":"Machine Learning","floor":10},{"not_picked":["Static Discharge","Streamline"],"picked":"Redo+1","floor":11},{"not_picked":["Lockon","Sweeping Beam"],"picked":"Turbo+1","floor":12},{"not_picked":["Reboot+1","Meteor Strike"],"picked":"All For One","floor":16},{"not_picked":["Streamline","Ball Lightning"],"picked":"Conserve Battery+1","floor":18},{"not_picked":["Redo+1","Barrage"],"picked":"Beam Cell","floor":19}],"player_experience":137519,"relics_obtained":[{"floor":7,"key":"Tiny Chest"},{"floor":9,"key":"Oddly Smooth Stone"},{"floor":10,"key":"Toxic Egg 2"},{"floor":11,"key":"Odd Mushroom"},{"floor":20,"key":"Regal Pillow"}],"event_choices":[{"damage_healed":0,"gold_gain":0,"player_choice":"Lose Max HP","damage_taken":0,"relics_obtained":["Golden Idol"],"max_hp_gain":0,"max_hp_loss":5,"event_name":"Golden Idol","floor":2,"gold_loss":0},{"damage_healed":0,"gold_gain":0,"player_choice":"Success","damage_taken":12,"relics_obtained":["Potion Belt"],"max_hp_gain":0,"max_hp_loss":0,"event_name":"Scrap Ooze","floor":4,"gold_loss":0},{"damage_healed":0,"gold_gain":0,"player_choice":"Fought Mushrooms","damage_taken":0,"max_hp_gain":0,"max_hp_loss":0,"event_name":"Mushrooms","floor":11,"gold_loss":0},{"damage_healed":0,"gold_gain":0,"player_choice":"Got Potions","damage_taken":0,"max_hp_gain":0,"max_hp_loss":0,"event_name":"Lab","floor":14,"gold_loss":0},{"damage_healed":0,"gold_gain":0,"player_choice":"Trade","damage_taken":0,"relics_obtained":["GremlinMask"],"max_hp_gain":0,"max_hp_loss":0,"event_name":"FaceTrader","floor":21,"gold_loss":0}],"is_beta":false,"boss_relics":[{"not_picked":["FrozenCore","Empty Cage"],"picked":"SacredBark"}],"items_purged_floors":[5],"is_endless":false,"potions_floor_spawned":[3,11,12,16],"killed_by":"3 Cultists","ascension_level":0}}