{"host":"jhy70w0yh8dayqay","time":1611909702,"event":{"mods":["AchievementEnabler","BaseMod","Colored Map","Colored Powertips","DeckTracker","Minty Spire (QoL Compilation)","Permanent Neow","SuperFastMode"],"gold_per_floor":[116,130,149,164,181,181,211,211,211,243,243,263,287,307,307,307,307],"floor_reached":16,"language":"KOR","playtime":490,"items_purged":[],"score":191,"play_id":"c4184f9c-8ed4-49be-b57c-cabb805a7184","local_time":"20210129174142","is_ascension_mode":true,"campfire_choices":[{"data":"Perfected Strike","floor":6,"key":"SMITH"},{"data":"Perfected Strike","floor":15,"key":"SMITH"}],"circlet_count":0,"master_deck":["AscendersBane","Strike_R","Strike_R","Strike_R","Strike_R","Strike_R","Defend_R","Defend_R","Defend_R","Defend_R","Bash","Feed","Anger","Twin Strike","Sword Boomerang","Inflame","Perfected Strike+1","Fire Breathing+1","Dark Embrace+1","Wild Strike","Perfected Strike+1"],"relics":["Burning Blood","Frozen Egg 2","Eternal Feather","Pear","Sundial","Golden Idol"],"acts_visited":["Exordium"],"potions_floor_usage":[7,10,13,16],"damage_taken":[{"damage":18,"enemies":"Jaw Worm","floor":1,"turns":4},{"damage":7,"enemies":"Small Slimes","floor":2,"turns":3},{"damage":0,"enemies":"2 Louse","floor":3,"turns":2},{"damage":13,"enemies":"Red Slaver","floor":4,"turns":4},{"damage":15,"enemies":"2 Fungi Beasts","floor":5,"turns":5},{"damage":30,"enemies":"Lagavulin","floor":7,"turns":6},{"damage":17,"enemies":"3 Sentries","floor":10,"turns":5},{"damage":12,"enemies":"3 Louse","floor":12,"turns":3},{"damage":0,"enemies":"Exordium Wildlife","floor":13,"turns":2},{"damage":6,"enemies":"Blue Slaver","floor":14,"turns":3},{"damage":28,"enemies":"Hexaghost","floor":16,"turns":7}],"seed_played":"-1456569578653061146","potions_obtained":[{"floor":2,"key":"EssenceOfSteel"},{"floor":5,"key":"PowerPotion"},{"floor":7,"key":"SpeedPotion"},{"floor":10,"key":"BlessingOfTheForge"}],"is_trial":false,"path_per_floor":["M","M","M","M","M","R","E","?","T","E","?","M","M","M","R","B"],"character_chosen":"IRONCLAD","items_purchased":[],"campfire_rested":0,"item_purchase_floors":[],"current_hp_per_floor":[63,65,74,67,61,61,40,22,32,21,21,18,24,24,36,8,8],"gold":307,"neow_bonus":"THREE_RARE_CARDS","is_daily":false,"chose_seed":false,"campfire_upgraded":2,"win_rate":0.0,"timestamp":1611909702,"path_taken":["M","M","M","M","M","R","E","?","T","E","?","M","M","?","R","BOSS"],"items_purchased_type":[],"build_version":"2020-12-22","purchased_purges":0,"victory":false,"max_hp_per_floor":[75,78,81,81,84,84,87,87,97,97,90,93,93,93,93,93,93],"card_choices":[{"not_picked":["Immolate","Reaper"],"picked":"Feed","floor":0},{"not_picked":["Armaments","Cleave"],"picked":"Anger","floor":1},{"not_picked":["Iron Wave","Flex"],"picked":"Twin Strike","floor":2},{"not_picked":["Clash","Metallicize"],"picked":"Sword Boomerang","floor":3},{"not_picked":["Rampage","Warcry"],"picked":"Inflame","floor":4},{"not_picked":["Seeing Red","Armaments"],"picked":"Perfected Strike","floor":5},{"not_picked":["Hemokinesis","Offering"],"picked":"Fire Breathing+1","floor":7},{"not_picked":["Infernal Blade","Intimidate"],"picked":"Dark Embrace+1","floor":10},{"not_picked":["Clash","Battle Trance"],"picked":"Wild Strike","floor":12},{"not_picked":["Rage","Twin Strike"],"picked":"Perfected Strike","floor":13},{"not_picked":["Havoc","Armaments","Flex"],"picked":"SKIP","floor":14}],"player_experience":447981,"relics_obtained":[{"floor":7,"key":"Frozen Egg 2"},{"floor":9,"key":"Pear"},{"floor":10,"key":"Sundial"}],"event_choices":[{"damage_healed":0,"gold_gain":0,"player_choice":"Success","damage_taken":18,"relics_obtained":["Eternal Feather"],"max_hp_gain":0,"max_hp_loss":0,"event_name":"Scrap Ooze","floor":8,"gold_loss":0},{"damage_healed":0,"gold_gain":0,"player_choice":"Lose Max HP","damage_taken":0,"relics_obtained":["Golden Idol"],"max_hp_gain":0,"max_hp_loss":7,"event_name":"Golden Idol","floor":11,"gold_loss":0}],"is_beta":false,"boss_relics":[],"items_purged_floors":[],"is_endless":false,"potions_floor_spawned":[2,5,7,10],"killed_by":"Hexaghost","ascension_level":13}}