{"host":"b7aehbxzgm9n1d2s","time":1611933939,"event":{"mods":["A Magickal Journey","Astrologer","BaseMod","Better Altar","Better Third Choice","Clockwork Mod","Curses Come First","DeckTracker","Disable Question Mark Monsters","Downfall","Gremlin Mod","Highlight Path","Ironclad Rager","Minty Spire (QoL Compilation)","Permanent Neow","Quick Restart","READ ME - Guardian Mod","StSLib","The Cursed","The Death Knight","The Exalted","The Forsaken","The Marked","The Runesmith"],"gold_per_floor":[199,218,236,293,293,293,369,369,387,398,415,429,429,429,429,527,527,527,527,527,527],"floor_reached":19,"language":"ENG","playtime":861,"items_purged":[],"score":159,"play_id":"0d6e26aa-6fca-4a71-9057-a36ef71a7928","local_time":"20210129162539","is_ascension_mode":false,"campfire_choices":[{"data":"Slimebound:CorrosiveSpit","floor":1,"key":"SMITH"},{"floor":8,"key":"REST"},{"data":"Slimebound:MassRepurpose","floor":13,"key":"SMITH"},{"data":"Slimebound:SlimeSlap","floor":18,"key":"SMITH"}],"circlet_count":0,"master_deck":["Slimebound:Strike_Slimebound","Slimebound:Strike_Slimebound","Slimebound:Strike_Slimebound","Slimebound:Tackle","Slimebound:Defend_Slimebound","Slimebound:Defend_Slimebound","Slimebound:Defend_Slimebound","Slimebound:Defend_Slimebound","Slimebound:Split+1","Slimebound:CorrosiveSpit+1","Slimebound:SplitMire","Slimebound:RollThrough","Slimebound:AcidTongue","Slimebound:MassRepurpose+1","Slimebound:SplitBruiser","Slimebound:Equalize","Slimebound:SpikyOuterGoop","Slimebound:Equalize","Slimebound:SlimeSlap+1"],"relics":["Slimebound:AbsorbEndCombat","Gremlin Horn","downfall:BrokenWingStatue","Ornamental Fan","Letter Opener","SlaversCollar"],"acts_visited":["Exordium","TheCity"],"potions_floor_usage":[],"damage_taken":[{"damage":5,"enemies":"Jaw Worm","floor":2,"turns":4},{"damage":7,"enemies":"Small Slimes","floor":3,"turns":4},{"damage":31,"enemies":"Gremlin Nob","floor":4,"turns":4},{"damage":6,"enemies":"2 Louse","floor":9,"turns":2},{"damage":0,"enemies":"Lots of Slimes","floor":10,"turns":2},{"damage":6,"enemies":"3 Louse","floor":11,"turns":2},{"damage":3,"enemies":"Large Slime","floor":12,"turns":4},{"damage":6,"enemies":"Blue Slaver","floor":15,"turns":4},{"damage":63,"enemies":"DF_ARCHETYPE_STREAMLINE","floor":16,"turns":8},{"damage":11,"enemies":"3 Byrds","floor":19,"turns":2}],"seed_played":"-3659362950407416081","potions_obtained":[{"floor":9,"key":"Regen Potion"},{"floor":10,"key":"Explosive Potion"},{"floor":16,"key":"ColorlessPotion"}],"is_trial":false,"path_per_floor":["R","M","M","?","?","?","T","R","M","M","M","M","R","?","M","B",null,"R","M"],"character_chosen":"SLIMEBOUND","items_purchased":[],"campfire_rested":1,"item_purchase_floors":[],"current_hp_per_floor":[65,63,62,37,37,37,37,56,52,58,58,65,65,58,63,16,65,65,54,54,54],"gold":527,"neow_bonus":"HUNDRED_GOLD","is_daily":false,"chose_seed":false,"campfire_upgraded":3,"win_rate":0.0,"timestamp":1611933939,"path_taken":["R","M","M","?","?","?","T","R","M","M","M","M","R","?","M","BOSS","R","M"],"items_purchased_type":[],"build_version":"2020-12-22","purchased_purges":0,"victory":false,"max_hp_per_floor":[65,65,65,65,65,65,65,65,65,65,65,65,65,65,65,65,65,65,65,65,65],"card_choices":[{"not_picked":["Slimebound:GoopTackle","Slimebound:SplitBruiser"],"picked":"Slimebound:SplitMire","floor":2},{"not_picked":["Slimebound:SplitMire","Slimebound:Grow"],"picked":"Slimebound:RollThrough","floor":3},{"not_picked":["Slimebound:ComboTackle","Slimebound:GoopSpray"],"picked":"Slimebound:AcidTongue","floor":4},{"not_picked":["Slimebound:FormOfPuddle","Slimebound:Grow"],"picked":"Slimebound:MassRepurpose","floor":9},{"not_picked":["Slimebound:AcidTongue","Slimebound:SplitMire"],"picked":"Slimebound:SplitBruiser","floor":10},{"not_picked":["Slimebound:Prepare","Slimebound:ComboTackle"],"picked":"Slimebound:Equalize","floor":11},{"not_picked":["Slimebound:LeechEnergy","Slimebound:SplitBruiser"],"picked":"Slimebound:SpikyOuterGoop","floor":12},{"not_picked":["Slimebound:Chomp","Slimebound:Grow"],"picked":"Slimebound:Equalize","floor":15},{"not_picked":["Slimebound:Teamwork","Slimebound:FirmFortitude"],"picked":"Slimebound:SlimeSlap","floor":16}],"player_experience":163185,"relics_obtained":[{"floor":7,"key":"Ornamental Fan"}],"event_choices":[{"damage_healed":0,"gold_gain":0,"player_choice":"Grow","damage_taken":0,"max_hp_gain":0,"max_hp_loss":0,"event_name":"Living Wall","floor":5,"gold_loss":0,"cards_upgraded":["Slimebound:Split"]},{"damage_healed":0,"gold_gain":0,"player_choice":"Success","damage_taken":7,"relics_obtained":["Letter Opener"],"max_hp_gain":0,"max_hp_loss":0,"event_name":"Scrap Ooze","floor":14,"gold_loss":0}],"is_beta":false,"boss_relics":[{"not_picked":["SacredBark","Runesmith:UraniumAnvil"],"picked":"SlaversCollar"}],"items_purged_floors":[],"is_endless":false,"potions_floor_spawned":[9,10,16],"killed_by":"3 Byrds","ascension_level":0}}