{"host":"juoup3p5tvzzktl5","time":1611893451,"event":{"mods":["ATMod(∞¢Ë™Mod)","Aspiration","BaseMod","Better Vampires","BetterRewards","Colored Map","Colored Powertips","Friendly Minions","GifTheSpireLib","Hermit","Hubris","Infinite Spire","KinomotoSakuraMod(ƒæ÷Æ±æ”£)","Koishi","KomeijiMod","Marisa£®ÏF”Í°°ƒß¿Ì…≥£©","Minty Spire (QoL Compilation)","Quick Restart","Reimu£®≤©¿ˆ¡È√Œ£©","Relic Filter Mod","Reliquary","Replay The Spire","Shop Mod","StSLib","The Administrix","The Alterego","The Bug Knight","The Construct","The Cursed","The Jungle","The Mystic","The Runesmith","The Senshi","Youmu£®ªÍ∆«—˝√Œ£©","Yuyuko"],"gold_per_floor":[354,8,24,43,58,86,100,134,134,166,181,198,198,215,215,292,292,310,310,310,327,327,327,352,110,110,130,146,181,106,120,120,197,197,212,231,231,282,282,282],"floor_reached":39,"language":"ZHS","playtime":1238,"items_purged":["Strike_R","Defend_R","Defend_R"],"score":1115,"play_id":"c7392b5b-b4c2-4a80-bff6-efe18443e789","local_time":"20210129131051","is_ascension_mode":true,"campfire_choices":[{"floor":15.0,"key":"RECALL"},{"floor":23.0,"key":"REST"},{"floor":32.0,"key":"DIG"}],"circlet_count":0,"master_deck":["Strike_R","Strike_R","Strike_R","Strike_R","Defend_R","Bash","Perfected Strike+1","Carnage+1","Massacre+1","Wild Strike+1","Perfected Strike+1","hubris:StunningStrike+1","hubris:StunningStrike+1","Pommel Strike+1","Wild Strike+1","Reaper+1","Wild Strike+1","Perfected Strike+1","Perfected Strike+1","Necronomicurse","Perfected Strike+1","Massacre+1","Twin Strike+1","Limit Break","Heavy Blade+1","Sword Boomerang+1"],"relics":["Burning Blood","AT_ATBox","Molten Egg 2","Brimstone","Lantern","Blue Doll","Juzu Bracelet","reliquary:RedPaperclip","ReplayTheSpireMod:Ring of Exchange","Necronomicon","Mummified Hand","ReplayTheSpireMod:TigerMarble","Shovel","Shuriken","reliquary:KinkedSpring","hubris:Towel","CatCart"],"acts_visited":["Exordium","TheCity","TheBeyond"],"potions_floor_usage":[],"damage_taken":[{"damage":7.0,"enemies":"2 Louse","floor":1.0,"turns":3.0},{"damage":8.0,"enemies":"Jaw Worm","floor":3.0,"turns":2.0},{"damage":0.0,"enemies":"Small Slimes","floor":4.0,"turns":1.0},{"damage":2.0,"enemies":"Looter","floor":5.0,"turns":2.0},{"damage":12.0,"enemies":"Lagavulin","floor":6.0,"turns":3.0},{"damage":0.0,"enemies":"2 Fungi Beasts","floor":7.0,"turns":1.0},{"damage":0.0,"enemies":"Gremlin Nob","floor":8.0,"turns":2.0},{"damage":0.0,"enemies":"Lagavulin","floor":10.0,"turns":2.0},{"damage":0.0,"enemies":"3 Louse","floor":11.0,"turns":2.0},{"damage":0.0,"enemies":"Blue Slaver","floor":12.0,"turns":1.0},{"damage":0.0,"enemies":"Looter","floor":14.0,"turns":2.0},{"damage":39.0,"enemies":"The Guardian","floor":16.0,"turns":6.0},{"damage":12.0,"enemies":"3 Byrds","floor":18.0,"turns":3.0},{"damage":0.0,"enemies":"Chosen","floor":21.0,"turns":2.0},{"damage":0.0,"enemies":"Nightmare","floor":24.0,"turns":2.0},{"damage":0.0,"enemies":"Snake Plant","floor":27.0,"turns":1.0},{"damage":0.0,"enemies":"Chosen and Byrds","floor":28.0,"turns":2.0},{"damage":0.0,"enemies":"HollowMod:Nosk","floor":29.0,"turns":2.0},{"damage":0.0,"enemies":"3 Cultists","floor":31.0,"turns":2.0},{"damage":15.0,"enemies":"Champ","floor":33.0,"turns":4.0},{"damage":0.0,"enemies":"3 Darklings","floor":35.0,"turns":3.0},{"damage":0,"enemies":"Orb Walker","floor":36,"turns":1},{"damage":38,"enemies":"Orin","floor":38,"turns":4},{"damage":16,"enemies":"infinitespire:Three Voidlings","floor":39,"turns":2},{"damage":76,"enemies":"Nightmare_Alpha","floor":39,"turns":2}],"seed_played":"-7976043190357141609","potions_obtained":[{"floor":3.0,"key":"LifebloodPotion"},{"floor":7.0,"key":"SneckoOil"},{"floor":8.0,"key":"SteroidPotion"},{"floor":16.0,"key":"Block Potion"},{"floor":18.0,"key":"Fire Potion"},{"floor":27.0,"key":"CalmPotion"},{"floor":33.0,"key":"BloodPotion"}],"is_trial":false,"path_per_floor":["M","$","M","M","M","E","M","E","T","E","M","M","?","M","R","B",null,"M","?","?","M","?","R","NM","$","T","M","M","E","?","M","R","B",null,"M","M","?","?","?"],"character_chosen":"IRONCLAD","items_purchased":["Molten Egg 2","Brimstone","Carnage+1","Lantern","Perfected Strike+1","Massacre+1"],"campfire_rested":1,"item_purchase_floors":[0,0,2,2,25,25],"current_hp_per_floor":[43,43,41,47,51,45,51,57,57,63,69,75,75,75,75,42,67,61,61,61,67,46,68,74,74,74,75,75,75,75,75,75,75,75,75,75,75,43,0,0],"gold":282,"neow_bonus":"","is_daily":false,"chose_seed":false,"campfire_upgraded":0,"win_rate":0.0,"timestamp":1611893451,"path_taken":["M","$","M","M","M","E","M","E","T","E","M","M","?","M","R","BOSS","M","?","?","M","?","R","NM","$","T","M","M","E","?","M","R","BOSS","M","M","?","?","?"],"items_purchased_type":["Relic","Relic","Card","Relic","Card","Card"],"build_version":"2020-12-22","purchased_purges":3,"victory":false,"max_hp_per_floor":[75,75,75,75,75,75,75,75,75,75,75,75,75,75,75,75,75,75,75,75,75,75,75,75,75,75,75,75,75,75,75,75,75,75,75,75,75,75,75,75],"card_choices":[{"not_picked":["Twin Strike+1","Sword Boomerang+1"],"picked":"Perfected Strike+1","floor":1.0},{"not_picked":["AT_DiedThrough","Flex"],"picked":"Massacre+1","floor":3.0},{"not_picked":["ReplayTheSpireMod:Strike From Hell+1","Replay:Undeath\u0027s Touch+1"],"picked":"Wild Strike+1","floor":4.0},{"not_picked":["Anger+1","Warcry","True Grit"],"picked":"SKIP","floor":5.0},{"not_picked":["Feel No Pain","Clash+1"],"picked":"Perfected Strike+1","floor":6.0},{"not_picked":["Armaments","Shrug It Off"],"picked":"hubris:StunningStrike+1","floor":7.0},{"not_picked":["Bloodletting","Clash+1"],"picked":"hubris:StunningStrike+1","floor":8.0},{"not_picked":["Replay:Many Hands","AT_ShrugMaster"],"picked":"Pommel Strike+1","floor":10.0},{"not_picked":["Armaments","Clash+1"],"picked":"Wild Strike+1","floor":11.0},{"not_picked":["Abandon","Replay:Undeath\u0027s Touch+1","Juggernaut"],"picked":"SKIP","floor":12.0},{"not_picked":["Abandon","Replay:Undeath\u0027s Touch+1","Juggernaut"],"picked":"SKIP","floor":12.0},{"not_picked":["Cleave+1","Thunderclap+1","AT_ShrugMaster"],"picked":"SKIP","floor":14.0},{"not_picked":["hubris:StunningStrike+1","Demon Form"],"picked":"Reaper+1","floor":16.0},{"not_picked":["hubris:CleavingFinish+1","Warcry"],"picked":"Wild Strike+1","floor":18.0},{"not_picked":["Anger+1","Combust"],"picked":"Perfected Strike+1","floor":21.0},{"not_picked":["Shrug It Off","Anger+1","Seeing Red"],"picked":"SKIP","floor":24.0},{"not_picked":["Ghostly Armor","Combust"],"picked":"Twin Strike+1","floor":27.0},{"not_picked":["Flex","True Grit","ReplayTheSpireMod:Strike From Hell+1"],"picked":"SKIP","floor":28.0},{"not_picked":["Intimidate","Havoc","Blood for Blood+1"],"picked":"SKIP","floor":29.0},{"not_picked":["Replay:Many Hands","Headbutt+1","True Grit"],"picked":"SKIP","floor":31.0},{"not_picked":["Bludgeon+1","Juggernaut"],"picked":"Limit Break","floor":33.0},{"not_picked":["AT_BodySlamDance","Dual Wield","Wild Strike+1"],"picked":"SKIP","floor":35.0},{"not_picked":["Thunderclap+1","hubris:ReadiedAction"],"picked":"Heavy Blade+1","floor":36},{"not_picked":["Havoc+1","Run Through+1"],"picked":"Sword Boomerang+1","floor":38}],"player_experience":1087971,"relics_obtained":[{"floor":6.0,"key":"Blue Doll"},{"floor":8.0,"key":"Juzu Bracelet"},{"floor":9.0,"key":"Tea:ReiMu"},{"floor":10.0,"key":"hubris:TenFootPole"},{"floor":20.0,"key":"ReplayTheSpireMod:Ring of Exchange"},{"floor":22.0,"key":"Necronomicon"},{"floor":24.0,"key":"Mummified Hand"},{"floor":26.0,"key":"ReplayTheSpireMod:TigerMarble"},{"floor":29.0,"key":"Shovel"},{"floor":32.0,"key":"Shuriken"},{"floor":38,"key":"CatCart"}],"event_choices":[{"damage_healed":0.0,"max_hp_gain":0.0,"max_hp_loss":0.0,"gold_gain":0.0,"event_name":"Cursed Tome","player_choice":"Obtained Book","floor":22.0,"gold_loss":0.0,"damage_taken":21.0},{"cards_removed":["Defend_R"],"damage_healed":0.0,"max_hp_gain":0.0,"max_hp_loss":0.0,"gold_gain":0.0,"event_name":"Beggar","player_choice":"Gave Gold","floor":30.0,"gold_loss":75.0,"damage_taken":0.0},{"damage_healed":0,"gold_gain":0,"player_choice":"Fight","damage_taken":0,"max_hp_gain":0,"max_hp_loss":0,"event_name":"OrinTheCat","floor":38,"gold_loss":0}],"is_beta":false,"boss_relics":[{"not_picked":["Honey Jar","Empty Cage"],"picked":"reliquary:RedPaperclip"},{"not_picked":["hubris:VirtuousBlindfold","hubris:BlackHole"],"picked":"reliquary:KinkedSpring"}],"items_purged_floors":[0,2,25],"is_endless":true,"potions_floor_spawned":[3,7,8,10,16,18,27,29,33,35,39],"killed_by":"Nightmare_Alpha","ascension_level":20}}