{"host":"sckme7d1fomdxamv","time":1611895510,"event":{"mods":["Act Like it!","BaseMod","Downfall","Friendly Minions","Gensokyo","Kiyohime（清姬）","Marisa（F雨　魔理沙）","Minty Spire (QoL Compilation)","READ ME - Guardian Mod","Rare Cards Sparkle","Remilia（蕾米莉亚）","Replay The Spire","Shop Mod","StSLib","The Bug Knight","The Hierophant","The Servant 0.9.4"],"gold_per_floor":[115,115,126,140,140,140,140,152,152,152,163,192,206,222,222,323,323,306,323,337,337,337],"floor_reached":21,"language":"ZHS","playtime":1241,"items_purged":[],"score":185,"play_id":"23d53c53-721f-494a-b4a4-e1108f9775e8","local_time":"20210129124510","is_ascension_mode":false,"campfire_choices":[{"data":"HollowMod:Hiveblood","floor":6,"key":"SMITH"},{"floor":10,"key":"DIG"},{"floor":15,"key":"DIG"}],"circlet_count":0,"master_deck":["HollowMod:NailStrikeStart","HollowMod:NailStrikeStart","HollowMod:NailStrikeStart","HollowMod:NailStrikeStart","HollowMod:QuickDashStart","HollowMod:QuickDashStart","HollowMod:QuickDashStart","HollowMod:QuickDashStart","HollowMod:PogoStrike","HollowMod:HeavyBlow","HollowMod:Hiveblood+1","HollowMod:PerfectDash","Writhe","HollowMod:LifebloodCocoon","HollowMod:DescendingDark","HollowMod:VengefulVoid+1","HollowMod:SharpenedShadows","HollowMod:SlysStrikes","HollowMod:CycloneSlash+1","HollowMod:DescendingDark+1","HollowMod:BlackTendrils+1"],"relics":["Cursed Key","Blood Vial","Replay:Multitool","Regal Pillow","Molten Egg 2","Omamori"],"acts_visited":["Exordium","TheCity"],"potions_floor_usage":[18,18,19],"damage_taken":[{"damage":0,"enemies":"Small Slimes","floor":1,"turns":3},{"damage":6,"enemies":"Jaw Worm","floor":3,"turns":2},{"damage":10,"enemies":"Cultist","floor":4,"turns":4},{"damage":14,"enemies":"Exordium Wildlife","floor":8,"turns":5},{"damage":0,"enemies":"Red Slaver","floor":11,"turns":3},{"damage":31,"enemies":"Replay:BlueRogue","floor":12,"turns":9},{"damage":0,"enemies":"Looter","floor":13,"turns":2},{"damage":1,"enemies":"Exordium Thugs","floor":14,"turns":5},{"damage":35,"enemies":"The Guardian","floor":16,"turns":17},{"damage":18,"enemies":"2 Thieves","floor":18,"turns":4},{"damage":39,"enemies":"Spheric Guardian","floor":19,"turns":6},{"damage":36,"enemies":"Snake Plant","floor":20,"turns":6},{"damage":34,"enemies":"Chosen and Byrds","floor":21,"turns":4}],"seed_played":"3464414755084597890","potions_obtained":[{"floor":8,"key":"FairyPotion"},{"floor":11,"key":"Explosive Potion"},{"floor":12,"key":"champ:CounterPotion"},{"floor":14,"key":"Adrenaline Potion"},{"floor":18,"key":"EssenceOfSteel"}],"is_trial":false,"path_per_floor":["M","?","M","M","?","R","T","M","T","R","M","E","M","M","R","B",null,"M","M","M","M"],"character_chosen":"THE_BUGKNIGHT","items_purchased":[],"campfire_rested":0,"item_purchase_floors":[],"current_hp_per_floor":[75,57,53,57,50,50,50,60,60,60,62,61,63,64,64,59,75,57,38,4,0,0],"gold":337,"neow_bonus":"BOSS_RELIC","is_daily":false,"chose_seed":false,"campfire_upgraded":1,"win_rate":0.0,"timestamp":1611895510,"path_taken":["M","?","M","M","?","R","?","M","T","R","M","E","?","M","R","BOSS","M","M","M","M"],"items_purchased_type":[],"build_version":"2020-12-22","purchased_purges":0,"victory":false,"max_hp_per_floor":[75,75,75,75,75,75,75,75,75,75,75,75,75,75,75,75,75,75,75,75,75,75],"card_choices":[{"not_picked":["HollowMod:SoulSplash","HollowMod:SoulStrike"],"picked":"HollowMod:HeavyBlow","floor":1},{"not_picked":["HollowMod:CrystalDash","HollowMod:SharpenedNail"],"picked":"HollowMod:Hiveblood","floor":3},{"not_picked":["HollowMod:MonarchWings","HollowMod:NewJinnsSoul"],"picked":"HollowMod:PerfectDash","floor":4},{"not_picked":["HollowMod:BrokenVessel","HollowMod:ChannelNail"],"picked":"HollowMod:LifebloodCocoon","floor":8},{"not_picked":["HollowMod:SharpenedNail","HollowMod:LifebloodCocoon"],"picked":"HollowMod:DescendingDark","floor":11},{"not_picked":["HollowMod:ElderbugsWisdom","HollowMod:CornifersMapStart","HollowMod:NewJinnsSoul"],"picked":"SKIP","floor":12},{"not_picked":["HollowMod:CrystalDash","HollowMod:ShadowDash"],"picked":"HollowMod:VengefulVoid+1","floor":13},{"not_picked":["HollowMod:SiblingsSouls","HollowMod:HowlingWraiths+1"],"picked":"HollowMod:SharpenedShadows","floor":14},{"not_picked":["HollowMod:Hiveblood","HollowMod:theNailsmith"],"picked":"HollowMod:SlysStrikes","floor":16},{"not_picked":["HollowMod:LuriensSpire","HollowMod:NewLittleFool+1"],"picked":"HollowMod:CycloneSlash+1","floor":18},{"not_picked":["HollowMod:FastStrike+1","HollowMod:CornifersMapStart"],"picked":"HollowMod:DescendingDark+1","floor":19},{"not_picked":["HollowMod:TaintedHusks","HollowMod:VengefulVoid+1"],"picked":"HollowMod:BlackTendrils+1","floor":20}],"player_experience":240872,"relics_obtained":[{"floor":7,"key":"Replay:Multitool"},{"floor":10,"key":"Regal Pillow"},{"floor":12,"key":"Molten Egg 2"},{"floor":15,"key":"Omamori"}],"event_choices":[{"damage_healed":0,"gold_gain":0,"player_choice":"Success","damage_taken":18,"relics_obtained":["Blood Vial"],"max_hp_gain":0,"max_hp_loss":0,"event_name":"Scrap Ooze","floor":2,"gold_loss":0},{"cards_removed":["HollowMod:FocusHealStart"],"damage_healed":0,"gold_gain":0,"player_choice":"Card Removal","damage_taken":7,"max_hp_gain":0,"max_hp_loss":0,"event_name":"Golden Wing","floor":5,"gold_loss":0}],"is_beta":false,"boss_relics":[{"not_picked":["ChewingGum","Fusion Hammer","Coffee Dripper"]}],"items_purged_floors":[],"is_endless":false,"potions_floor_spawned":[8,11,12,14,18],"killed_by":"Chosen and Byrds","ascension_level":0}}