{"host":"yx5rao87132cy5xq","time":1611886827,"event":{"mods":["2.2 Compatiblity","AchievementEnabler","BaseMod","Bestiary","Colored Map","Colored Powertips","Minty Spire (QoL Compilation)","Quick Restart","Relic Stats","Slay-I","SuperFastMode"],"gold_per_floor":[119,137,137,150,167,186,220,233,233,233,233,233,247,267,267,339,339,358,39,54,254,126,160,160,7,7,7,23,55,55,90,90,168,168,185,205,217,268,268,301,301,229,255,270,304,313,327,105,105,105,105],"floor_reached":50,"language":"ENG","playtime":9582,"items_purged":["Strike_R"],"score":1076,"play_id":"a4ff0e37-1397-407f-904a-47d5aadf563e","local_time":"20210129032027","is_ascension_mode":true,"campfire_choices":[{"data":"Whirlwind","floor":11.0,"key":"SMITH"},{"data":"Havoc","floor":15.0,"key":"SMITH"},{"data":"Shrug It Off","floor":24.0,"key":"SMITH"},{"data":"Fiend Fire","floor":27.0,"key":"SMITH"},{"data":"Battle Trance","floor":30.0,"key":"SMITH"},{"data":"Bludgeon","floor":32.0,"key":"SMITH"},{"floor":41.0,"key":"RECALL"},{"floor":49,"key":"REST"}],"circlet_count":0,"master_deck":["AscendersBane","Defend_R","Defend_R","Defend_R","Bash","Whirlwind+1","Headbutt","Bludgeon+1","Reckless Charge","Shrug It Off+1","Feel No Pain","Spot Weakness","Battle Trance+1","Havoc+1","Feel No Pain","Limit Break","Feel No Pain","Apotheosis","True Grit","Fiend Fire+1","Havoc+1","Infernal Blade+1","Impervious","Heavy Blade+1","Cleave+1","Evolve+1","Power Through+1","Evolve","Flame Barrier","Burning Pact","Dark Embrace"],"relics":["Burning Blood","Thread and Needle","Pantograph","Strawberry","Eternal Feather","Snecko Eye","Chemical X","Nunchaku","Bag of Preparation","HornCleat","Pocketwatch","Gremlin Horn","Astrolabe","Ancient Tea Set","Singing Bowl","CeramicFish","ClockworkSouvenir"],"acts_visited":["Exordium","TheCity","TheBeyond"],"potions_floor_usage":[50,50],"damage_taken":[{"damage":5.0,"enemies":"2 Louse","floor":1.0,"turns":4.0},{"damage":1.0,"enemies":"Cultist","floor":2.0,"turns":3.0},{"damage":8.0,"enemies":"Small Slimes","floor":4.0,"turns":2.0},{"damage":16.0,"enemies":"Blue Slaver","floor":5.0,"turns":3.0},{"damage":0.0,"enemies":"Exordium Thugs","floor":6.0,"turns":4.0},{"damage":37.0,"enemies":"3 Sentries","floor":7.0,"turns":8.0},{"damage":0.0,"enemies":"Large Slime","floor":8.0,"turns":4.0},{"damage":10.0,"enemies":"Red Slaver","floor":13.0,"turns":3.0},{"damage":0.0,"enemies":"Gremlin Gang","floor":14.0,"turns":1.0},{"damage":0.0,"enemies":"Slime Boss","floor":16.0,"turns":5.0},{"damage":0.0,"enemies":"Spheric Guardian","floor":18.0,"turns":1.0},{"damage":14.0,"enemies":"2 Thieves","floor":20.0,"turns":4.0},{"damage":61.0,"enemies":"Slavers","floor":23.0,"turns":5.0},{"damage":11.0,"enemies":"Snake Plant","floor":28.0,"turns":2.0},{"damage":0.0,"enemies":"Gremlin Leader","floor":29.0,"turns":3.0},{"damage":20.0,"enemies":"Slavers","floor":31.0,"turns":4.0},{"damage":38.0,"enemies":"Collector","floor":33.0,"turns":6.0},{"damage":0.0,"enemies":"3 Darklings","floor":35.0,"turns":3.0},{"damage":2.0,"enemies":"Orb Walker","floor":36.0,"turns":3.0},{"damage":25.0,"enemies":"Spire Growth","floor":37.0,"turns":6.0},{"damage":5.0,"enemies":"Reptomancer","floor":40.0,"turns":4.0},{"damage":31,"enemies":"Transient","floor":44,"turns":5},{"damage":37,"enemies":"Nemesis","floor":45,"turns":7},{"damage":9,"enemies":"Maw","floor":47,"turns":7},{"damage":120,"enemies":"Time Eater","floor":50,"turns":7}],"seed_played":"-4800547694512227271","potions_obtained":[{"floor":1.0,"key":"PowerPotion"},{"floor":6.0,"key":"AttackPotion"},{"floor":16.0,"key":"Weak Potion"},{"floor":18.0,"key":"Strength Potion"},{"floor":31.0,"key":"Energy Potion"},{"floor":44,"key":"Ancient Potion"}],"is_trial":false,"path_per_floor":["M","M","?","M","M","M","E","M","T","?","R","T","M","M","R","B",null,"M","$","M","?","$","E","R","$","T","R","M","E","R","E","R","B",null,"M","M","M","T","?","E","R","$","T","M","E","?","M","$","R","B"],"character_chosen":"IRONCLAD","items_purchased":["Chemical X","Apotheosis","True Grit","Bag of Preparation","Flame Barrier","ClockworkSouvenir","Dark Embrace"],"campfire_rested":1,"item_purchase_floors":[19,19,22,25,42,48,48],"current_hp_per_floor":[81,86,86,84,74,80,49,55,55,37,37,37,33,39,51,82,92,95,95,87,87,87,32,44,44,44,56,51,57,72,58,73,63,87,93,95,76,76,76,79,94,94,94,71,42,42,41,41,89,0,0],"gold":105,"neow_bonus":"TEN_PERCENT_HP_BONUS","is_daily":false,"chose_seed":false,"campfire_upgraded":6,"win_rate":0.0,"timestamp":1611886827,"path_taken":["M","M","?","?","M","M","E","M","T","?","R","?","?","M","R","BOSS","M","$","M","?","$","E","R","?","T","R","M","E","R","E","R","BOSS","M","M","M","?","?","E","R","$","T","?","E","?","M","$","R","BOSS"],"items_purchased_type":["Relic","Card","Card","Relic","Card","Relic","Card"],"build_version":"2020-12-22","purchased_purges":1,"victory":false,"max_hp_per_floor":[88,88,88,88,88,88,88,88,88,95,95,95,95,95,95,95,95,95,95,95,95,95,95,95,95,95,95,95,95,95,95,95,95,95,95,95,95,95,95,97,97,97,97,99,101,101,103,103,103,103,103],"relic_stats":{"Gremlin Horn":[7,8],"Singing Bowl":8,"counters":[25,104],"Astrolabe":["Heavy Blade","Cleave","Evolve"],"CeramicFish":18,"Eternal Feather":99,"Bag of Preparation":[24],"Burning Blood":139,"Nunchaku":[9],"Pantograph":61,"Snecko Eye":[136,130,126,135],"Chemical X":[21],"obtain_stats":[{"Gremlin Horn":31,"Singing Bowl":40,"Astrolabe":34,"CeramicFish":45,"Thread and Needle":7,"Eternal Feather":12,"Bag of Preparation":25,"Ancient Tea Set":38,"Burning Blood":0,"ClockworkSouvenir":48,"Nunchaku":23,"HornCleat":26,"Pantograph":9,"Strawberry":10,"Snecko Eye":17,"Chemical X":19,"Pocketwatch":29},{"Gremlin Horn":16,"Singing Bowl":21,"Astrolabe":17,"CeramicFish":23,"Thread and Needle":6,"Eternal Feather":7,"Bag of Preparation":13,"Ancient Tea Set":20,"Burning Blood":0,"ClockworkSouvenir":24,"Nunchaku":13,"HornCleat":13,"Pantograph":7,"Strawberry":7,"Snecko Eye":10,"Chemical X":11,"Pocketwatch":15},{"Gremlin Horn":56,"Singing Bowl":78,"Astrolabe":62,"CeramicFish":90,"Thread and Needle":24,"Eternal Feather":28,"Bag of Preparation":47,"Ancient Tea Set":74,"Burning Blood":0,"ClockworkSouvenir":97,"Nunchaku":47,"HornCleat":47,"Pantograph":28,"Strawberry":28,"Snecko Eye":37,"Chemical X":38,"Pocketwatch":52}],"Pocketwatch":[54]},"card_choices":[{"not_picked":["Armaments","Shrug It Off"],"picked":"Whirlwind","floor":1.0},{"not_picked":["Entrench","Dropkick"],"picked":"Headbutt","floor":2.0},{"not_picked":["Combust","Searing Blow"],"picked":"Reckless Charge","floor":4.0},{"not_picked":["Dropkick","Sword Boomerang"],"picked":"Shrug It Off","floor":5.0},{"not_picked":["Flex","Clash"],"picked":"Feel No Pain","floor":6.0},{"not_picked":["Twin Strike","Warcry"],"picked":"Spot Weakness","floor":7.0},{"not_picked":["Blood for Blood","Cleave"],"picked":"Battle Trance","floor":8.0},{"not_picked":["Dual Wield","Seeing Red"],"picked":"Havoc","floor":13.0},{"not_picked":["Reckless Charge","Combust"],"picked":"Feel No Pain","floor":14.0},{"not_picked":["Fiend Fire","Feed"],"picked":"Limit Break","floor":16.0},{"not_picked":["Armaments","Shrug It Off"],"picked":"Feel No Pain","floor":18.0},{"not_picked":["Cleave","Iron Wave","Body Slam"],"picked":"SKIP","floor":20.0},{"not_picked":["Cleave","Rage"],"picked":"Fiend Fire","floor":23.0},{"not_picked":["Evolve","Headbutt","Thunderclap"],"picked":"SKIP","floor":28.0},{"not_picked":["Feed","Heavy Blade"],"picked":"Havoc+1","floor":29.0},{"not_picked":["Flex","Anger"],"picked":"Infernal Blade+1","floor":31.0},{"not_picked":["Fiend Fire","Bludgeon"],"picked":"Impervious","floor":33.0},{"not_picked":["Spot Weakness","Clash"],"picked":"Power Through+1","floor":35.0},{"not_picked":["Flex","Anger"],"picked":"Evolve","floor":36.0},{"not_picked":["Iron Wave","Perfected Strike","Clothesline"],"picked":"SKIP","floor":37.0},{"not_picked":["Spot Weakness+1","Whirlwind","Thunderclap"],"picked":"Singing Bowl","floor":40.0},{"not_picked":["Heavy Blade+1","Sentinel","True Grit"],"picked":"Singing Bowl","floor":44},{"not_picked":["Perfected Strike","Exhume","Rage"],"picked":"Singing Bowl","floor":45},{"not_picked":["Seeing Red+1","Havoc","Rupture"],"picked":"Singing Bowl","floor":47}],"player_experience":882249,"relics_obtained":[{"floor":7.0,"key":"Thread and Needle"},{"floor":9.0,"key":"Pantograph"},{"floor":12.0,"key":"Eternal Feather"},{"floor":23.0,"key":"Nunchaku"},{"floor":26.0,"key":"HornCleat"},{"floor":29.0,"key":"Pocketwatch"},{"floor":31.0,"key":"Gremlin Horn"},{"floor":38.0,"key":"Ancient Tea Set"},{"floor":40.0,"key":"Singing Bowl"},{"floor":45,"key":"CeramicFish"}],"event_choices":[{"damage_healed":0.0,"max_hp_gain":0.0,"max_hp_loss":0.0,"gold_gain":0.0,"cards_transformed":["Strike_R"],"event_name":"Transmorgrifier","player_choice":"Transformed","floor":3.0,"gold_loss":0.0,"damage_taken":0.0,"cards_obtained":["Bludgeon"]},{"damage_healed":0.0,"max_hp_gain":0.0,"max_hp_loss":0.0,"gold_gain":0.0,"event_name":"Scrap Ooze","player_choice":"Success","floor":10.0,"gold_loss":0.0,"damage_taken":25.0,"relics_obtained":["Strawberry"]},{"damage_healed":0.0,"max_hp_gain":0.0,"max_hp_loss":0.0,"gold_gain":250.0,"event_name":"The Joust","player_choice":"Bet on Owner","floor":21.0,"gold_loss":50.0,"damage_taken":0.0},{"damage_healed":0.0,"max_hp_gain":0.0,"max_hp_loss":0.0,"gold_gain":0.0,"event_name":"SecretPortal","player_choice":"Ignored","floor":39.0,"gold_loss":0.0,"damage_taken":0.0},{"damage_healed":0,"gold_gain":0,"cards_transformed":["Defend_R"],"player_choice":"Transformed","damage_taken":0,"max_hp_gain":0,"max_hp_loss":0,"event_name":"Transmorgrifier","floor":46,"gold_loss":0,"cards_obtained":["Burning Pact"]}],"is_beta":false,"boss_relics":[{"not_picked":["Runic Dome","SacredBark"],"picked":"Snecko Eye"},{"not_picked":["Pandora\u0027s Box","Velvet Choker"],"picked":"Astrolabe"}],"items_purged_floors":[22],"is_endless":false,"potions_floor_spawned":[1,6,8,14,16,18,20,23,29,31,35,44],"killed_by":"Time Eater","ascension_level":13}}