{"host":"ovzcnukkv7k2afo8","time":1611961616,"event":{"mods":["Act Like it!","Aspiration","Bard","BaseMod","Colored Map","Colored Powertips","Conspire","Downfall","Duelist Mod","Friendly Minions","GifTheSpireLib","Halation","Hermit","Hubris","Infinite Spire","Jorbs\u0027s Wanderer Trilogy","Mad Scientist","Mimic Mod","Minty Spire (QoL Compilation)","Quick Restart","Random Character Button","Relic Sorter","Reliquary","Replay The Spire","Shop Mod","StSLib","The Construct","The Cursed","The Disciple","The Hierophant","The Jungle","The Runesmith","The Servant 0.9.4","TheSurvivalist"],"gold_per_floor":[113,113,128,128,128,154,165,440,494,511,317,317,330,350,432,531,531,547,647,716,296,308,338,338,338,377,377,405,405,405,424,424,525,525,540,540,540,540,553,581,581,592,647,676,676,637,653,663,663,760,760,774,790,790,799,811,811,820,820,820,817,826,837,853,868,868,945,945,953,674,663,674,503,520,520,335,335,347,350,342,342,343,343,442,442,448,301,301,308,308,316,316,316,316,316,312,308,324,322,322,400,400,400],"floor_reached":102,"language":"ENG","playtime":8517,"items_purged":["TheCursedMod:Strike_TheCursed"],"score":2083,"play_id":"1d0e960c-0524-421d-af94-2e8106ecd7d9","local_time":"20210130000656","is_ascension_mode":false,"campfire_choices":[{"data":"TheCursedMod:CircleOfFlame","floor":12.0,"key":"SMITH"},{"data":"TheCursedMod:Hemoplague","floor":24.0,"key":"SMITH"},{"floor":27.0,"key":"REST"},{"data":"TheCursedMod:CircleOfBlood","floor":30.0,"key":"SMITH"},{"floor":41.0,"key":"REST"},{"floor":49.0,"key":"REST"},{"floor":57.0,"key":"REST"},{"data":"TheCursedMod:CursedRelics","floor":59.0,"key":"SMITH"},{"floor":66.0,"key":"DIG"},{"floor":75.0,"key":"REST"},{"floor":83.0,"key":"REST"},{"floor":92.0,"key":"REST"},{"floor":95.0,"key":"REST"},{"floor":100.0,"key":"REST"}],"circlet_count":0,"master_deck":["TheCursedMod:Strike_TheCursed+1","TheCursedMod:Strike_TheCursed","TheCursedMod:Defend_TheCursed","TheCursedMod:Defend_TheCursed+1","TheCursedMod:Defend_TheCursed","TheCursedMod:CursedWand","TheCursedMod:CleanUpWorkshop","TheCursedMod:Dregs","TheCursedMod:LuckyCharm","TheCursedMod:Obscuration","TheCursedMod:Torture","TheCursedMod:CircleOfFlame+1","Regret","TheCursedMod:CircleOfBlood+1","TheCursedMod:SoulCrush","TheCursedMod:Hemoplague+1","TheCursedMod:CircleOfFlame","TheCursedMod:Neurasthenia+1","TheCursedMod:SurpriseAttack+1","TheCursedMod:SurpriseAttack+1","TheCursedMod:Hemoplague+1","TheCursedMod:SpitefulStrike","TheCursedMod:ManaBullet+1","TheCursedMod:ManaBullet","TheCursedMod:SaltUponWound+1","TheCursedMod:SaltUponWound+1","TheCursedMod:CursedRelics+1","CurseOfTheBell","TheCursedMod:CircleOfAbyss","TheCursedMod:CursedRelics+1","infinitespire:Oblivion","TheCursedMod:SmokeScreen+1","TheCursedMod:ReleasedStrength+1","TheCursedMod:CircleOfWindfury+1","TheCursedMod:BloodBarrier","TheCursedMod:CursedMace+1","hubris:NaturalOne","TheCursedMod:FleshFromBone+1","TheCursedMod:WearCloak+1","TheCursedMod:CursedRelics","TheCursedMod:FleshFromBone","TheCursedMod:CircleOfFlame+1","TheCursedMod:WearCloak","Pot Of Greed","Pot Of Greed+1","Pot Of Greed","Pot Of Greed","TheCursedMod:Stretching+1","TheCursedMod:StunningStrike","TheCursedMod:SpitefulPray","Pot Of Greed+1","TheCursedMod:SpitefulStrike","TheCursedMod:DarkBarrier","TheCursedMod:CursedAmulet+1","TheCursedMod:CircleOfAmplification+1","Master of Strategy","infinitespire:Gouge","TheCursedMod:HellfireBreathing","TheCursedMod:BlessingInDisguise+1","TheCursedMod:CursedShiv","Slimebound:SplitAcid","TheCursedMod:ReleasedKnowledge+1","TheCursedMod:Stretching+1","Pot Of Greed","TheCursedMod:CircleOfBlood+1","TheCursedMod:ManaCirculation+1","TheCursedMod:SpitefulPray+1","Writhe","TheCursedMod:CircleOfAmplification+1","TheCursedMod:SoulCrush+1","Slimebound:Gluttony+1","Languid","TheCursedMod:Grudge+1","TheCursedMod:DoubleShield+1","TheCursedMod:StunningStrike+1"],"relics":["TheCursedMod:BlackMagic101","infinitespire:Eraser","ReplayTheSpireMod:Ring of Addiction","hubris:Icosahedron","NeowsBlessing","Toy Ornithopter","conspire:TreasureMap","hubris:VirtuousBlindfold","Mercury Hourglass","Membership Card","aspiration:Lifesprig","Replay:WaspNest","Bronze Scales","infinitespire:EmpoweringShard","Boot","Calling Bell","Gremlin Food","Incense Burner","aspiration:StickyExplosives_weak","Bird Faced Urn","TheCursedMod:DemonicMark","Ancient Tea Set","reliquary:TatteredRug","reliquary:RedPaperclip","FossilizedHelix","Painkiller Herb","Grinning Jar","reliquary:PorcupineQuills","infinitespire:Beetle Shell","hubris:MysteriousPyramids","conspire:SpecialSausage","reliquary:PartyBalloon","Dream Catcher","MerchantsRug","halation:Jellyphish","halation:WeightlessCrab","theJungle:Creamberry","hubris:DisguiseKit","theJungle:WildMango","Replay:Kaleidoscope","Empty Cage","infinitespire:Lucky Rock","Runesmith:AutoHammer","halation:PapillonHeart","Replay:Bottled Flurry","Ring of Misfortune","Potion Belt","SacredBark","halation:Toothbrush","conspire:TopHat","Replay:Grab Bag","Fusion Hammer","Busted Crown","halation:HeavySnake"],"acts_visited":["Exordium","Exordium","TheBeyond","Exordium","Exordium","TheBeyond"],"potions_floor_usage":[],"damage_taken":[{"damage":0.0,"enemies":"2 Louse","floor":1.0,"turns":1.0},{"damage":0.0,"enemies":"Cultist","floor":3.0,"turns":1.0},{"damage":0.0,"enemies":"Replay:BlueRogue","floor":6.0,"turns":1.0},{"damage":6.0,"enemies":"conspire:RoseBush","floor":7.0,"turns":2.0},{"damage":5.0,"enemies":"Blue Slaver","floor":10.0,"turns":3.0},{"damage":9.0,"enemies":"Red Slaver","floor":13.0,"turns":3.0},{"damage":3.0,"enemies":"3 Louse","floor":14.0,"turns":3.0},{"damage":41.0,"enemies":"Hexaghost","floor":16.0,"turns":9.0},{"damage":9.0,"enemies":"theJungle:5_Spyders","floor":18.0,"turns":8.0},{"damage":5.0,"enemies":"theJungle:Flameango_and_Byrd","floor":22.0,"turns":4.0},{"damage":36.0,"enemies":"Nightmare","floor":23.0,"turns":8.0},{"damage":15.0,"enemies":"theJungle:JungleHuntersEncounter","floor":26.0,"turns":5.0},{"damage":23.0,"enemies":"theJungle:Cassacara","floor":28.0,"turns":5.0},{"damage":12.0,"enemies":"theJungle:JungleHuntersEncounter","floor":31.0,"turns":3.0},{"damage":54.0,"enemies":"theJungle:QueenSpyder","floor":33.0,"turns":11.0},{"damage":11.0,"enemies":"Orb Walker","floor":35.0,"turns":2.0},{"damage":6.0,"enemies":"3 Shapes","floor":39.0,"turns":3.0},{"damage":4.0,"enemies":"Nightmare","floor":40.0,"turns":3.0},{"damage":27.0,"enemies":"Maw","floor":42.0,"turns":3.0},{"damage":10.0,"enemies":"R_Hoarder","floor":44.0,"turns":4.0},{"damage":24.0,"enemies":"Writhing Mass","floor":46.0,"turns":2.0},{"damage":0.0,"enemies":"Sphere and 2 Shapes","floor":47.0,"turns":3.0},{"damage":7.0,"enemies":"4 Shapes","floor":48.0,"turns":6.0},{"damage":61.0,"enemies":"Time Eater","floor":50.0,"turns":8.0},{"damage":0.0,"enemies":"Small Slimes","floor":52.0,"turns":1.0},{"damage":0.0,"enemies":"2 Louse","floor":53.0,"turns":1.0},{"damage":0.0,"enemies":"Jaw Worm","floor":55.0,"turns":2.0},{"damage":0.0,"enemies":"Looter","floor":56.0,"turns":2.0},{"damage":0.0,"enemies":"Lagavulin","floor":58.0,"turns":3.0},{"damage":39.0,"enemies":"Nightmare","floor":61.0,"turns":7.0},{"damage":0.0,"enemies":"Exordium Wildlife","floor":62.0,"turns":1.0},{"damage":0.0,"enemies":"Large Slime","floor":63.0,"turns":1.0},{"damage":0.0,"enemies":"Red Slaver","floor":64.0,"turns":1.0},{"damage":0.0,"enemies":"Blue Slaver","floor":65.0,"turns":1.0},{"damage":59.0,"enemies":"Hexaghost","floor":67.0,"turns":4.0},{"damage":0.0,"enemies":"theJungle:GiantWrat","floor":69.0,"turns":1.0},{"damage":0.0,"enemies":"theJungle:5_Spyders","floor":71.0,"turns":4.0},{"damage":0.0,"enemies":"theJungle:SlimyTreeVines","floor":72.0,"turns":2.0},{"damage":0.0,"enemies":"theJungle:MamaSnecko","floor":74.0,"turns":3.0},{"damage":0.0,"enemies":"theJungle:2_Snecko_Cultists","floor":78.0,"turns":1.0},{"damage":0.0,"enemies":"theJungle:Lyon","floor":79.0,"turns":2.0},{"damage":20.0,"enemies":"theJungle:2_Flameangoes","floor":80.0,"turns":2.0},{"damage":0.0,"enemies":"theJungle:2_Phrogs","floor":82.0,"turns":5.0},{"damage":0.0,"enemies":"theJungle:QueenSpyder","floor":84.0,"turns":1.0},{"damage":68.0,"enemies":"3 Darklings","floor":86.0,"turns":2.0},{"damage":48.0,"enemies":"3 Shapes","floor":89.0,"turns":3.0},{"damage":0.0,"enemies":"R_Hoarder","floor":91.0,"turns":4.0},{"damage":0.0,"enemies":"Sphere and 2 Shapes","floor":96.0,"turns":5.0},{"damage":0.0,"enemies":"4 Shapes","floor":97.0,"turns":4.0},{"damage":0.0,"enemies":"Nemesis","floor":98.0,"turns":3.0},{"damage":0.0,"enemies":"3 Darklings","floor":99.0,"turns":3.0},{"damage":63.0,"enemies":"Replay:Hell Engine","floor":101.0,"turns":3.0}],"seed_played":"7013819262601401073","potions_obtained":[{"floor":3.0,"key":"bronze:BurnAndBuffPotion"},{"floor":10.0,"key":"Strength Potion"},{"floor":13.0,"key":"Strength Potion"},{"floor":14.0,"key":"Block Potion"},{"floor":16.0,"key":"sneckomod:MuddlingPotion"},{"floor":22.0,"key":"conspire:TimeTravelPotion"},{"floor":25.0,"key":"FairyPotion"},{"floor":28.0,"key":"DistilledChaos"},{"floor":31.0,"key":"Milkshake"},{"floor":35.0,"key":"Dexterity Potion"},{"floor":44.0,"key":"Fire Potion"},{"floor":46.0,"key":"champ:CounterPotion"},{"floor":47.0,"key":"Weak Potion"},{"floor":50.0,"key":"PowerPotion"},{"floor":55.0,"key":"Swift Potion"},{"floor":61.0,"key":"PowerPotion"},{"floor":62.0,"key":"sneckomod:MuddlingPotion"},{"floor":65.0,"key":"infinitespire:BlackPotion"},{"floor":67.0,"key":"AttackPotion"},{"floor":71.0,"key":"champ:CounterPotion"},{"floor":72.0,"key":"Fire Potion"},{"floor":74.0,"key":"FearPotion"},{"floor":80.0,"key":"conspire:TimeTravelPotion"},{"floor":84.0,"key":"SteroidPotion"},{"floor":89.0,"key":"Guardian:BlockOnCardUsePotion"},{"floor":93.0,"key":"Toxic Potion"},{"floor":93.0,"key":"BlessingOfTheForge"}],"is_trial":false,"path_per_floor":["M","?","M","$","?","E","M","?","T","M","$","R","M","M","R_BF","B",null,"M","?","T","$","M","NM","R","?","MIM","R","E","?","R","M","R_BF","B",null,"M","?","AVR","$","M","NM","R","M","T","E","?","M","M","M","R","B",null,"M","M","AVR","?","?","T","E","T","T","NM","?","?","?","?","R_BF","B",null,"?","T","?","?","T","E","T","?","T","?","?","?","?","E","T","B",null,"?","T","?","?","?","E","T","?","T","T","?","?","E","?","T","B",null],"character_chosen":"THE_CURSED","items_purchased":["conspire:TreasureMap","TheCursedMod:SoulCrush","Membership Card","aspiration:Lifesprig","Replay:WaspNest","TheCursedMod:SurpriseAttack","TheCursedMod:Hemoplague","Bird Faced Urn","TheCursedMod:DemonicMark","reliquary:PartyBalloon","SneckoOil","Dream Catcher","MerchantsRug","halation:Jellyphish","Master of Strategy","infinitespire:Lucky Rock","Runesmith:AutoHammer"],"campfire_rested":9,"item_purchase_floors":[11,11,21,21,21,21,21,38,38,70,70,70,70,73,73,87,87],"current_hp_per_floor":[75,75,75,75,75,75,69,69,69,64,64,64,57,58,58,26,75,66,61,61,61,58,40,40,40,32,54,35,35,35,28,50,8,75,64,64,64,28,24,27,49,24,24,28,36,16,22,25,47,6,75,75,75,75,75,75,75,75,75,75,36,42,48,54,60,66,20,75,75,75,75,75,75,75,75,75,75,75,75,55,75,89,89,89,89,21,27,55,21,27,39,70,76,82,85,85,83,83,83,81,42,81,81],"gold":400,"neow_bonus":"THREE_ENEMY_KILL","is_daily":false,"chose_seed":false,"campfire_upgraded":4,"win_rate":0.0,"timestamp":1611961616,"path_taken":["M","?","?","$","?","E","M","?","T","?","$","R","M","M","R_BF","BOSS","M","?","?","$","M","NM","R","?","MIM","R","E","?","R","M","R_BF","BOSS","M","?","AVR","?","M","NM","R","?","T","E","?","M","M","M","R","BOSS","M","?","AVR","?","?","T","E","T","T","NM","?","?","?","?","R_BF","BOSS","?","?","?","?","T","E","T","?","T","?","?","?","?","E","T","BOSS","?","T","?","?","?","E","T","?","T","T","?","?","E","?","T","BOSS"],"items_purchased_type":["Relic","Card","Relic","Relic","Relic","Card","Card","Relic","Relic","Relic","Potion","Relic","Relic","Relic","Card","Relic","Relic"],"build_version":"2020-12-22","purchased_purges":1,"victory":false,"max_hp_per_floor":[75,75,75,75,75,75,75,75,75,75,75,75,75,75,75,75,75,75,75,75,75,75,75,75,75,75,75,75,75,75,75,75,75,75,75,75,75,75,75,75,75,75,75,75,75,75,75,75,75,75,75,75,75,75,75,75,75,75,75,75,75,75,75,75,75,75,75,75,75,75,75,75,75,75,75,75,75,75,75,75,89,89,89,89,89,89,89,89,89,85,85,85,85,85,85,85,83,83,83,81,81,81,81],"card_choices":[{"not_picked":["TheCursedMod:SpitefulStrike","TheCursedMod:CursedArmor"],"picked":"TheCursedMod:LuckyCharm","floor":1.0},{"not_picked":["TheCursedMod:CursedShiv","TheCursedMod:SpitefulStrike"],"picked":"TheCursedMod:Obscuration","floor":3.0},{"not_picked":["TheCursedMod:CursedSpellbook","TheCursedMod:Wield"],"picked":"TheCursedMod:Torture","floor":6.0},{"not_picked":["TheCursedMod:CursedArmor","TheCursedMod:FleshFromBone"],"picked":"TheCursedMod:CircleOfFlame","floor":7.0},{"not_picked":["TheCursedMod:Wield","TheCursedMod:StingEye"],"picked":"TheCursedMod:CircleOfBlood","floor":10.0},{"not_picked":["TheCursedMod:SoulCrush","TheCursedMod:DemonicPact"],"picked":"TheCursedMod:Hemoplague","floor":13.0},{"not_picked":["TheCursedMod:FleshFromBone","TheCursedMod:CircleOfAmplification"],"picked":"TheCursedMod:CircleOfFlame","floor":14.0},{"not_picked":["TheCursedMod:CollectTribute","TheCursedMod:CircleOfAbyss"],"picked":"TheCursedMod:Neurasthenia","floor":16.0},{"not_picked":["TheCursedMod:Wield","TheCursedMod:WearCloak"],"picked":"TheCursedMod:SurpriseAttack+1","floor":18.0},{"not_picked":["TheCursedMod:Grudge","TheCursedMod:SoulCrush"],"picked":"TheCursedMod:SpitefulStrike","floor":22.0},{"not_picked":["TheCursedMod:WearCloak+1","TheCursedMod:RavingStaff"],"picked":"TheCursedMod:ManaBullet+1","floor":23.0},{"not_picked":["TheCursedMod:Hemoplague","TheCursedMod:CursedShiv"],"picked":"TheCursedMod:ManaBullet","floor":26.0},{"not_picked":["TheCursedMod:VitalStrike","TheCursedMod:Neurasthenia"],"picked":"TheCursedMod:SaltUponWound+1","floor":28.0},{"not_picked":["TheCursedMod:CircleOfFocus","TheCursedMod:FleshFromBone"],"picked":"TheCursedMod:SaltUponWound","floor":31.0},{"not_picked":["TheCursedMod:DemonSword","TheCursedMod:DemonicPact"],"picked":"TheCursedMod:CursedRelics","floor":33.0},{"not_picked":["TheCursedMod:CursedBlade+1","TheCursedMod:AbyssShockwave+1"],"picked":"TheCursedMod:CircleOfAbyss","floor":35.0},{"not_picked":["TheCursedMod:TacticalStrike","TheCursedMod:Wield"],"picked":"TheCursedMod:SmokeScreen+1","floor":39.0},{"not_picked":["TheCursedMod:FuryStrike","TheCursedMod:ManaBullet"],"picked":"TheCursedMod:ReleasedStrength+1","floor":40.0},{"not_picked":["TheCursedMod:SmokeScreen+1","TheCursedMod:Torture+1"],"picked":"TheCursedMod:CircleOfWindfury+1","floor":42.0},{"not_picked":["TheCursedMod:CircleOfFocus","TheCursedMod:RavingStaff"],"picked":"TheCursedMod:BloodBarrier","floor":44.0},{"not_picked":["TheCursedMod:FuryStrike+1","TheCursedMod:AntiAging"],"picked":"TheCursedMod:CursedMace+1","floor":46.0},{"not_picked":["TheCursedMod:ReleasedStrength+1","TheCursedMod:SpitefulPlan+1"],"picked":"TheCursedMod:FleshFromBone+1","floor":47.0},{"not_picked":["TheCursedMod:CursedSpellbook+1","TheCursedMod:CursedStaff+1"],"picked":"TheCursedMod:WearCloak+1","floor":48.0},{"not_picked":["TheCursedMod:CircleOfAbyss","TheCursedMod:UltimatePain"],"picked":"TheCursedMod:CursedRelics","floor":50.0},{"not_picked":["TheCursedMod:CursedBlade","TheCursedMod:SmokeScreen"],"picked":"TheCursedMod:FleshFromBone","floor":52.0},{"not_picked":["TheCursedMod:FuryStrike","TheCursedMod:Grudge"],"picked":"TheCursedMod:CircleOfFlame","floor":53.0},{"not_picked":["TheCursedMod:FleshFromBone","TheCursedMod:RapidMovement"],"picked":"TheCursedMod:WearCloak","floor":55.0},{"not_picked":["TheCursedMod:CircleOfBlood","TheCursedMod:Obscuration","TheCursedMod:SurpriseAttack"],"picked":"SKIP","floor":56.0},{"not_picked":["TheCursedMod:Stigma","TheCursedMod:SurpriseAttack"],"picked":"TheCursedMod:Stretching","floor":58.0},{"not_picked":["TheCursedMod:CircleOfAmplification","TheCursedMod:CursedArmor"],"picked":"TheCursedMod:StunningStrike","floor":61.0},{"not_picked":["TheCursedMod:CircleOfFlame","TheCursedMod:CursedBlade","TheCursedMod:Obscuration"],"picked":"SKIP","floor":62.0},{"not_picked":["TheCursedMod:CursedShiv","TheCursedMod:CursedMace","TheCursedMod:ManaBullet"],"picked":"SKIP","floor":63.0},{"not_picked":["TheCursedMod:TacticalStrike","TheCursedMod:AshesToAshes"],"picked":"TheCursedMod:SpitefulPray","floor":64.0},{"not_picked":["TheCursedMod:ReleasedKnowledge","TheCursedMod:Wield"],"picked":"TheCursedMod:SpitefulStrike","floor":65.0},{"not_picked":["TheCursedMod:Neurasthenia","TheCursedMod:AntiAging"],"picked":"TheCursedMod:DarkBarrier","floor":67.0},{"not_picked":["TheCursedMod:CursedMace","TheCursedMod:HellsGateOpen"],"picked":"TheCursedMod:CursedAmulet+1","floor":69.0},{"not_picked":["TheCursedMod:RapidMovement","TheCursedMod:CursedStaff"],"picked":"TheCursedMod:CircleOfAmplification+1","floor":71.0},{"not_picked":["TheCursedMod:CircleOfFocus","TheCursedMod:TacticalStrike","TheCursedMod:CircleOfFlame"],"picked":"SKIP","floor":72.0},{"not_picked":["ReplayTheSpireMod:Haul","infinitespire:NeuralNetwork"],"picked":"infinitespire:Gouge","floor":74.0},{"not_picked":["TheCursedMod:SaltUponWound","TheCursedMod:CircleOfFlame"],"picked":"TheCursedMod:HellfireBreathing","floor":74.0},{"not_picked":["TheCursedMod:Evocation","TheCursedMod:Wield"],"picked":"TheCursedMod:BlessingInDisguise+1","floor":75.0},{"not_picked":["TheCursedMod:SpitefulStrike","TheCursedMod:EmpowerCircles+1","Slimebound:SplitLeeching"],"picked":"TheCursedMod:CursedShiv","floor":78.0},{"not_picked":["TheCursedMod:RapidMovement","TheCursedMod:LuckyCharm+1","TheCursedMod:SpreadPlague+1"],"picked":"Slimebound:SplitAcid","floor":79.0},{"not_picked":["TheCursedMod:RavingStaff","TheCursedMod:SpreadPlague+1","Slimebound:DisruptingSlam+1"],"picked":"TheCursedMod:ReleasedKnowledge+1","floor":80.0},{"not_picked":["TheCursedMod:Obscuration","TheCursedMod:CursedArmor+1","Slimebound:SpikyOuterGoop+1"],"picked":"TheCursedMod:Stretching+1","floor":82.0},{"not_picked":["TheCursedMod:CursedBlade","TheCursedMod:FleshFromBone","Slimebound:ProtectTheBoss+1"],"picked":"TheCursedMod:CircleOfBlood+1","floor":83.0},{"not_picked":["TheCursedMod:AntiAging+1","TheCursedMod:ShockAndAwe+1","Slimebound:WasteNot+1"],"picked":"TheCursedMod:ManaCirculation+1","floor":84.0},{"not_picked":["TheCursedMod:SmokeScreen","TheCursedMod:CursedShiv+1","Slimebound:SamplingLick"],"picked":"TheCursedMod:SpitefulPray+1","floor":86.0},{"not_picked":["TheCursedMod:ReleasedKnowledge+1","TheCursedMod:Evocation+1","Slimebound:LivingWall"],"picked":"TheCursedMod:CircleOfAmplification+1","floor":89.0},{"not_picked":["TheCursedMod:EmpowerCircles+1","TheCursedMod:SmokeScreen+1","Slimebound:SplitLeeching"],"picked":"TheCursedMod:SoulCrush+1","floor":91.0},{"not_picked":["TheCursedMod:CursedBlade+1","TheCursedMod:TroublousMinions+1","TheCursedMod:PrepareRite+1"],"picked":"Slimebound:Gluttony+1","floor":92.0},{"not_picked":["TheCursedMod:CursedShiv","TheCursedMod:Torture","Slimebound:Nibble+1"],"picked":"TheCursedMod:Grudge+1","floor":96.0},{"not_picked":["TheCursedMod:ParallelWorld+1","TheCursedMod:AshesToAshes+1","TheCursedMod:Obscuration+1","Slimebound:SplitBruiser"],"picked":"SKIP","floor":97.0},{"not_picked":["TheCursedMod:Wield+1","TheCursedMod:SmokeScreen","TheCursedMod:CircleOfBlood+1","Slimebound:LeechingTouch"],"picked":"SKIP","floor":98.0},{"not_picked":["TheCursedMod:CursedArmor+1","TheCursedMod:SaltUponWound+1","TheCursedMod:Torture","Slimebound:SlimeSpikes"],"picked":"SKIP","floor":99.0},{"not_picked":["TheCursedMod:TacticalStrike","TheCursedMod:BlessingInDisguise+1","Slimebound:RejuvenatingLick+1"],"picked":"TheCursedMod:DoubleShield+1","floor":100.0},{"not_picked":["TheCursedMod:VoidForm+1","TheCursedMod:ManaCirculation+1","Slimebound:SelfFormingGoo+1"],"picked":"TheCursedMod:StunningStrike+1","floor":101.0}],"player_experience":69910,"relics_obtained":[{"floor":6.0,"key":"infinitespire:Eraser"},{"floor":9.0,"key":"Toy Ornithopter"},{"floor":20.0,"key":"Mercury Hourglass"},{"floor":23.0,"key":"Bronze Scales"},{"floor":26.0,"key":"infinitespire:EmpoweringShard"},{"floor":28.0,"key":"Boot"},{"floor":34.0,"key":"Gremlin Food"},{"floor":34.0,"key":"Incense Burner"},{"floor":34.0,"key":"hubris:SphereOfDissonance"},{"floor":40.0,"key":"Ancient Tea Set"},{"floor":43.0,"key":"hubris:MobiusCoin"},{"floor":44.0,"key":"reliquary:TatteredRug"},{"floor":58.0,"key":"Grinning Jar"},{"floor":60.0,"key":"reliquary:PorcupineQuills"},{"floor":61.0,"key":"infinitespire:Beetle Shell"},{"floor":66.0,"key":"hubris:MysteriousPyramids"},{"floor":74.0,"key":"halation:WeightlessCrab"},{"floor":77.0,"key":"hubris:DisguiseKit"},{"floor":82.0,"key":"Replay:Kaleidoscope"},{"floor":91.0,"key":"Replay:Bottled Flurry"},{"floor":93.0,"key":"Ring of Misfortune"},{"floor":93.0,"key":"ReplayTheSpireMod:Ring of Addiction"},{"floor":93.0,"key":"Potion Belt"},{"floor":93.0,"key":"SacredBark"},{"floor":94.0,"key":"halation:Toothbrush"},{"floor":98.0,"key":"conspire:TopHat"}],"event_choices":[{"damage_healed":0.0,"max_hp_gain":0.0,"max_hp_loss":0.0,"gold_gain":0.0,"event_name":"Wheel of Change","player_choice":"Full Heal","floor":2.0,"gold_loss":0.0,"damage_taken":0.0},{"damage_healed":0.0,"max_hp_gain":0.0,"max_hp_loss":0.0,"gold_gain":275.0,"event_name":"Golden Shrine","player_choice":"Desecrate","floor":8.0,"gold_loss":0.0,"damage_taken":0.0,"cards_obtained":["Regret"]},{"damage_healed":0.0,"max_hp_gain":0.0,"max_hp_loss":0.0,"gold_gain":0.0,"event_name":"Lab","player_choice":"Got Potions","floor":25.0,"gold_loss":0.0,"damage_taken":0.0},{"damage_healed":0.0,"max_hp_gain":0.0,"max_hp_loss":0.0,"gold_gain":0.0,"event_name":"Duplicator","player_choice":"Copied","floor":36.0,"gold_loss":0.0,"damage_taken":0.0,"cards_obtained":["TheCursedMod:CursedRelics"]},{"damage_healed":22.0,"max_hp_gain":0.0,"max_hp_loss":0.0,"gold_gain":0.0,"event_name":"Winding Halls","player_choice":"Writhe","floor":88.0,"gold_loss":0.0,"damage_taken":0.0,"cards_obtained":["Writhe"]}],"is_beta":false,"boss_relics":[{"not_picked":["aspiration:RunicSpoon","halation:CatFaceCupcake"],"picked":"hubris:VirtuousBlindfold"},{"not_picked":["Runic Dome","Sozu"],"picked":"Calling Bell"},{"not_picked":["aspiration:WatcherSkillbook","halation:ForbiddenBikini"],"picked":"reliquary:RedPaperclip"},{"not_picked":["SacredBark","Runic Pyramid"],"picked":"conspire:SpecialSausage"},{"not_picked":["reliquary:RedCape","halation:PinkAlligatorPlush"],"picked":"Empty Cage"},{"not_picked":["infinitespire:Cupcake","Runesmith:UraniumAnvil"],"picked":"Replay:Grab Bag"},{"not_picked":["halation:IncompleteEncyclopedia","Coffee Dripper"],"picked":"Fusion Hammer"},{"not_picked":["Philosopher\u0027s Stone","conspire:SeveredTorchhead"],"picked":"Busted Crown"},{"not_picked":["halation:Prosthetics","hubris:BlackHole"],"picked":"halation:HeavySnake"}],"items_purged_floors":[37],"is_endless":true,"potions_floor_spawned":[3,10,13,14,16,22,28,31,35,44,46,47,50,55,56,61,62,65,67,71,72,74,80,84,89,91,96,98],"ascension_level":0}}