{"host":"83h5c79dzf5zv2a9","time":1611924676,"event":{"mods":["2.2 Compatiblity","BaseMod","Bestiary","Colored Map","Colored Powertips","Curses Come First","Highlight Path","Keyboard Shortcuts","Minty Spire (QoL Compilation)","Relic Stats","Slay the Relics Exporter","StSLib","SuperFastMode"],"gold_per_floor":[109,14,14,14,34,65,83,83,83,83,109,139,151,177,189,297,309,341,197,197,197,122,122,46,46,46,58,58,90,121,135,135,240,240,250,27,27,249,249,249,281,49,75,87,101,101,172,172,172,172,172],"floor_reached":50,"language":"ENG","playtime":2658,"items_purged":["Flying Knee"],"score":592,"play_id":"eab134c6-56ed-488d-ba18-cd2454080e52","local_time":"20210129135116","is_ascension_mode":false,"campfire_choices":[{"data":"Neutralize","floor":8,"key":"SMITH"},{"data":"Prepared","floor":10,"key":"SMITH"},{"floor":15,"key":"REST"},{"floor":23,"key":"REST"},{"data":"Deadly Poison","floor":25,"key":"SMITH"},{"floor":32,"key":"REST"},{"data":"Deadly Poison","floor":40,"key":"SMITH"},{"floor":46,"key":"REST"},{"data":"Deadly Poison","floor":49,"key":"SMITH"}],"circlet_count":0,"master_deck":["Strike_G+1","Strike_G+1","Defend_G","Defend_G","Defend_G","Survivor","Neutralize+1","Sucker Punch+1","Deadly Poison+1","Backflip","Dagger Throw","Prepared+1","Distraction","Bane","Adrenaline","Terror","Escape Plan+1","Deflect","Flying Knee","Noxious Fumes","Deadly Poison+1","Deadly Poison+1","Outmaneuver","Deadly Poison","PiercingWail","Acrobatics+1","Deadly Poison+1","Well Laid Plans+1","Malaise+1","Endless Agony+1","Deadly Poison+1","Master of Strategy","Madness","Madness","Blur+1","Dark Shackles","Sucker Punch+1","Slice+1"],"relics":["Ring of the Snake","Ancient Tea Set","White Beast Statue","HornCleat","MawBank","Black Star","Orrery","Ninja Scroll","Kunai","Orichalcum","Ornamental Fan","Red Mask","Astrolabe","Bronze Scales","Bottled Tornado","Toy Ornithopter","Lee\u0027s Waffle","Juzu Bracelet","Frozen Egg 2"],"acts_visited":["Exordium","TheCity","TheBeyond"],"potions_floor_usage":[14,30,33,33,33,50,50,50],"damage_taken":[{"damage":1,"enemies":"Cultist","floor":1,"turns":4},{"damage":0,"enemies":"Jaw Worm","floor":5,"turns":4},{"damage":12,"enemies":"Lagavulin","floor":6,"turns":6},{"damage":0,"enemies":"2 Louse","floor":7,"turns":2},{"damage":19,"enemies":"3 Sentries","floor":11,"turns":9},{"damage":2,"enemies":"2 Fungi Beasts","floor":12,"turns":3},{"damage":5,"enemies":"3 Louse","floor":14,"turns":4},{"damage":19,"enemies":"Hexaghost","floor":16,"turns":10},{"damage":27,"enemies":"Spheric Guardian","floor":18,"turns":7},{"damage":5,"enemies":"3 Byrds","floor":27,"turns":4},{"damage":2,"enemies":"Gremlin Leader","floor":29,"turns":6},{"damage":24,"enemies":"Masked Bandits","floor":30,"turns":6},{"damage":5,"enemies":"Centurion and Healer","floor":31,"turns":7},{"damage":4,"enemies":"Collector","floor":33,"turns":5},{"damage":6,"enemies":"Orb Walker","floor":35,"turns":5},{"damage":40,"enemies":"Giant Head","floor":41,"turns":8},{"damage":18,"enemies":"3 Shapes","floor":44,"turns":4},{"damage":24,"enemies":"Maw","floor":45,"turns":8},{"damage":92,"enemies":"Time Eater","floor":50,"turns":10}],"seed_played":"8247405670890490947","potions_obtained":[{"floor":1,"key":"SpeedPotion"},{"floor":7,"key":"BlessingOfTheForge"},{"floor":11,"key":"Swift Potion"},{"floor":12,"key":"BlessingOfTheForge"},{"floor":14,"key":"Fruit Juice"},{"floor":16,"key":"Dexterity Potion"},{"floor":18,"key":"Weak Potion"},{"floor":30,"key":"Dexterity Potion"},{"floor":31,"key":"Regen Potion"},{"floor":33,"key":"LiquidBronze"},{"floor":35,"key":"FearPotion"},{"floor":41,"key":"GamblersBrew"},{"floor":45,"key":"CunningPotion"}],"is_trial":false,"path_per_floor":["M","$","?","?","M","E","M","R","T","R","E","M","?","M","R","B",null,"M","$","?","?","?","R","$","R","T","M","T","E","?","M","R","B",null,"M","$","?","?","?","R","E","$","T","M","M","R","T","?","R","B"],"character_chosen":"THE_SILENT","items_purchased":["Deadly Poison","Backflip","Orrery","Deadly Poison","Outmaneuver","Bronze Scales","Lee\u0027s Waffle","Dark Shackles"],"campfire_rested":4,"item_purchase_floors":[2,2,19,24,24,36,42,42],"current_hp_per_floor":[69,69,69,69,69,57,57,57,57,57,38,36,22,22,44,25,75,48,48,48,34,34,58,58,58,58,53,53,51,27,22,46,57,80,74,74,74,74,64,64,24,87,87,69,45,71,71,71,71,0,0],"gold":172,"neow_bonus":"RANDOM_COMMON_RELIC","is_daily":false,"chose_seed":false,"campfire_upgraded":5,"win_rate":0.0,"timestamp":1611924676,"path_taken":["M","?","?","?","M","E","M","R","T","R","E","?","?","M","R","BOSS","M","$","?","?","?","R","?","R","T","M","?","E","?","?","R","BOSS","M","$","?","?","?","R","E","$","T","M","M","R","?","?","R","BOSS"],"items_purchased_type":["Card","Card","Relic","Card","Card","Relic","Relic","Card"],"build_version":"2020-12-22","purchased_purges":1,"victory":false,"max_hp_per_floor":[70,70,70,70,70,70,70,70,70,70,70,70,70,75,75,75,75,75,75,75,80,80,80,80,80,80,80,80,80,80,80,80,80,80,80,80,80,80,80,80,80,87,87,87,87,87,87,87,87,87,87],"relic_stats":{"Lee\u0027s Waffle":63,"counters":[19,112],"Astrolabe":["Well Laid Plans","Malaise","Endless Agony"],"Juzu Bracelet":0,"Orichalcum":[30],"MawBank":96,"Ornamental Fan":[56],"Bronze Scales":[81],"Black Star":2,"Kunai":[15],"obtain_stats":[{"Lee\u0027s Waffle":42,"Astrolabe":34,"Juzu Bracelet":43,"Orichalcum":29,"Bottled Tornado":41,"Frozen Egg 2":47,"Ancient Tea Set":0,"MawBank":11,"White Beast Statue":6,"HornCleat":9,"Ninja Scroll":26,"Ornamental Fan":29,"Bronze Scales":36,"Orrery":19,"Black Star":17,"Red Mask":30,"Kunai":28,"Toy Ornithopter":41,"Ring of the Snake":0},{"Lee\u0027s Waffle":16,"Astrolabe":14,"Juzu Bracelet":16,"Orichalcum":11,"Bottled Tornado":16,"Frozen Egg 2":18,"Ancient Tea Set":0,"MawBank":5,"White Beast Statue":3,"HornCleat":4,"Ninja Scroll":9,"Ornamental Fan":11,"Bronze Scales":15,"Orrery":9,"Black Star":8,"Red Mask":12,"Kunai":10,"Toy Ornithopter":16,"Ring of the Snake":0},{"Lee\u0027s Waffle":90,"Astrolabe":77,"Juzu Bracelet":90,"Orichalcum":59,"Bottled Tornado":90,"Frozen Egg 2":102,"Ancient Tea Set":0,"MawBank":25,"White Beast Statue":14,"HornCleat":16,"Ninja Scroll":49,"Ornamental Fan":59,"Bronze Scales":82,"Orrery":49,"Black Star":42,"Red Mask":65,"Kunai":53,"Toy Ornithopter":90,"Ring of the Snake":0}],"Toy Ornithopter":15,"Ring of the Snake":[38]},"card_choices":[{"not_picked":["Caltrops","Dagger Throw"],"picked":"Sucker Punch","floor":1},{"not_picked":["Well Laid Plans","Distraction"],"picked":"Dagger Throw","floor":5},{"not_picked":["Unload","Dodge and Roll"],"picked":"Prepared","floor":6},{"not_picked":["Slice","Dagger Spray"],"picked":"Distraction","floor":7},{"not_picked":["Dagger Throw","Flechettes"],"picked":"Flying Knee","floor":11},{"not_picked":["Heel Hook","Venomology","Underhanded Strike"],"picked":"SKIP","floor":12},{"not_picked":["Skewer","Backflip"],"picked":"Bane","floor":14},{"not_picked":["Glass Knife","Venomology"],"picked":"Adrenaline","floor":16},{"not_picked":["Dagger Throw","Backflip"],"picked":"Terror","floor":18},{"not_picked":["Terror+1","Flechettes"],"picked":"Escape Plan+1","floor":19},{"not_picked":["Acrobatics","Choke"],"picked":"Deflect","floor":19},{"not_picked":["Endless Agony+1","Bane"],"picked":"Flying Knee","floor":19},{"not_picked":["Distraction","Flying Knee"],"picked":"Noxious Fumes","floor":19},{"not_picked":["Bullet Time","Eviscerate"],"picked":"Deadly Poison","floor":19},{"not_picked":["Dodge and Roll","Flying Knee"],"picked":"Deadly Poison","floor":27},{"not_picked":["Dash","Deadly Poison+1"],"picked":"PiercingWail","floor":29},{"not_picked":["Calculated Gamble","Dodge and Roll"],"picked":"Acrobatics+1","floor":30},{"not_picked":["PiercingWail","Predator"],"picked":"Deadly Poison+1","floor":31},{"not_picked":["Bullet Time","Adrenaline"],"picked":"Tools of the Trade","floor":33},{"not_picked":["Caltrops","Dagger Spray"],"picked":"Deadly Poison","floor":35},{"not_picked":["Good Instincts","Panache"],"picked":"Master of Strategy","floor":37},{"not_picked":["Riddle With Holes","Deadly Poison+1"],"picked":"Blur+1","floor":41},{"not_picked":["Deadly Poison","Dodge and Roll"],"picked":"Sucker Punch+1","floor":44},{"not_picked":["Predator","Flying Knee"],"picked":"Slice+1","floor":45}],"player_experience":8850,"relics_obtained":[{"floor":6,"key":"White Beast Statue"},{"floor":9,"key":"HornCleat"},{"floor":11,"key":"MawBank"},{"floor":26,"key":"Ninja Scroll"},{"floor":28,"key":"Kunai"},{"floor":29,"key":"Orichalcum"},{"floor":29,"key":"Ornamental Fan"},{"floor":30,"key":"Red Mask"},{"floor":41,"key":"Bottled Tornado"},{"floor":41,"key":"Toy Ornithopter"},{"floor":43,"key":"Juzu Bracelet"},{"floor":47,"key":"Frozen Egg 2"}],"event_choices":[{"damage_healed":0,"gold_gain":0,"player_choice":"Grow","damage_taken":0,"max_hp_gain":0,"max_hp_loss":0,"event_name":"Living Wall","floor":3,"gold_loss":0,"cards_upgraded":["Deadly Poison"]},{"damage_healed":0,"gold_gain":0,"player_choice":"Upgraded","damage_taken":0,"max_hp_gain":0,"max_hp_loss":0,"event_name":"Upgrade Shrine","floor":4,"gold_loss":0,"cards_upgraded":["Sucker Punch"]},{"damage_healed":0,"gold_gain":0,"player_choice":"Entered Light","damage_taken":14,"max_hp_gain":0,"max_hp_loss":0,"event_name":"Shining Light","floor":13,"gold_loss":0,"cards_upgraded":["Strike_G","Strike_G"]},{"cards_removed":["Defend_G"],"damage_healed":0,"gold_gain":0,"player_choice":"Elegance","damage_taken":0,"max_hp_gain":0,"max_hp_loss":0,"event_name":"Back to Basics","floor":20,"gold_loss":0},{"damage_healed":0,"gold_gain":0,"player_choice":"Shed Blood","damage_taken":19,"max_hp_gain":5,"max_hp_loss":0,"event_name":"Forgotten Altar","floor":21,"gold_loss":0},{"cards_removed":["Strike_G"],"damage_healed":0,"gold_gain":0,"player_choice":"Gave Gold","damage_taken":0,"max_hp_gain":0,"max_hp_loss":0,"event_name":"Beggar","floor":22,"gold_loss":75},{"damage_healed":0,"gold_gain":0,"player_choice":"Fought Bandits","damage_taken":0,"max_hp_gain":0,"max_hp_loss":0,"event_name":"Masked Bandits","floor":30,"gold_loss":0},{"damage_healed":0,"gold_gain":0,"player_choice":"Memory 1","damage_taken":0,"max_hp_gain":0,"max_hp_loss":0,"event_name":"SensoryStone","floor":37,"gold_loss":0},{"damage_healed":0,"gold_gain":222,"player_choice":"Wore Mask","damage_taken":0,"max_hp_gain":0,"max_hp_loss":0,"event_name":"Tomb of Lord Red Mask","floor":38,"gold_loss":0},{"damage_healed":0,"gold_gain":0,"player_choice":"Embrace Madness","damage_taken":10,"max_hp_gain":0,"max_hp_loss":0,"event_name":"Winding Halls","floor":39,"gold_loss":0,"cards_obtained":["Madness","Madness"]},{"cards_removed":["Tools of the Trade"],"damage_healed":0,"gold_gain":0,"player_choice":"Removed Power","damage_taken":0,"max_hp_gain":0,"max_hp_loss":0,"event_name":"Falling","floor":48,"gold_loss":0}],"is_beta":false,"boss_relics":[{"not_picked":["Runic Dome","WristBlade"],"picked":"Black Star"},{"not_picked":["Sozu","Busted Crown"],"picked":"Astrolabe"}],"items_purged_floors":[36],"is_endless":false,"potions_floor_spawned":[1,7,11,12,14,16,18,27,29,30,31,33,35,41,44,45],"killed_by":"Time Eater","ascension_level":0}}