{"host":"vyiqbz5w606ur92t","time":1611940373,"event":{"mods":["BaseMod","Downfall","Minty Spire (QoL Compilation)","StSLib"],"gold_per_floor":[99,118,131,142,7,22,22,33,68,68,53,85,85,100,114,217,217,117,136,121,140,158,183,183,183,218,118,136,136,136,136,155,252,252,252,266,266,266,278,101,101,119,147,162,187,87,187,187,187,187],"floor_reached":48,"language":"ENG","playtime":5926,"items_purged":["hexamod:Strike","Decay"],"score":744,"play_id":"dbeed5c5-f85c-433a-89d7-87d9a42e559d","local_time":"20210129171253","is_ascension_mode":true,"campfire_choices":[{"floor":1,"key":"RECALL"},{"data":"hexamod:Float","floor":10,"key":"SMITH"},{"data":"hexamod:RecurringNightmare","floor":13,"key":"SMITH"},{"data":"hexamod:SearingWound","floor":18,"key":"SMITH"},{"floor":27,"key":"REST"},{"data":"hexamod:EtherealExpedition","floor":29,"key":"SMITH"},{"data":"hexamod:ParanormalForm","floor":35,"key":"SMITH"},{"data":"hexamod:Rewind","floor":46,"key":"SMITH"}],"circlet_count":0,"master_deck":["hexamod:Strike","hexamod:Strike","hexamod:Defend","hexamod:Defend","hexamod:Defend","hexamod:Defend","hexamod:Sear","hexamod:Float+1","hexamod:RecurringNightmare+1","hexamod:NightmareGuise","hexamod:NightmareStrike","hexamod:SuperheatedStrike","hexamod:SpectersWail","hexamod:EtherealExpedition+1","hexamod:Hexaguard","hexamod:ParanormalForm+1","hexamod:FlamesFromBeyond","hexamod:VolcanoVisage","hexamod:InspiringFlames","hexamod:SoulSteal","hexamod:SearingWound+1","hexamod:FastForward+1","hexamod:GhostShield","hexamod:Firestarter+1","hexamod:FirstSeal","hexamod:ThermalTransfer","hexamod:Rewind+1","hexamod:FirstSeal","hexamod:FlamesFromBeyond+1","hexamod:GhostflameInferno","hexamod:GhostLash+1","hexamod:Hexaguard+1","hexamod:Haunt","Injury","hexamod:SpectralSpark+1","hexamod:ShieldOfDarkness+1","hexamod:SkipABeat+1","downfall:Haunted","downfall:Haunted","downfall:Icky","Shame","hexamod:SixthSeal","downfall:Malfunctioning"],"relics":["hexamod:SpiritBrand","InkBottle","Calipers","Kunai","expansioncontent:StudyCardRelic","downfall:HeartBlessingRed","Juzu Bracelet","Tiny Chest","downfall:HeartBlessingBlue","Cursed Key","Toy Ornithopter","TungstenRod","Gremlin Horn","Slimebound:StickyStick","Blood Vial","downfall:HeartBlessingGreen","Du-Vu Doll"],"acts_visited":["Exordium","TheCity","TheBeyond"],"potions_floor_usage":[11,16,16,16,32,33,33,42,45],"damage_taken":[{"damage":0,"enemies":"Cultist","floor":2,"turns":4},{"damage":1,"enemies":"Jaw Worm","floor":3,"turns":3},{"damage":1,"enemies":"Small Slimes","floor":4,"turns":4},{"damage":0,"enemies":"downfall:FleeingMerchant","floor":5,"turns":4},{"damage":2,"enemies":"Blue Slaver","floor":6,"turns":3},{"damage":0,"enemies":"2 Fungi Beasts","floor":8,"turns":3},{"damage":20,"enemies":"Gremlin Nob","floor":9,"turns":4},{"damage":10,"enemies":"downfall:FleeingMerchant","floor":11,"turns":4},{"damage":12,"enemies":"Lagavulin","floor":12,"turns":6},{"damage":2,"enemies":"Blue Slaver","floor":14,"turns":4},{"damage":0,"enemies":"2 Fungi Beasts","floor":15,"turns":4},{"damage":30,"enemies":"SI_SHIV_ARCHETYPE","floor":16,"turns":7},{"damage":8,"enemies":"Shell Parasite","floor":19,"turns":3},{"damage":1,"enemies":"downfall:FleeingMerchant","floor":20,"turns":4},{"damage":16,"enemies":"3 Byrds","floor":21,"turns":3},{"damage":0,"enemies":"Centurion and Healer","floor":22,"turns":3},{"damage":13,"enemies":"Book of Stabbing","floor":23,"turns":4},{"damage":32,"enemies":"Slavers","floor":26,"turns":5},{"damage":0,"enemies":"Snecko","floor":28,"turns":4},{"damage":0,"enemies":"Chosen and Byrds","floor":32,"turns":3},{"damage":43,"enemies":"WA_ARCHETYPE_CALM","floor":33,"turns":9},{"damage":3,"enemies":"Orb Walker","floor":36,"turns":2},{"damage":17,"enemies":"3 Shapes","floor":39,"turns":4},{"damage":0,"enemies":"downfall:FleeingMerchant","floor":40,"turns":3},{"damage":38,"enemies":"Transient","floor":42,"turns":5},{"damage":14,"enemies":"Giant Head","floor":43,"turns":8},{"damage":10,"enemies":"3 Darklings","floor":44,"turns":4},{"damage":39,"enemies":"Nemesis","floor":45,"turns":7},{"damage":47,"enemies":"Reptomancer","floor":48,"turns":2}],"seed_played":"2296834919347435924","potions_obtained":[{"floor":6,"key":"Ancient Potion"},{"floor":9,"key":"Energy Potion"},{"floor":12,"key":"sneckomod:MuddlingPotion"},{"floor":14,"key":"Regen Potion"},{"floor":15,"key":"Strength Potion"},{"floor":16,"key":"AttackPotion"},{"floor":23,"key":"ColorlessPotion"},{"floor":26,"key":"champ:CounterPotion"},{"floor":28,"key":"hexamod:DoubleChargePotion"},{"floor":32,"key":"AttackPotion"},{"floor":39,"key":"LiquidBronze"},{"floor":42,"key":"Explosive Potion"},{"floor":45,"key":"SmokeBomb"}],"is_trial":false,"path_per_floor":["R","M","M","M","$","M","T","M","E","R","$","E","R","M","M","B",null,"R","M","$","M","M","E","T","?","E","R","M","R","?","?","M","B",null,"R","M","?","T","M","?","T","M","E","M","E","R","?","E"],"character_chosen":"THE_SPIRIT","items_purchased":["hexamod:SpectersWail","TungstenRod","hexamod:Haunt","Energy Potion"],"campfire_rested":1,"item_purchase_floors":[5,40,40,40],"current_hp_per_floor":[77,77,76,75,75,73,73,73,53,53,43,31,31,29,29,8,77,77,69,68,52,52,39,39,39,14,50,57,57,57,50,57,14,87,87,87,87,87,84,87,87,63,63,67,40,40,45,0,0,0],"gold":187,"neow_bonus":"TEN_PERCENT_HP_BONUS","is_daily":false,"chose_seed":false,"campfire_upgraded":6,"win_rate":0.0,"timestamp":1611940373,"path_taken":["R","M","M","M","$","M","T","M","E","R","$","E","R","M","M","BOSS","R","M","$","?","M","E","T","?","E","R","M","R","?","?","M","BOSS","R","M","?","?","M","?","T","M","E","M","E","R","?","E"],"items_purchased_type":["Card","Relic","Card","Potion"],"build_version":"2020-12-22","purchased_purges":2,"victory":false,"max_hp_per_floor":[77,77,77,77,77,77,77,77,77,77,77,77,77,77,77,77,77,77,77,77,77,77,77,77,77,77,87,87,87,87,87,87,87,87,87,87,87,87,87,87,87,87,87,87,87,87,92,92,92,92],"card_choices":[{"not_picked":["hexamod:NightmareStrike","hexamod:InspiringFlames"],"picked":"hexamod:RecurringNightmare","floor":2},{"not_picked":["hexamod:GhostLash","hexamod:FastForward"],"picked":"hexamod:NightmareGuise","floor":3},{"not_picked":["hexamod:AdvancingGuard","hexamod:HauntingEcho"],"picked":"hexamod:NightmareStrike","floor":4},{"not_picked":["hexamod:RainOfEmbers","hexamod:BacktrackSmack"],"picked":"hexamod:SuperheatedStrike","floor":5},{"not_picked":["hexamod:AdvancingGuard","hexamod:SoulSteal"],"picked":"hexamod:EtherealExpedition","floor":6},{"not_picked":["hexamod:GhostOfSpireFuture","hexamod:RetreatToShadows"],"picked":"hexamod:Hexaguard","floor":8},{"not_picked":["hexamod:SkipABeat","hexamod:HeatCrush"],"picked":"hexamod:ParanormalForm","floor":9},{"not_picked":["hexamod:Rewind","hexamod:AdvancingGuard"],"picked":"hexamod:FlamesFromBeyond","floor":11},{"not_picked":["hexamod:SoulSteal","hexamod:Firestarter"],"picked":"hexamod:VolcanoVisage","floor":12},{"not_picked":["hexamod:FlamesFromBeyond","hexamod:HeatMetal"],"picked":"hexamod:InspiringFlames","floor":14},{"not_picked":["hexamod:ChargedBarrage","hexamod:CatchUp"],"picked":"hexamod:SoulSteal","floor":15},{"not_picked":["hexamod:WildfireWeapon","hexamod:ParanormalForm"],"picked":"hexamod:SearingWound","floor":16},{"not_picked":["hexamod:Hexaguard+1","hexamod:NightmareStrike"],"picked":"hexamod:FastForward+1","floor":19},{"not_picked":["hexamod:FastForward+1","hexamod:RetreatToShadows"],"picked":"hexamod:GhostShield","floor":20},{"not_picked":["hexamod:Again","hexamod:HeatMetal"],"picked":"hexamod:Firestarter+1","floor":21},{"not_picked":["hexamod:ThirdSeal","hexamod:FastForward+1"],"picked":"hexamod:FirstSeal","floor":22},{"not_picked":["hexamod:HeatMetal+1","hexamod:NightmareGuise","hexamod:BurningTouch"],"picked":"SKIP","floor":23},{"not_picked":["hexamod:SuperheatedStrike","hexamod:GhostOfSpirePresent"],"picked":"hexamod:ThermalTransfer","floor":26},{"not_picked":["hexamod:InspiringFlames","hexamod:ThirdSeal"],"picked":"hexamod:Rewind","floor":28},{"not_picked":["hexamod:BacktrackSmack+1","hexamod:ChargedBarrage+1"],"picked":"hexamod:FlamesFromBeyond+1","floor":32},{"not_picked":["hexamod:UnlimitedPower","hexamod:TurnItUp"],"picked":"hexamod:GhostflameInferno","floor":33},{"not_picked":["hexamod:SwordOfDarkness+1","hexamod:Incineration+1"],"picked":"hexamod:GhostLash+1","floor":36},{"not_picked":["hexamod:SpectersWail","hexamod:NightmareGuise+1"],"picked":"hexamod:Hexaguard+1","floor":39},{"not_picked":["hexamod:HeatMetal","hexamod:GhostOfSpireFuture","hexamod:FastForward+1"],"picked":"SKIP","floor":40},{"not_picked":["hexamod:HauntingEcho+1","hexamod:SoulSteal"],"picked":"hexamod:SpectralSpark+1","floor":42},{"not_picked":["hexamod:Incineration","hexamod:SoulSteal"],"picked":"hexamod:ShieldOfDarkness+1","floor":43},{"not_picked":["hexamod:Incineration","hexamod:SecondSeal","hexamod:FourthSeal"],"picked":"SKIP","floor":44},{"not_picked":["hexamod:Hexaguard","hexamod:GhostLash"],"picked":"hexamod:SkipABeat+1","floor":45}],"player_experience":1214054,"relics_obtained":[{"floor":7,"key":"InkBottle"},{"floor":9,"key":"Calipers"},{"floor":12,"key":"Kunai"},{"floor":23,"key":"Juzu Bracelet"},{"floor":26,"key":"Tiny Chest"},{"floor":38,"key":"Toy Ornithopter"},{"floor":41,"key":"Gremlin Horn"},{"floor":43,"key":"Slimebound:StickyStick"},{"floor":45,"key":"Blood Vial"}],"event_choices":[],"is_beta":false,"boss_relics":[{"not_picked":["Calling Bell","Empty Cage"],"picked":"expansioncontent:StudyCardRelic"},{"not_picked":["SacredBark","Pandora\u0027s Box"],"picked":"Cursed Key"}],"items_purged_floors":[5,40],"is_endless":false,"potions_floor_spawned":[6,9,12,14,15,16,23,26,28,32,39,42,44,45],"killed_by":"Reptomancer","ascension_level":1}}