{"host":"qik6c64y69p9jmph","time":1611939245,"event":{"mods":["AchievementEnabler","BaseMod","Highlight Path","Minty Spire (QoL Compilation)","Quick Restart","StSLib","Synergy Search"],"gold_per_floor":[366,378,257,432,432,762,780,780,780,780,99,99,117,155,155,269,269,281,300,345,366,375,375,85,85,85,85,85,41,50,50,50],"floor_reached":31,"language":"ENG","playtime":1290,"items_purged":["Injury"],"score":386,"play_id":"224e0bcb-0da5-4cd2-955e-588670dc3714","local_time":"20210129115405","is_ascension_mode":true,"campfire_choices":[{"data":"Armaments","floor":8.0,"key":"SMITH"},{"floor":10.0,"key":"REST"},{"data":"Body Slam","floor":15.0,"key":"SMITH"},{"data":"Entrench","floor":23.0,"key":"SMITH"},{"floor":27,"key":"REST"}],"circlet_count":0,"master_deck":["Defend_R","Defend_R","Defend_R","Defend_R","Bash","Rampage","Cleave","Armaments+1","Impervious","Iron Wave","Body Slam+1","Juggernaut","Bite","Bite","Bite","Bite","Bite","Evolve","Entrench+1","Body Slam","Pain"],"relics":["Burning Blood","Spirit Poop","Old Coin","Peace Pipe","Thread and Needle","Medical Kit","Bottled Flame","CeramicFish","SacredBark","Ice Cream","Singing Bowl","WarpedTongs"],"acts_visited":[],"potions_floor_usage":[],"damage_taken":[{"damage":9.0,"enemies":"Jaw Worm","floor":1.0,"turns":6.0},{"damage":5.0,"enemies":"Small Slimes","floor":2.0,"turns":3.0},{"damage":22.0,"enemies":"Lagavulin","floor":6.0,"turns":6.0},{"damage":6.0,"enemies":"Cultist","floor":7.0,"turns":4.0},{"damage":0.0,"enemies":"Red Slaver","floor":13.0,"turns":4.0},{"damage":17.0,"enemies":"Gremlin Nob","floor":14.0,"turns":4.0},{"damage":54.0,"enemies":"The Guardian","floor":16.0,"turns":12.0},{"damage":10.0,"enemies":"Chosen","floor":18.0,"turns":6.0},{"damage":2.0,"enemies":"Spheric Guardian","floor":19.0,"turns":4.0},{"damage":35.0,"enemies":"Centurion and Healer","floor":21.0,"turns":9.0},{"damage":41.0,"enemies":"Slavers","floor":25.0,"turns":5.0},{"damage":50,"enemies":"Book of Stabbing","floor":31,"turns":5}],"seed_played":"-5449523075950278304","potions_obtained":[{"floor":1.0,"key":"Energy Potion"},{"floor":12.0,"key":"Fruit Juice"},{"floor":12.0,"key":"Block Potion"},{"floor":12.0,"key":"Explosive Potion"},{"floor":16.0,"key":"BlessingOfTheForge"},{"floor":18.0,"key":"SkillPotion"},{"floor":21.0,"key":"SmokeBomb"}],"is_trial":false,"path_per_floor":["M","M","$","?","?","E","M","R","T","R","$","?","M","E","R","B",null,"M","M","?","M","?","R","$","E","T","R","?","$","?","E"],"character_chosen":"IRONCLAD","items_purchased":["Armaments","Thread and Needle","Medical Kit","Bottled Flame","Ice Cream","Body Slam"],"campfire_rested":2,"item_purchase_floors":[3,11,11,11,24,29],"current_hp_per_floor":[69,70,70,70,70,54,54,54,54,78,78,83,85,74,74,26,70,66,70,59,47,47,47,47,25,25,42,42,42,42,1,1],"gold":50,"neow_bonus":"TWO_FIFTY_GOLD","is_daily":false,"chose_seed":false,"campfire_upgraded":3,"win_rate":0.0,"timestamp":1611939245,"path_taken":["M","M","$","?","?","E","?","R","T","R","?","?","M","E","R","BOSS","M","?","?","M","?","R","$","E","T","R","?","$","?","E"],"items_purchased_type":["Card","Relic","Relic","Relic","Relic","Card"],"build_version":"2020-12-22","purchased_purges":1,"victory":false,"max_hp_per_floor":[80,80,80,80,80,80,80,80,80,80,80,85,85,85,85,85,85,85,85,59,59,59,59,59,59,59,59,59,59,59,59,59],"card_choices":[{"not_picked":["Warcry","Clash"],"picked":"Rampage","floor":1.0},{"not_picked":["Warcry","Clothesline"],"picked":"Cleave","floor":2.0},{"not_picked":["Armaments","Bloodletting"],"picked":"Impervious","floor":6.0},{"not_picked":["Intimidate","Headbutt","Power Through"],"picked":"SKIP","floor":7.0},{"not_picked":["Evolve","Second Wind"],"picked":"Iron Wave","floor":13.0},{"not_picked":["Shrug It Off","Clash"],"picked":"Body Slam","floor":14.0},{"not_picked":["Berserk","Fiend Fire"],"picked":"Juggernaut","floor":16.0},{"not_picked":["Pommel Strike+1","Wild Strike","Cleave+1"],"picked":"SKIP","floor":18.0},{"not_picked":["Blood for Blood+1","Whirlwind","Havoc"],"picked":"SKIP","floor":19.0},{"not_picked":["Flex","Armaments"],"picked":"Evolve","floor":21.0}],"player_experience":543238,"relics_obtained":[{"floor":6.0,"key":"Old Coin"},{"floor":9.0,"key":"Peace Pipe"},{"floor":14.0,"key":"CeramicFish"},{"floor":26,"key":"Singing Bowl"}],"event_choices":[{"damage_healed":0.0,"max_hp_gain":0.0,"max_hp_loss":0.0,"gold_gain":175.0,"event_name":"Liars Game","player_choice":"AGREE","floor":4.0,"gold_loss":0.0,"damage_taken":0.0,"cards_obtained":["Doubt"]},{"cards_removed":["Doubt"],"damage_healed":0.0,"max_hp_gain":0.0,"max_hp_loss":0.0,"gold_gain":0.0,"event_name":"Bonfire Elementals","player_choice":"Offered Curse","floor":5.0,"gold_loss":0.0,"damage_taken":0.0,"relics_obtained":["Spirit Poop"]},{"damage_healed":0.0,"max_hp_gain":0.0,"max_hp_loss":0.0,"gold_gain":0.0,"event_name":"Lab","player_choice":"Got Potions","floor":12.0,"gold_loss":0.0,"damage_taken":0.0},{"damage_healed":0.0,"max_hp_gain":0.0,"max_hp_loss":26.0,"gold_gain":0.0,"event_name":"Vampires","player_choice":"Became a vampire","floor":20.0,"gold_loss":0.0,"damage_taken":0.0,"cards_obtained":["Bite","Bite","Bite","Bite","Bite"]},{"damage_healed":0.0,"max_hp_gain":0.0,"max_hp_loss":0.0,"gold_gain":0.0,"event_name":"The Library","player_choice":"Read","floor":22.0,"gold_loss":0.0,"damage_taken":0.0,"cards_obtained":["Entrench"]},{"damage_healed":0,"gold_gain":0,"player_choice":"Ignored","damage_taken":0,"max_hp_gain":0,"max_hp_loss":0,"event_name":"Beggar","floor":28,"gold_loss":0},{"damage_healed":0,"gold_gain":0,"player_choice":"Rummage","damage_taken":0,"relics_obtained":["WarpedTongs"],"max_hp_gain":0,"max_hp_loss":0,"event_name":"Accursed Blacksmith","floor":30,"gold_loss":0,"cards_obtained":["Pain"]}],"is_beta":false,"boss_relics":[{"not_picked":["Tiny House","Runic Pyramid"],"picked":"SacredBark"}],"items_purged_floors":[3],"is_endless":false,"potions_floor_spawned":[1,16,18,21,25],"killed_by":"Book of Stabbing","ascension_level":6}}