{"host":"qc8p2flj7wsy3zpg","time":1611950002,"event":{"mods":["BaseMod","Highlight Path","Minty Spire (QoL Compilation)","Monster List Patch","Relic Stats","StSLib"],"gold_per_floor":[110,122,122,146,218,218,262,262,316,337,302,341,341,372,372,463,526,550,550,141,175,175,175],"floor_reached":22,"language":"ENG","playtime":621,"items_purged":["Strike_R"],"score":400,"play_id":"dac7c5ff-fc88-40dd-bfc8-27b4d75839ac","local_time":"20210129135322","is_ascension_mode":true,"campfire_choices":[{"data":"Bash","floor":6.0,"key":"SMITH"},{"data":"Spot Weakness","floor":8.0,"key":"SMITH"},{"data":"Perfected Strike","floor":13.0,"key":"SMITH"},{"data":"Anger","floor":15.0,"key":"SMITH"}],"circlet_count":0,"master_deck":["AscendersBane","Strike_R","Strike_R","Strike_R","Strike_R","Defend_R","Defend_R","Defend_R","Defend_R","Bash+1","Wild Strike","Fire Breathing+1","Spot Weakness+1","Impervious","Perfected Strike+1","Anger+1","Corruption","Demon Form","True Grit","RitualDagger","Limit Break","Shrug It Off"],"relics":["Burning Blood","CaptainsWheel","Golden Idol","Tiny Chest","Bronze Scales","Pantograph","Omamori","Tiny House","Sling","Red Mask"],"acts_visited":["Exordium","TheCity"],"potions_floor_usage":[21,22],"damage_taken":[{"damage":1.0,"enemies":"Cultist","floor":1.0,"turns":4.0},{"damage":7.0,"enemies":"Jaw Worm","floor":2.0,"turns":4.0},{"damage":10.0,"enemies":"Small Slimes","floor":4.0,"turns":3.0},{"damage":25.0,"enemies":"3 Sentries","floor":7.0,"turns":6.0},{"damage":11.0,"enemies":"2 Fungi Beasts","floor":10.0,"turns":3.0},{"damage":22.0,"enemies":"Lagavulin","floor":12.0,"turns":6.0},{"damage":20.0,"enemies":"3 Sentries","floor":14.0,"turns":4.0},{"damage":21.0,"enemies":"Hexaghost","floor":16.0,"turns":6.0},{"damage":17.0,"enemies":"2 Thieves","floor":18.0,"turns":5.0},{"damage":30,"enemies":"Masked Bandits","floor":21,"turns":4},{"damage":21,"enemies":"Shell Parasite","floor":22,"turns":2}],"seed_played":"7675188248865592273","potions_obtained":[{"floor":1.0,"key":"Swift Potion"},{"floor":7.0,"key":"LiquidMemories"},{"floor":10.0,"key":"Weak Potion"},{"floor":17.0,"key":"Swift Potion"}],"is_trial":false,"path_per_floor":["M","M","?","M","?","R","E","R","T","M","?","E","R","E","R","B",null,"M","?","$","?","M"],"character_chosen":"IRONCLAD","items_purchased":["Limit Break","Sling"],"campfire_rested":0,"item_purchase_floors":[20,20],"current_hp_per_floor":[55,54,54,50,50,50,31,31,31,26,43,27,27,13,13,23,62,51,45,45,21,0,0],"gold":175,"neow_bonus":"ONE_RARE_RELIC","is_daily":false,"chose_seed":false,"campfire_upgraded":4,"win_rate":0.0,"timestamp":1611950002,"path_taken":["M","?","?","M","?","R","E","R","T","M","?","E","R","E","R","BOSS","M","?","$","?","M"],"items_purchased_type":["Card","Relic"],"build_version":"2020-12-22","purchased_purges":1,"victory":false,"max_hp_per_floor":[75,75,68,68,68,68,68,68,68,68,68,68,68,68,68,68,73,73,73,73,73,73,73],"relic_stats":{"counters":[11,47],"Golden Idol":75,"Bronze Scales":[89],"Pantograph":25,"Tiny Chest":0,"obtain_stats":[{"CaptainsWheel":0,"Tiny House":17,"Golden Idol":3,"Bronze Scales":9,"Pantograph":12,"Tiny Chest":7,"Omamori":14,"Red Mask":21,"Sling":20,"Burning Blood":0},{"CaptainsWheel":0,"Tiny House":8,"Golden Idol":2,"Bronze Scales":4,"Pantograph":6,"Tiny Chest":4,"Omamori":7,"Red Mask":10,"Sling":9,"Burning Blood":0},{"CaptainsWheel":0,"Tiny House":36,"Golden Idol":8,"Bronze Scales":17,"Pantograph":26,"Tiny Chest":17,"Omamori":30,"Red Mask":45,"Sling":41,"Burning Blood":0}],"Burning Blood":60},"card_choices":[{"not_picked":["Second Wind","Clash"],"picked":"Wild Strike","floor":1.0},{"not_picked":["Havoc","Seeing Red"],"picked":"Fire Breathing","floor":2.0},{"not_picked":["Twin Strike","Pommel Strike"],"picked":"Spot Weakness","floor":4.0},{"not_picked":["Pummel","Havoc"],"picked":"Impervious","floor":7.0},{"not_picked":["Warcry","True Grit"],"picked":"Perfected Strike","floor":10.0},{"not_picked":["Clothesline","Dropkick"],"picked":"Anger","floor":12.0},{"not_picked":["Heavy Blade","Sentinel"],"picked":"Corruption","floor":14.0},{"not_picked":["Brutality","Exhume"],"picked":"Demon Form","floor":16.0},{"not_picked":["Hemokinesis","Havoc"],"picked":"True Grit","floor":18.0},{"not_picked":["Whirlwind","True Grit"],"picked":"Shrug It Off","floor":21}],"player_experience":2300512,"relics_obtained":[{"floor":7.0,"key":"Tiny Chest"},{"floor":9.0,"key":"Bronze Scales"},{"floor":12.0,"key":"Pantograph"},{"floor":14.0,"key":"Omamori"},{"floor":21,"key":"Red Mask"}],"event_choices":[{"damage_healed":0.0,"max_hp_gain":0.0,"max_hp_loss":7.0,"gold_gain":0.0,"event_name":"Golden Idol","player_choice":"Lose Max HP","floor":3.0,"gold_loss":0.0,"damage_taken":0.0,"relics_obtained":["Golden Idol"]},{"damage_healed":0.0,"max_hp_gain":0.0,"max_hp_loss":0.0,"gold_gain":72.0,"event_name":"Golden Wing","player_choice":"Gained Gold","floor":5.0,"gold_loss":0.0,"damage_taken":0.0},{"damage_healed":17.0,"max_hp_gain":0.0,"max_hp_loss":0.0,"gold_gain":0.0,"event_name":"The Cleric","player_choice":"Healed","floor":11.0,"gold_loss":35.0,"damage_taken":0.0},{"damage_healed":0.0,"max_hp_gain":0.0,"max_hp_loss":0.0,"gold_gain":0.0,"event_name":"Nest","player_choice":"Joined the Cult","floor":19.0,"gold_loss":0.0,"damage_taken":6.0,"cards_obtained":["RitualDagger"]},{"damage_healed":0,"gold_gain":0,"player_choice":"Fought Bandits","damage_taken":0,"max_hp_gain":0,"max_hp_loss":0,"event_name":"Masked Bandits","floor":21,"gold_loss":0}],"is_beta":false,"boss_relics":[{"not_picked":["Velvet Choker","Runic Pyramid"],"picked":"Tiny House"}],"items_purged_floors":[20],"is_endless":false,"potions_floor_spawned":[1,7,10],"killed_by":"Shell Parasite","ascension_level":20}}