{"host":"bxd97rc2ofc6op20","time":1611889529,"event":{"mods":["BaseMod","Colored Map","Colored Powertips","Googly Eyes","Highlight Path","Minty Spire (QoL Compilation)","Quick Restart","Rare Cards Sparkle"],"gold_per_floor":[11,31,46,146,161,177,177,206,229,229,248,260,260,295,295,398,398,414,414,105,118,128,158,158,15,38,73,73,73,84,104,104,202,202,214,226,243,98,111,111,139,139,139,139,154,171,171,186,186,186,186],"floor_reached":50,"language":"ENG","playtime":5690,"items_purged":["Strike_B","Strike_B"],"score":759,"play_id":"fbc66060-ee1d-4015-83e5-570dd968a4ea","local_time":"20210128190529","is_ascension_mode":true,"campfire_choices":[{"data":"Go for the Eyes","floor":7.0,"key":"SMITH"},{"data":"Genetic Algorithm","floor":10.0,"key":"SMITH"},{"data":"Sunder","floor":13.0,"key":"SMITH"},{"data":"Machine Learning","floor":15.0,"key":"SMITH"},{"data":"Glacier","floor":24.0,"key":"SMITH"},{"data":"Defragment","floor":29.0,"key":"SMITH"},{"data":"Double Energy","floor":32.0,"key":"SMITH"},{"data":"Streamline","floor":40,"key":"SMITH"},{"data":"Buffer","floor":42,"key":"SMITH"},{"data":"Hologram","floor":47,"key":"SMITH"},{"floor":49,"key":"RECALL"}],"circlet_count":0,"master_deck":["Strike_B","Strike_B","Defend_B","Defend_B","Defend_B","Defend_B","Zap","Dualcast","Go for the Eyes+1","Sunder+1","Genetic Algorithm+1","Chill","Defragment+1","Self Repair","Darkness","Hologram+1","Machine Learning+1","Buffer+1","Double Energy+1","Master of Strategy","Leap","Heatsinks+1","Glacier+1","Conserve Battery+1","Writhe","Self Repair","Decay","Streamline+1","Amplify","CurseOfTheBell","Static Discharge+1","Consume+1","Double Energy+1","Cold Snap","Beam Cell","Writhe","Doubt","Seek","Stack+1"],"relics":["Cracked Core","Ginger","MealTicket","Toy Ornithopter","Vajra","Cursed Key","Juzu Bracelet","Anchor","Du-Vu Doll","Calling Bell","Strawberry","Blue Candle","Lizard Tail","Lantern","Regal Pillow"],"acts_visited":["Exordium","TheCity","TheBeyond"],"potions_floor_usage":[39,41],"damage_taken":[{"damage":0.0,"enemies":"Small Slimes","floor":1.0,"turns":3.0},{"damage":0.0,"enemies":"Cultist","floor":2.0,"turns":4.0},{"damage":2.0,"enemies":"Jaw Worm","floor":3.0,"turns":3.0},{"damage":22.0,"enemies":"Exordium Thugs","floor":5.0,"turns":5.0},{"damage":2.0,"enemies":"3 Louse","floor":6.0,"turns":3.0},{"damage":5.0,"enemies":"3 Sentries","floor":8.0,"turns":10.0},{"damage":10.0,"enemies":"Large Slime","floor":11.0,"turns":5.0},{"damage":5.0,"enemies":"Gremlin Gang","floor":12.0,"turns":6.0},{"damage":10.0,"enemies":"Lagavulin","floor":14.0,"turns":6.0},{"damage":27.0,"enemies":"Slime Boss","floor":16.0,"turns":7.0},{"damage":0.0,"enemies":"Chosen","floor":18.0,"turns":6.0},{"damage":3.0,"enemies":"3 Byrds","floor":21.0,"turns":7.0},{"damage":17.0,"enemies":"Snecko","floor":22.0,"turns":6.0},{"damage":21.0,"enemies":"Gremlin Leader","floor":23.0,"turns":10.0},{"damage":5.0,"enemies":"Slavers","floor":27.0,"turns":8.0},{"damage":0.0,"enemies":"Centurion and Healer","floor":30.0,"turns":6.0},{"damage":1.0,"enemies":"Shelled Parasite and Fungi","floor":31.0,"turns":7.0},{"damage":45.0,"enemies":"Collector","floor":33.0,"turns":16.0},{"damage":6.0,"enemies":"3 Shapes","floor":35.0,"turns":6.0},{"damage":7,"enemies":"Orb Walker","floor":36,"turns":3},{"damage":11,"enemies":"3 Darklings","floor":37,"turns":8},{"damage":14,"enemies":"Transient","floor":39,"turns":5},{"damage":70,"enemies":"Reptomancer","floor":41,"turns":9},{"damage":33,"enemies":"Maw","floor":45,"turns":6},{"damage":16,"enemies":"Jaw Worm Horde","floor":46,"turns":5},{"damage":16,"enemies":"3 Darklings","floor":48,"turns":6},{"damage":128,"enemies":"Awakened One","floor":50,"turns":12}],"seed_played":"-4142045071022441873","potions_obtained":[{"floor":3.0,"key":"Explosive Potion"},{"floor":5.0,"key":"SkillPotion"},{"floor":8.0,"key":"FearPotion"},{"floor":12.0,"key":"FocusPotion"},{"floor":14.0,"key":"DuplicationPotion"},{"floor":18.0,"key":"Block Potion"},{"floor":23.0,"key":"Block Potion"},{"floor":27.0,"key":"LiquidMemories"},{"floor":30.0,"key":"Dexterity Potion"},{"floor":36,"key":"SkillPotion"},{"floor":37,"key":"Energy Potion"}],"is_trial":false,"path_per_floor":["M","M","M","?","M","M","R","E","T","R","M","M","R","E","R","B",null,"M","?","$","M","M","E","R","$","T","E","?","R","M","M","R","B",null,"M","M","M","$","M","R","E","R","T","?","M","M","R","M","R","B"],"character_chosen":"DEFECT","items_purchased":["Master of Strategy","Leap","Anchor","Cold Snap"],"campfire_rested":0,"item_purchase_floors":[20,20,25,38],"current_hp_per_floor":[75,75,73,73,51,49,49,44,44,44,41,43,43,45,45,28,75,75,75,75,75,65,51,51,66,66,73,73,73,75,75,75,47,82,82,82,82,82,82,82,27,27,27,82,63,61,61,52,52,0,0],"gold":186,"neow_bonus":"ONE_RARE_RELIC","is_daily":false,"chose_seed":false,"campfire_upgraded":10,"win_rate":0.0,"timestamp":1611889529,"path_taken":["M","M","M","?","?","M","R","E","T","R","M","?","R","E","R","BOSS","M","?","$","M","M","E","R","?","T","E","?","R","M","M","R","BOSS","M","M","M","$","M","R","E","R","T","?","M","M","R","M","R","BOSS"],"items_purchased_type":["Card","Card","Relic","Card"],"build_version":"2020-12-22","purchased_purges":2,"victory":false,"max_hp_per_floor":[75,75,75,75,75,75,75,75,75,75,75,75,75,75,75,75,75,75,75,75,75,75,75,75,75,75,75,75,75,75,75,75,75,82,82,82,82,82,82,82,82,82,82,82,82,82,82,82,82,82,82],"card_choices":[{"not_picked":["Conserve Battery","Aggregate"],"picked":"Go for the Eyes","floor":1.0},{"not_picked":["Hologram","Gash"],"picked":"Sunder","floor":2.0},{"not_picked":["Ball Lightning","Cold Snap"],"picked":"Genetic Algorithm","floor":3.0},{"not_picked":["Rebound","Steam"],"picked":"Chill","floor":5.0},{"not_picked":["BootSequence","Barrage"],"picked":"Defragment","floor":6.0},{"not_picked":["Hyperbeam","Stack"],"picked":"Self Repair","floor":8.0},{"not_picked":["Go for the Eyes","Turbo"],"picked":"Darkness","floor":11.0},{"not_picked":["Barrage","Gash"],"picked":"Hologram","floor":12.0},{"not_picked":["Seek","Gash"],"picked":"Machine Learning","floor":14.0},{"not_picked":["Thunder Strike","Core Surge"],"picked":"Buffer","floor":16.0},{"not_picked":["Streamline","Static Discharge"],"picked":"Double Energy","floor":18.0},{"not_picked":["Beam Cell","Rebound"],"picked":"Heatsinks+1","floor":21.0},{"not_picked":["Auto Shields","Stack"],"picked":"Glacier","floor":22.0},{"not_picked":["Turbo","Rebound"],"picked":"Conserve Battery+1","floor":23.0},{"not_picked":["Hyperbeam","Beam Cell"],"picked":"Self Repair","floor":27.0},{"not_picked":["Hologram+1","Gash"],"picked":"Streamline","floor":30.0},{"not_picked":["Rebound+1","Gash","Leap"],"picked":"SKIP","floor":31.0},{"not_picked":["Buffer","Electrodynamics"],"picked":"Amplify","floor":33.0},{"not_picked":["Barrage","Hologram+1"],"picked":"Static Discharge+1","floor":35},{"not_picked":["Hologram","Melter"],"picked":"Consume+1","floor":36},{"not_picked":["Melter","Compile Driver+1"],"picked":"Double Energy+1","floor":37},{"not_picked":["Scrape","Darkness"],"picked":"Beam Cell","floor":39},{"not_picked":["Tempest","Ball Lightning","Sweeping Beam"],"picked":"SKIP","floor":45},{"not_picked":["Auto Shields","Cold Snap+1"],"picked":"Seek","floor":46},{"not_picked":["Conserve Battery","Compile Driver+1"],"picked":"Stack+1","floor":48}],"player_experience":406429,"relics_obtained":[{"floor":8.0,"key":"MealTicket"},{"floor":9.0,"key":"Toy Ornithopter"},{"floor":14.0,"key":"Vajra"},{"floor":23.0,"key":"Juzu Bracelet"},{"floor":27.0,"key":"Du-Vu Doll"},{"floor":34.0,"key":"Strawberry"},{"floor":34.0,"key":"Blue Candle"},{"floor":34.0,"key":"Lizard Tail"},{"floor":41,"key":"Lantern"},{"floor":43,"key":"Regal Pillow"}],"event_choices":[{"damage_healed":0.0,"max_hp_gain":0.0,"max_hp_loss":0.0,"gold_gain":100.0,"event_name":"Wheel of Change","player_choice":"Gold","floor":4.0,"gold_loss":0.0,"damage_taken":0.0},{"damage_healed":0.0,"max_hp_gain":0.0,"max_hp_loss":0.0,"gold_gain":0.0,"event_name":"Match and Keep!","player_choice":"0 cards matched","floor":19.0,"gold_loss":0.0,"damage_taken":0.0,"cards_obtained":[]},{"damage_healed":0.0,"max_hp_gain":0.0,"max_hp_loss":0.0,"gold_gain":0.0,"event_name":"Forgotten Altar","player_choice":"Smashed Altar","floor":28.0,"gold_loss":0.0,"damage_taken":0.0,"cards_obtained":["Decay"]},{"damage_healed":55,"gold_gain":0,"player_choice":"Heal","damage_taken":0,"max_hp_gain":0,"max_hp_loss":0,"event_name":"MindBloom","floor":44,"gold_loss":0,"cards_obtained":["Doubt"]}],"is_beta":false,"boss_relics":[{"not_picked":["Runic Dome","Velvet Choker"],"picked":"Cursed Key"},{"not_picked":["Black Star","Tiny House"],"picked":"Calling Bell"}],"items_purged_floors":[20,38],"is_endless":false,"potions_floor_spawned":[3,5,8,12,14,18,23,27,30,36,37],"killed_by":"Awakened One","ascension_level":4}}