{"host":"ij3j0fuown3hzn6y","time":1611888060,"event":{"mods":["AchievementEnabler","BaseMod","Colored Map","Googly Eyes","Minty Spire (QoL Compilation)","StSLib"],"gold_per_floor":[113,113,125,139,139,139,158,158,228,228,160,160,115,130,130,225,225,237,255,271,290,290,290,305,305,328,32,32,32,49,65,65,168,168,180,180,33,33,46,46,46,46,46,46,63,82,82,102,102,102],"floor_reached":51,"language":"ENG","playtime":4254,"items_purged":[],"score":589,"play_id":"04992694-57c8-4e96-8741-4274f08b55a0","local_time":"20210129134100","is_ascension_mode":false,"campfire_choices":[{"data":"Dualcast","floor":6.0,"key":"SMITH"},{"data":"Defragment","floor":8.0,"key":"SMITH"},{"data":"Storm","floor":12.0,"key":"SMITH"},{"data":"Loop","floor":15.0,"key":"SMITH"},{"floor":23,"key":"REST"},{"data":"Static Discharge","floor":25,"key":"SMITH"},{"data":"Zap","floor":29,"key":"SMITH"},{"floor":32,"key":"REST"},{"data":"Machine Learning","floor":40,"key":"SMITH"},{"data":"Barrage","floor":42,"key":"SMITH"},{"data":"Coolheaded","floor":44,"key":"SMITH"},{"floor":47,"key":"REST"},{"floor":49,"key":"REST"}],"circlet_count":0,"master_deck":["Strike_B","Strike_B","Strike_B","Strike_B","Defend_B","Defend_B","Defend_B","Defend_B","Zap+1","Dualcast+1","Defragment+1","Capacitor","BootSequence+1","Barrage+1","Storm+1","Coolheaded+1","Loop+1","Electrodynamics","Self Repair","Static Discharge+1","Conserve Battery+1","Hologram+1","Consume+1","Amplify+1","Defragment+1","Machine Learning+1","Auto Shields+1"],"relics":["Cracked Core","NeowsBlessing","Inserter","Toy Ornithopter","Lee\u0027s Waffle","Ancient Tea Set","Nloth\u0027s Gift","SlaversCollar","Oddly Smooth Stone","War Paint","Toxic Egg 2"],"acts_visited":["Exordium","TheCity","TheBeyond"],"potions_floor_usage":[18,19,22,24,24,31,31,33,46,48,50],"damage_taken":[{"damage":0.0,"enemies":"Cultist","floor":1.0,"turns":1.0},{"damage":0.0,"enemies":"2 Louse","floor":3.0,"turns":1.0},{"damage":0.0,"enemies":"Jaw Worm","floor":4.0,"turns":1.0},{"damage":5.0,"enemies":"Gremlin Gang","floor":7.0,"turns":6.0},{"damage":5.0,"enemies":"3 Louse","floor":14.0,"turns":4.0},{"damage":25.0,"enemies":"Hexaghost","floor":16.0,"turns":8.0},{"damage":17,"enemies":"Shell Parasite","floor":18,"turns":5},{"damage":0,"enemies":"Chosen","floor":19,"turns":3},{"damage":22,"enemies":"3 Cultists","floor":20,"turns":3},{"damage":0,"enemies":"Sentry and Sphere","floor":21,"turns":3},{"damage":15,"enemies":"Snecko","floor":24,"turns":5},{"damage":14,"enemies":"Snake Plant","floor":30,"turns":3},{"damage":9,"enemies":"Shelled Parasite and Fungi","floor":31,"turns":4},{"damage":38,"enemies":"Collector","floor":33,"turns":6},{"damage":5,"enemies":"Orb Walker","floor":35,"turns":2},{"damage":0,"enemies":"3 Shapes","floor":39,"turns":4},{"damage":10,"enemies":"3 Darklings","floor":45,"turns":4},{"damage":35,"enemies":"Jaw Worm Horde","floor":46,"turns":3},{"damage":24,"enemies":"Sphere and 2 Shapes","floor":48,"turns":4},{"damage":16,"enemies":"Donu and Deca","floor":50,"turns":5}],"seed_played":"2787466520673423607","potions_obtained":[{"floor":1.0,"key":"LiquidMemories"},{"floor":7.0,"key":"Ancient Potion"},{"floor":18,"key":"BlessingOfTheForge"},{"floor":21,"key":"Weak Potion"},{"floor":22,"key":"Regen Potion"},{"floor":22,"key":"Fruit Juice"},{"floor":22,"key":"Block Potion"},{"floor":24,"key":"LiquidBronze"},{"floor":30,"key":"AttackPotion"},{"floor":35,"key":"Energy Potion"},{"floor":46,"key":"SkillPotion"},{"floor":48,"key":"EssenceOfSteel"}],"is_trial":false,"path_per_floor":["M","?","M","M","?","R","M","R","T","?","$","R","$","M","R","B",null,"M","M","M","M","?","R","M","R","T","$","?","R","M","M","R","B",null,"M","?","$","?","M","R","$","R","T","R","M","M","R","M","R","B",null],"character_chosen":"DEFECT","items_purchased":["Storm","Coolheaded","Lee\u0027s Waffle","Ancient Tea Set","Oddly Smooth Stone"],"campfire_rested":4,"item_purchase_floors":[11,13,27,27,37],"current_hp_per_floor":[75,75,75,75,75,75,70,70,70,70,70,70,70,65,65,40,75,58,58,43,43,48,72,64,64,64,87,87,87,73,74,87,73,87,82,82,82,82,83,83,83,83,83,83,73,43,67,48,72,61],"gold":102,"neow_bonus":"THREE_ENEMY_KILL","is_daily":false,"chose_seed":false,"campfire_upgraded":9,"win_rate":0.0,"timestamp":1611888060,"path_taken":["M","?","M","M","?","R","M","R","T","?","?","R","$","M","R","BOSS","M","M","?","M","?","R","?","R","T","$","?","R","M","?","R","BOSS","M","?","$","?","M","R","$","R","T","R","M","?","R","M","R","BOSS"],"items_purchased_type":["Card","Card","Relic","Relic","Relic"],"build_version":"2020-12-22","purchased_purges":0,"victory":true,"max_hp_per_floor":[75,75,75,75,75,75,75,75,75,75,75,75,75,75,75,75,75,75,75,75,75,80,80,80,80,80,87,87,87,87,87,87,87,87,87,83,83,83,83,83,83,83,83,83,83,83,83,83,83,83],"card_choices":[{"not_picked":["Steam Power","Coolheaded"],"picked":"Defragment","floor":1.0},{"not_picked":["Fusion","Heatsinks"],"picked":"Capacitor","floor":3.0},{"not_picked":["Hologram","Rip and Tear"],"picked":"BootSequence","floor":4.0},{"not_picked":["Double Energy","Beam Cell"],"picked":"Barrage","floor":7.0},{"not_picked":["Scrape","Stack"],"picked":"Loop","floor":14.0},{"not_picked":["Biased Cognition","Fission"],"picked":"Electrodynamics","floor":16.0},{"not_picked":["Barrage","Leap"],"picked":"Self Repair","floor":18},{"not_picked":["Gash","Hologram"],"picked":"Static Discharge","floor":19},{"not_picked":["Blizzard","Cold Snap"],"picked":"Conserve Battery+1","floor":20},{"not_picked":["Compile Driver","Blizzard","Beam Cell"],"picked":"SKIP","floor":21},{"not_picked":["Leap","Conserve Battery+1"],"picked":"Hologram+1","floor":24},{"not_picked":["Beam Cell+1","Fusion","Steam"],"picked":"SKIP","floor":30},{"not_picked":["Redo+1","Lockon+1"],"picked":"Consume+1","floor":31},{"not_picked":["Buffer","Multi-Cast"],"picked":"Amplify","floor":33},{"not_picked":["Double Energy","Beam Cell"],"picked":"Defragment+1","floor":35},{"not_picked":["Streamline+1","Ball Lightning"],"picked":"Machine Learning","floor":39},{"not_picked":["BootSequence+1","Streamline+1","Skim+1"],"picked":"SKIP","floor":45},{"not_picked":["Sweeping Beam","Go for the Eyes","Ball Lightning"],"picked":"SKIP","floor":46},{"not_picked":["Sweeping Beam+1","Stack+1"],"picked":"Auto Shields+1","floor":48}],"player_experience":4178,"relics_obtained":[{"floor":9.0,"key":"InkBottle"},{"floor":26,"key":"Toy Ornithopter"},{"floor":38,"key":"War Paint"},{"floor":43,"key":"Toxic Egg 2"}],"event_choices":[{"damage_healed":0.0,"max_hp_gain":0.0,"max_hp_loss":0.0,"gold_gain":0.0,"event_name":"Golden Idol","player_choice":"Ignored","floor":2.0,"gold_loss":0.0,"damage_taken":0.0},{"damage_healed":0.0,"max_hp_gain":0.0,"max_hp_loss":0.0,"gold_gain":0.0,"event_name":"The Cleric","player_choice":"Leave","floor":5.0,"gold_loss":0.0,"damage_taken":0.0},{"damage_healed":0.0,"max_hp_gain":0.0,"max_hp_loss":0.0,"gold_gain":0.0,"event_name":"Dead Adventurer","player_choice":"Searched \u00270\u0027 times","floor":10.0,"gold_loss":0.0,"damage_taken":0.0},{"damage_healed":0,"gold_gain":0,"player_choice":"Got Potions","damage_taken":0,"max_hp_gain":0,"max_hp_loss":0,"event_name":"Lab","floor":22,"gold_loss":0},{"damage_healed":0,"gold_gain":0,"player_choice":"Traded Relic","damage_taken":0,"relics_obtained":["Nloth\u0027s Gift"],"max_hp_gain":0,"max_hp_loss":0,"event_name":"N\u0027loth","floor":28,"relics_lost":["InkBottle"],"gold_loss":0},{"damage_healed":0,"gold_gain":0,"player_choice":"Max HP","damage_taken":0,"max_hp_gain":0,"max_hp_loss":4,"event_name":"Winding Halls","floor":36,"gold_loss":0},{"damage_healed":0,"gold_gain":0,"player_choice":"Relic","damage_taken":0,"max_hp_gain":0,"max_hp_loss":0,"event_name":"Wheel of Change","floor":38,"gold_loss":0}],"is_beta":false,"boss_relics":[{"not_picked":["Velvet Choker","Calling Bell"],"picked":"Inserter"},{"not_picked":["Tiny House","FrozenCore"],"picked":"SlaversCollar"}],"items_purged_floors":[],"is_endless":false,"potions_floor_spawned":[1,7,18,21,24,30,35,46,48],"ascension_level":0}}