{"host":"4mwxwqvoirj3cq7x","time":1611885259,"event":{"mods":["BaseMod","KinomotoSakuraMod(Ä¾Ö®±¾Ó£)","Minty Spire (QoL Compilation)","Quick Restart","StSLib"],"gold_per_floor":[119,135,135,135,310,339,349,382,382,400,145,188,211,111,111,222,231,269,306,345,456,478,490,527,548,639,664,716,741,668,680,692,808,820,847,913,940,968,673,700,700,700],"floor_reached":41,"language":"ZHS","playtime":1649,"items_purged":["Doubt","ClowCardTheShield"],"score":848,"play_id":"5eef7840-a543-4964-abae-0d4c26efff59","local_time":"20210129095419","is_ascension_mode":true,"campfire_choices":[{"floor":15.0,"key":"REST"},{"floor":23.0,"key":"REST"},{"floor":25.0,"key":"REST"},{"floor":32.0,"key":"RECALL"}],"circlet_count":0,"master_deck":["SakuraCardTheSong+","SakuraCardTheSword+","AscendersBane","ClowCardTheSword+1","ClowCardTheSword","ClowCardTheShield","ClowCardTheShield+1","ClowCardTheShield","SpellCardSeal","SpellCardRelease","ClowCardTheShot","ClowCardTheFirey","ClowCardTheFloat","ClowCardTheGlow","ClowCardTheLight","CurseOfTheBell","ClowCardTheFirey+1","ClowCardTheChange+1","ClowCardTheBig","ClowCardTheVoice","ClowCardTheDash"],"relics":["KSMOD_SealedBook","KSMOD_SealedWand","NeowsBlessing","Dream Catcher","Mango","White Beast Statue","Juzu Bracelet","CeramicFish","Calling Bell","MawBank","Mummified Hand","Du-Vu Doll","HornCleat","Meat on the Bone","KSMOD_SwordJade","Smiling Mask","Coffee Dripper","Peace Pipe","Pen Nib","ClockworkSouvenir","Blood Vial"],"acts_visited":["TheCity","TheBeyond"],"potions_floor_usage":[],"damage_taken":[{"damage":0.0,"enemies":"2 Louse","floor":1.0,"turns":1.0},{"damage":0.0,"enemies":"Small Slimes","floor":2.0,"turns":1.0},{"damage":0.0,"enemies":"Gremlin Nob","floor":6.0,"turns":1.0},{"damage":2.0,"enemies":"Jaw Worm","floor":7.0,"turns":4.0},{"damage":15.0,"enemies":"Lagavulin","floor":8.0,"turns":8.0},{"damage":0.0,"enemies":"Exordium Thugs","floor":10.0,"turns":4.0},{"damage":29.0,"enemies":"3 Sentries","floor":12.0,"turns":8.0},{"damage":10.0,"enemies":"Slime Boss","floor":16.0,"turns":7.0},{"damage":27.0,"enemies":"Spheric Guardian","floor":18.0,"turns":5.0},{"damage":6.0,"enemies":"3 Byrds","floor":19.0,"turns":3.0},{"damage":2.0,"enemies":"Snecko","floor":20.0,"turns":3.0},{"damage":36.0,"enemies":"Shelled Parasite and Fungi","floor":22.0,"turns":3.0},{"damage":20.0,"enemies":"Slavers","floor":24.0,"turns":3.0},{"damage":0.0,"enemies":"Sentry and Sphere","floor":27.0,"turns":3.0},{"damage":51.0,"enemies":"Book of Stabbing","floor":28.0,"turns":6.0},{"damage":0.0,"enemies":"Centurion and Healer","floor":29.0,"turns":3.0},{"damage":35.0,"enemies":"Automaton","floor":33.0,"turns":6.0},{"damage":10.0,"enemies":"3 Darklings","floor":35.0,"turns":3.0},{"damage":34.0,"enemies":"2 Orb Walkers","floor":36.0,"turns":4.0},{"damage":9.0,"enemies":"3 Shapes","floor":37.0,"turns":2.0},{"damage":0.0,"enemies":"Writhing Mass","floor":38.0,"turns":3.0},{"damage":0.0,"enemies":"Reptomancer","floor":40.0,"turns":2.0}],"seed_played":"8435077691052993970","potions_obtained":[{"floor":2.0,"key":"LiquidMemories"},{"floor":7.0,"key":"SmokeBomb"},{"floor":10.0,"key":"Ancient Potion"},{"floor":12.0,"key":"Regen Potion"},{"floor":16.0,"key":"FairyPotion"},{"floor":22.0,"key":"ColorlessPotion"},{"floor":24.0,"key":"CultistPotion"},{"floor":28.0,"key":"DistilledChaos"},{"floor":29.0,"key":"SmokeBomb"},{"floor":35.0,"key":"EntropicBrew"},{"floor":36.0,"key":"Strength Potion"}],"is_trial":false,"path_per_floor":["M","M","?","?","?","E","M","E","T","M","$","E","T","$","R","B",null,"M","M","M","?","M","R","E","R","T","M","E","M","?","?","R","B",null,"M","?","M","M","$","E","R"],"character_chosen":"KINOMOTOSAKURA","items_purchased":["Juzu Bracelet","ClowCardTheGlow","Pen Nib","ClockworkSouvenir"],"campfire_rested":3,"item_purchase_floors":[11,11,39,39],"current_hp_per_floor":[63,63,49,42,42,42,40,39,39,39,39,10,10,10,35,25,69,42,36,34,34,3,28,8,33,33,45,37,49,49,77,77,54,77,67,45,48,48,48,48,48,48],"gold":700,"neow_bonus":"THREE_ENEMY_KILL","is_daily":false,"chose_seed":false,"campfire_upgraded":0,"win_rate":0.0,"timestamp":1611885259,"path_taken":["M","M","?","?","?","E","?","E","T","M","?","E","?","$","R","BOSS","M","M","M","?","M","R","E","R","T","M","E","M","?","?","R","BOSS","M","?","M","M","$","E","R"],"items_purchased_type":["Relic","Card","Relic","Relic"],"build_version":"2020-12-22","purchased_purges":2,"victory":false,"max_hp_per_floor":[70,70,70,70,70,70,70,84,84,84,84,84,84,84,84,84,84,84,84,84,84,84,84,84,84,84,84,84,84,84,84,84,84,84,84,84,84,84,84,84,84,84],"card_choices":[{"not_picked":["ClowCardTheMist","ClowCardTheLock"],"picked":"ClowCardTheShot","floor":1.0},{"not_picked":["ClowCardTheWatery","ClowCardTheWave"],"picked":"ClowCardTheFirey","floor":2.0},{"not_picked":["ClowCardTheSweet","ClowCardTheThunder"],"picked":"ClowCardTheFloat","floor":6.0},{"not_picked":["ClowCardTheCloud","ClowCardTheWood","ClowCardTheDream"],"picked":"SKIP","floor":7.0},{"not_picked":["ClowCardTheCloud","ClowCardTheSand","ClowCardTheJump"],"picked":"SKIP","floor":8.0},{"not_picked":["ClowCardTheCloud","ClowCardTheFloat","ClowCardTheMove"],"picked":"SKIP","floor":10.0},{"not_picked":["ClowCardTheSweet","ClowCardTheSnow"],"picked":"ClowCardTheSong","floor":12.0},{"not_picked":["ClowCardTheTime","ClowCardTheDark"],"picked":"ClowCardTheLight","floor":16.0},{"not_picked":["ClowCardTheStorm","ClowCardTheMist"],"picked":"ClowCardTheFirey+1","floor":18.0},{"not_picked":["ClowCardTheLittle","ClowCardThePower"],"picked":"ClowCardTheChange+1","floor":19.0},{"not_picked":["ClowCardTheMist","ClowCardTheStorm+1"],"picked":"ClowCardTheBig","floor":20.0},{"not_picked":["ClowCardTheBig+1","ClowCardTheSilent","ClowCardTheMirror+1"],"picked":"SKIP","floor":22.0},{"not_picked":["ClowCardTheStorm","ClowCardTheShot","ClowCardTheSand"],"picked":"SKIP","floor":24.0},{"not_picked":["ClowCardTheSweet","ClowCardTheLoop"],"picked":"ClowCardTheVoice","floor":25.0},{"not_picked":["ClowCardTheMirror+1","ClowCardTheDream+1","ClowCardTheWave"],"picked":"SKIP","floor":27.0},{"not_picked":["ClowCardTheSand","ClowCardTheMist+1"],"picked":"ClowCardTheCreate","floor":28.0},{"not_picked":["ClowCardTheShadow","ClowCardTheCloud","ClowCardTheSand"],"picked":"SKIP","floor":29.0},{"not_picked":["ClowCardTheThrough","ClowCardTheThunder"],"picked":"ClowCardTheDash","floor":33.0},{"not_picked":["ClowCardTheChange","ClowCardTheMirror+1","ClowCardThePower"],"picked":"SKIP","floor":35.0},{"not_picked":["ClowCardTheRain","ClowCardTheLibra","ClowCardTheLoop"],"picked":"SKIP","floor":37.0},{"not_picked":["ClowCardTheDream","ClowCardTheFreeze+1","ClowCardThePower+1"],"picked":"SKIP","floor":38.0},{"not_picked":["ClowCardTheDark","ClowCardTheMist","ClowCardTheBig+1"],"picked":"SKIP","floor":40.0}],"player_experience":611840,"relics_obtained":[{"floor":6.0,"key":"Dream Catcher"},{"floor":8.0,"key":"Mango"},{"floor":9.0,"key":"White Beast Statue"},{"floor":12.0,"key":"CeramicFish"},{"floor":17.0,"key":"MawBank"},{"floor":17.0,"key":"Mummified Hand"},{"floor":17.0,"key":"Du-Vu Doll"},{"floor":24.0,"key":"HornCleat"},{"floor":26.0,"key":"Meat on the Bone"},{"floor":28.0,"key":"KSMOD_SwordJade"},{"floor":36.0,"key":"Peace Pipe"},{"floor":40.0,"key":"Blood Vial"}],"event_choices":[{"damage_healed":0.0,"max_hp_gain":0.0,"max_hp_loss":0.0,"gold_gain":0.0,"event_name":"Shining Light","player_choice":"Entered Light","floor":3.0,"gold_loss":0.0,"damage_taken":14.0,"cards_upgraded":["ClowCardTheSword","ClowCardTheShield"]},{"cards_removed":["ClowCardTheSword"],"damage_healed":0.0,"max_hp_gain":0.0,"max_hp_loss":0.0,"gold_gain":0.0,"event_name":"Golden Wing","player_choice":"Card Removal","floor":4.0,"gold_loss":0.0,"damage_taken":7.0},{"damage_healed":0.0,"max_hp_gain":0.0,"max_hp_loss":0.0,"gold_gain":175.0,"event_name":"Liars Game","player_choice":"AGREE","floor":5.0,"gold_loss":0.0,"damage_taken":0.0,"cards_obtained":["Doubt"]},{"damage_healed":0.0,"max_hp_gain":0.0,"max_hp_loss":0.0,"gold_gain":99.0,"event_name":"Nest","player_choice":"Stole From Cult","floor":21.0,"gold_loss":0.0,"damage_taken":0.0},{"damage_healed":0.0,"max_hp_gain":0.0,"max_hp_loss":0.0,"gold_gain":0.0,"event_name":"Addict","player_choice":"Obtained Relic","floor":30.0,"gold_loss":85.0,"damage_taken":0.0,"relics_obtained":["Smiling Mask"]},{"damage_healed":28.0,"max_hp_gain":0.0,"max_hp_loss":0.0,"gold_gain":0.0,"event_name":"The Library","player_choice":"Heal","floor":31.0,"gold_loss":0.0,"damage_taken":0.0},{"damage_healed":0.0,"max_hp_gain":0.0,"max_hp_loss":0.0,"gold_gain":0.0,"event_name":"Mysterious Sphere","player_choice":"Fight","floor":36.0,"gold_loss":0.0,"damage_taken":0.0}],"is_beta":false,"boss_relics":[{"not_picked":["Cursed Key","SacredBark"],"picked":"Calling Bell"},{"not_picked":["Astrolabe","Empty Cage"],"picked":"Coffee Dripper"}],"items_purged_floors":[11,14],"is_endless":false,"potions_floor_spawned":[2,7,10,12,16,18,19,20,22,24,27,28,29,33,35,36,37,38,40],"ascension_level":11}}