{"host":"qekv59dthhdg54sz","time":1611901314,"event":{"mods":["AchievementEnabler","BaseMod","Colored Map","DeckTracker","KOR Keyword Fix","Minty Spire (QoL Compilation)","Rare Cards Sparkle","StSLib","SuperFastMode"],"gold_per_floor":[116,41,57,68,68,68,81,81,81,109,109,121,138,156,156,232,232,242,139,157,157,157,157,167,67,145,145,156,71,83,97,97,176,176,192,217,234,234,253,253,28,28,54,0,34,52,100,100,100,100],"floor_reached":51,"language":"KOR","playtime":1537,"items_purged":["Strike_R","Strike_R","Flex"],"score":1306,"play_id":"7212d8b0-9194-47a8-b63a-8edfd25c3085","local_time":"20210129152154","is_ascension_mode":true,"campfire_choices":[{"data":"Heavy Blade","floor":6.0,"key":"SMITH"},{"data":"Dark Embrace","floor":8.0,"key":"SMITH"},{"data":"Demon Form","floor":11.0,"key":"SMITH"},{"floor":15.0,"key":"REST"},{"data":"Burning Pact","floor":23.0,"key":"SMITH"},{"floor":32,"key":"REST"},{"data":"Purity","floor":40,"key":"SMITH"},{"data":"Impervious","floor":42,"key":"SMITH"},{"data":"Second Wind","floor":49,"key":"SMITH"}],"circlet_count":0,"master_deck":["AscendersBane","Bash","Demon Form+1","Pummel","Shrug It Off+1","Heavy Blade+1","Infernal Blade","Dark Embrace+1","Burning Pact+1","Feel No Pain+1","Fire Breathing","Reaper","Clothesline","Second Wind+1","Corruption","Impervious+1","Bludgeon","Dropkick","Offering+1","Clothesline","Flex","Purity+1"],"relics":["Burning Blood","Pear","Mercury Hourglass","Snecko Eye","Nilry\u0027s Codex","Blue Candle","Pandora\u0027s Box","Unceasing Top","Membership Card","Smiling Mask","Red Mask","War Paint","Ice Cream"],"acts_visited":["Exordium","TheCity","TheBeyond"],"potions_floor_usage":[31,31,33,35,50,50],"damage_taken":[{"damage":14.0,"enemies":"Jaw Worm","floor":1.0,"turns":4.0},{"damage":12.0,"enemies":"2 Louse","floor":3.0,"turns":4.0},{"damage":1.0,"enemies":"Cultist","floor":4.0,"turns":3.0},{"damage":11.0,"enemies":"Blue Slaver","floor":7.0,"turns":4.0},{"damage":24.0,"enemies":"Gremlin Nob","floor":10.0,"turns":4.0},{"damage":21.0,"enemies":"Exordium Wildlife","floor":12.0,"turns":4.0},{"damage":17.0,"enemies":"3 Louse","floor":13.0,"turns":3.0},{"damage":12.0,"enemies":"Gremlin Gang","floor":14.0,"turns":5.0},{"damage":17.0,"enemies":"The Guardian","floor":16.0,"turns":10.0},{"damage":7.0,"enemies":"3 Byrds","floor":18.0,"turns":4.0},{"damage":0.0,"enemies":"Chosen","floor":20.0,"turns":3.0},{"damage":28.0,"enemies":"Snake Plant","floor":24.0,"turns":4.0},{"damage":6.0,"enemies":"3 Cultists","floor":28.0,"turns":4.0},{"damage":13,"enemies":"Snecko","floor":30,"turns":6},{"damage":33,"enemies":"Snake Plant","floor":31,"turns":6},{"damage":47,"enemies":"Automaton","floor":33,"turns":8},{"damage":20,"enemies":"Orb Walker","floor":35,"turns":5},{"damage":6,"enemies":"Mind Bloom Boss Battle","floor":36,"turns":8},{"damage":0,"enemies":"3 Shapes","floor":37,"turns":4},{"damage":30,"enemies":"Maw","floor":39,"turns":7},{"damage":0,"enemies":"Giant Head","floor":45,"turns":6},{"damage":10,"enemies":"Sphere and 2 Shapes","floor":46,"turns":4},{"damage":27,"enemies":"2 Orb Walkers","floor":47,"turns":5},{"damage":31,"enemies":"Donu and Deca","floor":50,"turns":6}],"seed_played":"3238377725249850746","potions_obtained":[{"floor":3.0,"key":"PowerPotion"},{"floor":10.0,"key":"Fire Potion"},{"floor":12.0,"key":"AttackPotion"},{"floor":13.0,"key":"Fruit Juice"},{"floor":18.0,"key":"Block Potion"},{"floor":20.0,"key":"EntropicBrew"},{"floor":33,"key":"GamblersBrew"},{"floor":36,"key":"LiquidMemories"},{"floor":39,"key":"Dexterity Potion"}],"is_trial":false,"path_per_floor":["M","?","M","M","?","R","M","R","T","E","R","M","M","M","R","B",null,"M","$","M","?","?","R","M","$","T","?","M","$","M","M","R","B",null,"M","?","M","?","M","R","$","R","T","?","E","M","?","?","R","B",null],"character_chosen":"IRONCLAD","items_purchased":["Clothesline","Second Wind","Membership Card"],"campfire_rested":2,"item_purchase_floors":[19,29,41],"current_hp_per_floor":[60,60,54,59,59,59,54,54,64,46,46,31,20,14,38,32,73,78,78,84,84,63,63,41,41,41,41,55,55,65,39,65,68,82,74,87,87,77,75,75,75,75,75,75,87,87,75,75,75,60],"gold":100,"neow_bonus":"THREE_RARE_CARDS","is_daily":false,"chose_seed":false,"campfire_upgraded":7,"win_rate":0.0,"timestamp":1611901314,"path_taken":["M","?","M","M","?","R","?","R","T","E","R","M","M","M","R","BOSS","M","$","M","?","?","R","M","$","T","?","?","$","M","M","R","BOSS","M","?","M","?","M","R","$","R","T","?","E","M","?","?","R","BOSS"],"items_purchased_type":["Card","Card","Relic"],"build_version":"2020-12-22","purchased_purges":3,"victory":true,"max_hp_per_floor":[75,72,72,72,72,72,72,72,82,82,82,82,82,82,82,87,87,87,87,87,87,87,87,87,87,87,87,87,87,87,87,87,87,87,87,87,87,87,87,87,87,87,87,87,87,87,87,83,83,83],"card_choices":[{"not_picked":["Corruption","Double Tap"],"picked":"Demon Form","floor":0.0},{"not_picked":["Flex","Perfected Strike"],"picked":"Pummel","floor":1.0},{"not_picked":["Hemokinesis","Shockwave"],"picked":"Shrug It Off","floor":3.0},{"not_picked":["Entrench","Metallicize"],"picked":"Heavy Blade","floor":4.0},{"not_picked":["Twin Strike","Warcry"],"picked":"Dark Embrace","floor":7.0},{"not_picked":["Infernal Blade","Juggernaut"],"picked":"Burning Pact","floor":10.0},{"not_picked":["Shrug It Off","Pummel"],"picked":"Feel No Pain","floor":12.0},{"not_picked":["Rage","Blood for Blood","Pommel Strike"],"picked":"SKIP","floor":13.0},{"not_picked":["Pommel Strike","Iron Wave"],"picked":"Fire Breathing","floor":14.0},{"not_picked":["Bludgeon","Double Tap"],"picked":"Reaper","floor":16.0},{"not_picked":["Flex","Headbutt","Sword Boomerang"],"picked":"SKIP","floor":18.0},{"not_picked":["Hemokinesis+1","Intimidate","Armaments"],"picked":"SKIP","floor":20.0},{"not_picked":["Sentinel","Bloodletting+1","Wild Strike"],"picked":"SKIP","floor":24.0},{"not_picked":["Feel No Pain","Sword Boomerang","Spot Weakness"],"picked":"SKIP","floor":28.0},{"not_picked":["Infernal Blade","Dark Embrace"],"picked":"Corruption","floor":30},{"not_picked":["Clothesline","Sword Boomerang","Pommel Strike"],"picked":"SKIP","floor":31},{"not_picked":["Feed","Juggernaut"],"picked":"Impervious","floor":33},{"not_picked":["Perfected Strike+1","Havoc","Flex"],"picked":"SKIP","floor":35},{"not_picked":["Bloodletting","Shrug It Off","Flex"],"picked":"SKIP","floor":37},{"not_picked":["Impatience","Discovery"],"picked":"Purity","floor":38},{"not_picked":["Pummel+1","Headbutt+1","Reckless Charge"],"picked":"SKIP","floor":39},{"not_picked":["Cleave","Clothesline","Clash"],"picked":"SKIP","floor":45},{"not_picked":["Exhume","Flex","Warcry"],"picked":"SKIP","floor":46}],"player_experience":869898,"relics_obtained":[{"floor":9.0,"key":"Pear"},{"floor":10.0,"key":"Mercury Hourglass"},{"floor":22.0,"key":"Nilry\u0027s Codex"},{"floor":26.0,"key":"Blue Candle"},{"floor":36,"key":"Unceasing Top"},{"floor":43,"key":"Smiling Mask"},{"floor":45,"key":"War Paint"},{"floor":47,"key":"Ice Cream"}],"event_choices":[{"cards_removed":["Parasite"],"damage_healed":0.0,"max_hp_gain":0.0,"max_hp_loss":0.0,"gold_gain":0.0,"event_name":"The Cleric","player_choice":"Card Removal","floor":2.0,"gold_loss":75.0,"damage_taken":0.0},{"damage_healed":0.0,"max_hp_gain":0.0,"max_hp_loss":0.0,"gold_gain":0.0,"cards_transformed":["Strike_R"],"event_name":"Transmorgrifier","player_choice":"Transformed","floor":5.0,"gold_loss":0.0,"damage_taken":0.0,"cards_obtained":["Infernal Blade"]},{"damage_healed":0.0,"max_hp_gain":0.0,"max_hp_loss":0.0,"gold_gain":0.0,"event_name":"Ghosts","player_choice":"Ignored","floor":21.0,"gold_loss":0.0,"damage_taken":0.0},{"damage_healed":0.0,"max_hp_gain":0.0,"max_hp_loss":0.0,"gold_gain":0.0,"event_name":"Cursed Tome","player_choice":"Obtained Book","floor":22.0,"gold_loss":0.0,"damage_taken":21.0},{"damage_healed":0.0,"max_hp_gain":0.0,"max_hp_loss":0.0,"gold_gain":0.0,"event_name":"Upgrade Shrine","player_choice":"Upgraded","floor":27.0,"gold_loss":0.0,"damage_taken":0.0,"cards_upgraded":["Feel No Pain"]},{"damage_healed":0,"gold_gain":0,"player_choice":"Fight","damage_taken":0,"max_hp_gain":0,"max_hp_loss":0,"event_name":"MindBloom","floor":36,"gold_loss":0},{"damage_healed":0,"gold_gain":0,"player_choice":"Memory 3","damage_taken":10,"max_hp_gain":0,"max_hp_loss":0,"event_name":"SensoryStone","floor":38,"gold_loss":0},{"damage_healed":0,"gold_gain":0,"player_choice":"Paid","damage_taken":0,"relics_obtained":["Red Mask"],"max_hp_gain":0,"max_hp_loss":0,"event_name":"Tomb of Lord Red Mask","floor":44,"gold_loss":54},{"damage_healed":0,"gold_gain":0,"player_choice":"Fight","damage_taken":0,"max_hp_gain":0,"max_hp_loss":0,"event_name":"Mysterious Sphere","floor":47,"gold_loss":0},{"damage_healed":0,"gold_gain":0,"player_choice":"Max HP","damage_taken":0,"max_hp_gain":0,"max_hp_loss":4,"event_name":"Winding Halls","floor":48,"gold_loss":0}],"is_beta":false,"boss_relics":[{"not_picked":["Calling Bell","Cursed Key"],"picked":"Snecko Eye"},{"not_picked":["Mark of Pain","SacredBark"],"picked":"Pandora\u0027s Box"}],"items_purged_floors":[19,25,41],"is_endless":false,"potions_floor_spawned":[3,10,12,13,18,20,24,33,36,39,45,46],"ascension_level":17}}