{"host":"wha9hktbkslqvblg","time":1611927053,"event":{"mods":["BaseMod","Colored Map","Minty Spire (QoL Compilation)","Relic Stats","SuperFastMode","everything is the same but u backflip on backflip"],"gold_per_floor":[118,268,8,25,25,55,74,74,149,149,159,171,171,35,35,112,112,122,136,136,166,91,126,126,136,136,51,68,18,38,38,38,117,117,128,128,41,263,263,263,298,313,359,359,391,391,405,405,405,405,405,405,405,22,51,51],"floor_reached":57,"language":"KOR","playtime":1109,"items_purged":["Doubt","Strike_R","Bash","Decay"],"score":3352,"play_id":"613e2d41-9e2f-4016-9914-0a9afff07717","local_time":"20210129223053","is_ascension_mode":true,"campfire_choices":[{"data":"Body Slam","floor":13.0,"key":"SMITH"},{"data":"Carnage","floor":15.0,"key":"SMITH"},{"data":"Armaments","floor":24.0,"key":"SMITH"},{"data":"Offering","floor":32.0,"key":"SMITH"},{"data":"Entrench","floor":40.0,"key":"SMITH"},{"floor":44.0,"key":"RECALL"},{"data":"Battle Trance","floor":46.0,"key":"SMITH"},{"data":"Barricade","floor":49,"key":"SMITH"},{"data":"Second Wind","floor":53,"key":"SMITH"}],"circlet_count":0,"master_deck":["AscendersBane","Body Slam+1","Battle Trance+1","Seeing Red","Barricade+1","Flame Barrier","Offering+1","Armaments+1","Shrug It Off","Entrench+1","Second Wind+1","Offering+1"],"relics":["Burning Blood","NeowsBlessing","Smiling Mask","Happy Flower","Pandora\u0027s Box","Red Mask","Gremlin Horn","Frozen Egg 2","Self Forming Clay","Philosopher\u0027s Stone","Bag of Marbles","Bag of Preparation","PreservedInsect","Paper Frog","Anchor","DollysMirror","Bottled Lightning"],"acts_visited":["Exordium","TheCity","TheBeyond","TheEnding"],"potions_floor_usage":[56,56],"damage_taken":[{"damage":0.0,"enemies":"Jaw Worm","floor":1.0,"turns":1.0},{"damage":0.0,"enemies":"Small Slimes","floor":4.0,"turns":1.0},{"damage":0.0,"enemies":"Gremlin Nob","floor":6.0,"turns":1.0},{"damage":2.0,"enemies":"Cultist","floor":7.0,"turns":4.0},{"damage":28.0,"enemies":"Large Slime","floor":11.0,"turns":9.0},{"damage":11.0,"enemies":"Looter","floor":12.0,"turns":2.0},{"damage":4.0,"enemies":"The Guardian","floor":16.0,"turns":10.0},{"damage":34.0,"enemies":"Shell Parasite","floor":18.0,"turns":4.0},{"damage":12.0,"enemies":"2 Thieves","floor":19.0,"turns":3.0},{"damage":25.0,"enemies":"Masked Bandits","floor":21.0,"turns":3.0},{"damage":6.0,"enemies":"Book of Stabbing","floor":23.0,"turns":4.0},{"damage":3.0,"enemies":"Snake Plant","floor":25.0,"turns":3.0},{"damage":6.0,"enemies":"Cultist and Chosen","floor":28.0,"turns":3.0},{"damage":6.0,"enemies":"Centurion and Healer","floor":30.0,"turns":3.0},{"damage":6.0,"enemies":"Automaton","floor":33.0,"turns":3.0},{"damage":6.0,"enemies":"3 Darklings","floor":35.0,"turns":2.0},{"damage":6.0,"enemies":"Giant Head","floor":41.0,"turns":2.0},{"damage":6.0,"enemies":"Orb Walker","floor":42.0,"turns":1.0},{"damage":0.0,"enemies":"Reptomancer","floor":45.0,"turns":2.0},{"damage":6,"enemies":"4 Shapes","floor":47,"turns":3},{"damage":0,"enemies":"Awakened One","floor":50,"turns":4},{"damage":6,"enemies":"Time Eater","floor":51,"turns":2},{"damage":6,"enemies":"Shield and Spear","floor":55,"turns":2},{"damage":12,"enemies":"The Heart","floor":56,"turns":5}],"seed_played":"5336718968039159936","potions_obtained":[{"floor":7.0,"key":"EssenceOfSteel"},{"floor":11.0,"key":"SteroidPotion"},{"floor":12.0,"key":"Dexterity Potion"},{"floor":16.0,"key":"AttackPotion"},{"floor":18.0,"key":"Block Potion"},{"floor":25.0,"key":"Swift Potion"},{"floor":41.0,"key":"Strength Potion"},{"floor":45.0,"key":"DuplicationPotion"},{"floor":47,"key":"Block Potion"}],"is_trial":false,"path_per_floor":["M","?","$","M","?","E","M","?","T","?","M","M","R","$","R","B",null,"M","M","$","?","?","E","R","M","T","?","M","$","M","?","R","B",null,"M","?","$","?","?","R","E","M","T","R","E","R","M","?","R","B","B",null,"R","$","E","B",null],"character_chosen":"IRONCLAD","items_purchased":["Body Slam","Battle Trance","Seeing Red","Flame Barrier","Entrench","Anchor","DollysMirror"],"campfire_rested":0,"item_purchase_floors":[3,3,3,14,37,54,54],"current_hp_per_floor":[74,74,74,75,64,70,74,74,74,79,57,52,52,52,52,54,74,46,40,40,21,21,21,21,24,24,24,24,24,24,24,24,24,66,66,66,66,66,66,66,66,66,66,66,72,72,72,72,72,76,76,76,76,76,76,70],"gold":51,"neow_bonus":"THREE_ENEMY_KILL","is_daily":false,"chose_seed":false,"campfire_upgraded":8,"win_rate":0.0,"timestamp":1611927053,"path_taken":["M","?","$","M","?","E","M","?","T","?","M","?","R","$","R","BOSS","M","M","$","?","?","E","R","M","T","?","M","$","M","?","R","BOSS","M","?","?","?","?","R","E","M","T","R","E","R","?","?","R","BOSS","BOSS","R","$","E","BOSS"],"items_purchased_type":["Card","Card","Card","Card","Card","Relic","Relic"],"build_version":"2020-12-22","purchased_purges":4,"victory":true,"max_hp_per_floor":[75,75,75,75,75,75,75,75,75,80,80,80,80,80,80,80,80,80,80,80,80,80,80,80,80,80,80,80,80,80,80,80,80,80,80,80,80,80,76,76,76,76,76,76,76,76,76,76,76,76,76,76,76,76,76,76],"relic_stats":{"Happy Flower":[24],"Gremlin Horn":[3,16],"counters":[24,77],"Self Forming Clay":[30],"Pandora\u0027s Box":["Clothesline","Perfected Strike","Demon Form","Feed","Clothesline","Demon Form","Dropkick"],"PreservedInsect":139,"Bag of Preparation":[14],"Smiling Mask":225,"obtain_stats":[{"NeowsBlessing":0,"Happy Flower":6,"Gremlin Horn":23,"Self Forming Clay":27,"PreservedInsect":43,"Bag of Preparation":41,"Frozen Egg 2":26,"Smiling Mask":5,"Burning Blood":0,"Anchor":54,"DollysMirror":54,"Pandora\u0027s Box":17,"Philosopher\u0027s Stone":34,"Red Mask":21,"Bag of Marbles":36,"Bottled Lightning":55,"Paper Frog":45},{"NeowsBlessing":0,"Happy Flower":3,"Gremlin Horn":11,"Self Forming Clay":12,"PreservedInsect":18,"Bag of Preparation":17,"Frozen Egg 2":12,"Smiling Mask":2,"Burning Blood":0,"Anchor":22,"DollysMirror":22,"Pandora\u0027s Box":7,"Philosopher\u0027s Stone":15,"Red Mask":10,"Bag of Marbles":16,"Bottled Lightning":23,"Paper Frog":19},{"NeowsBlessing":0,"Happy Flower":3,"Gremlin Horn":42,"Self Forming Clay":45,"PreservedInsect":59,"Bag of Preparation":58,"Frozen Egg 2":45,"Smiling Mask":2,"Burning Blood":0,"Anchor":70,"DollysMirror":70,"Pandora\u0027s Box":28,"Philosopher\u0027s Stone":54,"Red Mask":38,"Bag of Marbles":56,"Bottled Lightning":72,"Paper Frog":61}],"Burning Blood":137},"card_choices":[{"not_picked":["Wild Strike","Clothesline"],"picked":"Reckless Charge","floor":1.0},{"not_picked":["Anger","Warcry"],"picked":"Carnage","floor":4.0},{"not_picked":["Dual Wield","Fire Breathing"],"picked":"Barricade","floor":6.0},{"not_picked":["Flex","Anger","Blood for Blood"],"picked":"SKIP","floor":7.0},{"not_picked":["Perfected Strike","Thunderclap","Iron Wave"],"picked":"SKIP","floor":11.0},{"not_picked":["Wild Strike","Double Tap","Seeing Red"],"picked":"SKIP","floor":12.0},{"not_picked":["Limit Break","Brutality"],"picked":"Offering","floor":16.0},{"not_picked":["Body Slam","Hemokinesis"],"picked":"Armaments","floor":18.0},{"not_picked":["Armaments","Cleave","Thunderclap"],"picked":"SKIP","floor":19.0},{"not_picked":["Clash","Pummel"],"picked":"Shrug It Off","floor":23.0},{"not_picked":["Hemokinesis","Clash","Warcry"],"picked":"SKIP","floor":25.0},{"not_picked":["Twin Strike","Thunderclap","Intimidate"],"picked":"SKIP","floor":28.0},{"not_picked":["Spot Weakness","Feel No Pain+1","Flex"],"picked":"SKIP","floor":30.0},{"not_picked":["Pommel Strike","Inflame+1","Anger"],"picked":"SKIP","floor":35.0},{"not_picked":["Warcry","Twin Strike+1","Blood for Blood"],"picked":"SKIP","floor":41.0},{"not_picked":["Headbutt","Sword Boomerang+1","Ghostly Armor"],"picked":"SKIP","floor":42.0},{"not_picked":["Rampage","Twin Strike","Second Wind"],"picked":"SKIP","floor":45.0},{"not_picked":["Rampage","Twin Strike"],"picked":"Second Wind","floor":45.0},{"not_picked":["Flex","Dark Embrace+1","Corruption+1"],"picked":"SKIP","floor":47},{"not_picked":["Feed","Clash","Wild Strike"],"picked":"SKIP","floor":55}],"player_experience":992159,"relics_obtained":[{"floor":6.0,"key":"Happy Flower"},{"floor":21.0,"key":"Red Mask"},{"floor":23.0,"key":"Gremlin Horn"},{"floor":26.0,"key":"Frozen Egg 2"},{"floor":41.0,"key":"Bag of Preparation"},{"floor":43.0,"key":"PreservedInsect"},{"floor":45.0,"key":"Paper Frog"},{"floor":55,"key":"Bottled Lightning"}],"event_choices":[{"damage_healed":0.0,"max_hp_gain":0.0,"max_hp_loss":0.0,"gold_gain":150.0,"event_name":"Liars Game","player_choice":"AGREE","floor":2.0,"gold_loss":0.0,"damage_taken":0.0,"cards_obtained":["Doubt"]},{"damage_healed":0.0,"max_hp_gain":0.0,"max_hp_loss":0.0,"gold_gain":0.0,"event_name":"Scrap Ooze","player_choice":"Success","floor":5.0,"gold_loss":0.0,"damage_taken":11.0,"relics_obtained":["Smiling Mask"]},{"cards_removed":["Strike_R"],"damage_healed":0.0,"max_hp_gain":0.0,"max_hp_loss":0.0,"gold_gain":0.0,"event_name":"Living Wall","player_choice":"Forget","floor":8.0,"gold_loss":0.0,"damage_taken":0.0},{"damage_healed":0.0,"max_hp_gain":5.0,"max_hp_loss":0.0,"gold_gain":0.0,"event_name":"Big Fish","player_choice":"Donut","floor":10.0,"gold_loss":0.0,"damage_taken":0.0},{"damage_healed":0.0,"max_hp_gain":0.0,"max_hp_loss":0.0,"gold_gain":0.0,"event_name":"Masked Bandits","player_choice":"Fought Bandits","floor":21.0,"gold_loss":0.0,"damage_taken":0.0},{"cards_removed":["Reckless Charge"],"damage_healed":0.0,"max_hp_gain":0.0,"max_hp_loss":0.0,"gold_gain":0.0,"event_name":"Beggar","player_choice":"Gave Gold","floor":22.0,"gold_loss":75.0,"damage_taken":0.0},{"damage_healed":0.0,"max_hp_gain":0.0,"max_hp_loss":0.0,"gold_gain":0.0,"event_name":"Addict","player_choice":"Obtained Relic","floor":27.0,"gold_loss":85.0,"damage_taken":0.0,"relics_obtained":["Self Forming Clay"]},{"cards_removed":["Carnage"],"damage_healed":0.0,"max_hp_gain":0.0,"max_hp_loss":0.0,"gold_gain":0.0,"event_name":"Back to Basics","player_choice":"Elegance","floor":31.0,"gold_loss":0.0,"damage_taken":0.0},{"damage_healed":0.0,"max_hp_gain":0.0,"max_hp_loss":0.0,"gold_gain":0.0,"event_name":"WeMeetAgain","player_choice":"Gave Potion","floor":36.0,"gold_loss":0.0,"damage_taken":0.0,"relics_obtained":["Bag of Marbles"]},{"damage_healed":0.0,"max_hp_gain":0.0,"max_hp_loss":0.0,"gold_gain":222.0,"event_name":"Tomb of Lord Red Mask","player_choice":"Wore Mask","floor":38.0,"gold_loss":0.0,"damage_taken":0.0},{"damage_healed":0.0,"max_hp_gain":0.0,"max_hp_loss":4.0,"gold_gain":0.0,"event_name":"Winding Halls","player_choice":"Max HP","floor":39.0,"gold_loss":0.0,"damage_taken":0.0},{"damage_healed":0,"gold_gain":0,"player_choice":"Cursed","damage_taken":0,"max_hp_gain":0,"max_hp_loss":0,"event_name":"Wheel of Change","floor":48,"gold_loss":0,"cards_obtained":["Decay"]}],"is_beta":false,"boss_relics":[{"not_picked":["Coffee Dripper","Cursed Key"],"picked":"Pandora\u0027s Box"},{"not_picked":["Runic Cube","Velvet Choker"],"picked":"Philosopher\u0027s Stone"}],"items_purged_floors":[3,14,29,54],"is_endless":false,"potions_floor_spawned":[7,11,12,16,18,25,30,41,45,47],"ascension_level":20}}