{"host":"627up2rvtmm0cf0r","time":1611920543,"event":{"mods":["ATMod(°¢èªMod)","Act Like it!","BaseMod","Better Vampires","CapriCore","Card Filter","Card Forge","Colored Powertips","DeckTracker","Dota2Spire","Downfall","Energized Spire","Friendly Minions","Highlight Path","Infinite Spire","Jedi Mod","Minty Spire (QoL Compilation)","MostiFishMod","Permanent Neow","Practice Mode","Quick Restart","Relic Stats","Shop Mod","Spicy Shops","StSLib","SuperFastMode","TestMod","¡¾ÒÅÎï¿¨ÅÆ¡¿REMEMod","óô»ðÖ¸ÄÏ"],"gold_per_floor":[99,111,131,49,59,74,154,67,102,120,130,130,130,161,171,276,276,276,294,308,308,308,308,333,346,374,231,250,264,275,307,324,425,425,181,191,205,276,287,287,310,327,354,299,313,358,358,368,381,484,484,484,484],"floor_reached":51,"language":"ZHS","playtime":2074,"items_purged":["Guardian:Strike_Guardian","Guardian:Defend_Guardian","Guardian:Strike_Guardian","Guardian:Strike_Guardian","Guardian:Defend_Guardian"],"score":1169,"play_id":"08746daa-0566-458d-8bd9-c7f9e4253193","local_time":"20210129194223","is_ascension_mode":true,"campfire_choices":[{"data":"Guardian:TwinSlam","floor":1,"key":"SMITH"},{"data":"AT_ShadowStep","floor":18,"key":"SMITH"}],"circlet_count":0,"master_deck":["Guardian:Defend_Guardian","Guardian:Defend_Guardian","Guardian:CurlUp","Guardian:TwinSlam+1","AT_ShadowStep+1","Guardian:SentryBeam","AT_ShadowStep+1","infinitespire:Collect","infinitespire:SealOfDarkness+"],"relics":["Guardian:ModeShifterPlus","Hammer of Thor","Seething Fire","Anvil of the Gods","DaveBox","testmod-TestBox","REME_ComplimentaryCards","AT_ATBox","testmod-D¨¦j¨¤vu","SacredBark","infinitespire:EmpoweringShard","Tiny Chest","CaptainsWheel","OneHitWonderSystem","downfall:RedIOU","jedi:cryingmask","SynthV","MerchantsRug","Art of War","testmod-IncinerationGenerator","Pen Nib","Dota2Spire:LotusOrb","Potion Belt","jedi:crownofsimplicity","Incense Burner"],"acts_visited":["Exordium","TheCity","TheBeyond","Exordium"],"potions_floor_usage":[11],"damage_taken":[{"damage":0,"enemies":"Cultist","floor":2,"turns":3},{"damage":2,"enemies":"Jaw Worm","floor":3,"turns":4},{"damage":0,"enemies":"downfall:FleeingMerchant","floor":4,"turns":4},{"damage":7,"enemies":"Small Slimes","floor":5,"turns":4},{"damage":10,"enemies":"3 Louse","floor":6,"turns":4},{"damage":5,"enemies":"downfall:FleeingMerchant","floor":8,"turns":4},{"damage":5,"enemies":"3 Sentries","floor":9,"turns":12},{"damage":3,"enemies":"Blue Slaver","floor":10,"turns":4},{"damage":14,"enemies":"Exordium Wildlife","floor":11,"turns":4},{"damage":0,"enemies":"Lagavulin","floor":14,"turns":7},{"damage":1,"enemies":"2 Fungi Beasts","floor":15,"turns":3},{"damage":32,"enemies":"IC_STATUS_ARCHETYPE","floor":16,"turns":10},{"damage":0,"enemies":"Shell Parasite","floor":19,"turns":3},{"damage":0,"enemies":"Shelled Parasite and Fungi","floor":20,"turns":5},{"damage":0,"enemies":"Chosen and Byrds","floor":25,"turns":3},{"damage":0,"enemies":"Gremlin Leader","floor":26,"turns":4},{"damage":0,"enemies":"downfall:FleeingMerchant","floor":27,"turns":4},{"damage":0,"enemies":"Snecko","floor":28,"turns":4},{"damage":0,"enemies":"3 Cultists","floor":29,"turns":2},{"damage":0,"enemies":"Sentry and Sphere","floor":30,"turns":2},{"damage":0,"enemies":"Nightmare","floor":31,"turns":4},{"damage":0,"enemies":"Cultist and Chosen","floor":32,"turns":3},{"damage":0,"enemies":"DF_ARCHETYPE_CLAW","floor":33,"turns":2},{"damage":0,"enemies":"Orb Walker","floor":36,"turns":2},{"damage":0,"enemies":"3 Darklings","floor":37,"turns":2},{"damage":0,"enemies":"Sphere and 2 Shapes","floor":39,"turns":2},{"damage":0,"enemies":"Writhing Mass","floor":42,"turns":2},{"damage":0,"enemies":"Giant Head","floor":43,"turns":2},{"damage":0,"enemies":"downfall:FleeingMerchant","floor":44,"turns":2},{"damage":0,"enemies":"3 Darklings","floor":45,"turns":2},{"damage":0,"enemies":"2 Orb Walkers","floor":46,"turns":1},{"damage":0,"enemies":"Transient","floor":48,"turns":1},{"damage":0,"enemies":"Writhing Mass","floor":49,"turns":1},{"damage":0,"enemies":"WA_ARCHETYPE_DIVINITY","floor":50,"turns":1}],"seed_played":"3730415556614287687","potions_obtained":[{"floor":6,"key":"Guardian:BlockOnCardUsePotion"},{"floor":9,"key":"GamblersBrew"},{"floor":10,"key":"AttackPotion"},{"floor":11,"key":"Regen Potion"},{"floor":48,"key":"Block Potion"},{"floor":50,"key":"Regen Potion"}],"is_trial":false,"path_per_floor":["R","M","M","$","M","M","T","$","E","M","M","?","?","E","M","B",null,"R","M","M","T","AVR","?","T","M","E","$","M","M","M","NM","M","B",null,"R","M","M","T","M","?","T","M","E","$","M","?","R","M","M","B",null],"character_chosen":"GUARDIAN","items_purchased":["Guardian:Gem_White","Dota2Spire:MaskOfMadness","SynthV","MerchantsRug","Pen Nib","jedi:crownofsimplicity"],"campfire_rested":0,"item_purchase_floors":[4,8,27,27,35,44],"current_hp_per_floor":[80,80,78,78,71,61,61,56,53,50,36,36,36,41,40,8,1,1,1,1,1,1,1,1,1,1,1,1,1,1,1,1,1,1,1,1,1,1,1,1,1,1,1,1,1,1,1,1,1,1,1,1,1],"gold":484,"neow_bonus":"TRANSFORM_CARD","is_daily":false,"chose_seed":false,"campfire_upgraded":2,"win_rate":0.0,"timestamp":1611920543,"path_taken":["R","M","M","?","?","M","T","$","E","M","?","?","?","E","M","BOSS","R","M","M","?","AVR","?","T","M","E","?","?","M","M","NM","M","BOSS","R","M","M","?","M","?","T","M","E","$","?","?","R","M","M","BOSS"],"items_purchased_type":["Card","Relic","Relic","Relic","Relic","Relic"],"build_version":"2020-12-22","purchased_purges":5,"victory":false,"max_hp_per_floor":[80,80,80,80,80,80,80,80,80,80,80,80,80,80,80,80,1,1,1,1,1,1,1,1,1,1,1,1,1,1,1,1,1,1,1,1,1,1,1,1,1,1,1,1,1,1,1,1,1,1,1,1,1],"relic_stats":{"counters":[34,117],"Tiny Chest":2,"Pen Nib":[14],"Art of War":[1],"obtain_stats":[{"Dota2Spire:MaskOfMadness":8,"AT_ATBox":0,"DaveBox":0,"Guardian:ModeShifterPlus":51,"SynthV":27,"SacredBark":0,"testmod-IncinerationGenerator":34,"Hammer of Thor":0,"Incense Burner":46,"Dota2Spire:LotusOrb":41,"Tiny Chest":9,"jedi:cryingmask":24,"testmod-D¨¦j¨¤vu":0,"downfall:RedIOU":23,"OneHitWonderSystem":17,"infinitespire:Eraser":26,"REME_OnlineShoppingPlatform":22,"HollowDreamFlower":21,"Potion Belt":43,"MerchantsRug":27,"testmod-TestBox":0,"Guardian:ModeShifter":0,"Pen Nib":35,"Seething Fire":0,"jedi:crownofsimplicity":44,"CaptainsWheel":14,"Anvil of the Gods":0,"infinitespire:EmpoweringShard":7,"Art of War":31,"REME_ComplimentaryCards":0},{"Dota2Spire:MaskOfMadness":6,"AT_ATBox":0,"DaveBox":0,"Guardian:ModeShifterPlus":34,"SynthV":17,"SacredBark":0,"testmod-IncinerationGenerator":23,"Hammer of Thor":0,"Incense Burner":31,"Dota2Spire:LotusOrb":26,"Tiny Chest":7,"jedi:cryingmask":14,"testmod-D¨¦j¨¤vu":0,"downfall:RedIOU":14,"OneHitWonderSystem":12,"infinitespire:Eraser":16,"REME_OnlineShoppingPlatform":14,"HollowDreamFlower":14,"Potion Belt":28,"MerchantsRug":17,"testmod-TestBox":0,"Guardian:ModeShifter":0,"Pen Nib":23,"Seething Fire":0,"jedi:crownofsimplicity":29,"CaptainsWheel":10,"Anvil of the Gods":0,"infinitespire:EmpoweringShard":5,"Art of War":21,"REME_ComplimentaryCards":0},{"Dota2Spire:MaskOfMadness":23,"AT_ATBox":0,"DaveBox":0,"Guardian:ModeShifterPlus":117,"SynthV":82,"SacredBark":0,"testmod-IncinerationGenerator":99,"Hammer of Thor":0,"Incense Burner":114,"Dota2Spire:LotusOrb":105,"Tiny Chest":35,"jedi:cryingmask":71,"testmod-D¨¦j¨¤vu":0,"downfall:RedIOU":71,"OneHitWonderSystem":63,"infinitespire:Eraser":78,"REME_OnlineShoppingPlatform":71,"HollowDreamFlower":71,"Potion Belt":109,"MerchantsRug":82,"testmod-TestBox":0,"Guardian:ModeShifter":0,"Pen Nib":99,"Seething Fire":0,"jedi:crownofsimplicity":111,"CaptainsWheel":50,"Anvil of the Gods":0,"infinitespire:EmpoweringShard":19,"Art of War":94,"REME_ComplimentaryCards":0}]},"card_choices":[{"not_picked":["Guardian:DonusPower","Guardian:Reroute","Guardian:VentSteam"],"picked":"SKIP","floor":2},{"not_picked":["Guardian:ChargeCore","Guardian:Gem_Green","Guardian:WalkerClaw"],"picked":"SKIP","floor":3},{"not_picked":["Guardian:Gem_Blue","Guardian:WalkerClaw","Guardian:ChargeCore"],"picked":"SKIP","floor":4},{"not_picked":["Guardian:Repulse","Guardian:Gem_Fragmented","Guardian:Gem_Yellow"],"picked":"SKIP","floor":5},{"not_picked":["Guardian:Incinerate","Guardian:CrystalBeam","Guardian:ShieldCharger"],"picked":"SKIP","floor":6},{"not_picked":["Guardian:CrystalBeam","Guardian:RollAttack","Guardian:FierceBash"],"picked":"SKIP","floor":8},{"not_picked":["Guardian:DecasProtection","Guardian:BronzeArmor","Guardian:SphericShield"],"picked":"SKIP","floor":9},{"not_picked":["Guardian:DecasProtection","Guardian:BronzeArmor","Guardian:SphericShield"],"picked":"SKIP","floor":9},{"not_picked":["Guardian:Suspension","Guardian:PolyBeam","Guardian:Recover"],"picked":"SKIP","floor":10},{"not_picked":["Guardian:VentSteam","Guardian:Planning"],"picked":"Guardian:SentryBeam","floor":11},{"not_picked":["Guardian:Gem_Synthetic","Guardian:Gem_Red","Guardian:VentSteam"],"picked":"SKIP","floor":14},{"not_picked":["Guardian:Incinerate","Guardian:RollAttack","Guardian:Suspension"],"picked":"SKIP","floor":15},{"not_picked":["Guardian:TemporalShield+1","Guardian:RollAttack","Guardian:VentSteam"],"picked":"SKIP","floor":19},{"not_picked":["Guardian:Recover","Guardian:Gem_Red","Guardian:Gem_Lightblue"],"picked":"SKIP","floor":20},{"not_picked":["Guardian:Gem_Yellow","Guardian:PrismaticBarrier","Guardian:BodySlam"],"picked":"SKIP","floor":25},{"not_picked":["Guardian:TemporalStrike","Guardian:Gem_Lightblue","Guardian:Incinerate"],"picked":"SKIP","floor":26},{"not_picked":["Guardian:TemporalStrike","Guardian:Gem_Lightblue","Guardian:Incinerate"],"picked":"SKIP","floor":26},{"not_picked":["Guardian:Harden+1","Guardian:Gem_Red","Guardian:Suspension"],"picked":"SKIP","floor":27},{"not_picked":["Guardian:StasisField","Guardian:Planning+1","Guardian:PrimingBeam"],"picked":"SKIP","floor":28},{"not_picked":["Guardian:Gem_Lightblue","Guardian:CrystalBeam","Guardian:BronzeOrb+1"],"picked":"SKIP","floor":29},{"not_picked":["Guardian:ChargeCore","Guardian:Gem_Purple","Guardian:Gem_Yellow"],"picked":"SKIP","floor":30},{"not_picked":["infinitespire:SevenWalls","infinitespire:NeuralNetwork"],"picked":"infinitespire:SealOfDarkness+","floor":31},{"not_picked":["Guardian:TimeSifter","Guardian:Repulse","Guardian:AncientConstruct"],"picked":"SKIP","floor":31},{"not_picked":["Guardian:RefractedBeam","Guardian:ShieldCharger","Guardian:CrystalBeam+1"],"picked":"SKIP","floor":32},{"not_picked":["Guardian:Preprogram+1","Guardian:PrismaticBeam+1","Guardian:Planning+1"],"picked":"SKIP","floor":36},{"not_picked":["Guardian:ChargeCore+1","Guardian:Orbwalk+1","Guardian:Clone"],"picked":"SKIP","floor":37},{"not_picked":["Guardian:Gem_Lightblue","Guardian:GuardianWhirl+1","Guardian:Gem_Green"],"picked":"SKIP","floor":39},{"not_picked":["Guardian:Reroute+1","Guardian:ShieldCharger","Guardian:PrismaticBarrier+1"],"picked":"SKIP","floor":42},{"not_picked":["Guardian:ArmoredProtocol+1","Guardian:Gem_Lightblue","Guardian:CrystalBeam+1"],"picked":"SKIP","floor":43},{"not_picked":["Guardian:VentSteam","Guardian:RollAttack","Guardian:TimeCapacitor+1"],"picked":"SKIP","floor":44},{"not_picked":["Guardian:ArmoredProtocol+1","Guardian:Gem_Fragmented"],"picked":"Guardian:Gem_Red","floor":45},{"not_picked":["Guardian:PrimingBeam","Guardian:EvasiveProtocol+1","Guardian:TemporalShield+1"],"picked":"SKIP","floor":48},{"not_picked":["Guardian:GuardianWhirl","Guardian:FierceBash","Guardian:PrimingBeam+1"],"picked":"SKIP","floor":49}],"player_experience":119187,"relics_obtained":[{"floor":7,"key":"infinitespire:EmpoweringShard"},{"floor":9,"key":"Tiny Chest"},{"floor":14,"key":"CaptainsWheel"},{"floor":21,"key":"HollowDreamFlower"},{"floor":24,"key":"jedi:cryingmask"},{"floor":26,"key":"infinitespire:Eraser"},{"floor":31,"key":"Art of War"},{"floor":41,"key":"Dota2Spire:LotusOrb"},{"floor":43,"key":"Potion Belt"},{"floor":46,"key":"Incense Burner"}],"event_choices":[{"damage_healed":0,"gold_gain":0,"player_choice":"Fight","damage_taken":0,"max_hp_gain":0,"max_hp_loss":0,"event_name":"Mysterious Sphere","floor":46,"gold_loss":0}],"is_beta":false,"boss_relics":[{"not_picked":["Runic Pyramid","energizedSpire:NeverEndingSparkler"],"picked":"OneHitWonderSystem"},{"not_picked":["REME_DuelDisc","infinitespire:Cupcake"],"picked":"testmod-IncinerationGenerator"},{"not_picked":["JellyFishMachine","testmod-DreamHouse"],"picked":"Guardian:ModeShifterPlus"}],"items_purged_floors":[22,27,35,44,44],"is_endless":true,"potions_floor_spawned":[6,9,10,11,15,19,20,28,29,33,36,42,48,50],"ascension_level":4}}