{"host":"OR","time":1611928216,"event":{"mods":["Act Like it!","BaseMod","Friendly Minions","GungeonMod","Hallownest","Highlight Path","Minty Spire (QoL Compilation)","Nova Terra(ÅµÍÞ¡¤Ì©À­)","Quick Restart","StSLib","The Bug Knight","Warlord Emblem"],"gold_per_floor":[113,130,10,25,45,45,70,84,84,110,110,121,134,161,161,262,262,274,373,373,384,384,410,410,427,427,444,469,469,469,497,497,595,595,610,661,681,681,681,708,708,708,754,348,376,426,426,437,437,437],"floor_reached":51,"language":"ZHS","playtime":2319,"items_purged":["WarlordEmblem:Defend_DK","WarlordEmblem:Defend_DK"],"score":1048,"play_id":"5e31de53-9f19-41b6-afa3-fb4a7802f719","local_time":"20210129215016","is_ascension_mode":false,"campfire_choices":[{"data":"WarlordEmblem:Frostmourne","floor":6.0,"key":"SMITH"},{"data":"1","floor":15.0,"key":"LIFT"},{"data":"WarlordEmblem:AntiMagicShield","floor":24.0,"key":"SMITH"},{"data":"WarlordEmblem:BlackCommand","floor":32,"key":"SMITH"},{"data":"2","floor":41,"key":"LIFT"},{"data":"3","floor":49,"key":"LIFT"}],"circlet_count":0,"master_deck":["WarlordEmblem:RuneStrike","WarlordEmblem:RuneStrike","WarlordEmblem:RuneStrike","WarlordEmblem:Defend_DK","WarlordEmblem:RuneDefend","WarlordEmblem:Frostmourne+1","WarlordEmblem:SwordWave","WarlordEmblem:AntiMagicShield+1","WarlordEmblem:Execute","WarlordEmblem:DeathContract","WarlordEmblem:NoLightShield","WarlordEmblem:BloodSacrifice","WarlordEmblem:DeathWither+1","WarlordEmblem:DeathWither","WarlordEmblem:BloodStrike","WarlordEmblem:DarkSimulation","WarlordEmblem:BlackCommand+1","WarlordEmblem:EvilEager","Madness","Madness"],"relics":["WarlordEmblem:RuneSword","WarlordEmblem:DKHelm","NeowsBlessing","WarlordEmblem:DK_Ghoul","Omamori","Girya","Odd Mushroom","Bottled Flame","WarlordEmblem:IceDragon","WarlordEmblem:DK_Ghoul","Toy Ornithopter","Bottled Lightning","Enchiridion","Dead Branch","Calling Bell","Dream Catcher","Sundial","WarlordEmblem:DeathArmy","DemoMod:Antibody","Juzu Bracelet","Anchor","DemoMod:ClearGuonStone","Toolbox","Orichalcum","DemoMod:ResourcefulSack","InkBottle"],"acts_visited":["Exordium","TheCity","TheBeyond"],"potions_floor_usage":[],"damage_taken":[{"damage":0.0,"enemies":"Cultist","floor":1.0,"turns":1.0},{"damage":0.0,"enemies":"Small Slimes","floor":2.0,"turns":2.0},{"damage":0.0,"enemies":"Jaw Worm","floor":4.0,"turns":1.0},{"damage":8.0,"enemies":"Gremlin Gang","floor":5.0,"turns":4.0},{"damage":10.0,"enemies":"Lagavulin","floor":7.0,"turns":5.0},{"damage":0.0,"enemies":"Red Slaver","floor":8.0,"turns":3.0},{"damage":17.0,"enemies":"The Mushroom Lair","floor":10.0,"turns":3.0},{"damage":0.0,"enemies":"Exordium Wildlife","floor":12.0,"turns":2.0},{"damage":2.0,"enemies":"Large Slime","floor":13.0,"turns":3.0},{"damage":0.0,"enemies":"Gremlin Nob","floor":14.0,"turns":4.0},{"damage":3.0,"enemies":"The Guardian","floor":16.0,"turns":5.0},{"damage":0.0,"enemies":"Chosen","floor":18.0,"turns":3.0},{"damage":0.0,"enemies":"3 Byrds","floor":21.0,"turns":2.0},{"damage":0.0,"enemies":"HollowMod:Nosk","floor":23.0,"turns":5.0},{"damage":0.0,"enemies":"Shelled Parasite and Fungi","floor":25.0,"turns":3.0},{"damage":0.0,"enemies":"Centurion and Healer","floor":27.0,"turns":2.0},{"damage":14,"enemies":"Gremlin Leader","floor":28,"turns":3},{"damage":0,"enemies":"Slavers","floor":31,"turns":2},{"damage":4,"enemies":"Collector","floor":33,"turns":3},{"damage":5,"enemies":"3 Shapes","floor":35,"turns":2},{"damage":15,"enemies":"2 Orb Walkers","floor":36,"turns":2},{"damage":0,"enemies":"3 Darklings","floor":37,"turns":1},{"damage":0,"enemies":"Reptomancer","floor":40,"turns":3},{"damage":0,"enemies":"Giant Head","floor":45,"turns":5},{"damage":3,"enemies":"Mind Bloom Boss Battle","floor":46,"turns":3},{"damage":0,"enemies":"Maw","floor":48,"turns":4},{"damage":20,"enemies":"Awakened One","floor":50,"turns":5}],"seed_played":"-4044865808511122684","potions_obtained":[{"floor":2.0,"key":"LiquidMemories"},{"floor":5.0,"key":"SteroidPotion"},{"floor":10.0,"key":"Strength Potion"},{"floor":16.0,"key":"DuplicationPotion"}],"is_trial":false,"path_per_floor":["M","M","$","M","M","R","E","M","T","?","?","M","M","E","R","B",null,"M","?","?","M","?","E","R","M","T","M","E","?","?","E","R","B",null,"M","?","M","?","?","E","R","?","T","$","E","?","?","M","R","B",null],"character_chosen":"DeathKnight","items_purchased":["WarlordEmblem:Execute","DemoMod:ClearGuonStone","Toolbox"],"campfire_rested":0,"item_purchase_floors":[3,44,44],"current_hp_per_floor":[80,80,80,80,74,74,66,66,66,51,51,51,51,51,51,48,84,84,84,84,84,84,84,84,84,84,84,70,54,54,54,54,80,85,80,65,65,65,54,77,77,77,77,77,80,77,77,86,86,66],"gold":437,"neow_bonus":"THREE_ENEMY_KILL","is_daily":false,"chose_seed":false,"campfire_upgraded":3,"win_rate":0.0,"timestamp":1611928216,"path_taken":["M","M","?","M","?","R","E","M","T","?","?","?","M","E","R","BOSS","M","?","?","M","?","E","R","M","T","?","E","?","?","E","R","BOSS","M","?","M","?","?","E","R","?","T","$","E","?","?","M","R","BOSS"],"items_purchased_type":["Card","Relic","Relic"],"build_version":"2020-12-18","purchased_purges":2,"victory":true,"max_hp_per_floor":[80,80,80,80,81,81,82,82,82,83,83,83,84,84,84,84,84,84,84,84,84,84,84,84,84,84,84,84,84,84,84,84,85,85,85,85,85,85,85,85,85,85,85,85,86,86,86,86,86,86],"card_choices":[{"not_picked":["WarlordEmblem:FrostbiteStrike","WarlordEmblem:DeathStrike"],"picked":"WarlordEmblem:SwordWave","floor":1.0},{"not_picked":["WarlordEmblem:HeartStrike","WarlordEmblem:Withstand"],"picked":"WarlordEmblem:AntiMagicShield","floor":2.0},{"not_picked":["WarlordEmblem:FrozenChain","WarlordEmblem:Execute"],"picked":"WarlordEmblem:DeathContract","floor":4.0},{"not_picked":["WarlordEmblem:VoidDefend","WarlordEmblem:Execute","WarlordEmblem:VoidStrike"],"picked":"SKIP","floor":5.0},{"not_picked":["WarlordEmblem:RuneRecast","WarlordEmblem:FrozenDeath"],"picked":"WarlordEmblem:NoLightShield","floor":7.0},{"not_picked":["WarlordEmblem:RuneInspire","WarlordEmblem:RuneRecast","WarlordEmblem:HeartStrike"],"picked":"SKIP","floor":8.0},{"not_picked":["WarlordEmblem:DeathStrike","WarlordEmblem:VoidStrike","WarlordEmblem:RuneRecast"],"picked":"SKIP","floor":12.0},{"not_picked":["WarlordEmblem:VoidStrike","WarlordEmblem:WinterHorn"],"picked":"WarlordEmblem:BloodSacrifice","floor":13.0},{"not_picked":["WarlordEmblem:WrathOfSindragosa","WarlordEmblem:BloodSacrifice"],"picked":"WarlordEmblem:DeathWither","floor":14.0},{"not_picked":["WarlordEmblem:RuneIndex","WarlordEmblem:BloodBoiling"],"picked":"WarlordEmblem:DeathWither","floor":16.0},{"not_picked":["WarlordEmblem:RuneExplode+1","WarlordEmblem:WinterHorn+1"],"picked":"WarlordEmblem:BloodStrike","floor":18.0},{"not_picked":["WarlordEmblem:VoidDefend","WarlordEmblem:HeartStrike+1","WarlordEmblem:DeathCoil"],"picked":"SKIP","floor":21.0},{"not_picked":["WarlordEmblem:BloodBoiling","WarlordEmblem:Hanging"],"picked":"WarlordEmblem:BlackCommand","floor":23.0},{"not_picked":["WarlordEmblem:VoidDefend","WarlordEmblem:RuneBlade+1","WarlordEmblem:DeathStrike"],"picked":"SKIP","floor":25.0},{"not_picked":["WarlordEmblem:Execute+1","WarlordEmblem:RuneDiffer","WarlordEmblem:BoneShield"],"picked":"SKIP","floor":27.0},{"not_picked":["WarlordEmblem:RuneMultiplex","WarlordEmblem:EvilPower","WarlordEmblem:DeathCoil"],"picked":"SKIP","floor":28},{"not_picked":["WarlordEmblem:Withstand","WarlordEmblem:BloodBoiling","WarlordEmblem:RuneDiffer+1"],"picked":"SKIP","floor":31},{"not_picked":["WarlordEmblem:LichkingWraith","WarlordEmblem:CondemnStrike"],"picked":"WarlordEmblem:EvilEager","floor":33},{"not_picked":["WarlordEmblem:RuneExplode","WarlordEmblem:VoidStrike","WarlordEmblem:RuneRecover"],"picked":"SKIP","floor":35},{"not_picked":["WarlordEmblem:LichBody","WarlordEmblem:Infect","WarlordEmblem:HeartStrike+1"],"picked":"SKIP","floor":37},{"not_picked":["WarlordEmblem:DeathShake","WarlordEmblem:RuneRecast+1","WarlordEmblem:HeartStrike"],"picked":"SKIP","floor":40},{"not_picked":["WarlordEmblem:RuneRecover+1","WarlordEmblem:Potential+1","WarlordEmblem:RuneMelter+1"],"picked":"SKIP","floor":45},{"not_picked":["WarlordEmblem:DeathStrike+1","WarlordEmblem:RuneRegen","WarlordEmblem:VoidStrike"],"picked":"SKIP","floor":48}],"player_experience":466702,"relics_obtained":[{"floor":7.0,"key":"Omamori"},{"floor":9.0,"key":"Girya"},{"floor":10.0,"key":"Odd Mushroom"},{"floor":14.0,"key":"Bottled Flame"},{"floor":23.0,"key":"WarlordEmblem:DK_Ghoul"},{"floor":26.0,"key":"Toy Ornithopter"},{"floor":28,"key":"Bottled Lightning"},{"floor":29,"key":"Enchiridion"},{"floor":31,"key":"Dead Branch"},{"floor":34,"key":"Dream Catcher"},{"floor":34,"key":"Sundial"},{"floor":34,"key":"WarlordEmblem:DeathArmy"},{"floor":36,"key":"DemoMod:Antibody"},{"floor":40,"key":"DemoMod:WeirdEgg"},{"floor":43,"key":"Anchor"},{"floor":45,"key":"Orichalcum"},{"floor":46,"key":"DemoMod:ResourcefulSack"},{"floor":47,"key":"InkBottle"}],"event_choices":[{"damage_healed":0.0,"max_hp_gain":0.0,"max_hp_loss":0.0,"gold_gain":0.0,"event_name":"Mushrooms","player_choice":"Fought Mushrooms","floor":10.0,"gold_loss":0.0,"damage_taken":0.0},{"cards_removed":["WarlordEmblem:Defend_DK"],"damage_healed":0.0,"max_hp_gain":0.0,"max_hp_loss":0.0,"gold_gain":0.0,"event_name":"Bonfire Elementals","player_choice":"Offered Basic","floor":11.0,"gold_loss":0.0,"damage_taken":0.0},{"damage_healed":0.0,"max_hp_gain":0.0,"max_hp_loss":0.0,"gold_gain":99.0,"event_name":"Nest","player_choice":"Stole From Cult","floor":19.0,"gold_loss":0.0,"damage_taken":0.0},{"damage_healed":0.0,"max_hp_gain":0.0,"max_hp_loss":0.0,"gold_gain":0.0,"event_name":"The Library","player_choice":"Read","floor":20.0,"gold_loss":0.0,"damage_taken":0.0,"cards_obtained":["WarlordEmblem:DarkSimulation"]},{"damage_healed":0.0,"max_hp_gain":0.0,"max_hp_loss":0.0,"gold_gain":0.0,"event_name":"Upgrade Shrine","player_choice":"Upgraded","floor":22.0,"gold_loss":0.0,"damage_taken":0.0,"cards_upgraded":["WarlordEmblem:DeathWither"]},{"damage_healed":0,"gold_gain":0,"player_choice":"Obtained Book","damage_taken":16,"max_hp_gain":0,"max_hp_loss":0,"event_name":"Cursed Tome","floor":29,"gold_loss":0},{"damage_healed":0,"gold_gain":0,"player_choice":"Ignored","damage_taken":0,"max_hp_gain":0,"max_hp_loss":0,"event_name":"Vampires","floor":30,"gold_loss":0},{"damage_healed":0,"gold_gain":0,"player_choice":"Fight","damage_taken":0,"max_hp_gain":0,"max_hp_loss":0,"event_name":"Mysterious Sphere","floor":36,"gold_loss":0},{"cards_removed":["WarlordEmblem:RuneStrike"],"damage_healed":0,"gold_gain":0,"player_choice":"Removed Attack","damage_taken":0,"max_hp_gain":0,"max_hp_loss":0,"event_name":"Falling","floor":38,"gold_loss":0},{"damage_healed":0,"gold_gain":0,"player_choice":"Embrace Madness","damage_taken":11,"max_hp_gain":0,"max_hp_loss":0,"event_name":"Winding Halls","floor":39,"gold_loss":0,"cards_obtained":["Madness","Madness"]},{"damage_healed":0,"gold_gain":0,"player_choice":"Ignored","damage_taken":0,"max_hp_gain":0,"max_hp_loss":0,"event_name":"Tomb of Lord Red Mask","floor":42,"gold_loss":0},{"damage_healed":0,"gold_gain":0,"player_choice":"Fight","damage_taken":0,"max_hp_gain":0,"max_hp_loss":0,"event_name":"MindBloom","floor":46,"gold_loss":0},{"damage_healed":0,"gold_gain":0,"player_choice":"Relic","damage_taken":0,"max_hp_gain":0,"max_hp_loss":0,"event_name":"Wheel of Change","floor":47,"gold_loss":0}],"is_beta":true,"boss_relics":[{"not_picked":["Runic Pyramid","Fusion Hammer"],"picked":"WarlordEmblem:IceDragon"},{"not_picked":["Busted Crown","Coffee Dripper"],"picked":"Calling Bell"}],"items_purged_floors":[3,44],"is_endless":false,"potions_floor_spawned":[2,5,10,12,16,21,31,33,40,45,48],"ascension_level":0}}