{"host":"mmro3auxcbu5pwad","time":1611934775,"event":{"mods":["Aspiration","BaseMod","Conspire","Energized Spire","Halation","Hubris","Infinite Spire","Minty Spire (QoL Compilation)","Permanent Neow","Replay The Spire","StSLib"],"gold_per_floor":[110,110,127,139,15,15,15,50,50,63,81,81,81,112,112,207,207,221,221,231,231,244,244,244,244,244,244,259,259,275,292,292,390,390,409,409,426,426,426,426],"floor_reached":39,"language":"ENG","playtime":971,"items_purged":["Strike_P"],"score":458,"play_id":"ef7ad8ce-6c39-4370-a2e2-5037a14390a4","local_time":"20210129163935","is_ascension_mode":true,"campfire_choices":[{"data":"Eruption","floor":6,"key":"SMITH"},{"data":"Vigilance","floor":15,"key":"SMITH"},{"data":"MasterReality","floor":23,"key":"SMITH"},{"data":"Eruption","floor":25,"key":"SMITH"},{"data":"BattleHymn","floor":27,"key":"SMITH"},{"data":"TalkToTheHand","floor":29,"key":"SMITH"},{"floor":32,"key":"REST"}],"circlet_count":0,"master_deck":["Strike_P","Strike_P","Strike_P","Defend_P","Defend_P","Defend_P","Defend_P","Eruption+1","Vigilance+1","Consecrate","ReachHeaven","CrushJoints","FlyingSleeves","TalkToTheHand+1","EmptyFist","EmptyFist","MasterReality+1","BattleHymn+1","TalkToTheHand+1","Eruption+1","Swivel"],"relics":["PureWater","NeowsBlessing","PreservedInsect","conspire:Flyswatter","hubris:RunicObelisk","hubris:Towel","infinitespire:FocusingShard","hubris:ScarierMask"],"acts_visited":["TheCity","TheBeyond"],"potions_floor_usage":[18,20,22,33,39,39],"damage_taken":[{"damage":0,"enemies":"Jaw Worm","floor":1,"turns":1},{"damage":0,"enemies":"Cultist","floor":3,"turns":1},{"damage":0,"enemies":"Small Slimes","floor":4,"turns":1},{"damage":9,"enemies":"3 Sentries","floor":8,"turns":4},{"damage":16,"enemies":"3 Louse","floor":10,"turns":3},{"damage":0,"enemies":"Large Slime","floor":11,"turns":3},{"damage":0,"enemies":"Lagavulin","floor":14,"turns":2},{"damage":17,"enemies":"The Guardian","floor":16,"turns":9},{"damage":1,"enemies":"Shell Parasite","floor":18,"turns":3},{"damage":0,"enemies":"Chosen","floor":20,"turns":3},{"damage":11,"enemies":"Shelled Parasite and Fungi","floor":22,"turns":6},{"damage":21,"enemies":"Centurion and Healer","floor":28,"turns":5},{"damage":11,"enemies":"Snecko","floor":30,"turns":3},{"damage":15,"enemies":"Snake Plant","floor":31,"turns":4},{"damage":13,"enemies":"Champ","floor":33,"turns":8},{"damage":16,"enemies":"Orb Walker","floor":35,"turns":2},{"damage":9,"enemies":"3 Shapes","floor":37,"turns":3},{"damage":87,"enemies":"conspire:OrnateMirror","floor":39,"turns":6}],"seed_played":"-230064844203513292","potions_obtained":[{"floor":3,"key":"Venom Potion"},{"floor":8,"key":"infinitespire:BlackPotion"},{"floor":10,"key":"Languid Potion"},{"floor":18,"key":"AttackPotion"},{"floor":33,"key":"SteroidPotion"},{"floor":35,"key":"Milkshake"}],"is_trial":false,"path_per_floor":["M","?","M","M","$","R","T","E","T","M","M","?","?","E","R","B",null,"M","?","M","?","M","R","?","R","T","R","M","R","M","M","R","B",null,"M","?","M","?","B"],"character_chosen":"WATCHER","items_purchased":["CrushJoints"],"campfire_rested":1,"item_purchase_floors":[5],"current_hp_per_floor":[72,72,72,72,72,72,72,63,63,47,47,47,47,47,47,30,72,71,71,71,71,60,60,60,60,60,60,39,39,28,13,34,21,72,56,56,47,47,0,0],"gold":426,"neow_bonus":"THREE_ENEMY_KILL","is_daily":false,"chose_seed":false,"campfire_upgraded":6,"win_rate":0.0,"timestamp":1611934775,"path_taken":["M","?","?","M","$","R","?","E","T","M","M","?","?","E","R","BOSS","M","?","M","?","M","R","?","R","T","R","M","R","M","M","R","BOSS","M","?","?","?","BOSS"],"items_purchased_type":["Card"],"build_version":"2020-12-22","purchased_purges":1,"victory":false,"max_hp_per_floor":[72,72,72,72,72,72,72,72,72,72,72,72,72,72,72,72,72,72,72,72,72,72,72,72,72,72,72,72,72,72,72,72,72,72,72,72,72,72,72,72],"card_choices":[{"not_picked":["ReachHeaven","JustLucky"],"picked":"Consecrate","floor":1},{"not_picked":["Replay:DivineShield","Replay:Cycle","Halt"],"picked":"SKIP","floor":3},{"not_picked":["Study","Halt"],"picked":"ReachHeaven","floor":4},{"not_picked":["ForeignInfluence","InnerPeace"],"picked":"FlyingSleeves","floor":8},{"not_picked":["Nirvana","Indignation"],"picked":"TalkToTheHand","floor":10},{"not_picked":["Collect","LikeWater"],"picked":"EmptyFist","floor":11},{"not_picked":["FlyingSleeves","LessonLearned"],"picked":"EmptyFist","floor":14},{"not_picked":["Replay:LoomingThreat","DevaForm"],"picked":"MasterReality","floor":16},{"not_picked":["ThirdEye","Nirvana+1"],"picked":"BattleHymn","floor":18},{"not_picked":["CutThroughFate+1","PathToVictory+1"],"picked":"TalkToTheHand","floor":20},{"not_picked":["PathToVictory+1","Replay:Vibes","BowlingBash"],"picked":"SKIP","floor":22},{"not_picked":["Halt+1","EmptyBody"],"picked":"Swivel","floor":28},{"not_picked":["EmptyBody","Halt","Prostrate"],"picked":"SKIP","floor":30},{"not_picked":["Replay:Hum","FlyingSleeves","DevaForm"],"picked":"SKIP","floor":31},{"not_picked":["BowlingBash+1","Crescendo","FlurryOfBlows"],"picked":"SKIP","floor":35},{"not_picked":["EmptyBody","EmptyMind+1","FlyingSleeves"],"picked":"SKIP","floor":37}],"player_experience":86444,"relics_obtained":[{"floor":8,"key":"PreservedInsect"},{"floor":9,"key":"conspire:Flyswatter"},{"floor":26,"key":"infinitespire:FocusingShard"}],"event_choices":[{"damage_healed":0,"gold_gain":0,"player_choice":"Bought 0 Potions","damage_taken":0,"max_hp_gain":0,"max_hp_loss":0,"event_name":"The Woman in Blue","floor":2,"gold_loss":0},{"damage_healed":0,"gold_gain":0,"player_choice":"1 cards matched","damage_taken":0,"max_hp_gain":0,"max_hp_loss":0,"event_name":"Match and Keep!","floor":24,"gold_loss":0,"cards_obtained":["Eruption"]},{"damage_healed":0,"gold_gain":0,"player_choice":"0 cards matched","damage_taken":0,"max_hp_gain":0,"max_hp_loss":0,"event_name":"Match and Keep!","floor":36,"gold_loss":0,"cards_obtained":[]},{"damage_healed":0,"gold_gain":0,"player_choice":"Took Portal","damage_taken":0,"max_hp_gain":0,"max_hp_loss":0,"event_name":"SecretPortal","floor":38,"gold_loss":0}],"is_beta":false,"boss_relics":[{"not_picked":["conspire:RoyalGoblet","hubris:GrandSneckoEye"],"picked":"hubris:RunicObelisk"},{"not_picked":["Busted Crown","Kintsugi"],"picked":"hubris:ScarierMask"}],"items_purged_floors":[5],"is_endless":false,"potions_floor_spawned":[3,8,10,14,16,18,33,35],"killed_by":"conspire:OrnateMirror","ascension_level":2}}