{"host":"7f01flv6y0vhl3vt","time":1611948924,"event":{"mods":["Act Like it!","BaseMod","Downfall","Minty Spire (QoL Compilation)","StSLib"],"gold_per_floor":[99,109,109,109,120,132,156,168,68,68,68,96,6,18,31,135,135,35,46,46,56,68,68,68,68,68,93,93,105,5,24,39,135,135,135,152,168,182,199,199,199,16,16,36,36,36,53,53,69,69,69,69],"floor_reached":50,"language":"ENG","playtime":15731,"items_purged":["Guardian:Strike_Guardian"],"score":541,"play_id":"9f5a4e89-3910-416e-b9e5-5b6cbfa88409","local_time":"20210129143524","is_ascension_mode":true,"campfire_choices":[{"floor":1.0,"key":"RECALL"},{"floor":9,"key":"REST"},{"data":"Guardian:CompilePackage","floor":11,"key":"SMITH"},{"data":"Guardian:CompilePackage","floor":18,"key":"SMITH"},{"floor":23,"key":"REST"},{"floor":26,"key":"REST"},{"floor":30,"key":"REST"},{"data":"Guardian:SphericShield","floor":35,"key":"SMITH"},{"floor":43,"key":"REST"},{"floor":46,"key":"REST"}],"circlet_count":0,"master_deck":["Guardian:Strike_Guardian","Guardian:Strike_Guardian","Guardian:Strike_Guardian","Guardian:Defend_Guardian","Guardian:Defend_Guardian","Guardian:Defend_Guardian","Guardian:TwinSlam","Guardian:MultiBeam","Guardian:CompilePackage+1","Guardian:BronzeOrb","Guardian:CompilePackage+1","Guardian:MultiBeam","Guardian:Planning","Guardian:ShieldSpikes","Guardian:Emergency","Guardian:SphericShield+1","Guardian:Recover+1","Guardian:PrismaticBarrier","Guardian:FierceBash","Guardian:Incinerate+1","Guardian:PrismaticBeam+1","Guardian:ChargeCore+1","Guardian:HyperBeam_Guardian","Guardian:Incinerate+1","Guardian:EvasiveProtocol","Pain","Guardian:TemporalShield","Guardian:ArmoredProtocol","Guardian:Planning","expansioncontent:PrepareCrush","expansioncontent:InvincibleStrength","expansioncontent:Chronoboost","Guardian:ChargeCore+1","Guardian:Gem_Green"],"relics":["Guardian:ModeShifter","downfall:ShatteredFragment","downfall:HeartBlessingBlue","Unceasing Top","Philosopher\u0027s Stone","downfall:HeartBlessingGreen","NlothsMask","Lantern","downfall:HeartBlessingRed","Busted Crown","MawBank","Guardian:BottledStasis"],"acts_visited":["TheCity","TheBeyond"],"potions_floor_usage":[12,14,15,29,31,33,38],"damage_taken":[{"damage":6.0,"enemies":"Jaw Worm","floor":2.0,"turns":3.0},{"damage":0.0,"enemies":"2 Louse","floor":5.0,"turns":1.0},{"damage":1.0,"enemies":"Cultist","floor":6.0,"turns":3.0},{"damage":10,"enemies":"Lots of Slimes","floor":8,"turns":2},{"damage":14,"enemies":"Gremlin Nob","floor":12,"turns":4},{"damage":0,"enemies":"downfall:FleeingMerchant","floor":13,"turns":4},{"damage":3,"enemies":"Large Slime","floor":14,"turns":3},{"damage":10,"enemies":"Exordium Thugs","floor":15,"turns":3},{"damage":54,"enemies":"WA_ARCHETYPE_RETAIN","floor":16,"turns":8},{"damage":22,"enemies":"Spheric Guardian","floor":19,"turns":4},{"damage":9,"enemies":"Centurion and Healer","floor":21,"turns":8},{"damage":9,"enemies":"Snake Plant","floor":22,"turns":3},{"damage":30,"enemies":"Slavers","floor":27,"turns":4},{"damage":2,"enemies":"Cultist and Chosen","floor":29,"turns":5},{"damage":7,"enemies":"Centurion and Healer","floor":31,"turns":3},{"damage":0,"enemies":"Sentry and Sphere","floor":32,"turns":4},{"damage":61,"enemies":"DF_ARCHETYPE_CLAW","floor":33,"turns":8},{"damage":8,"enemies":"3 Darklings","floor":36,"turns":6},{"damage":14,"enemies":"Orb Walker","floor":37,"turns":4},{"damage":29,"enemies":"Maw","floor":38,"turns":7},{"damage":6,"enemies":"4 Shapes","floor":39,"turns":1},{"damage":14,"enemies":"downfall:FleeingMerchant","floor":42,"turns":4},{"damage":10,"enemies":"3 Darklings","floor":44,"turns":3},{"damage":0,"enemies":"Spire Growth","floor":47,"turns":4},{"damage":10,"enemies":"Transient","floor":49,"turns":5},{"damage":99,"enemies":"SI_POISON_ARCHETYPE","floor":50,"turns":8}],"seed_played":"401549764069166248","potions_obtained":[{"floor":8,"key":"hexamod:SoulburnPotion"},{"floor":12,"key":"Energy Potion"},{"floor":14,"key":"AttackPotion"},{"floor":27,"key":"Weak Potion"},{"floor":29,"key":"hexamod:SoulburnPotion"},{"floor":32,"key":"FearPotion"},{"floor":36,"key":"Energy Potion"},{"floor":39,"key":"Guardian:BlockOnCardUsePotion"},{"floor":49,"key":"Guardian:BlockOnCardUsePotion"}],"is_trial":false,"path_per_floor":["R","M","?","?","M","M","T","M","R","?","R","E","$","M","M","B",null,"R","M","?","M","M","R","T","?","R","E","?","M","R","M","M","B",null,"R","M","M","M","M","?","T","$","R","M","?","R","M","?","M","B"],"character_chosen":"GUARDIAN","items_purchased":["Guardian:BottledStasis","Guardian:ArmoredProtocol"],"campfire_rested":6,"item_purchase_floors":[42,42],"current_hp_per_floor":[88,82,58,58,58,57,57,47,86,86,86,72,72,69,59,5,98,98,76,76,67,58,87,87,67,97,67,67,65,95,88,88,27,103,103,95,81,52,46,61,61,47,82,72,62,97,97,97,87,0,0,0],"gold":69,"neow_bonus":"TEN_PERCENT_HP_BONUS","is_daily":false,"chose_seed":false,"campfire_upgraded":3,"win_rate":0.0,"timestamp":1611948924,"path_taken":["R","M","?","?","?","?","T","M","R","?","R","E","$","M","M","BOSS","R","M","?","?","M","R","T","?","R","E","?","M","R","M","M","BOSS","R","M","M","M","M","?","T","$","R","M","?","R","M","?","M","BOSS"],"items_purchased_type":["Relic","Card"],"build_version":"2020-12-22","purchased_purges":1,"victory":false,"max_hp_per_floor":[88,88,88,88,88,88,88,88,98,98,98,98,98,98,98,98,98,98,98,98,98,98,98,98,103,103,103,103,103,103,103,103,103,103,103,103,103,103,103,118,118,118,118,118,118,118,118,118,118,118,118,118],"card_choices":[{"not_picked":["Guardian:PiercingHide","Guardian:TemporalStrike"],"picked":"Guardian:MultiBeam","floor":2.0},{"not_picked":["Guardian:Gem_Cyan","Guardian:FuturePlans"],"picked":"Guardian:Gem_Purple","floor":5.0},{"not_picked":["Guardian:ChargeCore","Guardian:VentSteam"],"picked":"Guardian:CompilePackage","floor":6.0},{"not_picked":["Guardian:ChargeCore","Guardian:Gem_Green"],"picked":"Guardian:BronzeOrb","floor":8},{"not_picked":["Guardian:Gem_Crimson","Guardian:Gem_Cyan"],"picked":"Guardian:MultiBeam","floor":12},{"not_picked":["Guardian:Recover","Guardian:Gem_Lightblue"],"picked":"Guardian:Planning","floor":13},{"not_picked":["Guardian:TimeBomb","Guardian:Gem_Fragmented"],"picked":"Guardian:ShieldSpikes","floor":14},{"not_picked":["Guardian:WalkerClaw","Guardian:CrystalBeam"],"picked":"Guardian:Emergency","floor":15},{"not_picked":["Guardian:BaubleBeam","Guardian:ExploitGems"],"picked":"Guardian:SphericShield","floor":16},{"not_picked":["Guardian:VentSteam","Guardian:Gem_Cyan"],"picked":"Guardian:Recover+1","floor":19},{"not_picked":["Guardian:TemporalStrike","Guardian:RollAttack"],"picked":"Guardian:PrismaticBarrier","floor":21},{"not_picked":["Guardian:Gem_Red","Guardian:FloatingOrbs"],"picked":"Guardian:FierceBash","floor":22},{"not_picked":["Guardian:Preprogram","Guardian:Gem_Lightblue"],"picked":"Guardian:Gem_Synthetic","floor":27},{"not_picked":["Guardian:Gem_Lightblue","Guardian:TemporalStrike+1"],"picked":"Guardian:Incinerate+1","floor":29},{"not_picked":["Guardian:Gem_Fragmented","Guardian:Gem_Green"],"picked":"Guardian:PrismaticBeam+1","floor":31},{"not_picked":["Guardian:VentSteam","Guardian:Suspension"],"picked":"Guardian:ChargeCore+1","floor":32},{"not_picked":["Guardian:StasisField","Guardian:ExploitGems"],"picked":"Guardian:HyperBeam_Guardian","floor":33},{"not_picked":[],"picked":"Guardian:Incinerate+1","floor":36},{"not_picked":[],"picked":"Guardian:Gem_Blue","floor":37},{"not_picked":[],"picked":"Guardian:Gem_Fragmented","floor":38},{"not_picked":[],"picked":"Guardian:EvasiveProtocol","floor":39},{"not_picked":[],"picked":"Guardian:TemporalShield","floor":42},{"not_picked":[],"picked":"Guardian:Planning","floor":44},{"not_picked":["expansioncontent:InvincibleStrength","expansioncontent:HyperBeam"],"picked":"expansioncontent:PrepareCrush","floor":45},{"not_picked":["expansioncontent:YouAreMine","expansioncontent:LastStand"],"picked":"expansioncontent:InvincibleStrength","floor":45},{"not_picked":["expansioncontent:DecaShield","expansioncontent:YouAreMine"],"picked":"expansioncontent:Chronoboost","floor":45},{"not_picked":[],"picked":"Guardian:ChargeCore+1","floor":47},{"not_picked":[],"picked":"Guardian:Gem_Green","floor":49}],"player_experience":1492355,"relics_obtained":[{"floor":12,"key":"Unceasing Top"},{"floor":27,"key":"Lantern"},{"floor":41,"key":"MawBank"}],"event_choices":[{"damage_healed":0,"gold_gain":0,"player_choice":"Trade","damage_taken":0,"relics_obtained":["NlothsMask"],"max_hp_gain":0,"max_hp_loss":0,"event_name":"FaceTrader","floor":20,"gold_loss":0},{"damage_healed":0,"gold_gain":0,"player_choice":"Ignored","damage_taken":0,"max_hp_gain":0,"max_hp_loss":0,"event_name":"Vampires","floor":28,"gold_loss":0},{"cards_removed":["Guardian:CurlUp"],"damage_healed":0,"gold_gain":0,"player_choice":"Removed Skill","damage_taken":0,"max_hp_gain":0,"max_hp_loss":0,"event_name":"Falling","floor":48,"gold_loss":0}],"is_beta":false,"boss_relics":[{"not_picked":["Sozu","Pandora\u0027s Box"],"picked":"Philosopher\u0027s Stone"},{"not_picked":["Coffee Dripper","Snecko Eye"],"picked":"Busted Crown"}],"items_purged_floors":[13],"is_endless":false,"potions_floor_spawned":[8,12,14,27,29,32,36,39,49],"killed_by":"SI_POISON_ARCHETYPE","ascension_level":1}}