{"host":"u7lm8z2rvb4dg2oo","time":1611904378,"event":{"mods":["AchievementEnabler","BaseMod","Bestiary","Block Reminder","Colored Map","Colored Powertips","Curses Come First","DeckTracker","Googly Eyes","Highlight Path","Minty Spire (QoL Compilation)","Quick Restart","StSLib"],"gold_per_floor":[112,128,128,140,156,156,173,190,190,204,235,235,247,227,227,326,326,340,295,295],"floor_reached":19,"language":"ENG","playtime":768,"items_purged":[],"score":268,"play_id":"0b32adfb-8fad-4432-be7b-022a1be389ee","local_time":"20210129021258","is_ascension_mode":true,"campfire_choices":[{"data":"A Thousand Cuts","floor":6.0,"key":"SMITH"},{"floor":12.0,"key":"REST"},{"data":"Accuracy","floor":15.0,"key":"SMITH"}],"circlet_count":0,"master_deck":["AscendersBane","Strike_G","Strike_G","Strike_G+1","Strike_G","Defend_G","Defend_G","Defend_G","Defend_G","Defend_G","Survivor","Neutralize","Bane+1","A Thousand Cuts+1","Slice","Blade Dance","Die Die Die","Flying Knee","Blade Dance","Accuracy+1","Envenom","Finisher"],"relics":["Ring of the Snake","Art of War","Lizard Tail","Whetstone"],"acts_visited":["Exordium","TheCity"],"potions_floor_usage":[],"damage_taken":[{"damage":0.0,"enemies":"Small Slimes","floor":1.0,"turns":5.0},{"damage":4.0,"enemies":"Jaw Worm","floor":2.0,"turns":5.0},{"damage":8.0,"enemies":"Cultist","floor":4.0,"turns":6.0},{"damage":3.0,"enemies":"2 Fungi Beasts","floor":5.0,"turns":5.0},{"damage":5.0,"enemies":"Blue Slaver","floor":7.0,"turns":4.0},{"damage":6.0,"enemies":"Looter","floor":8.0,"turns":3.0},{"damage":0.0,"enemies":"Large Slime","floor":10.0,"turns":4.0},{"damage":1.0,"enemies":"Lagavulin","floor":11.0,"turns":5.0},{"damage":1.0,"enemies":"2 Fungi Beasts","floor":13.0,"turns":3.0},{"damage":41.0,"enemies":"The Guardian","floor":16.0,"turns":12.0},{"damage":22.0,"enemies":"Shell Parasite","floor":18.0,"turns":4.0},{"damage":28,"enemies":"2 Thieves","floor":19,"turns":3}],"seed_played":"-8060119738848938068","potions_obtained":[{"floor":5.0,"key":"Regen Potion"},{"floor":7.0,"key":"ColorlessPotion"},{"floor":11.0,"key":"SkillPotion"},{"floor":13.0,"key":"Weak Potion"},{"floor":14.0,"key":"DistilledChaos"}],"is_trial":false,"path_per_floor":["M","M","?","M","M","R","M","M","T","M","E","R","M","?","R","B",null,"M","M"],"character_chosen":"THE_SILENT","items_purchased":[],"campfire_rested":1,"item_purchase_floors":[],"current_hp_per_floor":[63,59,52,44,41,41,48,42,42,42,41,62,61,61,61,20,58,36,8,8],"gold":295,"neow_bonus":"RANDOM_COMMON_RELIC","is_daily":false,"chose_seed":false,"campfire_upgraded":2,"win_rate":0.0,"timestamp":1611904378,"path_taken":["M","M","?","M","M","R","M","M","T","M","E","R","M","?","R","BOSS","M","?"],"items_purchased_type":[],"build_version":"2020-12-22","purchased_purges":0,"victory":false,"max_hp_per_floor":[70,70,70,70,70,70,70,70,70,70,70,70,70,70,70,70,70,70,70,70],"card_choices":[{"not_picked":["Sucker Punch","Prepared"],"picked":"Bane","floor":1.0},{"not_picked":["Dagger Spray","Underhanded Strike","Outmaneuver"],"picked":"SKIP","floor":2.0},{"not_picked":["Underhanded Strike","Blade Dance"],"picked":"A Thousand Cuts","floor":4.0},{"not_picked":["Acrobatics","Noxious Fumes"],"picked":"Slice","floor":5.0},{"not_picked":["Bouncing Flask","Dagger Spray"],"picked":"Blade Dance","floor":7.0},{"not_picked":["Flying Knee","Riddle With Holes"],"picked":"Die Die Die","floor":8.0},{"not_picked":["Heel Hook","Deadly Poison"],"picked":"Flying Knee","floor":10.0},{"not_picked":["PiercingWail","Deflect"],"picked":"Blade Dance","floor":11.0},{"not_picked":["Sucker Punch","Tactician"],"picked":"Accuracy","floor":13.0},{"not_picked":["Grand Finale","Glass Knife"],"picked":"Envenom","floor":16.0},{"not_picked":["Acrobatics","Infinite Blades"],"picked":"Finisher","floor":18.0}],"player_experience":1055728,"relics_obtained":[{"floor":9.0,"key":"Lizard Tail"},{"floor":11.0,"key":"Whetstone"}],"event_choices":[{"cards_removed":["Strike_G"],"damage_healed":0.0,"max_hp_gain":0.0,"max_hp_loss":0.0,"gold_gain":0.0,"event_name":"Golden Wing","player_choice":"Card Removal","floor":3.0,"gold_loss":0.0,"damage_taken":7.0},{"damage_healed":0.0,"max_hp_gain":0.0,"max_hp_loss":0.0,"gold_gain":0.0,"event_name":"The Woman in Blue","player_choice":"Bought 1 Potion","floor":14.0,"gold_loss":0.0,"damage_taken":0.0}],"is_beta":false,"boss_relics":[{"not_picked":["Runic Dome","Velvet Choker","Ectoplasm"]}],"items_purged_floors":[],"is_endless":false,"potions_floor_spawned":[5,7,11,13],"killed_by":"2 Thieves","ascension_level":11}}