{"host":"zk71suw73lg2r165","time":1611932788,"event":{"mods":["BaseMod","Colored Map","Minty Spire (QoL Compilation)","Permanent Neow","Relic Stats","StSLib"],"gold_per_floor":[114,114,264,20,38,38,38,38],"floor_reached":7,"language":"ENG","playtime":83,"items_purged":["Doubt"],"score":78,"play_id":"0608944a-7498-41e7-80cf-59bfae4bcecf","local_time":"20210129100628","is_ascension_mode":true,"campfire_choices":[{"data":"Ball Lightning","floor":6,"key":"SMITH"}],"circlet_count":0,"master_deck":["AscendersBane","Strike_B","Strike_B","Strike_B","Strike_B","Defend_B","Defend_B","Defend_B","Defend_B","Zap","Dualcast","Ball Lightning+1"],"relics":["Sozu","Golden Idol","Runic Capacitor"],"acts_visited":["Exordium"],"potions_floor_usage":[],"damage_taken":[{"damage":5,"enemies":"Small Slimes","floor":1,"turns":3},{"damage":0,"enemies":"2 Louse","floor":5,"turns":2},{"damage":0,"enemies":"Gremlin Nob","floor":7,"turns":1}],"seed_played":"6640475666638113910","potions_obtained":[],"is_trial":false,"path_per_floor":["M","?","?","$","M","R","E"],"character_chosen":"DEFECT","items_purchased":["Runic Capacitor"],"campfire_rested":0,"item_purchase_floors":[4],"current_hp_per_floor":[59,59,59,59,59,59,59,59],"gold":38,"neow_bonus":"BOSS_RELIC","is_daily":false,"chose_seed":false,"campfire_upgraded":1,"win_rate":0.0,"timestamp":1611932788,"path_taken":["M","?","?","$","M","R","E"],"items_purchased_type":["Relic"],"build_version":"2020-12-22","purchased_purges":1,"victory":false,"max_hp_per_floor":[71,64,64,64,64,64,64,64],"relic_stats":{"Sozu":1,"counters":[3,6],"Golden Idol":4,"obtain_stats":[{"Sozu":0,"Golden Idol":2,"Runic Capacitor":4,"Cracked Core":0},{"Sozu":0,"Golden Idol":1,"Runic Capacitor":1,"Cracked Core":0},{"Sozu":0,"Golden Idol":3,"Runic Capacitor":3,"Cracked Core":0}]},"card_choices":[{"not_picked":["Beam Cell","Turbo","Rebound"],"picked":"SKIP","floor":1},{"not_picked":["Reboot","Compile Driver"],"picked":"Ball Lightning","floor":5}],"player_experience":1417809,"relics_obtained":[],"event_choices":[{"damage_healed":0,"gold_gain":0,"player_choice":"Lose Max HP","damage_taken":0,"relics_obtained":["Golden Idol"],"max_hp_gain":0,"max_hp_loss":7,"event_name":"Golden Idol","floor":2,"gold_loss":0},{"damage_healed":0,"gold_gain":150,"player_choice":"AGREE","damage_taken":0,"max_hp_gain":0,"max_hp_loss":0,"event_name":"Liars Game","floor":3,"gold_loss":0,"cards_obtained":["Doubt"]}],"is_beta":false,"boss_relics":[],"items_purged_floors":[4],"is_endless":false,"potions_floor_spawned":[5],"killed_by":"Gremlin Nob","ascension_level":20}}