{"host":"y0yoakaqmzznr2b2","time":1611918836,"event":{"mods":["2.2 Compatiblity","Act Like it!","Aspiration","BaseMod","Chen","Colored Powertips","Conspire","Downfall","Friendly Minions","Gensokyo","Hallownest","Hubris","Koishi","KomeijiMod","Marisa£¨ìFÓê¡¡Ä§ÀíÉ³£©","Minty Spire (QoL Compilation)","Pale of the Ancients","Quick Restart","Rare Cards Sparkle","Reimu£¨²©ÀöÁéÃÎ£©","Replay The Spire","RumiaBox-Â¶Ã×æ«µÄÉñÃØºÐ×Ó","Shop Mod","StSLib","The Jungle","Youmu£¨»êÆÇÑýÃÎ£©"],"gold_per_floor":[116,116,116,134,153,183,183,216,216,229,229,247,276,54,54,159,159,172,172,186,186,101,128,128,128,200,211,230,255,255,269,269,393,393,407,337,353,303,343,343,394,394,394,414,463,120,130,166,166,166,166,166,1,59,59],"floor_reached":56,"language":"ZHS","playtime":5694,"items_purged":["Strike_MRS","Strike_MRS","Strike_MRS","Strike_MRS"],"score":1811,"play_id":"197d400b-fd4f-4f60-92d3-c47dccb6551b","local_time":"20210129191356","is_ascension_mode":true,"campfire_choices":[{"data":"OpenUniverse","floor":7.0,"key":"SMITH"},{"floor":15.0,"key":"REST"},{"data":"AbsoluteMagnitude","floor":25.0,"key":"SMITH"},{"data":"OortCloud","floor":30.0,"key":"SMITH"},{"data":"CasketOfStar","floor":40.0,"key":"SMITH"},{"floor":42.0,"key":"RECALL"},{"data":"SuperNova","floor":49.0,"key":"SMITH"},{"data":"BigCrunch","floor":52.0,"key":"SMITH"}],"circlet_count":0,"master_deck":["AscendersBane","Defend_MRS","Defend_MRS","Defend_MRS","Defend_MRS","MasterSpark","UpSweep","OpenUniverse+1","DarkMatter","OrrerysSun","MagicChant+1","AsteroidBelt","BigCrunch+1","OortCloud+1","EscapeVelocity","DeepEcoloBomb","VanishingEverything+1","AbsoluteMagnitude+1","Necronomicurse","AlicesGift","Infernal Blade+1","WitchOfGreed+1","CasketOfStar+1","SuperNova+1","MagicChant+1","DragonMeteor+1","Feel No Pain"],"relics":["MiniHakkero","NeowsBlessing","hubris:Towel","Hallownest:DreamNailRelic","Bag of Marbles","Mercury Hourglass","hubris:Icosahedron","MerchantsRug","aspiration:IroncladSkillbook","Necronomicon","Orichalcum","Mummified Hand","ZombieArmy","Philosopher\u0027s Stone","Busted Crown","conspire:SpecialSausage","Toolbox","GodSword4","Happy Flower","Potion Belt","BreadOfAWashokuLover","HoshigumaDish","Guardian:PocketSentry"],"acts_visited":["Hallownest:Greenpath","TheCity","Hallownest:KingdomsEdge","TheEnding"],"potions_floor_usage":[55,55,55,55],"damage_taken":[{"damage":0.0,"enemies":"Hallownest:monsterHuskGuard","floor":1.0,"turns":1.0},{"damage":0.0,"enemies":"Hallownest:monsterHuskWarrior","floor":4.0,"turns":1.0},{"damage":0.0,"enemies":"2_ Uuma","floor":5.0,"turns":1.0},{"damage":13.0,"enemies":"Hallownest:eliteCrystalGuardian","floor":6.0,"turns":6.0},{"damage":5.0,"enemies":"Hallownest:eliteMossKnight","floor":8.0,"turns":7.0},{"damage":2.0,"enemies":"Hallownest:MossCreep_and_Mosskin","floor":10.0,"turns":4.0},{"damage":12.0,"enemies":"Hallownest:monsterFoolEater","floor":12.0,"turns":4.0},{"damage":12.0,"enemies":"Hallownest:eliteCrystalGuardian","floor":13.0,"turns":6.0},{"damage":10.0,"enemies":"Hallownest:BossFalseKnight","floor":16.0,"turns":6.0},{"damage":8.0,"enemies":"Spheric Guardian","floor":18.0,"turns":6.0},{"damage":15.0,"enemies":"2 Thieves","floor":20.0,"turns":5.0},{"damage":17.0,"enemies":"Slavers","floor":23.0,"turns":4.0},{"damage":0.0,"enemies":"Chosen and Byrds","floor":27.0,"turns":3.0},{"damage":2.0,"enemies":"3 Cultists","floor":28.0,"turns":3.0},{"damage":0.0,"enemies":"Gremlin Leader","floor":29.0,"turns":8.0},{"damage":1.0,"enemies":"Sentry and Sphere","floor":31.0,"turns":2.0},{"damage":21.0,"enemies":"conspire:MysteriousRune","floor":33.0,"turns":7.0},{"damage":12.0,"enemies":"Hallownest:3_Siblings","floor":35.0,"turns":4.0},{"damage":0.0,"enemies":"Hallownest:Shield_Heavy","floor":37.0,"turns":3.0},{"damage":4.0,"enemies":"Hallownest:2_Soldiers_and_1_Guardian","floor":39.0,"turns":3.0},{"damage":6.0,"enemies":"Hallownest:eliteCollector","floor":41.0,"turns":5.0},{"damage":1.0,"enemies":"Hallownest:2_Wandering_and_1_Horned","floor":44.0,"turns":5.0},{"damage":0.0,"enemies":"Hallownest:monsterPrimalAspid","floor":47.0,"turns":1.0},{"damage":0.0,"enemies":"Hallownest:Slobbering_and_Violent","floor":48.0,"turns":3.0},{"damage":32.0,"enemies":"Hallownest:BossHollowKnight","floor":50.0,"turns":7.0},{"damage":0.0,"enemies":"Shield and Spear","floor":54.0,"turns":2.0},{"damage":34,"enemies":"The Heart","floor":55,"turns":6}],"seed_played":"16262769224102603","potions_obtained":[{"floor":1.0,"key":"StarNLove"},{"floor":4.0,"key":"LiquidMemories"},{"floor":16.0,"key":"Milkshake"},{"floor":23.0,"key":"SpeedPotion"},{"floor":29.0,"key":"Regen Potion"},{"floor":33.0,"key":"SkillPotion"},{"floor":39.0,"key":"bronze:BurnAndBuffPotion"},{"floor":48.0,"key":"SteroidPotion"},{"floor":54.0,"key":"Ancient Potion"}],"is_trial":false,"path_per_floor":["M","?","?","M","M","E","R","E","T","M","?","M","E","$","R","B",null,"M","?","M","?","?","E","?","R","T","M","M","E","R","M","R","B",null,"M","$","M","$","M","R","E","R","T","M","T","$","M","M","R","B",null,"R","$","E","B",null],"character_chosen":"MARISA","items_purchased":["OortCloud","MerchantsRug","Toolbox","BreadOfAWashokuLover","DragonMeteor+1","Feel No Pain","HoshigumaDish"],"campfire_rested":1,"item_purchase_floors":[14,14,36,46,46,53,53],"current_hp_per_floor":[68,68,68,68,68,55,55,50,50,48,48,36,24,24,46,36,65,61,61,50,34,34,21,21,21,21,25,27,31,31,34,56,39,66,58,58,62,62,62,62,60,60,60,63,63,63,67,72,72,49,69,69,69,75,63],"gold":59,"neow_bonus":"THREE_ENEMY_KILL","is_daily":false,"chose_seed":false,"campfire_upgraded":6,"win_rate":0.0,"timestamp":1611918836,"path_taken":["M","?","?","M","?","E","R","E","T","M","?","M","E","$","R","BOSS","M","?","M","?","?","E","?","R","T","?","M","E","R","M","R","BOSS","M","$","M","$","M","R","E","R","T","M","?","$","?","M","R","BOSS","R","$","E","BOSS"],"items_purchased_type":["Card","Relic","Relic","Relic","Card","Card","Relic"],"build_version":"2020-12-22","purchased_purges":4,"victory":true,"max_hp_per_floor":[75,75,75,75,75,75,75,75,75,75,75,75,75,75,75,75,75,75,75,75,75,75,75,75,75,75,75,75,75,75,75,75,75,75,75,75,75,75,75,75,75,75,75,75,75,75,75,75,75,75,75,75,75,75,88],"card_choices":[{"not_picked":["DarkSpark","ChargeUpSpray"],"picked":"OpenUniverse","floor":1.0},{"not_picked":["PowerUp","EventHorizon","UnstableBomb"],"picked":"SKIP","floor":4.0},{"not_picked":["PowerUp","MeteoricShower"],"picked":"DarkMatter","floor":5.0},{"not_picked":["MysteriousBeam","GravityBeat","RefractionSpark"],"picked":"SKIP","floor":6.0},{"not_picked":["DarkSpark","Orbital"],"picked":"OrrerysSun","floor":8.0},{"not_picked":["SporeBomb","GalacticHalo"],"picked":"MagicChant","floor":10.0},{"not_picked":["MilkyWay","DoubleSpark"],"picked":"AsteroidBelt","floor":12.0},{"not_picked":["FairyDestructionRay","WitchOfGreed"],"picked":"BigCrunch","floor":13.0},{"not_picked":["BinaryStars","BigCrunch"],"picked":"EscapeVelocity","floor":16.0},{"not_picked":["Anger+1","ShootTheMoon","EventHorizon"],"picked":"DeepEcoloBomb","floor":18.0},{"not_picked":["StarlightTyphoon+1","Flex+1","ReplayTheSpireMod:Muscle Training"],"picked":"AbsoluteMagnitude","floor":20.0},{"not_picked":["Heavy Blade","ShootTheMoon","MilkyWay","PropBag"],"picked":"SKIP","floor":23.0},{"not_picked":["Demon Form","Headbutt+1","SporeBomb","Anger"],"picked":"SKIP","floor":27.0},{"not_picked":["Clash+1","PowerUp","Replay:Undeath\u0027s Touch"],"picked":"Infernal Blade+1","floor":28.0},{"not_picked":["Havoc","Sever Soul","Pommel Strike+1"],"picked":"WitchOfGreed+1","floor":29.0},{"not_picked":["ChargeUpSpray","Sword Boomerang+1","Disarm"],"picked":"CasketOfStar","floor":31.0},{"not_picked":["Exhume","EscapeVelocity","Corruption"],"picked":"SuperNova","floor":33.0},{"not_picked":["Clash+1"],"picked":"MagicChant+1","floor":35.0},{"not_picked":["Sword Boomerang","Run Through+1"],"picked":"SKIP","floor":37.0},{"not_picked":["Headbutt","True Grit"],"picked":"SKIP","floor":39.0},{"not_picked":["conspire:HitWhereItHurts","Replay:Many Hands"],"picked":"SKIP","floor":41.0},{"not_picked":["Second Wind","IllusionStar"],"picked":"SKIP","floor":44.0},{"not_picked":["MachineGunSpark+1","Armaments+1"],"picked":"SKIP","floor":47.0},{"not_picked":["Flex+1","ReplayTheSpireMod:Corrosion Curse+1"],"picked":"SKIP","floor":48.0},{"not_picked":["DC","Pummel+1"],"picked":"SKIP","floor":54.0}],"player_experience":1051674,"relics_obtained":[{"floor":6.0,"key":"Bag of Marbles"},{"floor":8.0,"key":"Mercury Hourglass"},{"floor":13.0,"key":"Replay:Mystery Machine"},{"floor":21.0,"key":"Necronomicon"},{"floor":23.0,"key":"Orichalcum"},{"floor":26.0,"key":"Mummified Hand"},{"floor":29.0,"key":"ZombieArmy"},{"floor":41.0,"key":"GodSword4"},{"floor":43.0,"key":"Happy Flower"},{"floor":45.0,"key":"Potion Belt"},{"floor":54.0,"key":"Guardian:PocketSentry"}],"event_choices":[{"damage_healed":0.0,"max_hp_gain":0.0,"max_hp_loss":0.0,"gold_gain":0.0,"event_name":"Cursed Tome","player_choice":"Obtained Book","floor":21.0,"gold_loss":0.0,"damage_taken":16.0},{"damage_healed":0.0,"max_hp_gain":0.0,"max_hp_loss":0.0,"gold_gain":0.0,"event_name":"Addict","player_choice":"Obtained Relic","floor":22.0,"gold_loss":85.0,"damage_taken":0.0,"relics_obtained":["Smiling Mask"]},{"damage_healed":0.0,"max_hp_gain":0.0,"max_hp_loss":0.0,"gold_gain":0.0,"event_name":"Match and Keep!","player_choice":"1 cards matched","floor":24.0,"gold_loss":0.0,"damage_taken":0.0,"cards_obtained":["AlicesGift"]}],"is_beta":false,"boss_relics":[{"not_picked":["hubris:VirtuousBlindfold","hubris:RunicObelisk"],"picked":"aspiration:IroncladSkillbook"},{"not_picked":["Sozu","hubris:BlackHole"],"picked":"Replay:Grab Bag"},{"not_picked":["Fusion Hammer","SlaversCollar"],"picked":"Philosopher\u0027s Stone"},{"not_picked":["Runic Dome","Velvet Choker"],"picked":"Busted Crown"},{"not_picked":["Runic Pyramid","Honey Jar"],"picked":"conspire:SpecialSausage"}],"items_purged_floors":[36,38,46,53],"is_endless":false,"potions_floor_spawned":[1,4,5,10,12,16,18,23,29,31,41,44],"ascension_level":11}}