{"host":"takgv9cv6xf64vhq","time":1611958431,"event":{"mods":["BaseMod","Colored Powertips","Downfall","Hubris","LagranYue(拉格朗・月)","Marisa（F雨　魔理沙）","Minty Spire (QoL Compilation)","Replay The Spire","StSLib","The Animator","The Cursed","The Jungle","TheHeartMod"],"gold_per_floor":[119,129,142,142,142,142,72,72,72,87,37,80,355,380,380,499,499,512,525,170,269,293,334,357,357,357,380,414,19,19,33,33,153,153,173,232,252,276,276,311,311,346,346,387,387],"floor_reached":44,"language":"ZHS","playtime":2872,"items_purged":["Regret","Rebound"],"score":695,"play_id":"5499f4bf-fad3-46b3-863b-c3c13879f55b","local_time":"20210130061351","is_ascension_mode":true,"campfire_choices":[{"data":"Sweeping Beam","floor":6,"key":"SMITH"},{"data":"hubris:PowerSurge","floor":8,"key":"SMITH"},{"data":"Hologram","floor":15,"key":"SMITH"},{"data":"Buffer","floor":25,"key":"SMITH"},{"floor":30,"key":"RECALL"},{"data":"Storm","floor":32,"key":"SMITH"},{"data":"Rainbow","floor":41,"key":"SMITH"}],"circlet_count":0,"master_deck":["Zap","Dualcast+1","Streamline","Sweeping Beam+1","Storm+1","FIFO Queue","FTL","Core Surge","Turbo","Cold Snap","BasicCrystalCard+1","hubris:PowerSurge+1","Gash","Hologram+1","Auto Shields","ReplayTheSpireMod:Omega Cannon","Double Energy+1","Chill+1","Melter","Coolheaded+1","Buffer+1","Steam","Heatsinks","Rainbow+1","Steam Power+1","Rebound+1","hubris:PowerSurge","Gash+1","Leap","Ball Lightning+1"],"relics":["Pandora\u0027s Box","War Paint","Golden Idol","Bottled Lightning","hubris:Spice","Coffee Dripper","Mirror","Pantograph","hubris:MedicalManual","OrangePellets","Ancient Tea Set","CatCart"],"acts_visited":["Exordium","TheCity","TheBeyond"],"potions_floor_usage":[12,12,16,27,33,42],"damage_taken":[{"damage":11,"enemies":"Jaw Worm","floor":1,"turns":2},{"damage":0,"enemies":"Small Slimes","floor":2,"turns":1},{"damage":2,"enemies":"2 Louse","floor":3,"turns":3},{"damage":6,"enemies":"Red Slaver","floor":10,"turns":2},{"damage":8,"enemies":"3 Sentries","floor":12,"turns":4},{"damage":0,"enemies":"2 Fungi Beasts","floor":14,"turns":2},{"damage":31,"enemies":"The Guardian","floor":16,"turns":9},{"damage":1,"enemies":"Spheric Guardian","floor":18,"turns":2},{"damage":13,"enemies":"Chosen","floor":19,"turns":4},{"damage":0,"enemies":"Shelled Parasite and Fungi","floor":22,"turns":3},{"damage":6,"enemies":"Slavers","floor":23,"turns":2},{"damage":0,"enemies":"Snecko","floor":24,"turns":4},{"damage":0,"enemies":"Snake Plant","floor":27,"turns":5},{"damage":0,"enemies":"Gremlin Leader","floor":28,"turns":6},{"damage":0,"enemies":"3 Cultists","floor":31,"turns":5},{"damage":11,"enemies":"Champ","floor":33,"turns":8},{"damage":0,"enemies":"3 Shapes","floor":35,"turns":3},{"damage":0,"enemies":"Orin","floor":36,"turns":8},{"damage":0,"enemies":"3 Darklings","floor":37,"turns":2},{"damage":1,"enemies":"Writhing Mass","floor":38,"turns":5},{"damage":0,"enemies":"R_Hoarder","floor":40,"turns":6},{"damage":0,"enemies":"Nemesis","floor":42,"turns":5},{"damage":0,"enemies":"R_Hoarder","floor":44,"turns":7}],"seed_played":"-6787571209561275534","potions_obtained":[{"floor":1,"key":"BlessingOfTheForge"},{"floor":3,"key":"Energy Potion"},{"floor":14,"key":"Regen Potion"},{"floor":22,"key":"Flashbang"},{"floor":23,"key":"Fire Potion"},{"floor":24,"key":"FearPotion"},{"floor":28,"key":"Fire Potion"},{"floor":31,"key":"Dexterity Potion"},{"floor":33,"key":"Venom Potion"},{"floor":35,"key":"Swift Potion"},{"floor":38,"key":"Flashbang"},{"floor":44,"key":"CultistPotion"}],"is_trial":false,"path_per_floor":["M","M","M","?","?","R","$","R","T","M","?","E","?","M","R","B",null,"M","M","$","?","M","E","M","R","T","M","E","$","R","M","R","B",null,"M","?","M","M","?","E","R","E","T","E"],"character_chosen":"DEFECT","items_purchased":["hubris:PowerSurge","Melter","Mirror","OrangePellets","Ancient Tea Set"],"campfire_rested":0,"item_purchase_floors":[7,20,20,29,29],"current_hp_per_floor":[64,64,62,50,32,32,32,32,32,26,26,26,26,26,26,10,83,82,69,69,69,69,63,63,63,71,71,71,71,71,71,71,80,83,83,83,83,82,82,83,83,83,83,83,83],"gold":387,"neow_bonus":"BOSS_RELIC","is_daily":false,"chose_seed":false,"campfire_upgraded":6,"win_rate":0.0,"timestamp":1611958431,"path_taken":["M","M","M","?","?","R","$","R","T","M","?","E","?","M","R","BOSS","M","M","$","?","M","E","M","R","T","M","E","$","R","M","R","BOSS","M","?","M","M","?","E","R","E","T","E"],"items_purchased_type":["Card","Card","Relic","Relic","Relic"],"build_version":"2020-12-22","purchased_purges":2,"victory":false,"max_hp_per_floor":[75,75,75,75,75,75,75,75,75,75,75,83,83,83,83,83,83,83,83,83,83,83,83,83,83,91,91,91,91,91,91,91,91,83,83,83,83,83,83,83,83,83,83,83,83],"card_choices":[{"not_picked":["Rebound","Panic Button"],"picked":"Turbo","floor":1},{"not_picked":["BasicCrystalCard","Fission"],"picked":"Cold Snap","floor":2},{"not_picked":["Glacier","Redo"],"picked":"BasicCrystalCard","floor":3},{"not_picked":["Heatsinks","Fusion"],"picked":"Gash","floor":10},{"not_picked":["Compile Driver","Cold Snap"],"picked":"Hologram","floor":12},{"not_picked":["Barrage","Heatsinks"],"picked":"Auto Shields","floor":14},{"not_picked":["ReplayRNGCard","Thunder Strike"],"picked":"ReplayTheSpireMod:Omega Cannon","floor":16},{"not_picked":["Rebound","Redo"],"picked":"Double Energy+1","floor":18},{"not_picked":["Doom and Gloom+1","Coolheaded"],"picked":"Chill+1","floor":19},{"not_picked":["Rebound+1","Redo+1"],"picked":"Coolheaded+1","floor":22},{"not_picked":["Fusion+1","hubris:PowerSurge+1"],"picked":"Buffer","floor":23},{"not_picked":["Barrage","Double Energy"],"picked":"Steam","floor":24},{"not_picked":["Steam","Aggregate","Melter"],"picked":"SKIP","floor":27},{"not_picked":["ReplayTheSpireMod:Reroute Power","Meteor Strike","hubris:Ukulele"],"picked":"SKIP","floor":28},{"not_picked":["Steam Power","Redo"],"picked":"Heatsinks","floor":31},{"not_picked":["ReplayRNGCard","Seek"],"picked":"Rainbow","floor":33},{"not_picked":["Compile Driver+1","Conserve Battery"],"picked":"Steam Power+1","floor":35},{"not_picked":["hubris:SpiceAddiction","hubris:SpiceAddiction"],"picked":"Rebound+1","floor":36},{"not_picked":["Steam","Coolheaded+1"],"picked":"hubris:PowerSurge","floor":37},{"not_picked":["Panic Button","Auto Shields+1"],"picked":"Gash+1","floor":38},{"not_picked":["Skim+1","hubris:Prefetch"],"picked":"Leap","floor":40},{"not_picked":["Doom and Gloom","Turbo+1"],"picked":"Ball Lightning+1","floor":42}],"player_experience":207136,"relics_obtained":[{"floor":9,"key":"Bottled Lightning"},{"floor":12,"key":"hubris:Spice"},{"floor":23,"key":"Pantograph"},{"floor":26,"key":"hubris:Spice"},{"floor":28,"key":"hubris:MedicalManual"},{"floor":36,"key":"CatCart"}],"event_choices":[{"damage_healed":0,"gold_gain":0,"player_choice":"Success","damage_taken":12,"relics_obtained":["War Paint"],"max_hp_gain":0,"max_hp_loss":0,"event_name":"Scrap Ooze","floor":4,"gold_loss":0},{"damage_healed":0,"gold_gain":0,"player_choice":"Take Damage","damage_taken":18,"relics_obtained":["Golden Idol"],"max_hp_gain":0,"max_hp_loss":0,"event_name":"Golden Idol","floor":5,"gold_loss":0},{"cards_removed":["ReplaySort"],"damage_healed":0,"gold_gain":0,"player_choice":"Card Removal","damage_taken":0,"max_hp_gain":0,"max_hp_loss":0,"event_name":"The Cleric","floor":11,"gold_loss":50},{"damage_healed":0,"gold_gain":275,"player_choice":"Desecrate","damage_taken":0,"max_hp_gain":0,"max_hp_loss":0,"event_name":"Golden Shrine","floor":13,"gold_loss":0,"cards_obtained":["Regret"]},{"damage_healed":0,"gold_gain":99,"player_choice":"Stole From Cult","damage_taken":0,"max_hp_gain":0,"max_hp_loss":0,"event_name":"Nest","floor":21,"gold_loss":0},{"damage_healed":0,"gold_gain":0,"player_choice":"Fight","damage_taken":0,"max_hp_gain":0,"max_hp_loss":0,"event_name":"OrinTheCat","floor":36,"gold_loss":0}],"is_beta":false,"boss_relics":[{"not_picked":["Inserter","LagranYue:ContractPerformanceRelic"],"picked":"Coffee Dripper"},{"not_picked":["hubris:HollowSoul","hubris:Spice"],"picked":"hubris:Spice"}],"items_purged_floors":[20,29],"is_endless":false,"potions_floor_spawned":[1,3,14,22,23,24,28,31,33,35,38,40,44],"killed_by":"R_Hoarder","ascension_level":1}}