{"host":"6affnl2vk6en9o4b","time":1611930776,"event":{"mods":["2.2 Compatiblity","AchievementEnabler","Aspiration","BaseMod","BetterRewards","Colored Powertips","Conspire","Downfall","Friendly Minions","Googly Eyes","Highlight Path","Hubris","Minty Spire (QoL Compilation)","Replay The Spire","StSLib","Trackpad","Unceasing Turn Reminder"],"gold_per_floor":[99,111,111,120,143,170,197,233,258,258,252,52,78,107,135,239,239,239,258,286,314,52,52,52,52,81,81,81,101,110,237,261,261,261,261],"floor_reached":33,"language":"ENG","playtime":1989,"items_purged":[],"score":251,"play_id":"4208d698-5fee-4278-b3bf-cd4e371f041f","local_time":"20210129143256","is_ascension_mode":false,"campfire_choices":[{"floor":1.0,"key":"RECALL"},{"floor":10.0,"key":"REST"},{"data":"bronze:FineTuning","floor":12.0,"key":"SMITH"},{"data":"bronze:FindAndReplace","floor":18,"key":"SMITH"},{"data":"bronze:SpaghettiCode","floor":23,"key":"SMITH"},{"data":"bronze:BurnOut","floor":25,"key":"SMITH"},{"data":"bronze:WildBeam","floor":28,"key":"SMITH"}],"circlet_count":0,"master_deck":["bronze:Strike","bronze:Strike","bronze:Strike","bronze:Strike","bronze:Defend","bronze:Defend","bronze:Defend","bronze:Defend","bronze:Replicate+1","bronze:Goto","bronze:Boost+1","CommonCold","bronze:FineTuning+1","bronze:OilSpill","bronze:Safeguard","bronze:Branch","bronze:CleanCode","bronze:Deprecate","bronze:Flail","bronze:BurnOut+1","bronze:FindAndReplace+1","bronze:ItsAFeature","bronze:Overheat+1","bronze:Shield","bronze:SpaghettiCode+1","bronze:WildBeam+1","bronze:Shield+1","bronze:Philosophize+1","bronze:DonuBeam","bronze:DecaBeam+1","bronze:Philosophize+1","bronze:WhirlingStrike"],"relics":["bronze:BronzeCore","CeramicFish","PreservedInsect","ReplayTheSpireMod:TigerMarble","downfall:HeartBlessingRed","downfall:HeartBlessingGreen","ReplayTheSpireMod:DimensionalGlitch","Toxic Egg 2","Gremlin Horn"],"acts_visited":["Exordium","TheCity"],"potions_floor_usage":[16,31,31,31],"damage_taken":[{"damage":1.0,"enemies":"Jaw Worm","floor":2.0,"turns":4.0},{"damage":0.0,"enemies":"Cultist","floor":5.0,"turns":3.0},{"damage":0.0,"enemies":"Small Slimes","floor":6.0,"turns":3.0},{"damage":15.0,"enemies":"3 Sentries","floor":8.0,"turns":9.0},{"damage":9.0,"enemies":"3 Louse","floor":9.0,"turns":4.0},{"damage":0.0,"enemies":"downfall:FleeingMerchant","floor":11.0,"turns":4.0},{"damage":12.0,"enemies":"Exordium Wildlife","floor":13.0,"turns":3.0},{"damage":0.0,"enemies":"Exordium Thugs","floor":14.0,"turns":7.0},{"damage":6,"enemies":"3 Louse","floor":15,"turns":4},{"damage":38,"enemies":"DF_ARCHETYPE_STREAMLINE","floor":16,"turns":8},{"damage":20,"enemies":"Spheric Guardian","floor":19,"turns":4},{"damage":8,"enemies":"Shelled Parasite and Fungi","floor":20,"turns":3},{"damage":3,"enemies":"Cultist and Chosen","floor":21,"turns":5},{"damage":0,"enemies":"downfall:FleeingMerchant","floor":22,"turns":4},{"damage":4,"enemies":"conspire:HollyBat","floor":26,"turns":7},{"damage":12,"enemies":"Snake Plant","floor":29,"turns":5},{"damage":61,"enemies":"Snake Plant","floor":31,"turns":8},{"damage":0,"enemies":"Shelled Parasite and Fungi","floor":32,"turns":3},{"damage":9,"enemies":"SI_MIRROR_ARCHETYPE","floor":33,"turns":4}],"seed_played":"-3050636850660191771","potions_obtained":[{"floor":2.0,"key":"PowerPotion"},{"floor":5.0,"key":"Dexterity Potion"},{"floor":9.0,"key":"LiquidBronze"},{"floor":13.0,"key":"Venom Potion"},{"floor":26,"key":"Guardian:BlockOnCardUsePotion"},{"floor":29,"key":"Guardian:BlockOnCardUsePotion"},{"floor":31,"key":"SteroidPotion"}],"is_trial":false,"path_per_floor":["R","M","?","?","M","M","T","E","M","R","$","R","M","M","M","B",null,"R","M","M","M","$","R","T","R","M","?","R","M","?","?","M","B"],"character_chosen":"THE_AUTOMATON","items_purchased":["Toxic Egg 2"],"campfire_rested":1,"item_purchase_floors":[22],"current_hp_per_floor":[77,76,58,58,58,58,58,43,34,57,57,57,45,45,39,1,77,77,57,49,46,46,46,46,46,42,77,77,65,65,4,4,0,0,0],"gold":261,"neow_bonus":"TEN_PERCENT_HP_BONUS","is_daily":false,"chose_seed":false,"campfire_upgraded":5,"win_rate":0.0,"timestamp":1611930776,"path_taken":["R","M","?","?","?","?","T","E","M","R","$","R","M","M","M","BOSS","R","M","M","?","$","R","T","R","M","?","R","?","?","?","M","BOSS"],"items_purchased_type":["Relic"],"build_version":"2020-12-22","purchased_purges":0,"victory":false,"max_hp_per_floor":[77,77,77,77,77,77,77,77,77,77,77,77,77,77,77,77,77,77,77,77,77,77,77,77,77,77,77,77,77,77,77,77,77,77,77],"card_choices":[{"not_picked":["bronze:GetLatest","bronze:Frontload"],"picked":"bronze:Boost","floor":2.0},{"not_picked":["bronze:Turbo","bronze:Overheat"],"picked":"bronze:FineTuning","floor":5.0},{"not_picked":["bronze:Turbo","bronze:Deprecate"],"picked":"bronze:OilSpill","floor":6.0},{"not_picked":["bronze:BuggyMess","bronze:BronzeOrb"],"picked":"bronze:Safeguard","floor":8.0},{"not_picked":["bronze:DelayedGuard","bronze:BronzeArmor"],"picked":"bronze:Branch","floor":9.0},{"not_picked":["bronze:BuggyMess","bronze:WildBeam"],"picked":"bronze:CleanCode","floor":11.0},{"not_picked":["bronze:BitShift","bronze:BronzeArmor"],"picked":"bronze:Deprecate","floor":13.0},{"not_picked":["bronze:Backtrace","bronze:FineTuning"],"picked":"bronze:Flail","floor":14.0},{"not_picked":["bronze:Turbo","bronze:BitShift"],"picked":"bronze:BurnOut","floor":15},{"not_picked":["bronze:RecursiveStrike","bronze:Virus"],"picked":"bronze:FindAndReplace","floor":16},{"not_picked":["bronze:Deprecate","bronze:FollowUp"],"picked":"bronze:ItsAFeature","floor":19},{"not_picked":["bronze:DelayedSlice+1","bronze:Branch"],"picked":"bronze:Overheat+1","floor":20},{"not_picked":["bronze:DelayedSlice","bronze:Iterate"],"picked":"bronze:Shield","floor":21},{"not_picked":["bronze:Turbo+1","bronze:BitShift+1"],"picked":"bronze:SpaghettiCode","floor":22},{"not_picked":["bronze:Flail","bronze:BitShift+1"],"picked":"bronze:WildBeam","floor":26},{"not_picked":["bronze:Branch+1","bronze:ItsAFeature+1"],"picked":"bronze:Shield+1","floor":29},{"not_picked":[],"picked":"bronze:DonuBeam","floor":31},{"not_picked":[],"picked":"bronze:DecaBeam","floor":31},{"not_picked":["bronze:DelayedSlice","bronze:BugBarrage"],"picked":"bronze:Philosophize+1","floor":31},{"not_picked":["bronze:DigitalCarnage","bronze:OilSpill"],"picked":"bronze:WhirlingStrike","floor":32}],"player_experience":208528,"relics_obtained":[{"floor":7.0,"key":"PreservedInsect"},{"floor":8.0,"key":"ReplayTheSpireMod:TigerMarble"},{"floor":24,"key":"Gremlin Horn"}],"event_choices":[{"damage_healed":0.0,"max_hp_gain":0.0,"max_hp_loss":0.0,"gold_gain":0.0,"event_name":"Scrap Ooze","player_choice":"Success","floor":3.0,"gold_loss":0.0,"damage_taken":18.0,"relics_obtained":["CeramicFish"]},{"damage_healed":35,"gold_gain":0,"player_choice":"Full Heal","damage_taken":0,"max_hp_gain":0,"max_hp_loss":0,"event_name":"Wheel of Change","floor":27,"gold_loss":0},{"damage_healed":0,"gold_gain":0,"player_choice":"Read","damage_taken":0,"max_hp_gain":0,"max_hp_loss":0,"event_name":"The Library","floor":30,"gold_loss":0,"cards_obtained":["bronze:Philosophize"]}],"is_beta":false,"boss_relics":[{"not_picked":["hubris:HollowSoul","Replay:Bronze Core"],"picked":"ReplayTheSpireMod:DimensionalGlitch"}],"items_purged_floors":[],"is_endless":false,"potions_floor_spawned":[2,5,9,13,26,29,31],"killed_by":"SI_MIRROR_ARCHETYPE","ascension_level":0}}