{"host":"aukiz5jlacd3g5yc","time":1611899595,"event":{"mods":["2.2 Compatiblity","BaseMod","Bestiary","Colored Map","Colored Powertips","Downfall","GifTheSpireLib","Hubris","Minty Spire (QoL Compilation)","Permanent Neow","Quick Restart","Random Character Button","Rare Cards Sparkle","Relic Sorter","Relic Stats","Replay The Spire","StSLib","everything is the same but u backflip on backflip","slay the spire mod where everything is the same but ironclad has a cowboy hat"],"gold_per_floor":[99,118,134,153,11,11,36,36,68,68,91,91,129,129,145,248,248,248,267,287,307,72,72,72,107,107,119,119,119,119],"floor_reached":28,"language":"ENG","playtime":1311,"items_purged":["Parasite"],"score":237,"play_id":"77f2bf47-c880-469e-876a-76273acf03e5","local_time":"20210128235315","is_ascension_mode":true,"campfire_choices":[{"data":"Slimebound:Split","floor":1,"key":"SMITH"},{"data":"Slimebound:LevelUp","floor":6,"key":"SMITH"},{"floor":12,"key":"REST"},{"data":"Slimebound:TagTeam","floor":18,"key":"SMITH"},{"data":"Slimebound:MassRepurpose","floor":23,"key":"SMITH"}],"circlet_count":0,"master_deck":["Slimebound:Strike_Slimebound","Slimebound:Tackle","Slimebound:Defend_Slimebound","Slimebound:Defend_Slimebound","Slimebound:Defend_Slimebound","Slimebound:Defend_Slimebound","Slimebound:Split+1","Slimebound:CorrosiveSpit","Slimebound:SlimeTap","Slimebound:SplitBruiser","Slimebound:SplitMire","Slimebound:LevelUp+1","Slimebound:PressTheAttack","Slimebound:LeadByExample","Slimebound:LevelUp","Slimebound:MegaLick","Slimebound:DivideAndConquer","Slimebound:TagTeam+1","Slimebound:MassRepurpose+1","Slimebound:SplitMire","Slimebound:SplitSpecialist"],"relics":["Slimebound:AbsorbEndCombat","hubris:BundleOfHerbs","Centennial Puzzle","Replay:Bandana","hubris:Zylophone","Darkstone Periapt","ChewingGum","Slimebound:StickyStick","Red Mask"],"acts_visited":["Exordium","TheCity"],"potions_floor_usage":[16,16,22,22,22],"damage_taken":[{"damage":6,"enemies":"Small Slimes","floor":2,"turns":3},{"damage":9,"enemies":"Jaw Worm","floor":3,"turns":4},{"damage":8,"enemies":"2 Louse","floor":4,"turns":3},{"damage":13,"enemies":"downfall:FleeingMerchant","floor":5,"turns":4},{"damage":14,"enemies":"Lagavulin","floor":9,"turns":5},{"damage":23,"enemies":"Exordium Thugs","floor":11,"turns":3},{"damage":22,"enemies":"3 Sentries","floor":13,"turns":5},{"damage":12,"enemies":"Gremlin Gang","floor":15,"turns":4},{"damage":9,"enemies":"SI_SHIV_ARCHETYPE","floor":16,"turns":5},{"damage":19,"enemies":"Shell Parasite","floor":19,"turns":3},{"damage":2,"enemies":"Spheric Guardian","floor":20,"turns":3},{"damage":21,"enemies":"Centurion and Healer","floor":21,"turns":3},{"damage":0,"enemies":"downfall:FleeingMerchant","floor":22,"turns":4},{"damage":25,"enemies":"Masked Bandits","floor":25,"turns":4},{"damage":27,"enemies":"Masked Bandits","floor":27,"turns":4},{"damage":5,"enemies":"Snake Plant","floor":28,"turns":1}],"seed_played":"7741735444991786634","potions_obtained":[{"floor":4,"key":"Swift Potion"},{"floor":9,"key":"Dexterity Potion"},{"floor":13,"key":"Doom Potion"},{"floor":16,"key":"Swift Potion"},{"floor":20,"key":"DistilledChaos"}],"is_trial":false,"path_per_floor":["R","M","M","M","$","R","T","?","E","T","M","R","E","?","M","B",null,"R","M","M","M","$","R","T","?","?","?","M"],"character_chosen":"SLIMEBOUND","items_purchased":["Slimebound:LevelUp","Slimebound:PressTheAttack","Slimebound:StickyStick"],"campfire_rested":1,"item_purchase_floors":[5,5,22],"current_hp_per_floor":[65,65,58,50,41,41,41,41,31,31,10,29,7,29,17,10,71,71,54,52,39,43,43,43,20,20,1,0,0,0],"gold":119,"neow_bonus":"ONE_RARE_RELIC","is_daily":false,"chose_seed":false,"campfire_upgraded":4,"win_rate":0.0,"timestamp":1611899595,"path_taken":["R","M","M","M","$","R","T","?","E","?","M","R","E","?","M","BOSS","R","M","M","M","$","R","T","?","?","?","?"],"items_purchased_type":["Card","Card","Relic"],"build_version":"2020-12-22","purchased_purges":1,"victory":false,"max_hp_per_floor":[65,65,65,65,65,65,65,65,65,65,65,65,65,71,71,71,71,71,71,71,71,68,68,68,68,68,68,68,68,68],"relic_stats":{"Darkstone Periapt":6,"Centennial Puzzle":[30],"counters":[16,56],"obtain_stats":[{"hubris:Zylophone":10,"Darkstone Periapt":13,"Centennial Puzzle":7,"Replay:Bandana":9,"Slimebound:StickyStick":22,"ChewingGum":17,"hubris:BundleOfHerbs":0,"Slimebound:AbsorbEndCombat":0,"Red Mask":25},{"hubris:Zylophone":5,"Darkstone Periapt":7,"Centennial Puzzle":4,"Replay:Bandana":5,"Slimebound:StickyStick":13,"ChewingGum":9,"hubris:BundleOfHerbs":0,"Slimebound:AbsorbEndCombat":0,"Red Mask":14},{"hubris:Zylophone":19,"Darkstone Periapt":26,"Centennial Puzzle":14,"Replay:Bandana":19,"Slimebound:StickyStick":48,"ChewingGum":35,"hubris:BundleOfHerbs":0,"Slimebound:AbsorbEndCombat":0,"Red Mask":51}]},"card_choices":[{"not_picked":["Slimebound:PressTheAttack","Slimebound:ItLooksTasty"],"picked":"Slimebound:SlimeTap","floor":2},{"not_picked":["Slimebound:LeechEnergy","Slimebound:SamplingLick","Slimebound:LivingWall"],"picked":"SKIP","floor":3},{"not_picked":["Slimebound:LivingWall","Slimebound:GoopTackle"],"picked":"Slimebound:SplitBruiser","floor":4},{"not_picked":["Slimebound:ItLooksTasty","Slimebound:TongueLash"],"picked":"Slimebound:SplitMire","floor":5},{"not_picked":["Slimebound:DisruptingSlam","Slimebound:Gluttony"],"picked":"Slimebound:LeadByExample","floor":9},{"not_picked":["Slimebound:DivideAndConquer","Slimebound:HauntingLick"],"picked":"Slimebound:LevelUp","floor":11},{"not_picked":["Slimebound:RollThrough","Slimebound:FlameTackle"],"picked":"Slimebound:MegaLick","floor":13},{"not_picked":["Slimebound:Prepare","Slimebound:PressTheAttack"],"picked":"Slimebound:DivideAndConquer","floor":15},{"not_picked":["Slimebound:PrepareCrush","Slimebound:MinionMaster"],"picked":"Slimebound:TagTeam","floor":16},{"not_picked":["Slimebound:LeechEnergy+1","Slimebound:GoopTackle","Slimebound:Schlurp"],"picked":"SKIP","floor":19},{"not_picked":["Slimebound:PressTheAttack","Slimebound:SlimeSpikes"],"picked":"Slimebound:MassRepurpose","floor":20},{"not_picked":["Slimebound:ComboTackle","Slimebound:Prepare+1","Slimebound:Equalize"],"picked":"SKIP","floor":21},{"not_picked":["Slimebound:LeechingTouch","Slimebound:SlimeSpikes+1"],"picked":"Slimebound:SplitMire","floor":22}],"player_experience":372377,"relics_obtained":[{"floor":7,"key":"Centennial Puzzle"},{"floor":9,"key":"Replay:Bandana"},{"floor":10,"key":"hubris:Zylophone"},{"floor":13,"key":"Darkstone Periapt"},{"floor":25,"key":"Red Mask"}],"event_choices":[{"cards_removed":["Injury"],"damage_healed":0,"gold_gain":0,"player_choice":"Card Removal","damage_taken":0,"max_hp_gain":0,"max_hp_loss":0,"event_name":"The Cleric","floor":8,"gold_loss":0},{"damage_healed":16,"gold_gain":0,"player_choice":"Healed and dodged fight","damage_taken":0,"max_hp_gain":0,"max_hp_loss":0,"event_name":"Mushrooms","floor":14,"gold_loss":0,"cards_obtained":["Parasite"]},{"damage_healed":0,"gold_gain":0,"player_choice":"Fought Bandits","damage_taken":0,"max_hp_gain":0,"max_hp_loss":0,"event_name":"Masked Bandits","floor":25,"gold_loss":0}],"is_beta":false,"boss_relics":[{"not_picked":["Tiny House","SlaversCollar"],"picked":"ChewingGum"}],"items_purged_floors":[22],"is_endless":false,"potions_floor_spawned":[4,9,13,15,16,20,27],"killed_by":"Snake Plant","ascension_level":1}}