{"host":"johnydays","time":1611926893,"event":{"mods":["BaseMod","Bestiary","Block Reminder","Colored Map","Colored Powertips","DeckTracker","Highlight Path","Minty Spire (QoL Compilation)","Relic Stats","Slay-I","StSLib","SuperFastMode"],"gold_per_floor":[110,128,59,79,45,76,76,87,113,125,125,155,168,197,197,299,299,283,130,130,148,176,202,202,233,233,244,277,277,376,387,387,491,491,507,250,264,264,264,292,302,337,337,337,370,397,442,454,466,478,490,502,75,75,75],"floor_reached":54,"language":"ENG","playtime":5223,"items_purged":["Defend_G+1"],"score":1507,"play_id":"ed6c9767-1b09-49ac-b3da-84b0024255c9","local_time":"20210129132813","is_ascension_mode":true,"campfire_choices":[{"data":"Bouncing Flask","floor":7.0,"key":"SMITH"},{"data":"Deadly Poison","floor":11.0,"key":"SMITH"},{"data":"Neutralize","floor":15.0,"key":"SMITH"},{"floor":24.0,"key":"REST"},{"floor":29.0,"key":"RECALL"},{"floor":32.0,"key":"REST"},{"floor":49.0,"key":"REST"},{"floor":52,"key":"REST"}],"circlet_count":0,"master_deck":["AscendersBane","Strike_G+1","Strike_G+1","Strike_G+1","Strike_G+1","Strike_G+1","Defend_G+1","Defend_G+1","Defend_G+1","Defend_G+1","Survivor+1","Neutralize+1","Blur+1","Dagger Spray+1","Dash+1","Deadly Poison+1","Bouncing Flask+1","Backflip+1","Dash+1","Backflip+1","After Image+1","PiercingWail+1","Backflip+1","PiercingWail+1","Deadly Poison+1","Prepared+1","Wraith Form v2+1","Backflip","Masterful Stab+1","Terror+1","Madness","Madness","Bane+1","Acrobatics+1","Backstab+1","Heel Hook"],"relics":["Ring of the Snake","Thread and Needle","Happy Flower","Nunchaku","Regal Pillow","Blood Vial","Fusion Hammer","Oddly Smooth Stone","Omamori","Red Mask","Art of War","Akabeko","Singing Bowl","Cursed Key","Kunai","Mark of the Bloom","Strawberry","White Beast Statue","Du-Vu Doll","MawBank","Bronze Scales","Gremlin Horn","Lantern","Centennial Puzzle"],"acts_visited":["Exordium","TheCity","TheBeyond","TheEnding"],"potions_floor_usage":[],"damage_taken":[{"damage":0.0,"enemies":"Cultist","floor":1.0,"turns":4.0},{"damage":0.0,"enemies":"Small Slimes","floor":2.0,"turns":6.0},{"damage":0.0,"enemies":"Jaw Worm","floor":4.0,"turns":5.0},{"damage":15.0,"enemies":"Lagavulin","floor":6.0,"turns":7.0},{"damage":0.0,"enemies":"2 Fungi Beasts","floor":8.0,"turns":3.0},{"damage":0.0,"enemies":"Exordium Wildlife","floor":10.0,"turns":3.0},{"damage":1.0,"enemies":"Gremlin Nob","floor":12.0,"turns":3.0},{"damage":1.0,"enemies":"Large Slime","floor":13.0,"turns":7.0},{"damage":1.0,"enemies":"3 Sentries","floor":14.0,"turns":7.0},{"damage":4.0,"enemies":"Hexaghost","floor":16.0,"turns":9.0},{"damage":0.0,"enemies":"2 Thieves","floor":18.0,"turns":4.0},{"damage":0.0,"enemies":"Shell Parasite","floor":21.0,"turns":6.0},{"damage":9.0,"enemies":"Masked Bandits","floor":22.0,"turns":5.0},{"damage":4.0,"enemies":"Book of Stabbing","floor":23.0,"turns":8.0},{"damage":13.0,"enemies":"Gremlin Leader","floor":25.0,"turns":8.0},{"damage":0.0,"enemies":"Chosen and Byrds","floor":27.0,"turns":5.0},{"damage":0.0,"enemies":"Book of Stabbing","floor":28.0,"turns":6.0},{"damage":0.0,"enemies":"Snake Plant","floor":31.0,"turns":4.0},{"damage":67.0,"enemies":"Automaton","floor":33.0,"turns":14.0},{"damage":3.0,"enemies":"3 Shapes","floor":35.0,"turns":8.0},{"damage":0.0,"enemies":"Orb Walker","floor":37.0,"turns":4.0},{"damage":0.0,"enemies":"Giant Head","floor":40.0,"turns":10.0},{"damage":6.0,"enemies":"Spire Growth","floor":41.0,"turns":6.0},{"damage":0.0,"enemies":"Nemesis","floor":42.0,"turns":7.0},{"damage":0.0,"enemies":"Giant Head","floor":45.0,"turns":9.0},{"damage":0.0,"enemies":"Writhing Mass","floor":46.0,"turns":5.0},{"damage":4.0,"enemies":"Reptomancer","floor":47.0,"turns":8.0},{"damage":8,"enemies":"Donu and Deca","floor":50,"turns":11},{"damage":68,"enemies":"Shield and Spear","floor":54,"turns":6}],"seed_played":"-4907400341156887491","potions_obtained":[{"floor":1.0,"key":"CunningPotion"},{"floor":4.0,"key":"AttackPotion"},{"floor":10.0,"key":"Explosive Potion"},{"floor":14.0,"key":"Fire Potion"},{"floor":21.0,"key":"Explosive Potion"},{"floor":23.0,"key":"SkillPotion"},{"floor":28.0,"key":"LiquidMemories"},{"floor":31.0,"key":"SpeedPotion"},{"floor":33.0,"key":"SteroidPotion"},{"floor":41.0,"key":"FairyPotion"}],"is_trial":false,"path_per_floor":["M","M","$","M","$","E","R","M","T","M","R","E","M","E","R","B",null,"M","$","?","M","?","E","R","E","T","M","E","R","?","M","R","B",null,"M","$","M","?","?","E","M","E","T","?","E","M","E","T","R","B",null,"R","$","E"],"character_chosen":"THE_SILENT","items_purchased":["Dash","Bouncing Flask","Oddly Smooth Stone","Kunai","Lantern","Centennial Puzzle","Heel Hook"],"campfire_rested":4,"item_purchase_floors":[3,5,19,36,53,53,53],"current_hp_per_floor":[45,45,45,45,45,30,30,30,30,30,30,29,28,27,27,25,59,61,61,61,63,56,54,70,57,57,59,63,63,63,67,74,7,57,58,58,62,62,62,62,56,56,56,45,45,45,41,41,41,33,33,33,33,0,0],"gold":75,"neow_bonus":"ONE_RARE_RELIC","is_daily":false,"chose_seed":false,"campfire_upgraded":3,"win_rate":0.0,"timestamp":1611926893,"path_taken":["M","M","$","M","?","E","R","M","T","M","R","E","?","E","R","BOSS","M","$","?","M","?","E","R","E","T","?","E","R","?","M","R","BOSS","M","$","M","?","?","E","M","E","T","?","E","?","E","?","R","BOSS","R","$","E"],"items_purchased_type":["Card","Card","Relic","Relic","Relic","Relic","Card"],"build_version":"2020-12-18","purchased_purges":1,"victory":false,"max_hp_per_floor":[70,70,70,70,70,70,70,70,70,70,70,70,70,70,70,70,70,70,70,70,70,70,70,70,70,70,70,72,72,72,74,74,74,74,76,76,78,78,78,85,85,85,85,85,85,85,85,85,85,85,85,85,85,85,85],"relic_stats":{"Regal Pillow":30,"Mark of the Bloom":142,"Happy Flower":[55],"Singing Bowl":8,"Gremlin Horn":[2,2],"counters":[29,188],"Cursed Key":2,"MawBank":96,"Blood Vial":20,"Nunchaku":[26],"Centennial Puzzle":[3],"Bronze Scales":[51],"Art of War":[16],"Kunai":[28],"obtain_stats":[{"Regal Pillow":12,"Mark of the Bloom":39,"Lantern":53,"Happy Flower":6,"Singing Bowl":28,"Gremlin Horn":48,"Oddly Smooth Stone":19,"Thread and Needle":0,"Omamori":20,"Cursed Key":34,"MawBank":45,"Akabeko":25,"White Beast Statue":42,"Blood Vial":14,"Du-Vu Doll":43,"Nunchaku":9,"Centennial Puzzle":53,"Strawberry":40,"Bronze Scales":47,"Fusion Hammer":17,"Red Mask":22,"Art of War":23,"Kunai":36,"Ring of the Snake":0},{"Regal Pillow":7,"Mark of the Bloom":21,"Lantern":28,"Happy Flower":4,"Singing Bowl":17,"Gremlin Horn":27,"Oddly Smooth Stone":11,"Thread and Needle":0,"Omamori":11,"Cursed Key":19,"MawBank":25,"Akabeko":15,"White Beast Statue":24,"Blood Vial":9,"Du-Vu Doll":24,"Nunchaku":5,"Centennial Puzzle":28,"Strawberry":22,"Bronze Scales":27,"Fusion Hammer":10,"Red Mask":13,"Art of War":14,"Kunai":20,"Ring of the Snake":0},{"Regal Pillow":31,"Mark of the Bloom":126,"Lantern":182,"Happy Flower":22,"Singing Bowl":96,"Gremlin Horn":171,"Oddly Smooth Stone":58,"Thread and Needle":0,"Omamori":58,"Cursed Key":114,"MawBank":158,"Akabeko":85,"White Beast Statue":149,"Blood Vial":45,"Du-Vu Doll":149,"Nunchaku":25,"Centennial Puzzle":182,"Strawberry":136,"Bronze Scales":171,"Fusion Hammer":54,"Red Mask":69,"Art of War":77,"Kunai":122,"Ring of the Snake":0}],"Ring of the Snake":[58]},"card_choices":[{"not_picked":["Distraction","Deflect"],"picked":"Blur","floor":1.0},{"not_picked":["Concentrate","Sucker Punch"],"picked":"Dagger Spray","floor":2.0},{"not_picked":["Dagger Spray","Underhanded Strike"],"picked":"Deadly Poison","floor":4.0},{"not_picked":["Noxious Fumes","Dodge and Roll"],"picked":"Backflip","floor":6.0},{"not_picked":["Sucker Punch","Setup","Infinite Blades"],"picked":"SKIP","floor":8.0},{"not_picked":["Caltrops","Riddle With Holes"],"picked":"Dash","floor":10.0},{"not_picked":["Slice","Expertise","Acrobatics"],"picked":"SKIP","floor":12.0},{"not_picked":["Bane","Flechettes"],"picked":"Backflip","floor":13.0},{"not_picked":["Prepared","Unload","Choke"],"picked":"SKIP","floor":14.0},{"not_picked":["Glass Knife","Night Terror"],"picked":"After Image","floor":16.0},{"not_picked":["Bane","Infinite Blades"],"picked":"PiercingWail+1","floor":18.0},{"not_picked":["Backstab","Dodge and Roll"],"picked":"Backflip","floor":21.0},{"not_picked":["Blade Dance","Infinite Blades+1"],"picked":"PiercingWail+1","floor":22.0},{"not_picked":["Terror","Backflip"],"picked":"Deadly Poison+1","floor":23.0},{"not_picked":["Choke+1","Deflect"],"picked":"Prepared+1","floor":25.0},{"not_picked":["Dagger Throw","Distraction","Blade Dance"],"picked":"SKIP","floor":27.0},{"not_picked":["Poisoned Stab","Glass Knife","Escape Plan"],"picked":"Singing Bowl","floor":28.0},{"not_picked":["Dagger Spray","Flying Knee+1","Crippling Poison"],"picked":"Singing Bowl","floor":31.0},{"not_picked":["A Thousand Cuts","Tools of the Trade"],"picked":"Wraith Form v2","floor":33.0},{"not_picked":["Skewer+1","Dash+1","Well Laid Plans"],"picked":"Singing Bowl","floor":35.0},{"not_picked":["Outmaneuver+1","Masterful Stab+1","Deflect+1"],"picked":"Singing Bowl","floor":37.0},{"not_picked":["Noxious Fumes","Tactician"],"picked":"Backflip","floor":40.0},{"not_picked":["Bane","Dagger Spray+1"],"picked":"Masterful Stab+1","floor":41.0},{"not_picked":["Slice","Setup"],"picked":"Terror+1","floor":42.0},{"not_picked":["Quick Slash","Outmaneuver"],"picked":"Bane+1","floor":45.0},{"not_picked":["Outmaneuver+1","Poisoned Stab"],"picked":"Acrobatics+1","floor":46.0},{"not_picked":["Acrobatics","Underhanded Strike"],"picked":"Backstab+1","floor":47.0}],"player_experience":470908,"relics_obtained":[{"floor":6.0,"key":"Happy Flower"},{"floor":9.0,"key":"Nunchaku"},{"floor":12.0,"key":"Regal Pillow"},{"floor":14.0,"key":"Blood Vial"},{"floor":22.0,"key":"Red Mask"},{"floor":23.0,"key":"Art of War"},{"floor":25.0,"key":"Akabeko"},{"floor":28.0,"key":"Singing Bowl"},{"floor":40.0,"key":"Strawberry"},{"floor":42.0,"key":"White Beast Statue"},{"floor":43.0,"key":"Du-Vu Doll"},{"floor":45.0,"key":"MawBank"},{"floor":47.0,"key":"Bronze Scales"},{"floor":48.0,"key":"Gremlin Horn"}],"event_choices":[{"damage_healed":0.0,"max_hp_gain":0.0,"max_hp_loss":0.0,"gold_gain":0.0,"event_name":"The Mausoleum","player_choice":"Opened","floor":20.0,"gold_loss":0.0,"damage_taken":0.0,"relics_obtained":["Omamori"]},{"damage_healed":0.0,"max_hp_gain":0.0,"max_hp_loss":0.0,"gold_gain":0.0,"event_name":"Masked Bandits","player_choice":"Fought Bandits","floor":22.0,"gold_loss":0.0,"damage_taken":0.0},{"damage_healed":0.0,"max_hp_gain":0.0,"max_hp_loss":0.0,"gold_gain":99.0,"event_name":"Nest","player_choice":"Stole From Cult","floor":30.0,"gold_loss":0.0,"damage_taken":0.0},{"damage_healed":0.0,"max_hp_gain":0.0,"max_hp_loss":0.0,"gold_gain":0.0,"event_name":"Mysterious Sphere","player_choice":"Ignored","floor":38.0,"gold_loss":0.0,"damage_taken":0.0},{"damage_healed":0.0,"max_hp_gain":0.0,"max_hp_loss":0.0,"gold_gain":0.0,"event_name":"MindBloom","player_choice":"Upgrade","floor":39.0,"gold_loss":0.0,"damage_taken":0.0,"cards_upgraded":["Strike_G","Strike_G","Strike_G","Strike_G","Strike_G","Defend_G","Defend_G","Defend_G","Defend_G","Defend_G","Survivor","Blur","Dagger Spray","Dash","Backflip","Dash","Backflip","After Image","Backflip","Wraith Form v2"],"relics_obtained":["Mark of the Bloom"]},{"damage_healed":0.0,"max_hp_gain":0.0,"max_hp_loss":0.0,"gold_gain":0.0,"event_name":"Winding Halls","player_choice":"Embrace Madness","floor":44.0,"gold_loss":0.0,"damage_taken":11.0,"cards_obtained":["Madness","Madness"]}],"is_beta":true,"boss_relics":[{"not_picked":["SacredBark","Calling Bell"],"picked":"Fusion Hammer"},{"not_picked":["Busted Crown","Philosopher\u0027s Stone"],"picked":"Cursed Key"}],"items_purged_floors":[53],"is_endless":false,"potions_floor_spawned":[1,4,10,14,21,23,28,31,33,41,45,46,47],"killed_by":"Shield and Spear","ascension_level":11}}