{"host":"njo8qgvy2a57fcny","time":1611917138,"event":{"mods":["Aspiration","BaseMod","BetterRewards","CCEM2","Colored Map","Colored Powertips","Conspire","Custom Start","Downfall","Energized Spire","GifTheSpireLib","Halation","Hermit","Hubris","Infinite Spire","Jedi Mod","Jorbs\u0027s Wanderer Trilogy","Mimic Mod","Minty Spire (QoL Compilation)","Quick Restart","Random Character Button","Random Character Mod","Rare Cards Sparkle","Relic Sorter","Reliquary","Replay The Spire","Shop Mod","StSLib","Stuff the Spire","The Animator","The Jungle","The Runesmith","The Servant 0.9.4","Unceasing Turn Reminder","thorton"],"gold_per_floor":[194,207,226,226,237,12,43,70,70,103,138,171,171,187,207,207,207,207],"floor_reached":16,"language":"ENG","playtime":1228,"items_purged":[],"score":126,"play_id":"293dfad8-798b-474f-9b39-2abc070f07eb","local_time":"20210129214538","is_ascension_mode":true,"campfire_choices":[{"data":"hexamod:FastForward","floor":9,"key":"SMITH"}],"circlet_count":0,"master_deck":["hexamod:Strike+1","hexamod:Strike+1","hexamod:Strike+1","hexamod:Strike","hexamod:Defend","hexamod:Defend","hexamod:Defend","hexamod:Defend+1","hexamod:Sear","hexamod:Float+1","hexamod:SixthSeal","hexamod:FastForward+1","hexamod:HeatMetal+1","hexamod:Incineration","hexamod:FastForward+1","jedi:LeechingStrike","hexamod:GhostShield","hexamod:GhostShield","hexamod:ExtraCrispy","hexamod:GhostOfSpirePast+1","hexamod:ThermalTransfer+1","hexamod:GhostflameBarrier","hexamod:VolcanoVisage","Parasite","hexamod:AdvancingGuard","hexamod:RecurringNightmare"],"relics":["hexamod:SpiritBrand","halation:PromiseList","halation:KoshaPiece","infinitespire:Lucky Rock","WingedGreaves","StuffTheSpire:NeowsTribute"],"acts_visited":["Exordium"],"potions_floor_usage":[5,6,11,16],"damage_taken":[{"damage":1,"enemies":"Cultist","floor":2,"turns":3},{"damage":11,"enemies":"Jaw Worm","floor":3,"turns":4},{"damage":9,"enemies":"Small Slimes","floor":5,"turns":4},{"damage":0,"enemies":"downfall:FleeingMerchant","floor":6,"turns":4},{"damage":9,"enemies":"Blue Slaver","floor":7,"turns":6},{"damage":9,"enemies":"Lagavulin","floor":8,"turns":7},{"damage":28,"enemies":"3 Sentries","floor":10,"turns":8},{"damage":14,"enemies":"conspire:MimicChest","floor":11,"turns":6},{"damage":17,"enemies":"Gremlin Nob","floor":12,"turns":4},{"damage":6,"enemies":"Blue Slaver","floor":14,"turns":5},{"damage":12,"enemies":"Large Slime","floor":15,"turns":7},{"damage":17,"enemies":"WA_ARCHETYPE_RETAIN","floor":16,"turns":7}],"seed_played":"4187543686044127926","potions_obtained":[{"floor":3,"key":"Weak Potion"},{"floor":5,"key":"Languid Potion"},{"floor":10,"key":"BlessingOfTheForge"},{"floor":11,"key":"jedi:hoardpotion"},{"floor":14,"key":"Weak Potion"}],"is_trial":false,"path_per_floor":["R_BF","M","M","?","M","$","MIM","E","R","E","?","E","?","M","M","B"],"character_chosen":"THE_SPIRIT","items_purchased":["jedi:LeechingStrike","hexamod:GhostShield"],"campfire_rested":0,"item_purchase_floors":[6,6],"current_hp_per_floor":[70,69,58,58,49,49,46,44,44,24,16,7,24,18,14,0,0,0],"gold":207,"neow_bonus":"ONE_RANDOM_RARE_CARD","is_daily":false,"chose_seed":false,"campfire_upgraded":1,"win_rate":0.0,"timestamp":1611917138,"path_taken":["R_BF","M","?","?","M","$","MIM","E","R","E","?","E","?","?","M","BOSS"],"items_purchased_type":["Card","Card"],"build_version":"2020-12-22","purchased_purges":0,"victory":false,"max_hp_per_floor":[70,70,70,70,70,70,70,70,70,70,70,70,70,70,70,70,70,70],"card_choices":[{"not_picked":["hexamod:ShieldOfDarkness","hexamod:ThermalTransfer"],"picked":"hexamod:FastForward","floor":2},{"not_picked":["hexamod:ThermalTransfer","hexamod:Firestarter"],"picked":"hexamod:HeatMetal","floor":3},{"not_picked":["hexamod:InspiringFlames","hexamod:GhostLash"],"picked":"hexamod:Incineration","floor":5},{"not_picked":["hexamod:RecurringNightmare","hexamod:NightmareGuise"],"picked":"hexamod:FastForward","floor":6},{"not_picked":["hexamod:HauntingEcho","hexamod:RecurringNightmare"],"picked":"hexamod:ExtraCrispy","floor":7},{"not_picked":["hexamod:HeatMetal","hexamod:BurningTouch"],"picked":"hexamod:GhostOfSpirePast","floor":8},{"not_picked":["hexamod:Haunt","hexamod:HeatCrush"],"picked":"hexamod:ThermalTransfer","floor":10},{"not_picked":["hexamod:ChargedBarrage","hexamod:EtherealExpedition"],"picked":"hexamod:GhostflameBarrier","floor":11},{"not_picked":["hexamod:ChargedBarrage","hexamod:PhantomFireball"],"picked":"hexamod:VolcanoVisage","floor":12},{"not_picked":["hexamod:BurningTouch","hexamod:ShieldOfDarkness"],"picked":"hexamod:AdvancingGuard","floor":14},{"not_picked":["hexamod:AdvancingGuard","hexamod:Haunt"],"picked":"hexamod:RecurringNightmare","floor":15}],"player_experience":745384,"relics_obtained":[{"floor":7,"key":"halation:PromiseList"},{"floor":8,"key":"halation:KoshaPiece"},{"floor":10,"key":"infinitespire:Lucky Rock"},{"floor":11,"key":"WingedGreaves"},{"floor":12,"key":"StuffTheSpire:NeowsTribute"}],"event_choices":[{"damage_healed":17,"gold_gain":0,"player_choice":"Healed and dodged fight","damage_taken":0,"max_hp_gain":0,"max_hp_loss":0,"event_name":"Mushrooms","floor":13,"gold_loss":0,"cards_obtained":["Parasite"]}],"is_beta":false,"boss_relics":[],"items_purged_floors":[],"is_endless":false,"potions_floor_spawned":[3,5,10,11,14],"killed_by":"WA_ARCHETYPE_RETAIN","ascension_level":1}}