{"host":"rq7gz685gkaokql0","time":1611955046,"event":{"mods":["BaseMod","Hubris","Infinite Spire","Minty Spire (QoL Compilation)","Replay The Spire","StSLib"],"gold_per_floor":[116,143,143,157,42,69,97,97,97],"floor_reached":8,"language":"ENG","playtime":556,"items_purged":[],"score":108,"play_id":"4b681a92-1206-4978-8262-b8c9214a530d","local_time":"20210129111726","is_ascension_mode":true,"campfire_choices":[],"circlet_count":0,"master_deck":["AscendersBane","Strike_R+1","Strike_R","Strike_R","Strike_R","Strike_R","Defend_R","Defend_R","Defend_R","Defend_R","Bash+1","Iron Wave","Replay:Undeath\u0027s Touch","Metallicize","Metallicize","Cleave","Hemokinesis","Cleave"],"relics":["Burning Blood","Whetstone","infinitespire:Satchel","hubris:FunFungus","Unceasing Top","Odd Mushroom"],"acts_visited":["Exordium"],"potions_floor_usage":[6],"damage_taken":[{"damage":2,"enemies":"Cultist","floor":1,"turns":4},{"damage":8,"enemies":"2 Louse","floor":4,"turns":2},{"damage":31,"enemies":"Replay:BlueRogue","floor":6,"turns":8},{"damage":24,"enemies":"The Mushroom Lair","floor":7,"turns":5},{"damage":7,"enemies":"Gremlin Nob","floor":8,"turns":3}],"seed_played":"1210853139212716288","potions_obtained":[{"floor":4,"key":"BloodPotion"}],"is_trial":false,"path_per_floor":["M","T","?","M","$","E","?","E"],"character_chosen":"IRONCLAD","items_purchased":["Metallicize","Cleave"],"campfire_rested":0,"item_purchase_floors":[5,5],"current_hp_per_floor":[72,72,37,35,35,26,9,2,2],"gold":97,"neow_bonus":"RANDOM_COMMON_RELIC","is_daily":false,"chose_seed":false,"campfire_upgraded":0,"win_rate":0.0,"timestamp":1611955046,"path_taken":["M","?","?","M","?","E","?","E"],"items_purchased_type":["Card","Card"],"build_version":"2020-12-22","purchased_purges":0,"victory":false,"max_hp_per_floor":[75,75,75,75,75,75,75,75,75],"card_choices":[{"not_picked":["Replay:Undeath\u0027s Touch","infinitespire:OneForAll"],"picked":"Iron Wave","floor":1},{"not_picked":["Flex","Warcry"],"picked":"Replay:Undeath\u0027s Touch","floor":4},{"not_picked":["Clothesline","Headbutt"],"picked":"Hemokinesis","floor":6},{"not_picked":["Clash","Pommel Strike"],"picked":"Cleave","floor":7}],"player_experience":1217267,"relics_obtained":[{"floor":2,"key":"infinitespire:Satchel"},{"floor":6,"key":"Unceasing Top"},{"floor":7,"key":"Odd Mushroom"}],"event_choices":[{"damage_healed":0,"gold_gain":0,"player_choice":"Success","damage_taken":35,"relics_obtained":["hubris:FunFungus"],"max_hp_gain":0,"max_hp_loss":0,"event_name":"Scrap Ooze","floor":3,"gold_loss":0},{"damage_healed":0,"gold_gain":0,"player_choice":"Fought Mushrooms","damage_taken":0,"max_hp_gain":0,"max_hp_loss":0,"event_name":"Mushrooms","floor":7,"gold_loss":0}],"is_beta":false,"boss_relics":[],"items_purged_floors":[],"is_endless":false,"potions_floor_spawned":[4],"killed_by":"Gremlin Nob","ascension_level":20}}