{"host":"u25um2at8ivhxl8o","time":1611911619,"event":{"mods":["BaseMod","Colored Map","Downfall","Minty Spire (QoL Compilation)","StSLib"],"gold_per_floor":[118,293,368,101,201,201,232,249,273,24,34,34,34,68,68,166,166,185,173,192,192,215,215,215],"floor_reached":23,"language":"ENG","playtime":976,"items_purged":["Doubt"],"score":300,"play_id":"b4c40b3c-054b-4ef6-babd-0835fbb949e1","local_time":"20210129011339","is_ascension_mode":true,"campfire_choices":[{"data":"Skewer","floor":6,"key":"SMITH"},{"data":"Neutralize","floor":12,"key":"SMITH"},{"data":"Storm of Steel","floor":15,"key":"SMITH"}],"circlet_count":0,"master_deck":["Strike_G","Strike_G","Strike_G","Defend_G","Defend_G+1","Defend_G","Defend_G","Defend_G","Survivor+1","Neutralize+1","Skewer+1","Dash","PiercingWail","Well Laid Plans","Storm of Steel+1","Envenom","CurseOfTheBell","Prepared+1","Crippling Poison+1","Bullet Time","PiercingWail"],"relics":["Ring of the Snake","NeowsBlessing","Tiny Chest","Du-Vu Doll","War Paint","Kunai","Gremlin Horn","Calling Bell","Toy Ornithopter","Darkstone Periapt","Peace Pipe","Bag of Marbles"],"acts_visited":["Exordium","TheCity"],"potions_floor_usage":[14,16,19,20],"damage_taken":[{"damage":0,"enemies":"Cultist","floor":1,"turns":1},{"damage":0,"enemies":"Gremlin Nob","floor":7,"turns":1},{"damage":0,"enemies":"Jaw Worm","floor":8,"turns":1},{"damage":0,"enemies":"2 Louse","floor":11,"turns":3},{"damage":12,"enemies":"3 Sentries","floor":14,"turns":4},{"damage":29,"enemies":"Hexaghost","floor":16,"turns":15},{"damage":11,"enemies":"Chosen","floor":18,"turns":6},{"damage":9,"enemies":"2 Thieves","floor":19,"turns":4},{"damage":39,"enemies":"Centurion and Healer","floor":20,"turns":10},{"damage":22,"enemies":"Gremlin Leader","floor":23,"turns":2}],"seed_played":"411716206525222352","potions_obtained":[{"floor":7,"key":"SkillPotion"},{"floor":8,"key":"ColorlessPotion"},{"floor":16,"key":"ColorlessPotion"},{"floor":18,"key":"Regen Potion"}],"is_trial":false,"path_per_floor":["M","?","?","$","?","R","E","M","T","$","M","R","$","E","R","B",null,"M","M","M","?","T","E"],"character_chosen":"THE_SILENT","items_purchased":["Dash","Tiny Chest","Kunai"],"campfire_rested":0,"item_purchase_floors":[4,4,10],"current_hp_per_floor":[63,63,52,52,52,52,52,52,52,52,52,52,52,40,40,11,55,44,54,20,20,20,0,0],"gold":215,"neow_bonus":"THREE_ENEMY_KILL","is_daily":false,"chose_seed":false,"campfire_upgraded":3,"win_rate":0.0,"timestamp":1611911619,"path_taken":["M","?","?","$","?","R","E","M","T","$","?","R","$","E","R","BOSS","M","M","M","?","?","E"],"items_purchased_type":["Card","Relic","Relic"],"build_version":"2020-12-22","purchased_purges":1,"victory":false,"max_hp_per_floor":[70,70,70,70,70,70,70,70,70,70,70,70,70,70,70,70,70,70,70,70,70,70,70,70],"card_choices":[{"not_picked":["Sucker Punch","Caltrops"],"picked":"Skewer","floor":1},{"not_picked":["Deadly Poison","Escape Plan"],"picked":"PiercingWail","floor":7},{"not_picked":["Bane","Deflect","Heel Hook"],"picked":"SKIP","floor":8},{"not_picked":["Bouncing Flask","Finisher"],"picked":"Well Laid Plans","floor":11},{"not_picked":["Dagger Spray","Adrenaline"],"picked":"Storm of Steel","floor":14},{"not_picked":["Bullet Time","Wraith Form v2"],"picked":"Envenom","floor":16},{"not_picked":["Bane","Quick Slash","Outmaneuver"],"picked":"SKIP","floor":18},{"not_picked":["Slice+1","Dodge and Roll"],"picked":"Prepared+1","floor":19},{"not_picked":["PiercingWail","Unload"],"picked":"Crippling Poison+1","floor":20}],"player_experience":352280,"relics_obtained":[{"floor":7,"key":"Du-Vu Doll"},{"floor":9,"key":"War Paint"},{"floor":14,"key":"Gremlin Horn"},{"floor":17,"key":"Toy Ornithopter"},{"floor":17,"key":"Darkstone Periapt"},{"floor":17,"key":"Peace Pipe"},{"floor":22,"key":"Bag of Marbles"}],"event_choices":[{"damage_healed":0,"gold_gain":175,"player_choice":"AGREE","damage_taken":0,"max_hp_gain":0,"max_hp_loss":0,"event_name":"Liars Game","floor":2,"gold_loss":0,"cards_obtained":["Doubt"]},{"damage_healed":0,"gold_gain":75,"player_choice":"Gather Gold","damage_taken":11,"max_hp_gain":0,"max_hp_loss":0,"event_name":"World of Goop","floor":3,"gold_loss":0},{"damage_healed":0,"gold_gain":100,"player_choice":"Pray","damage_taken":0,"max_hp_gain":0,"max_hp_loss":0,"event_name":"Golden Shrine","floor":5,"gold_loss":0},{"damage_healed":0,"gold_gain":0,"cards_transformed":["Strike_G","Strike_G"],"player_choice":"Became Test Subject","damage_taken":0,"max_hp_gain":0,"max_hp_loss":0,"event_name":"Drug Dealer","floor":21,"gold_loss":0,"cards_obtained":["Bullet Time","PiercingWail"]}],"is_beta":false,"boss_relics":[{"not_picked":["Astrolabe","Philosopher\u0027s Stone"],"picked":"Calling Bell"}],"items_purged_floors":[4],"is_endless":false,"potions_floor_spawned":[7,8,16,18],"killed_by":"Gremlin Leader","ascension_level":7}}