{"host":"TheHustler","time":1611917922,"event":{"mods":["BaseMod","Block Reminder","Colored Map","Colored Powertips","Minty Spire (QoL Compilation)","Quick Restart","StSLib","SuperFastMode","Unceasing Turn Reminder"],"gold_per_floor":[114,129,198,298,313,343,343,358,358,358,58,58,58,73,73,173,173,188,188,38,53,68,98,98,137,162,177,201,201,240,255,255,364,364,388,238,253,277,304,304,304,334,359,374,413,413,113,113,113,113],"floor_reached":51,"language":"ENG","playtime":1574,"items_purged":[],"score":890,"play_id":"3256842d-c631-4199-9fba-2cf61d49ae88","local_time":"20210129115842","daily_mods":["Shiny","ControlledChaos","Lethality"],"is_ascension_mode":false,"campfire_choices":[{"floor":7,"key":"REST"},{"data":"Adrenaline","floor":10,"key":"SMITH"},{"data":"Wraith Form v2","floor":12,"key":"SMITH"},{"data":"Envenom","floor":15,"key":"SMITH"},{"data":"Adrenaline","floor":24,"key":"SMITH"},{"floor":32,"key":"REST"},{"data":"Apotheosis","floor":40,"key":"SMITH"},{"data":"Burst","floor":46,"key":"SMITH"},{"data":"Dark Shackles","floor":49,"key":"SMITH"}],"circlet_count":0,"master_deck":["Venomology","Corpse Explosion","Malaise","Phantasmal Killer","Die Die Die","Adrenaline+1","Envenom+1","Burst+1","Wraith Form v2+1","Tools of the Trade","Night Terror","Unload","After Image","Bullet Time","Storm of Steel","Glass Knife","A Thousand Cuts","Infinite Blades","Acrobatics","Quick Slash","Footwork","After Image","Burst","Adrenaline+1","Deflect","Slice+1","Distraction+1","Blade Dance","Backstab","Escape Plan","After Image","Acrobatics+1","Accuracy+1","Master of Strategy","Apotheosis+1","Dark Shackles+1","PiercingWail+1"],"relics":["Ring of the Snake","Frozen Eye","Akabeko","Nunchaku","ClockworkSouvenir","Anchor","Meat on the Bone","WristBlade","Sling","Oddly Smooth Stone","CeramicFish","Regal Pillow","Toy Ornithopter","Runic Dome","Happy Flower","Du-Vu Doll","PreservedInsect","MealTicket","Chemical X","Bronze Scales"],"acts_visited":["Exordium","TheCity","TheBeyond"],"potions_floor_usage":[16,18,23,30,30,30,31,33,45,50,50],"damage_taken":[{"damage":1,"enemies":"Jaw Worm","floor":1,"turns":2},{"damage":0,"enemies":"Small Slimes","floor":2,"turns":3},{"damage":0,"enemies":"Cultist","floor":5,"turns":2},{"damage":58,"enemies":"Gremlin Nob","floor":6,"turns":5},{"damage":0,"enemies":"Exordium Thugs","floor":8,"turns":2},{"damage":0,"enemies":"Large Slime","floor":14,"turns":2},{"damage":8,"enemies":"Hexaghost","floor":16,"turns":8},{"damage":18,"enemies":"2 Thieves","floor":18,"turns":3},{"damage":0,"enemies":"Spheric Guardian","floor":21,"turns":1},{"damage":0,"enemies":"Snecko","floor":22,"turns":3},{"damage":0,"enemies":"Slavers","floor":23,"turns":4},{"damage":1,"enemies":"Gremlin Leader","floor":25,"turns":4},{"damage":0,"enemies":"Cultist and Chosen","floor":27,"turns":4},{"damage":6,"enemies":"Shelled Parasite and Fungi","floor":28,"turns":2},{"damage":5,"enemies":"Slavers","floor":30,"turns":4},{"damage":1,"enemies":"Snake Plant","floor":31,"turns":4},{"damage":42,"enemies":"Champ","floor":33,"turns":8},{"damage":0,"enemies":"3 Darklings","floor":35,"turns":6},{"damage":0,"enemies":"3 Shapes","floor":37,"turns":2},{"damage":0,"enemies":"Spire Growth","floor":38,"turns":2},{"damage":0,"enemies":"Reptomancer","floor":42,"turns":5},{"damage":0,"enemies":"Transient","floor":44,"turns":5},{"damage":0,"enemies":"Giant Head","floor":45,"turns":4},{"damage":18,"enemies":"Awakened One","floor":50,"turns":7}],"seed_played":"1138922244981197753","potions_obtained":[{"floor":1,"key":"Poison Potion"},{"floor":5,"key":"Dexterity Potion"},{"floor":8,"key":"Regen Potion"},{"floor":16,"key":"BlessingOfTheForge"},{"floor":30,"key":"Poison Potion"},{"floor":33,"key":"GamblersBrew"},{"floor":38,"key":"CultistPotion"},{"floor":44,"key":"Block Potion"}],"is_trial":false,"path_per_floor":["M","M","?","?","M","E","R","M","T","R","$","R","T","M","R","B",null,"M","?","$","M","M","E","R","E","T","M","M","?","E","M","R","B",null,"M","$","M","M","?","R","?","E","T","M","E","R","$","?","R","B",null],"character_chosen":"THE_SILENT","items_purchased":["ClockworkSouvenir","Anchor","Sling","Happy Flower","Chemical X","Bronze Scales"],"campfire_rested":2,"item_purchase_floors":[11,11,20,36,47,47],"current_hp_per_floor":[69,69,69,69,69,11,32,32,32,32,32,32,32,44,44,51,70,52,52,52,52,52,52,52,51,51,51,45,29,36,40,70,42,70,70,70,70,70,60,60,60,60,60,60,65,65,70,70,70,52],"gold":113,"neow_bonus":"","is_daily":true,"chose_seed":false,"campfire_upgraded":7,"win_rate":0.0,"timestamp":1611917922,"path_taken":["M","M","?","?","?","E","R","M","T","R","?","R","?","M","R","BOSS","M","?","$","M","M","E","R","E","T","M","M","?","E","M","R","BOSS","M","$","M","M","?","R","?","E","T","M","E","R","$","?","R","BOSS"],"items_purchased_type":["Relic","Relic","Relic","Relic","Relic","Relic"],"build_version":"2020-12-18","purchased_purges":0,"victory":true,"max_hp_per_floor":[70,70,70,70,70,70,70,70,70,70,70,70,70,70,70,70,70,70,70,70,70,70,70,70,70,70,70,70,70,70,70,70,70,70,70,70,70,70,70,70,70,70,70,70,70,70,70,70,70,70],"card_choices":[{"not_picked":["Masterful Stab","Cloak And Dagger"],"picked":"Infinite Blades","floor":1},{"not_picked":["Slice","Endless Agony"],"picked":"Acrobatics","floor":2},{"not_picked":["Bane","Finisher","PiercingWail"],"picked":"SKIP","floor":5},{"not_picked":["Leg Sweep","Dodge and Roll"],"picked":"Quick Slash","floor":6},{"not_picked":["Dagger Throw","Flying Knee"],"picked":"Footwork","floor":8},{"not_picked":["Acrobatics","Dagger Spray"],"picked":"After Image","floor":14},{"not_picked":["Bullet Time","Grand Finale"],"picked":"Burst","floor":16},{"not_picked":["Deadly Poison","Deflect","Predator"],"picked":"SKIP","floor":18},{"not_picked":["Reflex","Eviscerate"],"picked":"Slice+1","floor":21},{"not_picked":["Underhanded Strike","Slice","Outmaneuver"],"picked":"SKIP","floor":22},{"not_picked":["All Out Attack","Blade Dance"],"picked":"Distraction+1","floor":23},{"not_picked":["Infinite Blades","A Thousand Cuts"],"picked":"Blade Dance","floor":25},{"not_picked":["Underhanded Strike","Sucker Punch","Bane+1"],"picked":"SKIP","floor":27},{"not_picked":["Blur","Bane"],"picked":"Backstab","floor":28},{"not_picked":["Prepared","Quick Slash+1"],"picked":"Escape Plan","floor":30},{"not_picked":["Backflip","Masterful Stab+1","Outmaneuver"],"picked":"SKIP","floor":31},{"not_picked":["Phantasmal Killer","A Thousand Cuts"],"picked":"After Image","floor":33},{"not_picked":["Flying Knee+1","Sucker Punch"],"picked":"Acrobatics+1","floor":35},{"not_picked":["Dash","Deadly Poison+1","Flying Knee"],"picked":"SKIP","floor":37},{"not_picked":["Bouncing Flask+1","Storm of Steel"],"picked":"Accuracy+1","floor":38},{"not_picked":["Blind","Violence"],"picked":"Master of Strategy","floor":39},{"not_picked":["Sadistic Nature","Panacea"],"picked":"Apotheosis","floor":39},{"not_picked":["Purity","Madness"],"picked":"Dark Shackles","floor":39},{"not_picked":["Dagger Spray+1","Doppelganger","Dash"],"picked":"SKIP","floor":42},{"not_picked":["Choke+1","Expertise","Flying Knee"],"picked":"SKIP","floor":44},{"not_picked":["Prepared+1","Leg Sweep"],"picked":"PiercingWail+1","floor":45}],"player_experience":651546,"relics_obtained":[{"floor":6,"key":"Akabeko"},{"floor":9,"key":"Nunchaku"},{"floor":13,"key":"Meat on the Bone"},{"floor":23,"key":"Oddly Smooth Stone"},{"floor":25,"key":"CeramicFish"},{"floor":26,"key":"Regal Pillow"},{"floor":30,"key":"Toy Ornithopter"},{"floor":42,"key":"Du-Vu Doll"},{"floor":43,"key":"PreservedInsect"},{"floor":45,"key":"MealTicket"}],"event_choices":[{"damage_healed":0,"gold_gain":69,"player_choice":"Gained Gold","damage_taken":0,"max_hp_gain":0,"max_hp_loss":0,"event_name":"Golden Wing","floor":3,"gold_loss":0},{"damage_healed":0,"gold_gain":100,"player_choice":"Gold","damage_taken":0,"max_hp_gain":0,"max_hp_loss":0,"event_name":"Wheel of Change","floor":4,"gold_loss":0},{"damage_healed":0,"gold_gain":0,"cards_transformed":["Grand Finale","Doppelganger"],"player_choice":"Became Test Subject","damage_taken":0,"max_hp_gain":0,"max_hp_loss":0,"event_name":"Drug Dealer","floor":19,"gold_loss":0,"cards_obtained":["Adrenaline","Deflect"]},{"damage_healed":0,"gold_gain":0,"player_choice":"Obtained Book","damage_taken":16,"max_hp_gain":0,"max_hp_loss":0,"event_name":"Cursed Tome","floor":29,"gold_loss":0},{"damage_healed":0,"gold_gain":0,"player_choice":"Memory 3","damage_taken":10,"max_hp_gain":0,"max_hp_loss":0,"event_name":"SensoryStone","floor":39,"gold_loss":0},{"damage_healed":0,"gold_gain":0,"player_choice":"Ignored","damage_taken":0,"max_hp_gain":0,"max_hp_loss":0,"event_name":"Tomb of Lord Red Mask","floor":41,"gold_loss":0},{"damage_healed":0,"gold_gain":0,"player_choice":"Ignored","damage_taken":0,"max_hp_gain":0,"max_hp_loss":0,"event_name":"SecretPortal","floor":48,"gold_loss":0}],"is_beta":true,"boss_relics":[{"not_picked":["Ring of the Serpent","Calling Bell"],"picked":"WristBlade"},{"not_picked":["Empty Cage","Tiny House"],"picked":"Runic Dome"}],"items_purged_floors":[],"is_endless":false,"potions_floor_spawned":[1,5,8,16,22,27,28,30,33,38,44],"ascension_level":0}}