{"host":"u25um2at8ivhxl8o","time":1611933763,"event":{"mods":["BaseMod","Colored Map","Downfall","Minty Spire (QoL Compilation)","StSLib"],"gold_per_floor":[216,38,38,49,49,69,69,95,95,109,109,140,140,154,154,249,249,265,265,265,278,278,313,313,348,348,359,379,379,396,422,422,523,523,541,593,606,526,526,526,526,526,526,560,160,179,210,90,90,90,90,90,27,59,59],"floor_reached":56,"language":"ENG","playtime":4070,"items_purged":["Strike_G","Strike_G","Strike_G","Strike_G"],"score":1749,"play_id":"9ff3b6f1-7362-4e19-a89b-dcdfcad0f3e1","local_time":"20210129072243","is_ascension_mode":true,"campfire_choices":[{"data":"Neutralize","floor":7,"key":"SMITH"},{"floor":13,"key":"REST"},{"data":"Blade Dance","floor":15,"key":"SMITH"},{"floor":24,"key":"REST"},{"floor":29,"key":"REST"},{"data":"Adrenaline","floor":32,"key":"SMITH"},{"floor":40,"key":"RECALL"},{"data":"A Thousand Cuts","floor":49,"key":"SMITH"},{"data":"Accuracy","floor":52,"key":"SMITH"}],"circlet_count":0,"master_deck":["Strike_G+1","Defend_G","Defend_G","Defend_G","Defend_G","Survivor","Neutralize+1","Dash+1","Backstab+1","Dagger Throw+1","Burst+1","Blade Dance+1","Adrenaline+1","Accuracy+1","Cloak And Dagger","After Image","Calculated Gamble","Accuracy","Cloak And Dagger","Dramatic Entrance+1","A Thousand Cuts+1","Adrenaline"],"relics":["Ring of the Snake","Molten Egg 2","Vajra","Ornamental Fan","Ice Cream","Philosopher\u0027s Stone","Kunai","Gremlin Horn","Pear","The Courier","Bag of Preparation","WristBlade","WingedGreaves","Omamori","Dead Branch","Whetstone"],"acts_visited":["Exordium","TheCity","TheBeyond","TheEnding"],"potions_floor_usage":[8,12,31,33,50,55,55],"damage_taken":[{"damage":3,"enemies":"2 Louse","floor":1,"turns":5},{"damage":0,"enemies":"Cultist","floor":4,"turns":4},{"damage":0,"enemies":"Small Slimes","floor":6,"turns":2},{"damage":20,"enemies":"Lagavulin","floor":8,"turns":6},{"damage":0,"enemies":"Blue Slaver","floor":10,"turns":2},{"damage":1,"enemies":"3 Sentries","floor":12,"turns":5},{"damage":0,"enemies":"2 Fungi Beasts","floor":14,"turns":1},{"damage":14,"enemies":"The Guardian","floor":16,"turns":16},{"damage":0,"enemies":"Spheric Guardian","floor":18,"turns":2},{"damage":0,"enemies":"Chosen","floor":21,"turns":2},{"damage":23,"enemies":"Slavers","floor":23,"turns":7},{"damage":17,"enemies":"Gremlin Leader","floor":25,"turns":5},{"damage":3,"enemies":"Centurion and Healer","floor":27,"turns":6},{"damage":0,"enemies":"3 Cultists","floor":28,"turns":3},{"damage":0,"enemies":"Sentry and Sphere","floor":30,"turns":2},{"damage":1,"enemies":"Slavers","floor":31,"turns":4},{"damage":0,"enemies":"Collector","floor":33,"turns":11},{"damage":0,"enemies":"Orb Walker","floor":35,"turns":2},{"damage":0,"enemies":"2 Orb Walkers","floor":36,"turns":4},{"damage":0,"enemies":"3 Darklings","floor":37,"turns":3},{"damage":0,"enemies":"Reptomancer","floor":44,"turns":2},{"damage":0,"enemies":"Spire Growth","floor":46,"turns":2},{"damage":0,"enemies":"Nemesis","floor":47,"turns":4},{"damage":39,"enemies":"Time Eater","floor":50,"turns":9},{"damage":14,"enemies":"Shield and Spear","floor":54,"turns":4},{"damage":59,"enemies":"The Heart","floor":55,"turns":9}],"seed_played":"2012439326999660072","potions_obtained":[{"floor":6,"key":"champ:CounterPotion"},{"floor":8,"key":"EssenceOfSteel"},{"floor":10,"key":"Guardian:BlockOnCardUsePotion"},{"floor":18,"key":"SpeedPotion"},{"floor":23,"key":"Poison Potion"},{"floor":27,"key":"SmokeBomb"},{"floor":30,"key":"GhostInAJar"},{"floor":35,"key":"sneckomod:MuddlingPotion"},{"floor":36,"key":"Regen Potion"}],"is_trial":false,"path_per_floor":["M","$","?","M","?","M","R","E","T","M","?","E","R","M","R","B",null,"M","?","?","M","T","E","R","E","T","M","M","R","M","E","R","B",null,"M","?","M","$","?","R","?","?","T","E","$","M","E","$","R","B",null,"R","$","E","B",null],"character_chosen":"THE_SILENT","items_purchased":["Dash","Footwork","Dead Branch","Dramatic Entrance+1","LiquidBronze"],"campfire_rested":3,"item_purchase_floors":[2,2,45,45,53],"current_hp_per_floor":[60,60,60,60,46,46,46,26,26,26,26,25,46,46,46,32,61,61,61,48,48,48,25,47,40,40,37,37,62,62,61,61,61,79,79,79,79,79,79,79,79,79,79,79,79,79,79,79,79,54,74,74,74,60,1],"gold":59,"neow_bonus":"HUNDRED_GOLD","is_daily":false,"chose_seed":false,"campfire_upgraded":5,"win_rate":0.0,"timestamp":1611933763,"path_taken":["M","$","?","?","?","M","R","E","T","M","?","E","R","M","R","BOSS","M","?","?","M","?","E","R","E","T","M","M","R","M","E","R","BOSS","M","?","M","$","?","R","?","?","T","E","$","?","E","$","R","BOSS","R","$","E","BOSS"],"items_purchased_type":["Card","Card","Relic","Card","Potion"],"build_version":"2020-12-22","purchased_purges":4,"victory":true,"max_hp_per_floor":[70,70,70,70,70,70,70,70,70,70,70,70,70,70,70,70,70,70,70,75,75,75,75,75,85,85,85,85,85,85,85,85,85,85,85,85,85,85,85,85,81,81,81,81,81,81,81,81,81,81,81,81,81,81,81],"card_choices":[{"not_picked":["Poisoned Stab","Flying Knee","Acrobatics"],"picked":"SKIP","floor":1},{"not_picked":["Sucker Punch+1","Footwork"],"picked":"Backstab+1","floor":4},{"not_picked":["Outmaneuver","Dodge and Roll"],"picked":"Dagger Throw+1","floor":6},{"not_picked":["Flechettes+1","PiercingWail"],"picked":"Burst","floor":8},{"not_picked":["Footwork","Skewer+1"],"picked":"Blade Dance","floor":10},{"not_picked":["Blade Dance","Outmaneuver","Deflect"],"picked":"SKIP","floor":12},{"not_picked":["Prepared","Terror","Noxious Fumes"],"picked":"SKIP","floor":14},{"not_picked":["Glass Knife+1","Bullet Time"],"picked":"Adrenaline","floor":16},{"not_picked":["Acrobatics+1","Dagger Spray+1","Flying Knee+1"],"picked":"SKIP","floor":18},{"not_picked":["Underhanded Strike+1","Quick Slash+1"],"picked":"Cloak And Dagger","floor":21},{"not_picked":["Eviscerate+1","Endless Agony+1"],"picked":"After Image","floor":23},{"not_picked":["Slice+1","Deadly Poison"],"picked":"Calculated Gamble","floor":25},{"not_picked":["All Out Attack+1","Blade Dance+1","Wraith Form v2"],"picked":"SKIP","floor":27},{"not_picked":["Sucker Punch+1","Finisher+1"],"picked":"Accuracy","floor":28},{"not_picked":["Eviscerate+1","Underhanded Strike+1","Dagger Spray+1"],"picked":"SKIP","floor":30},{"not_picked":["Prepared","Sucker Punch+1"],"picked":"Cloak And Dagger","floor":31},{"not_picked":["Finisher+1","Cloak And Dagger","Deflect"],"picked":"SKIP","floor":35},{"not_picked":["Deadly Poison+1","Bane+1","Outmaneuver"],"picked":"SKIP","floor":37},{"not_picked":["Dagger Throw+1","Dagger Spray+1","Deflect"],"picked":"SKIP","floor":44},{"not_picked":["Eviscerate+1","PiercingWail+1"],"picked":"A Thousand Cuts","floor":46},{"not_picked":["Sucker Punch+1","Dagger Throw+1"],"picked":"Adrenaline","floor":47},{"not_picked":["Expertise","Backflip+1","PiercingWail"],"picked":"SKIP","floor":54}],"player_experience":357644,"relics_obtained":[{"floor":8,"key":"Vajra"},{"floor":9,"key":"Ornamental Fan"},{"floor":12,"key":"Ice Cream"},{"floor":22,"key":"Kunai"},{"floor":23,"key":"Gremlin Horn"},{"floor":25,"key":"Pear"},{"floor":26,"key":"The Courier"},{"floor":31,"key":"Bag of Preparation"},{"floor":36,"key":"WingedGreaves"},{"floor":44,"key":"Omamori"},{"floor":54,"key":"Whetstone"}],"event_choices":[{"cards_removed":["Footwork"],"damage_healed":0,"gold_gain":0,"player_choice":"Gave Card","damage_taken":0,"relics_obtained":["Molten Egg 2"],"max_hp_gain":0,"max_hp_loss":0,"event_name":"WeMeetAgain","floor":3,"gold_loss":0},{"damage_healed":0,"gold_gain":0,"player_choice":"Entered Light","damage_taken":14,"max_hp_gain":0,"max_hp_loss":0,"event_name":"Shining Light","floor":5,"gold_loss":0,"cards_upgraded":["Strike_G","Dash"]},{"damage_healed":0,"gold_gain":0,"player_choice":"Upgraded","damage_taken":0,"max_hp_gain":0,"max_hp_loss":0,"event_name":"Upgrade Shrine","floor":11,"gold_loss":0,"cards_upgraded":["Burst"]},{"damage_healed":0,"gold_gain":0,"player_choice":"Read","damage_taken":0,"max_hp_gain":0,"max_hp_loss":0,"event_name":"The Library","floor":19,"gold_loss":0,"cards_obtained":["Accuracy"]},{"damage_healed":0,"gold_gain":0,"player_choice":"Shed Blood","damage_taken":18,"max_hp_gain":5,"max_hp_loss":0,"event_name":"Forgotten Altar","floor":20,"gold_loss":0},{"damage_healed":0,"gold_gain":0,"player_choice":"Fight","damage_taken":0,"max_hp_gain":0,"max_hp_loss":0,"event_name":"Mysterious Sphere","floor":36,"gold_loss":0},{"cards_removed":["Defend_G"],"damage_healed":0,"gold_gain":0,"player_choice":"Removed Skill","damage_taken":0,"max_hp_gain":0,"max_hp_loss":0,"event_name":"Falling","floor":39,"gold_loss":0},{"damage_healed":0,"gold_gain":0,"player_choice":"Max HP","damage_taken":0,"max_hp_gain":0,"max_hp_loss":4,"event_name":"Winding Halls","floor":41,"gold_loss":0},{"damage_healed":0,"gold_gain":0,"player_choice":"Ignored","damage_taken":0,"max_hp_gain":0,"max_hp_loss":0,"event_name":"SecretPortal","floor":42,"gold_loss":0}],"is_beta":false,"boss_relics":[{"not_picked":["bronze:MakeshiftBattery","Ring of the Serpent"],"picked":"Philosopher\u0027s Stone"},{"not_picked":["Velvet Choker","Black Star"],"picked":"WristBlade"}],"items_purged_floors":[2,38,45,48],"is_endless":false,"potions_floor_spawned":[6,8,10,18,23,27,28,30,35,36,44,46,54],"ascension_level":8}}