{"host":"ux8r2oyej5019q8x","time":1611964568,"event":{"mods":["AchievementEnabler","BaseMod","Colored Map","Colored Powertips","GifTheSpireLib","HexUI Lib","Highlight Path","Minty Spire (QoL Compilation)","Rare Cards Sparkle","Relic Stats","StSLib","everything is the same but u backflip on backflip"],"gold_per_floor":[115,115,1,1,19,19,31,31,58,72,72,107,107,130,130,130,130],"floor_reached":16,"language":"ENG","playtime":902,"items_purged":["Regret"],"score":130,"play_id":"b07da187-927c-4eae-8e26-ee4b88904d2e","local_time":"20210130005608","is_ascension_mode":true,"campfire_choices":[{"floor":6,"key":"DIG"},{"floor":11,"key":"DIG"},{"floor":15,"key":"DIG"}],"circlet_count":0,"master_deck":["Strike_R","Strike_R","Strike_R","Strike_R","Strike_R","Defend_R","Defend_R","Defend_R","Defend_R","Bash","Pommel Strike","Rage","Heavy Blade","Sentinel","Evolve","Battle Trance","Flame Barrier"],"relics":["Burning Blood","Shovel","Letter Opener","Question Card","Golden Idol","Orichalcum","Champion Belt","Bag of Preparation","InkBottle","Darkstone Periapt"],"acts_visited":["Exordium"],"potions_floor_usage":[12,16],"damage_taken":[{"damage":1,"enemies":"Small Slimes","floor":1,"turns":4},{"damage":6,"enemies":"Jaw Worm","floor":5,"turns":2},{"damage":0,"enemies":"2 Louse","floor":7,"turns":3},{"damage":19,"enemies":"Lots of Slimes","floor":10,"turns":5},{"damage":12,"enemies":"3 Sentries","floor":12,"turns":11},{"damage":1,"enemies":"3 Louse","floor":14,"turns":4},{"damage":52,"enemies":"Slime Boss","floor":16,"turns":9}],"seed_played":"8323846951025102187","potions_obtained":[{"floor":5,"key":"PowerPotion"},{"floor":12,"key":"DistilledChaos"}],"is_trial":false,"path_per_floor":["M","?","$","$","M","R","M","?","T","M","R","E","?","M","R","B"],"character_chosen":"IRONCLAD","items_purchased":["Rage"],"campfire_rested":0,"item_purchase_floors":[3],"current_hp_per_floor":[72,72,72,72,72,72,72,54,54,41,41,35,35,40,40,0,0],"gold":130,"neow_bonus":"ONE_RARE_RELIC","is_daily":false,"chose_seed":false,"campfire_upgraded":0,"win_rate":0.0,"timestamp":1611964568,"path_taken":["M","?","?","$","M","R","M","?","T","M","R","E","?","M","R","BOSS"],"items_purchased_type":["Card"],"build_version":"2020-12-22","purchased_purges":1,"victory":false,"max_hp_per_floor":[72,72,72,72,72,72,72,72,72,72,72,72,72,72,72,72,72],"relic_stats":{"Darkstone Periapt":0,"Shovel":3,"counters":[7,38],"Golden Idol":15,"Bag of Preparation":[4],"Letter Opener":[10],"Champion Belt":[3],"Orichalcum":[48],"Question Card":4,"obtain_stats":[{"Darkstone Periapt":15,"Shovel":0,"Golden Idol":8,"Bag of Preparation":12,"Letter Opener":2,"Champion Belt":11,"Orichalcum":9,"Question Card":6,"Burning Blood":0,"InkBottle":13},{"Darkstone Periapt":6,"Shovel":0,"Golden Idol":3,"Bag of Preparation":5,"Letter Opener":1,"Champion Belt":4,"Orichalcum":3,"Question Card":2,"Burning Blood":0,"InkBottle":5},{"Darkstone Periapt":29,"Shovel":0,"Golden Idol":9,"Bag of Preparation":25,"Letter Opener":4,"Champion Belt":14,"Orichalcum":9,"Question Card":6,"Burning Blood":0,"InkBottle":25}],"Burning Blood":25,"InkBottle":[1]},"card_choices":[{"not_picked":["Wild Strike","Reckless Charge"],"picked":"Pommel Strike","floor":1},{"not_picked":["Havoc","Flex"],"picked":"Heavy Blade","floor":5},{"not_picked":["Sword Boomerang","Blood for Blood","Body Slam"],"picked":"Sentinel","floor":7},{"not_picked":["Dark Embrace","Searing Blow","Clash"],"picked":"Evolve","floor":10},{"not_picked":["Clothesline","Headbutt","Heavy Blade"],"picked":"Battle Trance","floor":12},{"not_picked":["Blood for Blood","Iron Wave","Uppercut"],"picked":"Flame Barrier","floor":14}],"player_experience":232172,"relics_obtained":[{"floor":6,"key":"Question Card"},{"floor":9,"key":"Orichalcum"},{"floor":11,"key":"Champion Belt"},{"floor":12,"key":"Bag of Preparation"},{"floor":13,"key":"InkBottle"},{"floor":15,"key":"Darkstone Periapt"}],"event_choices":[{"damage_healed":0,"gold_gain":0,"player_choice":"Box","damage_taken":0,"relics_obtained":["Letter Opener"],"max_hp_gain":0,"max_hp_loss":0,"event_name":"Big Fish","floor":2,"gold_loss":0,"cards_obtained":["Regret"]},{"damage_healed":0,"gold_gain":0,"player_choice":"Take Damage","damage_taken":18,"relics_obtained":["Golden Idol"],"max_hp_gain":0,"max_hp_loss":0,"event_name":"Golden Idol","floor":8,"gold_loss":0},{"damage_healed":0,"gold_gain":0,"player_choice":"Relic","damage_taken":0,"max_hp_gain":0,"max_hp_loss":0,"event_name":"Wheel of Change","floor":13,"gold_loss":0}],"is_beta":false,"boss_relics":[],"items_purged_floors":[3],"is_endless":false,"potions_floor_spawned":[5,12],"killed_by":"Slime Boss","ascension_level":6}}