{"host":"m3qxensetu6036ua","time":1611936932,"event":{"mods":["2.2 Compatiblity","AchievementEnabler","BaseMod","Better Altar","Better Match","Better Sensory Stone","Better Skull","Better Third Choice","Better Vampires","Block Reminder","Colored Powertips","Displayed Cursed Tome","Good Game Mod","GungeonMod","Hubris","Jedi Mod","Minty Spire (QoL Compilation)","Rare Cards Sparkle","Remove Card Discount Mod","Replay The Spire","Spicy Shops","StSLib","The Cursed"],"gold_per_floor":[110,124,124,124,141,216,236,254,254,529,540,560,611,642,642,746,746,756,756,467,480,500,500,531,531,556,572,572,601,621,639,639,734,734,754,679,689,706,756,756,308,342,342,362,362,362,377,396,396,396],"floor_reached":51,"language":"ENG","playtime":4766,"items_purged":[],"score":848,"play_id":"066b7a84-7e23-4070-8210-afcebd58043f","local_time":"20210129171532","is_ascension_mode":false,"campfire_choices":[{"data":"Pot Of Greed","floor":15,"key":"SMITH"},{"data":"Pot Of Greed","floor":23,"key":"SMITH"},{"floor":32,"key":"REST"},{"data":"TheCursedMod:CleanUpWorkshop","floor":40,"key":"SMITH"},{"data":"TheCursedMod:CursedRelics","floor":46,"key":"SMITH"},{"data":"TheCursedMod:CircleOfCorruption","floor":49,"key":"SMITH"}],"circlet_count":0,"master_deck":["TheCursedMod:Strike_TheCursed","TheCursedMod:Strike_TheCursed","TheCursedMod:Strike_TheCursed","TheCursedMod:Strike_TheCursed","TheCursedMod:Defend_TheCursed","TheCursedMod:Defend_TheCursed","TheCursedMod:Defend_TheCursed+1","TheCursedMod:Defend_TheCursed","TheCursedMod:CursedWand","TheCursedMod:CleanUpWorkshop+1","TheCursedMod:Dregs","Brilliance","TheCursedMod:RapidMovement","Pain","TheCursedMod:CircleOfFlame","TheCursedMod:HellfireBreathing","Regret","Pot Of Greed+1","Pot Of Greed+1","TheCursedMod:CollectTribute","Injury","Sickly","Voices","TheCursedMod:DemonSword+1","TheCursedMod:Obscuration+1","Pot Of Greed+1","TheCursedMod:HellfireBreathing","TheCursedMod:CursedRelics+1","TheCursedMod:SmokeScreen","TheCursedMod:CircleOfCorruption+1","TheCursedMod:PrepareRite+1","TheCursedMod:AbyssShockwave","TheCursedMod:AshesToAshes"],"relics":["TheCursedMod:BlackMagic101","REME:ComplimentaryCards","hubris:Towel","WarpedTongs","Pen Nib","DemoMod:WhiteGuonStone","Grinning Jar","Replay:Ancient Bell","ReplayTheSpireMod:TigerMarble","jedi:heavyjacket","hubris:Zylophone","Gremlin Food","ClockworkSouvenir","Ancient Tea Set","Boot","TheCursedMod:MagicCandle","DemoMod:RiddleOfLead","TheCursedMod:SoulVessel","BargainBundle","TheCursedMod:DemonicMark","Replay:Kaleidoscope","Golden Egg"],"acts_visited":["Exordium","TheCity","TheBeyond"],"potions_floor_usage":[12,14,14,16,18,22,24,24,33,33,35,38,38,42],"damage_taken":[{"damage":2,"enemies":"Jaw Worm","floor":1,"turns":4},{"damage":7,"enemies":"2 Louse","floor":2,"turns":2},{"damage":3,"enemies":"Cultist","floor":5,"turns":3},{"damage":1,"enemies":"3 Louse","floor":7,"turns":2},{"damage":1,"enemies":"Large Slime","floor":8,"turns":4},{"damage":3,"enemies":"Exordium Thugs","floor":11,"turns":4},{"damage":10,"enemies":"Blue Slaver","floor":12,"turns":2},{"damage":3,"enemies":"3 Sentries","floor":14,"turns":4},{"damage":22,"enemies":"Fading Forest","floor":16,"turns":11},{"damage":6,"enemies":"2 Thieves","floor":18,"turns":4},{"damage":2,"enemies":"Spheric Guardian","floor":21,"turns":3},{"damage":2,"enemies":"Snecko","floor":22,"turns":4},{"damage":9,"enemies":"Replay:Snechameleon","floor":24,"turns":5},{"damage":10,"enemies":"Sentry and Sphere","floor":27,"turns":2},{"damage":2,"enemies":"Gremlin Leader","floor":29,"turns":4},{"damage":4,"enemies":"Centurion and Healer","floor":30,"turns":4},{"damage":6,"enemies":"Shelled Parasite and Fungi","floor":31,"turns":3},{"damage":5,"enemies":"Champ","floor":33,"turns":8},{"damage":2,"enemies":"3 Darklings","floor":35,"turns":3},{"damage":6,"enemies":"3 Shapes","floor":37,"turns":2},{"damage":4,"enemies":"Transient","floor":38,"turns":5},{"damage":2,"enemies":"Mind Bloom Boss Battle","floor":39,"turns":5},{"damage":0,"enemies":"Nemesis","floor":42,"turns":5},{"damage":1,"enemies":"Maw","floor":44,"turns":4},{"damage":3,"enemies":"4 Shapes","floor":47,"turns":3},{"damage":0,"enemies":"3 Darklings","floor":48,"turns":4},{"damage":20,"enemies":"Replay:Hell Engine","floor":50,"turns":10}],"seed_played":"7631724695412797826","potions_obtained":[{"floor":5,"key":"jedi:StrikingPotion"},{"floor":7,"key":"Elixir"},{"floor":11,"key":"AttackPotion"},{"floor":12,"key":"Explosive Potion"},{"floor":16,"key":"PowerPotion"},{"floor":19,"key":"Weak Potion"},{"floor":19,"key":"EssenceOfSteel"},{"floor":24,"key":"Adrenaline Potion"},{"floor":27,"key":"FearPotion"},{"floor":29,"key":"Explosive Potion"},{"floor":35,"key":"LifebloodPotion"},{"floor":37,"key":"Adrenaline Potion"},{"floor":42,"key":"SpeedPotion"}],"is_trial":false,"path_per_floor":["M","M","?","?","M","?","M","M","T","?","M","M","T","E","R","B",null,"M","?","$","M","M","R","E","?","T","M","?","E","M","M","R","B",null,"M","?","M","M","?","R","$","E","T","M","?","R","M","M","R","B",null],"character_chosen":"THE_CURSED","items_purchased":["Gremlin Food","ClockworkSouvenir","BargainBundle","TheCursedMod:DemonicMark","TheCursedMod:AbyssShockwave"],"campfire_rested":1,"item_purchase_floors":[20,20,41,41,41],"current_hp_per_floor":[80,75,75,75,78,67,74,75,75,75,80,77,77,76,76,62,82,76,76,76,82,80,80,71,71,71,69,38,46,48,52,76,81,92,90,90,84,82,84,84,84,94,94,94,94,94,94,94,94,86],"gold":396,"neow_bonus":"TEN_PERCENT_HP_BONUS","is_daily":false,"chose_seed":false,"campfire_upgraded":5,"win_rate":0.0,"timestamp":1611936932,"path_taken":["M","M","?","?","?","?","M","M","T","?","M","?","?","E","R","BOSS","M","?","$","?","M","R","E","?","T","?","?","E","M","?","R","BOSS","M","?","M","M","?","R","$","E","T","M","?","R","M","M","R","BOSS"],"items_purchased_type":["Relic","Relic","Relic","Relic","Card"],"build_version":"2020-12-22","purchased_purges":0,"victory":true,"max_hp_per_floor":[82,82,82,82,82,82,82,82,82,82,82,82,82,82,82,82,82,82,82,82,82,82,82,82,82,82,82,82,82,82,82,82,82,92,92,92,92,92,92,92,92,94,94,94,94,94,94,94,94,94],"card_choices":[{"not_picked":["TheCursedMod:Stretching","TheCursedMod:Mangle"],"picked":"TheCursedMod:CircleOfBlood","floor":1},{"not_picked":["TheCursedMod:PrepareRite","TheCursedMod:SoulReap"],"picked":"TheCursedMod:RapidMovement","floor":2},{"not_picked":["TheCursedMod:Stretching","TheCursedMod:SpitefulStrike"],"picked":"TheCursedMod:CircleOfFlame","floor":5},{"not_picked":["TheCursedMod:CircleOfAmplification","TheCursedMod:SpreadPlague","TheCursedMod:CircleOfWindfury"],"picked":"SKIP","floor":7},{"not_picked":["TheCursedMod:BlessingInDisguise","TheCursedMod:CursedStaff"],"picked":"TheCursedMod:HellfireBreathing","floor":8},{"not_picked":["TheCursedMod:EmpowerCircles","TheCursedMod:Stretching","TheCursedMod:ManaBullet"],"picked":"SKIP","floor":11},{"not_picked":["TheCursedMod:WearCloak","TheCursedMod:RapidMovement","TheCursedMod:DoubleShield"],"picked":"SKIP","floor":12},{"not_picked":["TheCursedMod:FleshFromBone","TheCursedMod:SpitefulStrike","TheCursedMod:ManaBullet"],"picked":"SKIP","floor":14},{"not_picked":["TheCursedMod:OutForBlood","TheCursedMod:StunningStrike"],"picked":"TheCursedMod:CollectTribute","floor":16},{"not_picked":["Pain","Parasite"],"picked":"Injury","floor":17},{"not_picked":["jedi:BattleThirst","Amnesia"],"picked":"Sickly","floor":17},{"not_picked":["hubris:Greed","ReplayTheSpireMod:Restless Dread"],"picked":"Voices","floor":17},{"not_picked":["TheCursedMod:Evocation+1","TheCursedMod:BloodBarrier"],"picked":"TheCursedMod:DemonSword","floor":18},{"not_picked":["TheCursedMod:SpitefulPray","TheCursedMod:CursedShiv"],"picked":"TheCursedMod:Obscuration+1","floor":21},{"not_picked":["TheCursedMod:CursedArmor","TheCursedMod:Torture"],"picked":"TheCursedMod:HellfireBreathing","floor":22},{"not_picked":["TheCursedMod:VitalStrike","TheCursedMod:ManaBullet"],"picked":"TheCursedMod:CursedRelics","floor":24},{"not_picked":["TheCursedMod:Obscuration","TheCursedMod:Mangle","TheCursedMod:Stretching"],"picked":"SKIP","floor":27},{"not_picked":["TheCursedMod:Obscuration","TheCursedMod:SoulReap","TheCursedMod:CursedStaff"],"picked":"SKIP","floor":29},{"not_picked":["TheCursedMod:PrepareRite","TheCursedMod:VitalStrike","TheCursedMod:Wield"],"picked":"SKIP","floor":30},{"not_picked":["TheCursedMod:CursedAmulet+1","TheCursedMod:CursedArmor","TheCursedMod:SurpriseAttack+1"],"picked":"SKIP","floor":31},{"not_picked":["TheCursedMod:HellfireBreathing","TheCursedMod:BloodBarrier+1","TheCursedMod:CircleOfFlame+1"],"picked":"SKIP","floor":35},{"not_picked":["TheCursedMod:Torture","TheCursedMod:CursedShiv"],"picked":"TheCursedMod:SmokeScreen","floor":36},{"not_picked":["TheCursedMod:Stigma+1","TheCursedMod:RapidMovement","TheCursedMod:Obscuration+1"],"picked":"SKIP","floor":37},{"not_picked":["TheCursedMod:WearCloak","TheCursedMod:HellsGateOpen+1"],"picked":"TheCursedMod:CircleOfCorruption","floor":38},{"not_picked":["TheCursedMod:CursedBlade","TheCursedMod:CircleOfAmplification+1"],"picked":"TheCursedMod:PrepareRite+1","floor":39},{"not_picked":["TheCursedMod:RavingStaff","TheCursedMod:StunningStrike","TheCursedMod:CircleOfFlame+1"],"picked":"SKIP","floor":42},{"not_picked":["TheCursedMod:RapidMovement+1","TheCursedMod:WearCloak+1"],"picked":"TheCursedMod:AshesToAshes","floor":44},{"not_picked":["TheCursedMod:CircleOfCorruption","TheCursedMod:ManaBullet+1","TheCursedMod:CircleOfFocus+1"],"picked":"SKIP","floor":47},{"not_picked":["TheCursedMod:VitalStrike+1","TheCursedMod:SpitefulStrike+1","TheCursedMod:CircleOfFlame+1"],"picked":"SKIP","floor":48}],"player_experience":196037,"relics_obtained":[{"floor":9,"key":"Pen Nib"},{"floor":13,"key":"DemoMod:WhiteGuonStone"},{"floor":14,"key":"Grinning Jar"},{"floor":24,"key":"Ancient Tea Set"},{"floor":29,"key":"TheCursedMod:MagicCandle"},{"floor":39,"key":"TheCursedMod:SoulVessel"},{"floor":42,"key":"Replay:Kaleidoscope"},{"floor":43,"key":"Golden Egg"}],"event_choices":[{"damage_healed":0,"gold_gain":0,"player_choice":"Rummage","damage_taken":0,"relics_obtained":["WarpedTongs"],"max_hp_gain":0,"max_hp_loss":0,"event_name":"Accursed Blacksmith","floor":4,"gold_loss":0,"cards_obtained":["Pain"]},{"damage_healed":0,"gold_gain":75,"player_choice":"Gold","damage_taken":11,"max_hp_gain":0,"max_hp_loss":0,"event_name":"betterThird:BetterGoop","floor":6,"gold_loss":0},{"damage_healed":0,"gold_gain":275,"player_choice":"Desecrate","damage_taken":0,"max_hp_gain":0,"max_hp_loss":0,"event_name":"Golden Shrine","floor":10,"gold_loss":0,"cards_obtained":["Regret"]},{"damage_healed":0,"gold_gain":0,"player_choice":"Got Potions","damage_taken":0,"max_hp_gain":0,"max_hp_loss":0,"event_name":"Lab","floor":19,"gold_loss":0},{"damage_healed":0,"gold_gain":0,"player_choice":"Upgraded","damage_taken":0,"max_hp_gain":0,"max_hp_loss":0,"event_name":"Upgrade Shrine","floor":25,"gold_loss":0,"cards_upgraded":["Pot Of Greed"]},{"damage_healed":0,"gold_gain":0,"player_choice":"UP RE ","damage_taken":35,"relics_obtained":["Boot"],"max_hp_gain":0,"max_hp_loss":0,"event_name":"betterSkull:BetterSkull","floor":28,"gold_loss":0,"cards_upgraded":["TheCursedMod:Defend_TheCursed"]},{"damage_healed":0,"gold_gain":0,"player_choice":"1","damage_taken":0,"max_hp_gain":0,"max_hp_loss":0,"event_name":"betterMatch:BetterMatch","floor":36,"gold_loss":0,"cards_obtained":["betterMatch:CommonCard","betterMatch:UncommonCard"]},{"damage_healed":0,"gold_gain":0,"player_choice":"Fight","damage_taken":0,"max_hp_gain":0,"max_hp_loss":0,"event_name":"MindBloom","floor":39,"gold_loss":0},{"cards_removed":["TheCursedMod:CircleOfBlood"],"damage_healed":0,"gold_gain":0,"player_choice":"Removed Skill","damage_taken":0,"max_hp_gain":0,"max_hp_loss":0,"event_name":"Falling","floor":45,"gold_loss":0}],"is_beta":false,"boss_relics":[{"not_picked":["Replay:Drink Me","Honey Jar"],"picked":"Replay:Ancient Bell"},{"not_picked":["Omamori","Vajra"],"picked":"ReplayTheSpireMod:TigerMarble"},{"not_picked":["DemoMod:ChaffGrenade","DemoMod:JetPack"],"picked":"jedi:heavyjacket"},{"not_picked":["DemoMod:BigBoy","jedi:kaleidoscope"],"picked":"hubris:Zylophone"},{"not_picked":["Pandora\u0027s Box","Cursed Key"],"picked":"DemoMod:RiddleOfLead"}],"items_purged_floors":[],"is_endless":false,"potions_floor_spawned":[5,7,11,12,16,21,24,27,29,31,35,37,42],"ascension_level":0}}