{"host":"kg61lsvem4dxoat8","time":1611926699,"event":{"mods":["AchievementEnabler","BaseMod","Better Altar","Better Match","Better Sensory Stone","Highlight Path","Minty Spire (QoL Compilation)","Quick Restart","Relic Sorter","Relic Stats","StSLib","Synergy Search","slay the spire mod where everything is the same but ironclad has a cowboy hat"],"gold_per_floor":[109,259,259,269,103,132,132,159,159,159,159],"floor_reached":10,"language":"ENG","playtime":170,"items_purged":[],"score":198,"play_id":"d0ef933f-02c4-42ef-a447-b6fd086d8e90","local_time":"20210129212459","is_ascension_mode":true,"campfire_choices":[{"data":"Envenom","floor":7,"key":"SMITH"}],"circlet_count":0,"master_deck":["AscendersBane","Strike_G","Strike_G","Strike_G","Strike_G","Strike_G","Defend_G","Defend_G","Defend_G","Defend_G","Defend_G","Survivor","Neutralize","Escape Plan+1","Doubt","Envenom+1","Cloak And Dagger"],"relics":["Ring of the Snake","NeowsBlessing","Sling","Girya","Prayer Wheel","Gambling Chip"],"acts_visited":["Exordium"],"potions_floor_usage":[8,10],"damage_taken":[{"damage":0,"enemies":"Small Slimes","floor":1,"turns":1},{"damage":0,"enemies":"2 Louse","floor":4,"turns":1},{"damage":0,"enemies":"3 Sentries","floor":6,"turns":1},{"damage":43,"enemies":"Lagavulin","floor":8,"turns":7},{"damage":19,"enemies":"Gremlin Nob","floor":10,"turns":3}],"seed_played":"3837007931050847123","potions_obtained":[{"floor":1,"key":"DistilledChaos"},{"floor":8,"key":"LiquidMemories"}],"is_trial":false,"path_per_floor":["M","?","?","M","$","E","R","E","T","E"],"character_chosen":"THE_SILENT","items_purchased":["Sling"],"campfire_rested":0,"item_purchase_floors":[5],"current_hp_per_floor":[59,59,59,59,59,59,59,16,16,0,0],"gold":159,"neow_bonus":"THREE_ENEMY_KILL","is_daily":false,"chose_seed":false,"campfire_upgraded":1,"win_rate":0.0,"timestamp":1611926699,"path_taken":["M","?","?","?","$","E","R","E","T","E"],"items_purchased_type":["Relic"],"build_version":"2020-12-22","purchased_purges":0,"victory":false,"max_hp_per_floor":[66,66,66,66,66,66,66,66,66,66,66],"relic_stats":{"counters":[5,13],"Gambling Chip":[4],"Prayer Wheel":0,"obtain_stats":[{"Girya":6,"NeowsBlessing":0,"Gambling Chip":9,"Prayer Wheel":8,"Sling":5,"Ring of the Snake":0},{"Girya":3,"NeowsBlessing":0,"Gambling Chip":4,"Prayer Wheel":4,"Sling":2,"Ring of the Snake":0},{"Girya":3,"NeowsBlessing":0,"Gambling Chip":10,"Prayer Wheel":10,"Sling":2,"Ring of the Snake":0}],"Ring of the Snake":[10]},"card_choices":[{"not_picked":["Dash","Prepared"],"picked":"Escape Plan","floor":1},{"not_picked":["Quick Slash","Acrobatics","Poisoned Stab"],"picked":"SKIP","floor":4},{"not_picked":["Skewer","Blade Dance"],"picked":"Envenom","floor":6},{"not_picked":["Slice","Dodge and Roll"],"picked":"Cloak And Dagger","floor":8}],"player_experience":1420958,"relics_obtained":[{"floor":6,"key":"Girya"},{"floor":8,"key":"Prayer Wheel"},{"floor":9,"key":"Gambling Chip"}],"event_choices":[{"damage_healed":0,"gold_gain":150,"player_choice":"AGREE","damage_taken":0,"max_hp_gain":0,"max_hp_loss":0,"event_name":"Liars Game","floor":2,"gold_loss":0,"cards_obtained":["Doubt"]},{"damage_healed":0,"gold_gain":0,"player_choice":"Forge","damage_taken":0,"max_hp_gain":0,"max_hp_loss":0,"event_name":"Accursed Blacksmith","floor":3,"gold_loss":0,"cards_upgraded":["Escape Plan"]}],"is_beta":false,"boss_relics":[],"items_purged_floors":[],"is_endless":false,"potions_floor_spawned":[1,8],"killed_by":"Gremlin Nob","ascension_level":20}}