{"host":"twbuyd87gsx4w7po","time":1611949801,"event":{"mods":["BaseMod","Downfall","Minty Spire (QoL Compilation)","StSLib"],"gold_per_floor":[99,99,99,99,24,56,79,79,109,129,29,46,46,63,82,181,181,181,198,83,99,116,116,141,141,159,159,193,193,244,274,291,291,291,291],"floor_reached":33,"language":"ENG","playtime":2006,"items_purged":["hexamod:Strike","hexamod:Strike","hexamod:Strike"],"score":392,"play_id":"9353db26-bf1f-4d97-b352-3beb7af76aa1","local_time":"20210129115001","is_ascension_mode":true,"campfire_choices":[{"data":"hexamod:Float","floor":1,"key":"SMITH"},{"data":"hexamod:Firestarter","floor":8,"key":"SMITH"},{"data":"hexamod:SoulSteal","floor":11,"key":"SMITH"},{"data":"hexamod:Sear","floor":13,"key":"SMITH"},{"data":"hexamod:ExtraCrispy","floor":18,"key":"SMITH"},{"data":"hexamod:VolcanoVisage","floor":27,"key":"SMITH"},{"floor":29,"key":"RECALL"}],"circlet_count":0,"master_deck":["hexamod:Strike","hexamod:Defend+1","hexamod:Defend","hexamod:Defend","hexamod:Defend","hexamod:Sear+1","hexamod:Float+1","hexamod:SoulSteal+1","hexamod:Firestarter+1","hexamod:RainOfEmbers+1","hexamod:Incineration+1","hexamod:PhantomFireball+1","hexamod:ThermalTransfer+1","hexamod:ExtraCrispy+1","hexamod:ForkedFlame+1","hexamod:ThirdSeal","hexamod:GhostflameBarrier+1","hexamod:BurningTouch","hexamod:FlamesFromBeyond+1","hexamod:VolcanoVisage+1","hexamod:VolcanoVisage","hexamod:ThermalTransfer+1","hexamod:RetreatToShadows+1"],"relics":["hexamod:SpiritBrand","downfall:HeartsMalice","Molten Egg 2","Nunchaku","White Beast Statue","downfall:HeartBlessingGreen","SlaversCollar","Nilry\u0027s Codex","War Paint","Medical Kit","Ancient Tea Set"],"acts_visited":["Exordium","TheCity"],"potions_floor_usage":[21,28,28],"damage_taken":[{"damage":0,"enemies":"Cultist","floor":2,"turns":1},{"damage":0,"enemies":"downfall:FleeingMerchant","floor":5,"turns":1},{"damage":0,"enemies":"3 Sentries","floor":6,"turns":1},{"damage":3,"enemies":"Lagavulin","floor":9,"turns":4},{"damage":1,"enemies":"2 Louse","floor":10,"turns":2},{"damage":5,"enemies":"Small Slimes","floor":12,"turns":2},{"damage":2,"enemies":"2 Fungi Beasts","floor":14,"turns":3},{"damage":0,"enemies":"Large Slime","floor":15,"turns":4},{"damage":0,"enemies":"SI_SHIV_ARCHETYPE","floor":16,"turns":5},{"damage":3,"enemies":"Spheric Guardian","floor":19,"turns":4},{"damage":1,"enemies":"downfall:FleeingMerchant","floor":20,"turns":4},{"damage":22,"enemies":"Shelled Parasite and Fungi","floor":21,"turns":4},{"damage":3,"enemies":"Centurion and Healer","floor":22,"turns":5},{"damage":1,"enemies":"Chosen and Byrds","floor":26,"turns":4},{"damage":0,"enemies":"downfall:FleeingMerchant","floor":28,"turns":4},{"damage":12,"enemies":"Gremlin Leader","floor":31,"turns":6},{"damage":6,"enemies":"Cultist and Chosen","floor":32,"turns":4},{"damage":46,"enemies":"DF_ARCHETYPE_CLAW","floor":33,"turns":5}],"seed_played":"-4329796728039143267","potions_obtained":[{"floor":4,"key":"AttackPotion"},{"floor":4,"key":"hexamod:DoubleChargePotion"},{"floor":4,"key":"GamblersBrew"},{"floor":10,"key":"FearPotion"},{"floor":21,"key":"hexamod:DoubleChargePotion"},{"floor":28,"key":"CultistPotion"},{"floor":31,"key":"SteroidPotion"}],"is_trial":false,"path_per_floor":["R","M","?","?","$","E","T","R","E","M","R","M","R","M","M","B",null,"R","M","$","M","M","?","T","?","M","R","$","R","T","E","M","B"],"character_chosen":"THE_SPIRIT","items_purchased":["Medical Kit"],"campfire_rested":0,"item_purchase_floors":[28],"current_hp_per_floor":[70,70,75,75,75,75,75,75,72,71,71,66,66,64,64,64,75,75,72,71,49,46,30,30,55,54,54,54,54,54,42,36,0,0,0],"gold":291,"neow_bonus":"THREE_ENEMY_KILL","is_daily":false,"chose_seed":false,"campfire_upgraded":6,"win_rate":0.0,"timestamp":1611949801,"path_taken":["R","M","?","?","$","E","T","R","E","M","R","M","R","?","M","BOSS","R","M","?","M","M","?","T","?","M","R","$","R","?","E","M","BOSS"],"items_purchased_type":["Relic"],"build_version":"2020-12-22","purchased_purges":3,"victory":false,"max_hp_per_floor":[70,70,75,75,75,75,75,75,75,75,75,75,75,75,75,75,75,75,75,75,75,75,75,75,75,75,75,75,75,75,75,75,75,75,75],"card_choices":[{"not_picked":["hexamod:BacktrackSmack","hexamod:HeatShield"],"picked":"hexamod:SoulSteal","floor":2},{"not_picked":["hexamod:SuperheatedStrike","hexamod:AdvancingGuard"],"picked":"hexamod:Firestarter","floor":5},{"not_picked":["hexamod:NightmareStrike+1","hexamod:GhostflameInferno"],"picked":"hexamod:RainOfEmbers+1","floor":6},{"not_picked":["hexamod:ShieldOfDarkness","hexamod:SkipABeat"],"picked":"hexamod:Incineration+1","floor":9},{"not_picked":["hexamod:SpectralAdrenaline","hexamod:GhostLash+1"],"picked":"hexamod:PhantomFireball+1","floor":10},{"not_picked":["hexamod:Haunt","hexamod:GhostOfSpireFuture","hexamod:DynamicBlow+1"],"picked":"SKIP","floor":12},{"not_picked":["hexamod:TimeOfNeed","hexamod:FlamesFromBeyond"],"picked":"hexamod:ThermalTransfer+1","floor":14},{"not_picked":["hexamod:SpectralSpark","hexamod:InspiringFlames"],"picked":"hexamod:ExtraCrispy","floor":15},{"not_picked":["hexamod:FifthSeal","hexamod:TimeWarp+1"],"picked":"hexamod:ForkedFlame+1","floor":16},{"not_picked":["hexamod:ShieldOfDarkness","hexamod:NightmareStrike+1"],"picked":"hexamod:ThirdSeal","floor":19},{"not_picked":["hexamod:SearingWound","hexamod:SpectersWail+1"],"picked":"hexamod:GhostflameBarrier","floor":20},{"not_picked":["hexamod:BacktrackSmack+1","hexamod:HeatCrush+1"],"picked":"hexamod:BurningTouch","floor":20},{"not_picked":["hexamod:ShieldOfDarkness","hexamod:NightmareStrike+1","hexamod:HeatShield"],"picked":"SKIP","floor":21},{"not_picked":["hexamod:FastForward","hexamod:SwordOfDarkness+1","hexamod:ShieldOfDarkness"],"picked":"SKIP","floor":21},{"not_picked":["hexamod:FlamesFromBeyond+1","hexamod:HauntingEcho+1","hexamod:GhostShield"],"picked":"SKIP","floor":22},{"not_picked":["hexamod:HauntingEcho+1","hexamod:GhostShield"],"picked":"hexamod:FlamesFromBeyond+1","floor":22},{"not_picked":["hexamod:ThermalTransfer+1","hexamod:SpectersWail+1"],"picked":"hexamod:VolcanoVisage","floor":26},{"not_picked":["hexamod:BurningTouch","hexamod:InspiringFlames","hexamod:Again"],"picked":"SKIP","floor":26},{"not_picked":["hexamod:Rewind","hexamod:FastForward","hexamod:HauntingEcho+1"],"picked":"SKIP","floor":28},{"not_picked":["hexamod:ShieldOfDarkness","hexamod:SpectersWail+1","hexamod:FastForward"],"picked":"SKIP","floor":28},{"not_picked":["hexamod:HeatMetal+1","hexamod:Haunt"],"picked":"hexamod:VolcanoVisage","floor":31},{"not_picked":["hexamod:GhostOfSpirePast+1","hexamod:BacktrackSmack+1","hexamod:ChargedBarrage"],"picked":"SKIP","floor":31},{"not_picked":["hexamod:Again","hexamod:SkipABeat"],"picked":"hexamod:ThermalTransfer+1","floor":32},{"not_picked":["hexamod:SecondSeal","hexamod:InspiringFlames+1"],"picked":"hexamod:RetreatToShadows+1","floor":32}],"player_experience":383536,"relics_obtained":[{"floor":6,"key":"Molten Egg 2"},{"floor":7,"key":"Nunchaku"},{"floor":9,"key":"White Beast Statue"},{"floor":23,"key":"Nilry\u0027s Codex"},{"floor":24,"key":"War Paint"},{"floor":31,"key":"Ancient Tea Set"}],"event_choices":[{"damage_healed":0,"gold_gain":0,"player_choice":"Donut","damage_taken":0,"max_hp_gain":5,"max_hp_loss":0,"event_name":"Big Fish","floor":3,"gold_loss":0},{"damage_healed":0,"gold_gain":0,"player_choice":"Got Potions","damage_taken":0,"max_hp_gain":0,"max_hp_loss":0,"event_name":"Lab","floor":4,"gold_loss":0},{"damage_healed":25,"gold_gain":0,"player_choice":"Heal","damage_taken":0,"max_hp_gain":0,"max_hp_loss":0,"event_name":"The Library","floor":25,"gold_loss":0}],"is_beta":false,"boss_relics":[{"not_picked":["SacredBark","hexamod:UnbrokenSoul"],"picked":"SlaversCollar"}],"items_purged_floors":[5,20,28],"is_endless":false,"potions_floor_spawned":[9,10,12,14,15,16,19,20,21,22,26,28,31,32],"killed_by":"DF_ARCHETYPE_CLAW","ascension_level":1}}