{"host":"2d0rd30cigwncx1y","time":1611943299,"event":{"mods":["BaseMod","Colored Map","Colored Powertips","Downfall","MarisaÅiñ∂âJÅ@ñÇóùçπÅj","Minty Spire (QoL Compilation)","Replay The Spire","StSLib","The Alterego","The Marked","The Servant 0.9.4"],"gold_per_floor":[99,117,117,128,144,144,144,244,277,291,191,206,66,66,81,182,182,182,193,278,278,296,296,296,196,226,126,139,169,185,22,42,145,145,145,160,311,366,386,386,386,421,440,440,64,64,75,101,111,111,111,136,100,100,100,100],"floor_reached":57,"language":"ENG","playtime":4287,"items_purged":["theMarked:Strike","theMarked:Strike","downfall:Malfunctioning","theMarked:Strike+1"],"score":1452,"play_id":"ecaeb539-3f75-44c2-b786-63a99e3c1776","local_time":"20210129190139","is_ascension_mode":true,"campfire_choices":[{"data":"theMarked:EmpowerWeapon","floor":1.0,"key":"SMITH"},{"data":"theMarked:SoldierOfQuellstein","floor":6.0,"key":"SMITH"},{"data":"theMarked:RogueSparks","floor":11.0,"key":"SMITH"},{"data":"theMarked:BanishingStrike","floor":11.0,"key":"SMITH"},{"data":"theMarked:EmpowerWeapon","floor":18.0,"key":"SMITH"},{"data":"theMarked:WardOff","floor":18.0,"key":"SMITH"},{"data":"theMarked:ComboAttacks","floor":23.0,"key":"SMITH"},{"data":"theMarked:WardOff","floor":23.0,"key":"SMITH"},{"floor":25.0,"key":"RECALL"},{"data":"theMarked:Memento","floor":27.0,"key":"SMITH"},{"data":"theMarked:BanishingStrike","floor":27.0,"key":"SMITH"},{"data":"theMarked:MagusForm","floor":35,"key":"SMITH"},{"data":"theMarked:BanishingWave","floor":35,"key":"SMITH"},{"data":"theMarked:RogueSparks","floor":46,"key":"SMITH"},{"data":"theMarked:WardOff","floor":46,"key":"SMITH"},{"data":"theMarked:BindingBlade","floor":54,"key":"SMITH"},{"data":"theMarked:SwordAndMagic","floor":54,"key":"SMITH"}],"circlet_count":0,"master_deck":["theMarked:Strike+1","theMarked:Strike+1","theMarked:Defend+1","theMarked:Defend","theMarked:Defend","theMarked:Defend+1","theMarked:SoldierOfQuellstein+1","theMarked:EmpowerWeapon+1","theMarked:RogueSparks+1","theMarked:TwofoldDefense+1","theMarked:ResourceFulStrike","theMarked:SelfDefenseTraining","theMarked:BanishingStrike+1","theMarked:ResourceFulStrike","theMarked:EmpowerWeapon+1","theMarked:WardOff+1","theMarked:WardOff+1","theMarked:ComboAttacks+1","theMarked:BanishingStrike+1","theMarked:Memento+1","theMarked:WardOff+1","theMarked:Memento+1","theMarked:SwordAndMagic","theMarked:BanishingWave+1","theMarked:MagusForm+1","theMarked:BanishingStrike+1","theMarked:WardOff+1","theMarked:SwordAndMagic","theMarked:Polarize+1","theMarked:SwordAndMagic+1","theMarked:EmpowerWeapon+1","expansioncontent:LastStand","theMarked:RogueSparks+1","theMarked:BindingBlade+1","theMarked:EmpowerWeapon+1"],"relics":["theMarked:ArtifactOfAir","Replay:Arrowhead","downfall:GremlinWheel","downfall:HeartBlessingGreen","Ornamental Fan","theMarked:Eyepatch","Mark of Pain","downfall:RedIOU","downfall:HeartBlessingBlue","Replay:Ringing Soul","downfall:HeartBlessingRed","InkBottle","Coffee Dripper","StoneCalendar","Replay:Bottled Steam","Omamori","War Paint","theMarked:KettuFlask","Divine Protection"],"acts_visited":["Exordium","TheCity","TheBeyond","TheEnding"],"potions_floor_usage":[30,56,56],"damage_taken":[{"damage":0.0,"enemies":"Small Slimes","floor":2.0,"turns":3.0},{"damage":0.0,"enemies":"Cultist","floor":4.0,"turns":3.0},{"damage":6.0,"enemies":"Jaw Worm","floor":5.0,"turns":3.0},{"damage":29.0,"enemies":"Jaw Worm","floor":8.0,"turns":4.0},{"damage":17.0,"enemies":"3 Sentries","floor":9.0,"turns":6.0},{"damage":10.0,"enemies":"Large Slime","floor":10.0,"turns":6.0},{"damage":0.0,"enemies":"2 Fungi Beasts","floor":12.0,"turns":4.0},{"damage":0.0,"enemies":"downfall:FleeingMerchant","floor":13.0,"turns":4.0},{"damage":7.0,"enemies":"Blue Slaver","floor":15.0,"turns":3.0},{"damage":0.0,"enemies":"IC_STATUS_ARCHETYPE","floor":16.0,"turns":6.0},{"damage":14.0,"enemies":"Shell Parasite","floor":19.0,"turns":5.0},{"damage":1.0,"enemies":"Spheric Guardian","floor":22.0,"turns":3.0},{"damage":34.0,"enemies":"Book of Stabbing","floor":26.0,"turns":6.0},{"damage":23.0,"enemies":"Snake Plant","floor":28.0,"turns":3.0},{"damage":2.0,"enemies":"Replay:Snechameleon","floor":29.0,"turns":5.0},{"damage":0,"enemies":"Centurion and Healer","floor":30,"turns":6},{"damage":0,"enemies":"downfall:FleeingMerchant","floor":31,"turns":4},{"damage":0,"enemies":"Snecko","floor":32,"turns":3},{"damage":17,"enemies":"SI_MIRROR_ARCHETYPE","floor":33,"turns":8},{"damage":10,"enemies":"3 Shapes","floor":36,"turns":4},{"damage":1,"enemies":"downfall:FleeingMerchant","floor":37,"turns":4},{"damage":36,"enemies":"2 Orb Walkers","floor":38,"turns":5},{"damage":0,"enemies":"3 Darklings","floor":39,"turns":5},{"damage":0,"enemies":"Reptomancer","floor":42,"turns":5},{"damage":10,"enemies":"Sphere and 2 Shapes","floor":43,"turns":4},{"damage":38,"enemies":"Transient","floor":47,"turns":5},{"damage":28,"enemies":"Giant Head","floor":48,"turns":7},{"damage":61,"enemies":"3 Darklings","floor":49,"turns":5},{"damage":80,"enemies":"DF_ARCHETYPE_ORBS","floor":50,"turns":6},{"damage":120,"enemies":"downfall:CharBossMerchant","floor":52,"turns":7},{"damage":63,"enemies":"downfall:NeowBoss","floor":55,"turns":16},{"damage":59,"enemies":"downfall:NeowBossFinal","floor":56,"turns":8}],"seed_played":"-4125230194118749833","potions_obtained":[{"floor":2.0,"key":"Fire Potion"},{"floor":8.0,"key":"Cursed Concoction"},{"floor":10.0,"key":"SpeedPotion"},{"floor":16.0,"key":"hexamod:SoulburnPotion"},{"floor":28.0,"key":"SpeedPotion"},{"floor":30,"key":"BlessingOfTheForge"},{"floor":36,"key":"SpeedPotion"}],"is_trial":false,"path_per_floor":["R","M","?","M","M","R","T","?","E","M","R","M","$","?","M","B",null,"R","M","?","?","M","R","T","R","E","R","M","E","M","$","M","B",null,"R","M","$","?","M","?","T","E","M","?","$","R","M","E","M","B",null,"E","$","R","B","B",null],"character_chosen":"THE_DEFAULT","items_purchased":["theMarked:WardOff","theMarked:SwordAndMagic","theMarked:SwordAndMagic","theMarked:RogueSparks","War Paint","theMarked:EmpowerWeapon+1"],"campfire_rested":0,"item_purchase_floors":[13,31,37,45,45,53],"current_hp_per_floor":[70,70,70,70,64,64,64,35,18,8,8,8,8,8,1,1,70,70,56,48,48,47,47,47,57,26,26,6,4,4,7,92,78,95,95,88,90,57,60,60,60,60,53,56,59,59,24,78,99,19,119,46,49,49,60,83],"gold":100,"neow_bonus":"THREE_CARDS","is_daily":false,"chose_seed":false,"campfire_upgraded":16,"win_rate":0.0,"timestamp":1611943299,"path_taken":["R","M","?","M","M","R","T","?","E","?","R","M","$","?","M","BOSS","R","M","?","?","M","R","T","R","E","R","M","E","M","$","M","BOSS","R","M","$","?","M","?","T","E","M","?","?","R","M","E","M","BOSS","E","$","R","BOSS","BOSS"],"items_purchased_type":["Card","Card","Card","Card","Relic","Card"],"build_version":"2020-12-22","purchased_purges":4,"victory":true,"max_hp_per_floor":[70,70,70,70,70,70,70,70,70,70,70,70,70,70,70,70,70,70,70,70,70,70,70,70,80,83,83,86,86,86,89,92,95,95,95,98,101,104,107,107,107,107,110,113,116,116,119,119,119,119,119,119,122,122,122,122],"card_choices":[{"not_picked":["theMarked:WardOff","theMarked:Improvise"],"picked":"theMarked:EmpowerWeapon","floor":0.0},{"not_picked":["theMarked:Frustration","theMarked:TakeCover"],"picked":"theMarked:RogueSparks","floor":2.0},{"not_picked":["theMarked:EnhanceMovement","theMarked:TakeCover"],"picked":"theMarked:TwofoldDefense","floor":4.0},{"not_picked":["theMarked:Parkour","theMarked:TwofoldDefense"],"picked":"theMarked:ResourceFulStrike","floor":5.0},{"not_picked":["theMarked:Aftermath","theMarked:EnhanceMovement"],"picked":"theMarked:SelfDefenseTraining","floor":9.0},{"not_picked":["theMarked:TakeCover","theMarked:Overcharge"],"picked":"theMarked:BanishingStrike","floor":10.0},{"not_picked":["theMarked:Abjuration","theMarked:TwofoldDefense"],"picked":"theMarked:ResourceFulStrike","floor":12.0},{"not_picked":["theMarked:Aftermath","theMarked:Electrocute"],"picked":"theMarked:EmpowerWeapon","floor":13.0},{"not_picked":["theMarked:TakeCover","theMarked:TwofoldDefense"],"picked":"theMarked:WardOff","floor":15.0},{"not_picked":["theMarked:BanishingStrike","theMarked:Aftermath"],"picked":"theMarked:ComboAttacks","floor":19.0},{"not_picked":["theMarked:ResourceFulStrike","theMarked:EmpowerWeapon"],"picked":"theMarked:BanishingStrike","floor":22.0},{"not_picked":["theMarked:Improvise","theMarked:ElectricStrings+1"],"picked":"theMarked:Memento","floor":26.0},{"not_picked":["theMarked:ResourceFulStrike","theMarked:Panic+1"],"picked":"theMarked:WardOff","floor":28.0},{"not_picked":["theMarked:Parry","theMarked:LightningStrikesTwice","theMarked:WastefulAttack"],"picked":"SKIP","floor":29.0},{"not_picked":["theMarked:GodGivenPower","theMarked:Vacuum","theMarked:Standoff"],"picked":"SKIP","floor":30},{"not_picked":["theMarked:WastefulAttack","theMarked:ChainLightning"],"picked":"theMarked:Memento","floor":31},{"not_picked":["theMarked:Reabsorb","theMarked:Memento"],"picked":"theMarked:BanishingWave","floor":32},{"not_picked":["theMarked:DispelDoubt","theMarked:Levitate"],"picked":"theMarked:MagusForm","floor":33},{"not_picked":["theMarked:Opportunist+1","theMarked:Parkour+1"],"picked":"theMarked:BanishingStrike+1","floor":36},{"not_picked":["theMarked:CreepingChasm","theMarked:ChainLightning"],"picked":"theMarked:WardOff+1","floor":37},{"not_picked":["theMarked:SwordAndMagic+1","theMarked:HeightenedSenses+1"],"picked":"theMarked:Polarize","floor":38},{"not_picked":["theMarked:Parry","theMarked:ShockingTouch+1"],"picked":"theMarked:SwordAndMagic","floor":39},{"not_picked":["theMarked:TurnInvisible","theMarked:HeightenedSenses+1","theMarked:ResourceFulStrike"],"picked":"SKIP","floor":42},{"not_picked":["theMarked:TurnInvisible","theMarked:HeightenedSenses+1","theMarked:ResourceFulStrike"],"picked":"SKIP","floor":42},{"not_picked":["theMarked:HeightenedSenses","theMarked:WardOff"],"picked":"theMarked:EmpowerWeapon+1","floor":43},{"not_picked":["expansioncontent:HyperBeam","expansioncontent:GuardianWhirl"],"picked":"expansioncontent:LastStand","floor":44},{"not_picked":["theMarked:Memento+1","theMarked:Seal"],"picked":"theMarked:BindingBlade","floor":47},{"not_picked":["theMarked:Pokerface","theMarked:HeightenedSenses+1","theMarked:Electrify+1"],"picked":"SKIP","floor":48},{"not_picked":["theMarked:ChainLightning","theMarked:Reabsorb","theMarked:Improvise"],"picked":"SKIP","floor":49},{"not_picked":["theMarked:TakeCover+1","theMarked:ShockingTouch+1","theMarked:WastefulAttack+1"],"picked":"SKIP","floor":52}],"player_experience":124264,"relics_obtained":[{"floor":7.0,"key":"Replay:Arrowhead"},{"floor":8.0,"key":"downfall:GremlinWheel"},{"floor":9.0,"key":"Whetstone"},{"floor":11.0,"key":"Ornamental Fan"},{"floor":26.0,"key":"Replay:Ringing Soul"},{"floor":29.0,"key":"InkBottle"},{"floor":38,"key":"StoneCalendar"},{"floor":41,"key":"Replay:Bottled Steam"},{"floor":42,"key":"Omamori"},{"floor":48,"key":"theMarked:KettuFlask"},{"floor":52,"key":"Divine Protection"}],"event_choices":[{"damage_healed":0.0,"max_hp_gain":0.0,"max_hp_loss":0.0,"gold_gain":0.0,"event_name":"Wheel of Change","player_choice":"Relic","floor":11.0,"gold_loss":0.0,"damage_taken":0.0},{"damage_healed":0,"gold_gain":0,"player_choice":"Fight","damage_taken":0,"max_hp_gain":0,"max_hp_loss":0,"event_name":"Mysterious Sphere","floor":38,"gold_loss":0}],"is_beta":false,"boss_relics":[{"not_picked":["ReplayTheSpireMod:DimensionalGlitch","theMarked:BronzeBlade"],"picked":"theMarked:Eyepatch"},{"not_picked":["bronze:MakeshiftBattery","Replay:Drink Me"],"picked":"Coffee Dripper"}],"items_purged_floors":[13,31,37,45],"is_endless":false,"potions_floor_spawned":[2,8,10,16,28,30,36,38,42],"ascension_level":1}}