{"host":"mai03x2ekbjy4059","time":1611962425,"event":{"mods":["2.2 Compatiblity","BaseMod","Colored Map","DeckTracker","Keyboard Shortcuts","Minty Spire (QoL Compilation)","Permanent Neow","Quick Restart","SuperFastMode","everything is the same but u backflip on backflip"],"gold_per_floor":[362,362,362,362,381,419,443,443,443],"floor_reached":8,"language":"KOR","playtime":334,"items_purged":[],"score":59,"play_id":"48dc745e-31fb-4ab2-8c9a-cd515cfddc27","local_time":"20210130082025","is_ascension_mode":true,"campfire_choices":[],"circlet_count":0,"master_deck":["Strike_G","Strike_G","Strike_G","Strike_G","Defend_G","Defend_G","Defend_G","Defend_G","Survivor","Neutralize","Venomology","Accuracy","Backstab","Envenom"],"relics":["Ring of the Snake","Golden Idol","Pen Nib"],"acts_visited":["Exordium"],"potions_floor_usage":[6,6,6,8,8,8],"damage_taken":[{"damage":0.0,"enemies":"Cultist","floor":1.0,"turns":4.0},{"damage":0.0,"enemies":"2 Louse","floor":5.0,"turns":4.0},{"damage":32,"enemies":"3 Sentries","floor":6,"turns":21},{"damage":0,"enemies":"Small Slimes","floor":7,"turns":3},{"damage":5,"enemies":"Lagavulin","floor":8,"turns":7}],"seed_played":"-770865451340209060","potions_obtained":[{"floor":5.0,"key":"SkillPotion"},{"floor":6,"key":"Swift Potion"}],"is_trial":false,"path_per_floor":["M","?","?","?","M","E","M","E"],"character_chosen":"THE_SILENT","items_purchased":[],"campfire_rested":0,"item_purchase_floors":[],"current_hp_per_floor":[63,56,41,41,41,9,9,4,4],"gold":443,"neow_bonus":"TWO_FIFTY_GOLD","is_daily":false,"chose_seed":false,"campfire_upgraded":0,"win_rate":0.0,"timestamp":1611962425,"path_taken":["M","?","?","?","M","E","?","E"],"items_purchased_type":[],"build_version":"2020-12-22","purchased_purges":0,"victory":false,"max_hp_per_floor":[63,63,63,63,63,63,63,63,63],"card_choices":[{"not_picked":["Backflip","Outmaneuver","PiercingWail"],"picked":"SKIP","floor":1.0},{"not_picked":["Flechettes","Quick Slash"],"picked":"Accuracy","floor":5.0},{"not_picked":["Bane","Acrobatics"],"picked":"Backstab","floor":6},{"not_picked":["Dodge and Roll","Crippling Poison"],"picked":"Envenom","floor":7}],"player_experience":1158978,"relics_obtained":[{"floor":6,"key":"Pen Nib"}],"event_choices":[{"cards_removed":["Defend_G"],"damage_healed":0.0,"max_hp_gain":0.0,"max_hp_loss":0.0,"gold_gain":0.0,"event_name":"Golden Wing","player_choice":"Card Removal","floor":2.0,"gold_loss":0.0,"damage_taken":7.0},{"damage_healed":0.0,"max_hp_gain":0.0,"max_hp_loss":0.0,"gold_gain":0.0,"event_name":"Golden Idol","player_choice":"Take Damage","floor":3.0,"gold_loss":0.0,"damage_taken":15.0,"relics_obtained":["Golden Idol"]},{"damage_healed":0.0,"max_hp_gain":0.0,"max_hp_loss":0.0,"gold_gain":0.0,"cards_transformed":["Strike_G"],"event_name":"Transmorgrifier","player_choice":"Transformed","floor":4.0,"gold_loss":0.0,"damage_taken":0.0,"cards_obtained":["Venomology"]}],"is_beta":false,"boss_relics":[],"items_purged_floors":[],"is_endless":false,"potions_floor_spawned":[5,6],"killed_by":"Lagavulin","ascension_level":1}}