{"host":"s5i48q09v0un9rqc","time":1611935700,"event":{"mods":["BaseMod","BetterRewards","Highlight Path","Minty Spire (QoL Compilation)","Rare Cards Sparkle","Shop Mod"],"gold_per_floor":[114,130,130,141,157,157,187,200,223,223,237,267,267,294,294,390,390,403,415,429,429,429,464,464,495,495,495,506,506,376,411,411,516,516,530,547,212,212,229,229,260,273,296,312,342,342,360,379,379,379,379,379,143,169,169],"floor_reached":56,"language":"ZHS","playtime":2137,"items_purged":["Strike_R","Strike_R","Strike_R","Strike_R"],"score":1416,"play_id":"1cea5037-0a3f-4698-93d1-391f82df2907","local_time":"20210129235500","is_ascension_mode":true,"campfire_choices":[{"data":"Battle Trance","floor":6.0,"key":"SMITH"},{"data":"Limit Break","floor":10.0,"key":"SMITH"},{"data":"Spot Weakness","floor":13.0,"key":"SMITH"},{"floor":15.0,"key":"RECALL"},{"data":"Whirlwind","floor":24.0,"key":"SMITH"},{"data":"Power Through","floor":27.0,"key":"SMITH"},{"data":"Ghostly","floor":29.0,"key":"SMITH"},{"data":"Ghostly","floor":32.0,"key":"SMITH"},{"data":"Barricade","floor":40.0,"key":"SMITH"},{"data":"Bloodletting","floor":46.0,"key":"SMITH"},{"data":"Ghostly","floor":49.0,"key":"SMITH"},{"data":"Ghostly","floor":52.0,"key":"SMITH"}],"circlet_count":0,"master_deck":["Strike_R","Defend_R+1","Defend_R+1","Defend_R","Defend_R","Bash","Battle Trance+1","Power Through+1","Limit Break+1","Spot Weakness+1","Berserk","Ghostly+1","Ghostly+1","Ghostly+1","Ghostly","Ghostly+1","Whirlwind+1","Impervious","Barricade+1","True Grit+1","Ghostly+1","Bloodletting+1","Shockwave+1","Dark Embrace"],"relics":["Black Blood","Chemical X","Matryoshka","OrangePellets","Bronze Scales","War Paint","MealTicket","Potion Belt","Bag of Marbles","Anchor","Enchiridion","Unceasing Top","Singing Bowl","Smiling Mask","Pear","Self Forming Clay","Coffee Dripper","Ice Cream","StoneCalendar","Magic Flower","TheAbacus","Boot"],"acts_visited":["Exordium","TheCity","TheBeyond","TheEnding"],"potions_floor_usage":[55,55,55,55,55,55],"damage_taken":[{"damage":1.0,"enemies":"Cultist","floor":1.0,"turns":3.0},{"damage":5.0,"enemies":"Jaw Worm","floor":2.0,"turns":4.0},{"damage":5.0,"enemies":"Small Slimes","floor":4.0,"turns":3.0},{"damage":2.0,"enemies":"Blue Slaver","floor":5.0,"turns":4.0},{"damage":16.0,"enemies":"3 Sentries","floor":7.0,"turns":13.0},{"damage":0.0,"enemies":"Lots of Slimes","floor":8.0,"turns":2.0},{"damage":0.0,"enemies":"Gremlin Gang","floor":11.0,"turns":7.0},{"damage":36.0,"enemies":"Gremlin Nob","floor":12.0,"turns":5.0},{"damage":4.0,"enemies":"3 Sentries","floor":14.0,"turns":7.0},{"damage":3.0,"enemies":"The Guardian","floor":16.0,"turns":9.0},{"damage":22.0,"enemies":"2 Thieves","floor":18.0,"turns":5.0},{"damage":3.0,"enemies":"3 Byrds","floor":19.0,"turns":3.0},{"damage":3.0,"enemies":"Snecko","floor":20.0,"turns":3.0},{"damage":5.0,"enemies":"Book of Stabbing","floor":23.0,"turns":6.0},{"damage":3.0,"enemies":"Gremlin Leader","floor":25.0,"turns":5.0},{"damage":3.0,"enemies":"Snake Plant","floor":28.0,"turns":4.0},{"damage":0.0,"enemies":"Book of Stabbing","floor":31.0,"turns":5.0},{"damage":36.0,"enemies":"Automaton","floor":33.0,"turns":8.0},{"damage":4.0,"enemies":"3 Darklings","floor":35.0,"turns":4.0},{"damage":4.0,"enemies":"3 Shapes","floor":36.0,"turns":4.0},{"damage":1.0,"enemies":"Jaw Worm Horde","floor":39.0,"turns":2.0},{"damage":1.0,"enemies":"Giant Head","floor":41.0,"turns":7.0},{"damage":1.0,"enemies":"Transient","floor":42.0,"turns":5.0},{"damage":0.0,"enemies":"4 Shapes","floor":44.0,"turns":1.0},{"damage":7.0,"enemies":"Reptomancer","floor":45.0,"turns":6.0},{"damage":2.0,"enemies":"Writhing Mass","floor":47.0,"turns":5.0},{"damage":2.0,"enemies":"3 Darklings","floor":48.0,"turns":2.0},{"damage":9.0,"enemies":"Time Eater","floor":50.0,"turns":7.0},{"damage":9.0,"enemies":"Shield and Spear","floor":54.0,"turns":4.0},{"damage":13,"enemies":"The Heart","floor":55,"turns":7}],"seed_played":"-7187144125868278513","potions_obtained":[{"floor":4.0,"key":"Explosive Potion"},{"floor":5.0,"key":"Dexterity Potion"},{"floor":7.0,"key":"GamblersBrew"},{"floor":11.0,"key":"SmokeBomb"},{"floor":16.0,"key":"FearPotion"},{"floor":18.0,"key":"AttackPotion"},{"floor":19.0,"key":"FairyPotion"},{"floor":31.0,"key":"Dexterity Potion"},{"floor":39.0,"key":"PowerPotion"},{"floor":45.0,"key":"SteroidPotion"},{"floor":47.0,"key":"DuplicationPotion"}],"is_trial":false,"path_per_floor":["M","M","?","M","M","R","E","M","T","R","M","E","R","E","R","B",null,"M","M","M","?","?","E","R","E","T","R","M","R","$","E","R","B",null,"M","M","$","?","M","R","E","M","T","M","E","R","M","M","R","B",null,"R","$","E","B",null],"character_chosen":"IRONCLAD","items_purchased":["Chemical X","Matryoshka","OrangePellets","EntropicBrew","Bronze Scales","Impervious","Ice Cream","Dark Embrace","TheAbacus"],"campfire_rested":0,"item_purchase_floors":[0,0,0,0,0,30,37,53,53],"current_hp_per_floor":[49,50,50,51,55,55,45,51,51,51,57,27,27,29,29,32,80,70,79,80,40,24,31,31,42,52,52,54,54,54,56,56,32,56,58,58,58,58,60,60,60,60,60,62,64,64,66,68,68,68,68,68,68,70,70],"gold":169,"neow_bonus":"","is_daily":false,"chose_seed":false,"campfire_upgraded":11,"win_rate":0.0,"timestamp":1611935700,"path_taken":["M","M","?","M","M","R","E","?","T","R","M","E","R","E","R","BOSS","M","M","M","?","?","E","R","E","T","R","M","R","$","E","R","BOSS","M","M","$","?","M","R","E","?","T","M","E","R","M","M","R","BOSS","R","$","E","BOSS"],"items_purchased_type":["Relic","Relic","Relic","Potion","Relic","Card","Relic","Card","Relic"],"build_version":"2020-12-22","purchased_purges":4,"victory":true,"max_hp_per_floor":[80,80,80,80,80,80,80,80,80,80,80,80,80,80,80,80,80,80,80,80,40,40,40,40,42,52,52,54,54,54,56,56,56,56,58,58,58,58,60,60,60,60,60,62,64,64,66,68,68,68,68,68,68,70,70],"card_choices":[{"not_picked":["Wild Strike","Shrug It Off"],"picked":"Battle Trance","floor":1.0},{"not_picked":["Combust","Clash","Perfected Strike"],"picked":"SKIP","floor":2.0},{"not_picked":["Iron Wave","Pommel Strike","Rage"],"picked":"SKIP","floor":4.0},{"not_picked":["Sword Boomerang","Clothesline","Sever Soul"],"picked":"SKIP","floor":5.0},{"not_picked":["Clothesline","Searing Blow","Cleave"],"picked":"SKIP","floor":7.0},{"not_picked":["Iron Wave","Pummel"],"picked":"Limit Break","floor":8.0},{"not_picked":["Perfected Strike","Cleave"],"picked":"Spot Weakness","floor":11.0},{"not_picked":["Flame Barrier","Perfected Strike","Fiend Fire"],"picked":"SKIP","floor":12.0},{"not_picked":["Armaments","Warcry","Cleave"],"picked":"SKIP","floor":14.0},{"not_picked":["Double Tap","Exhume"],"picked":"Berserk","floor":16.0},{"not_picked":["Rampage","Body Slam","Heavy Blade+1"],"picked":"SKIP","floor":18.0},{"not_picked":["Spot Weakness+1","Clothesline","Rage"],"picked":"SKIP","floor":19.0},{"not_picked":["Disarm+1","Body Slam+1","Pommel Strike"],"picked":"SKIP","floor":20.0},{"not_picked":["Disarm+1","Body Slam+1","Pommel Strike"],"picked":"SKIP","floor":20.0},{"not_picked":["Juggernaut","Twin Strike"],"picked":"Whirlwind","floor":23.0},{"not_picked":["Twin Strike","Searing Blow","Armaments+1"],"picked":"Singing Bowl","floor":25.0},{"not_picked":["Warcry","Wild Strike","Blood for Blood+1"],"picked":"Singing Bowl","floor":28.0},{"not_picked":["Iron Wave+1","Power Through","Uppercut+1"],"picked":"Singing Bowl","floor":31.0},{"not_picked":["Bludgeon","Double Tap"],"picked":"Barricade","floor":33.0},{"not_picked":["Headbutt+1","Dropkick","Clothesline"],"picked":"Singing Bowl","floor":35.0},{"not_picked":["Clothesline+1","Thunderclap"],"picked":"True Grit+1","floor":36.0},{"not_picked":["Clash+1","Twin Strike+1","Perfected Strike+1"],"picked":"Singing Bowl","floor":39.0},{"not_picked":["Shrug It Off+1","Dual Wield+1"],"picked":"Bloodletting","floor":41.0},{"not_picked":["Metallicize","Evolve"],"picked":"Shockwave+1","floor":42.0},{"not_picked":["Iron Wave+1","Immolate","Havoc"],"picked":"Singing Bowl","floor":44.0},{"not_picked":["True Grit+1","Feed","Demon Form"],"picked":"Singing Bowl","floor":45.0},{"not_picked":["Seeing Red","Flex+1","Rampage"],"picked":"Singing Bowl","floor":47.0},{"not_picked":["Shrug It Off","Carnage","Twin Strike"],"picked":"Singing Bowl","floor":48.0},{"not_picked":["Twin Strike+1","Headbutt+1","Dark Embrace"],"picked":"Singing Bowl","floor":54.0}],"player_experience":817608,"relics_obtained":[{"floor":7.0,"key":"War Paint"},{"floor":9.0,"key":"MealTicket"},{"floor":9.0,"key":"Potion Belt"},{"floor":12.0,"key":"Bag of Marbles"},{"floor":14.0,"key":"Anchor"},{"floor":22.0,"key":"Enchiridion"},{"floor":23.0,"key":"Unceasing Top"},{"floor":25.0,"key":"Singing Bowl"},{"floor":26.0,"key":"Smiling Mask"},{"floor":26.0,"key":"Pear"},{"floor":31.0,"key":"Self Forming Clay"},{"floor":41.0,"key":"StoneCalendar"},{"floor":45.0,"key":"Magic Flower"},{"floor":54.0,"key":"Boot"}],"event_choices":[{"damage_healed":0.0,"max_hp_gain":0.0,"max_hp_loss":0.0,"gold_gain":0.0,"event_name":"Match and Keep!","player_choice":"1 cards matched","floor":3.0,"gold_loss":0.0,"damage_taken":0.0,"cards_obtained":["Power Through"]},{"damage_healed":0.0,"max_hp_gain":0.0,"max_hp_loss":40.0,"gold_gain":0.0,"event_name":"Ghosts","player_choice":"Became a Ghost","floor":21.0,"gold_loss":0.0,"damage_taken":0.0,"cards_obtained":["Ghostly","Ghostly","Ghostly","Ghostly","Ghostly"]},{"damage_healed":0.0,"max_hp_gain":0.0,"max_hp_loss":0.0,"gold_gain":0.0,"event_name":"Cursed Tome","player_choice":"Obtained Book","floor":22.0,"gold_loss":0.0,"damage_taken":16.0},{"damage_healed":0.0,"max_hp_gain":0.0,"max_hp_loss":0.0,"gold_gain":0.0,"event_name":"Duplicator","player_choice":"Copied","floor":38.0,"gold_loss":0.0,"damage_taken":0.0,"cards_obtained":["Ghostly"]}],"is_beta":false,"boss_relics":[{"not_picked":["Ectoplasm","Cursed Key"],"picked":"Black Blood"},{"not_picked":["Velvet Choker","Calling Bell"],"picked":"Coffee Dripper"}],"items_purged_floors":[0,30,37,53],"is_endless":false,"potions_floor_spawned":[4,5,7,11,16,18,19,31,39,45,47],"ascension_level":1}}