{"host":"k88fqnqg39joo1wf","time":1611892710,"event":{"mods":["Act Like it!","BaseMod","Colored Powertips","Highlight Path","Mimic Mod","Minty Spire (QoL Compilation)","StSLib","The Marked","Wandering Minibosses"],"gold_per_floor":[111,125,49,224,116,142,156,156,156,214,214,214,214,246,258,374,386,409,390,402,374,406,418,448,460,472,484,244,274,314,377,377,474,474,484,484,484,158,169,201,218,218,249,249,249,295,295,295],"floor_reached":47,"language":"ENG","playtime":2033,"items_purged":["Doubt","Doubt"],"score":701,"play_id":"097e7974-1dc3-4e63-a68e-f86b454cd6d6","local_time":"20210128215830","is_ascension_mode":false,"campfire_choices":[{"data":"theMarked:MysticalArsenal","floor":8,"key":"SMITH"},{"floor":13,"key":"REST"},{"data":"theMarked:Abjuration","floor":15,"key":"SMITH"},{"floor":23,"key":"REST"},{"floor":25,"key":"REST"},{"floor":32,"key":"REST"},{"floor":44,"key":"REST"}],"circlet_count":0,"master_deck":["theMarked:Strike","theMarked:Strike","theMarked:Strike","theMarked:Strike","theMarked:Strike","theMarked:Defend","theMarked:Defend","theMarked:Defend","theMarked:Defend","theMarked:SoldierOfQuellstein","theMarked:BanishingStrike","theMarked:Reabsorb","theMarked:OneWithTheBlade","theMarked:MysticalArsenal+1","theMarked:BanishingStrike","theMarked:Polarize+1","theMarked:WardOff","theMarked:Abjuration+1","theMarked:DispelDoubt","theMarked:Heritage","theMarked:Indomitable+1","theMarked:BanishingStrike","theMarked:BanishingStrike","Necronomicurse","theMarked:WardOff","theMarked:RepellingDischarge+1","theMarked:WardOff+1","theMarked:Levitate+1","theMarked:BanishingStrike+1","theMarked:RepellingDischarge+1","theMarked:WardOff+1","theMarked:BindingBlade+1","theMarked:ResourceFulStrike+1","Doubt","theMarked:BanishingWave+1","theMarked:RepellingDischarge+1"],"relics":["theMarked:ArtifactOfAir","FossilizedHelix","Bottled Tornado","Nunchaku","MawBank","Cursed Key","Art of War","Necronomicon","PreservedInsect","Bronze Scales","Toxic Egg 2","wanderingMiniBosses:ThiefScarf","Shuriken","NeowsBlessing","Black Star","Spirit Poop","Molten Egg 2","Shovel","MealTicket","Prayer Wheel","Orichalcum","Girya"],"acts_visited":["Exordium","TheCity","TheBeyond"],"potions_floor_usage":[16,19,31,40,47],"damage_taken":[{"damage":0,"enemies":"Small Slimes","floor":1,"turns":1},{"damage":0,"enemies":"Jaw Worm","floor":2,"turns":1},{"damage":0,"enemies":"3 Sentries","floor":6,"turns":2},{"damage":0,"enemies":"2 Louse","floor":7,"turns":2},{"damage":14,"enemies":"Lagavulin Event","floor":10,"turns":5},{"damage":13,"enemies":"Gremlin Nob","floor":14,"turns":4},{"damage":21,"enemies":"The Guardian","floor":16,"turns":7},{"damage":0,"enemies":"Shell Parasite","floor":18,"turns":3},{"damage":24,"enemies":"3 Byrds","floor":19,"turns":7},{"damage":8,"enemies":"Centurion and Healer","floor":22,"turns":6},{"damage":1,"enemies":"Cultist and Chosen","floor":24,"turns":4},{"damage":0,"enemies":"Gremlin Leader","floor":29,"turns":2},{"damage":0,"enemies":"3 Cultists","floor":30,"turns":3},{"damage":6,"enemies":"3 Cultists","floor":31,"turns":7},{"damage":0,"enemies":"Automaton","floor":33,"turns":1},{"damage":0,"enemies":"3 Darklings","floor":35,"turns":2},{"damage":0,"enemies":"Orb Walker","floor":39,"turns":1},{"damage":20,"enemies":"Reptomancer","floor":40,"turns":4},{"damage":10,"enemies":"3 Darklings","floor":41,"turns":4},{"damage":9,"enemies":"4 Shapes","floor":43,"turns":7},{"damage":44,"enemies":"2 Orb Walkers","floor":46,"turns":4},{"damage":51,"enemies":"Nemesis","floor":47,"turns":4}],"seed_played":"-7635035257218408371","potions_obtained":[{"floor":7,"key":"Fire Potion"},{"floor":10,"key":"SpeedPotion"},{"floor":16,"key":"Explosive Potion"},{"floor":19,"key":"Block Potion"},{"floor":21,"key":"Fire Potion"},{"floor":21,"key":"SkillPotion"},{"floor":31,"key":"FearPotion"},{"floor":33,"key":"DuplicationPotion"},{"floor":46,"key":"Explosive Potion"}],"is_trial":false,"path_per_floor":["M","M","$","?","$","E","M","R","T","?","?","?","R","E","R","B",null,"M","M","?","?","M","R","M","R","T","?","$","E","MIM","M","R","B",null,"M","?","?","$","M","E","M","?","MIM","R","?","?","E"],"character_chosen":"THE_DEFAULT","items_purchased":["theMarked:OneWithTheBlade","theMarked:MysticalArsenal","PreservedInsect","Molten Egg 2","theMarked:BanishingStrike+1","theMarked:RepellingDischarge+1"],"campfire_rested":5,"item_purchase_floors":[3,5,28,38,38,38],"current_hp_per_floor":[70,70,70,70,70,70,70,70,70,56,44,44,65,52,52,31,70,70,46,33,33,25,47,46,68,68,52,52,52,52,46,68,68,75,75,75,75,75,75,55,45,45,36,58,58,14,0,0],"gold":295,"neow_bonus":"THREE_ENEMY_KILL","is_daily":false,"chose_seed":false,"campfire_upgraded":2,"win_rate":0.0,"timestamp":1611892710,"path_taken":["M","M","$","?","?","E","M","R","T","?","?","?","R","E","R","BOSS","M","M","?","?","?","R","M","R","T","?","?","E","?","M","R","BOSS","M","?","?","$","?","E","M","?","MIM","R","?","?","E"],"items_purchased_type":["Card","Card","Relic","Relic","Card","Card"],"build_version":"2020-12-22","purchased_purges":2,"victory":false,"max_hp_per_floor":[70,70,70,70,70,70,70,70,70,70,70,70,70,70,70,70,70,70,70,75,75,75,75,75,75,75,75,75,75,75,75,75,75,75,75,75,75,75,75,75,75,75,75,75,75,75,75,75],"card_choices":[{"not_picked":["theMarked:Panic","theMarked:ShockingTouch"],"picked":"theMarked:BanishingStrike","floor":1},{"not_picked":["theMarked:WastefulAttack","theMarked:Aftermath"],"picked":"theMarked:Reabsorb","floor":2},{"not_picked":["theMarked:ShockingTouch","theMarked:Memento"],"picked":"theMarked:BanishingStrike","floor":6},{"not_picked":["theMarked:WastefulAttack","theMarked:Improvise"],"picked":"theMarked:Polarize","floor":7},{"not_picked":["theMarked:Memento","theMarked:Parry"],"picked":"theMarked:WardOff","floor":10},{"not_picked":["theMarked:WardOff","theMarked:Improvise"],"picked":"theMarked:Abjuration","floor":14},{"not_picked":["theMarked:Vacuum","theMarked:ThrowWeapon"],"picked":"theMarked:DispelDoubt","floor":16},{"not_picked":["theMarked:Parkour","theMarked:ShockingTouch+1"],"picked":"theMarked:Heritage","floor":18},{"not_picked":["theMarked:BanishingStrike","theMarked:Improvise"],"picked":"theMarked:Indomitable+1","floor":19},{"not_picked":["theMarked:Parry","theMarked:TwofoldDefense"],"picked":"theMarked:BanishingStrike","floor":22},{"not_picked":["theMarked:ChainLightning","theMarked:RepellingDischarge"],"picked":"theMarked:BanishingStrike","floor":24},{"not_picked":["theMarked:SwordAndMagic","theMarked:ElectricStrings+1"],"picked":"theMarked:WardOff","floor":29},{"not_picked":["theMarked:Reabsorb+1","theMarked:RogueSparks"],"picked":"theMarked:RepellingDischarge+1","floor":30},{"not_picked":["theMarked:ChannelForce+1","theMarked:Parkour"],"picked":"theMarked:WardOff+1","floor":31},{"not_picked":["theMarked:ThrowWeapon","theMarked:Toughness"],"picked":"theMarked:Levitate+1","floor":33},{"not_picked":["theMarked:Friction+1","theMarked:WastefulAttack+1"],"picked":"theMarked:BanishingStrike+1","floor":35},{"not_picked":["theMarked:Parkour+1","theMarked:EmpowerWeapon+1"],"picked":"theMarked:WardOff+1","floor":39},{"not_picked":["theMarked:ChainLightning+1","theMarked:RogueSparks+1"],"picked":"theMarked:BindingBlade+1","floor":40},{"not_picked":["theMarked:Aftermath+1","theMarked:TakeCover+1"],"picked":"theMarked:ResourceFulStrike+1","floor":41},{"not_picked":["theMarked:ParalyzingBlade+1","theMarked:Frustration+1"],"picked":"theMarked:BanishingWave+1","floor":43},{"not_picked":["theMarked:Improvise+1","theMarked:Friction+1"],"picked":"theMarked:RepellingDischarge+1","floor":46}],"player_experience":201921,"relics_obtained":[{"floor":6,"key":"FossilizedHelix"},{"floor":9,"key":"Bottled Tornado"},{"floor":10,"key":"Nunchaku"},{"floor":14,"key":"MawBank"},{"floor":26,"key":"Art of War"},{"floor":27,"key":"Necronomicon"},{"floor":29,"key":"Bronze Scales"},{"floor":30,"key":"Toxic Egg 2"},{"floor":31,"key":"wanderingMiniBosses:ThiefScarf"},{"floor":31,"key":"Shuriken"},{"floor":31,"key":"NeowsBlessing"},{"floor":40,"key":"Shovel"},{"floor":40,"key":"MealTicket"},{"floor":46,"key":"Prayer Wheel"}],"event_choices":[{"damage_healed":0,"gold_gain":175,"player_choice":"AGREE","damage_taken":0,"max_hp_gain":0,"max_hp_loss":0,"event_name":"Liars Game","floor":4,"gold_loss":0,"cards_obtained":["Doubt"]},{"damage_healed":0,"gold_gain":0,"player_choice":"Searched \u00272\u0027 times","damage_taken":0,"max_hp_gain":0,"max_hp_loss":0,"event_name":"Dead Adventurer","floor":10,"gold_loss":0},{"damage_healed":0,"gold_gain":0,"player_choice":"Success","damage_taken":12,"relics_obtained":["Shuriken"],"max_hp_gain":0,"max_hp_loss":0,"event_name":"Scrap Ooze","floor":11,"gold_loss":0},{"damage_healed":0,"gold_gain":0,"player_choice":"Grow","damage_taken":0,"max_hp_gain":0,"max_hp_loss":0,"event_name":"Living Wall","floor":12,"gold_loss":0,"cards_upgraded":["theMarked:Polarize"]},{"damage_healed":0,"gold_gain":0,"player_choice":"Shed Blood","damage_taken":18,"max_hp_gain":5,"max_hp_loss":0,"event_name":"Forgotten Altar","floor":20,"gold_loss":0},{"damage_healed":0,"gold_gain":0,"player_choice":"Bought 3 Potions","damage_taken":0,"max_hp_gain":0,"max_hp_loss":0,"event_name":"The Woman in Blue","floor":21,"gold_loss":0},{"damage_healed":0,"gold_gain":0,"player_choice":"Obtained Book","damage_taken":16,"max_hp_gain":0,"max_hp_loss":0,"event_name":"Cursed Tome","floor":27,"gold_loss":0},{"damage_healed":0,"gold_gain":0,"player_choice":"Ignored","damage_taken":0,"max_hp_gain":0,"max_hp_loss":0,"event_name":"Tomb of Lord Red Mask","floor":36,"gold_loss":0},{"cards_removed":["Normality"],"damage_healed":0,"gold_gain":0,"player_choice":"Offered Curse","damage_taken":0,"relics_obtained":["Spirit Poop"],"max_hp_gain":0,"max_hp_loss":0,"event_name":"Bonfire Elementals","floor":37,"gold_loss":0},{"damage_healed":0,"gold_gain":0,"player_choice":"Ignored","damage_taken":0,"max_hp_gain":0,"max_hp_loss":0,"event_name":"NoteForYourself","floor":42,"gold_loss":0},{"cards_removed":["theMarked:BanishingStrike"],"damage_healed":0,"gold_gain":0,"player_choice":"Removed Attack","damage_taken":0,"max_hp_gain":0,"max_hp_loss":0,"event_name":"Falling","floor":45,"gold_loss":0},{"damage_healed":0,"gold_gain":0,"player_choice":"Fight","damage_taken":0,"max_hp_gain":0,"max_hp_loss":0,"event_name":"Mysterious Sphere","floor":46,"gold_loss":0}],"is_beta":false,"boss_relics":[{"not_picked":["Velvet Choker","Ectoplasm"],"picked":"Cursed Key"},{"not_picked":["Astrolabe","SacredBark"],"picked":"Black Star"}],"items_purged_floors":[5,28],"is_endless":false,"potions_floor_spawned":[7,10,16,19,22,31,33,39,46],"killed_by":"Nemesis","ascension_level":0}}