{"host":"r20plk0ye00cesdc","time":1611917544,"event":{"mods":["BaseMod","Better Third Choice","Colored Powertips","Downfall","GifTheSpireLib","Minty Spire (QoL Compilation)","Quick Restart","StSLib"],"gold_per_floor":[99,99,110,129,142,47,47,47,47,67,67,78,78,178,197,298,298,298,316,329,63,63,73,100,100,6,25,38,67,67,81,91,188,188,88,100,119,137,487,587,587,30,41,75,75,94,123,139,155,155,155,155],"floor_reached":50,"language":"ENG","playtime":3460,"items_purged":[],"score":670,"play_id":"45096a8c-d27a-4959-bc6d-8f3c10a3a14c","local_time":"20210129055224","is_ascension_mode":false,"campfire_choices":[{"data":"Guardian:CurlUp","floor":1,"key":"SMITH"},{"data":"Guardian:TwinSlam","floor":9,"key":"SMITH"},{"data":"Guardian:HyperBeam_Guardian","floor":11,"key":"SMITH"},{"data":"Guardian:BodySlam","floor":13,"key":"SMITH"},{"data":"Guardian:EvasiveProtocol","floor":18,"key":"SMITH"},{"floor":30,"key":"RECALL"},{"data":"Guardian:Planning","floor":35,"key":"SMITH"},{"data":"Guardian:Defend_Guardian","floor":45,"key":"SMITH"}],"circlet_count":0,"master_deck":["Guardian:Strike_Guardian","Guardian:Strike_Guardian","Guardian:Strike_Guardian","Guardian:Defend_Guardian","Guardian:Defend_Guardian","Guardian:Defend_Guardian+1","Guardian:CurlUp+1","Guardian:TwinSlam+1","Guardian:Planning+1","Guardian:EvasiveProtocol+1","Guardian:HyperBeam_Guardian+1","Guardian:BodySlam+1","Guardian:WalkerClaw+1","Guardian:Incinerate+1","Guardian:StasisStrike+1","CurseOfTheBell","Guardian:RollAttack+1","Guardian:ShieldCharger+1","Ghostly+1","Ghostly+1","Ghostly+1","Ghostly+1","Ghostly+1","Guardian:ShieldSpikes+1","Guardian:RevengeProtocol+1","Guardian:SpikerProtocol+1","Guardian:MultiBeam+1","Guardian:TemporalStrike+1","Guardian:PrimingBeam+1","Guardian:StasisField+1","Guardian:BodySlam+1","Guardian:TemporalShield+1","Guardian:ShieldCharger+1","Guardian:PiercingHide+1","Guardian:Repulse+1","Doubt","Guardian:Recover+1","Guardian:TimeCapacitor+1","Guardian:TemporalStrike+1","Guardian:PrimingBeam+1","Guardian:TimeCapacitor+1","Guardian:Reroute+1","Guardian:Suspension+1","Guardian:Reroute+1"],"relics":["Guardian:ModeShifter","Molten Egg 2","Calling Bell","Bronze Scales","Toxic Egg 2","Calipers","Frozen Egg 2","Nunchaku","Boot","Cursed Key","downfall:HeartBlessingRed","Old Coin","Potion Belt","Lee\u0027s Waffle","Incense Burner","Ice Cream","InkBottle"],"acts_visited":["Exordium","TheCity","TheBeyond"],"potions_floor_usage":[16,32,32,43,46,46,49],"damage_taken":[{"damage":10,"enemies":"Small Slimes","floor":3,"turns":4},{"damage":0,"enemies":"2 Louse","floor":4,"turns":3},{"damage":1,"enemies":"Jaw Worm","floor":5,"turns":4},{"damage":0,"enemies":"downfall:FleeingMerchant","floor":6,"turns":4},{"damage":0,"enemies":"2 Fungi Beasts","floor":10,"turns":1},{"damage":8,"enemies":"Lots of Slimes","floor":12,"turns":3},{"damage":10,"enemies":"3 Louse","floor":15,"turns":3},{"damage":37,"enemies":"WA_ARCHETYPE_RETAIN","floor":16,"turns":10},{"damage":8,"enemies":"Shell Parasite","floor":19,"turns":4},{"damage":5,"enemies":"Cultist and Chosen","floor":20,"turns":5},{"damage":5,"enemies":"downfall:FleeingMerchant","floor":21,"turns":4},{"damage":0,"enemies":"Snake Plant","floor":23,"turns":3},{"damage":0,"enemies":"downfall:FleeingMerchant","floor":26,"turns":4},{"damage":0,"enemies":"3 Cultists","floor":27,"turns":4},{"damage":6,"enemies":"Shelled Parasite and Fungi","floor":28,"turns":6},{"damage":12,"enemies":"Book of Stabbing","floor":29,"turns":5},{"damage":0,"enemies":"Centurion and Healer","floor":31,"turns":6},{"damage":0,"enemies":"Snecko","floor":32,"turns":5},{"damage":11,"enemies":"IC_MUSHROOM_ARCHETYPE","floor":33,"turns":8},{"damage":0,"enemies":"Orb Walker","floor":36,"turns":4},{"damage":0,"enemies":"3 Darklings","floor":37,"turns":3},{"damage":0,"enemies":"Spire Growth","floor":38,"turns":4},{"damage":0,"enemies":"Spire Growth","floor":39,"turns":7},{"damage":0,"enemies":"downfall:LadyInBlue","floor":40,"turns":11},{"damage":0,"enemies":"downfall:FleeingMerchant","floor":42,"turns":4},{"damage":0,"enemies":"4 Shapes","floor":43,"turns":4},{"damage":0,"enemies":"Nemesis","floor":44,"turns":9},{"damage":0,"enemies":"Writhing Mass","floor":46,"turns":4},{"damage":0,"enemies":"Giant Head","floor":47,"turns":8},{"damage":0,"enemies":"Spire Growth","floor":48,"turns":5},{"damage":1,"enemies":"4 Shapes","floor":49,"turns":2},{"damage":53,"enemies":"SI_POISON_ARCHETYPE","floor":50,"turns":9}],"seed_played":"2538613954431537602","potions_obtained":[{"floor":10,"key":"LiquidMemories"},{"floor":15,"key":"LiquidBronze"},{"floor":16,"key":"PowerPotion"},{"floor":28,"key":"Fire Potion"},{"floor":29,"key":"Guardian:StasisDiscoveryPotion"},{"floor":33,"key":"SteroidPotion"},{"floor":39,"key":"Explosive Potion"},{"floor":40,"key":"DistilledChaos"},{"floor":40,"key":"Swift Potion"},{"floor":43,"key":"EssenceOfSteel"},{"floor":46,"key":"Weak Potion"}],"is_trial":false,"path_per_floor":["R","?","M","M","M","$","T","?","R","M","R","M","R","?","M","B",null,"R","M","M","$","?","M","T","?","$","M","M","E","R","M","M","B",null,"R","M","M","M","?","?","T","$","M","E","R","M","E","M","M","B"],"character_chosen":"GUARDIAN","items_purchased":["Guardian:BodySlam","Frozen Egg 2","Guardian:SpikerProtocol+1","Guardian:TimeCapacitor+1","Lee\u0027s Waffle","Guardian:TemporalStrike+1","Incense Burner"],"campfire_rested":0,"item_purchase_floors":[6,21,26,42,42,42,42],"current_hp_per_floor":[88,88,78,78,77,77,77,77,77,77,77,69,69,69,59,22,88,88,80,75,70,44,44,44,44,44,44,38,26,26,26,26,15,44,44,44,44,44,44,44,44,51,51,51,51,51,51,51,50,0,0,0],"gold":155,"neow_bonus":"TEN_PERCENT_HP_BONUS","is_daily":false,"chose_seed":false,"campfire_upgraded":7,"win_rate":0.0,"timestamp":1611917544,"path_taken":["R","?","M","M","M","$","T","?","R","M","R","M","R","?","M","BOSS","R","M","M","$","?","M","T","?","$","M","M","E","R","M","M","BOSS","R","M","M","M","?","?","T","$","M","E","R","M","E","?","M","BOSS"],"items_purchased_type":["Card","Relic","Card","Card","Relic","Card","Relic"],"build_version":"2020-12-22","purchased_purges":0,"victory":false,"max_hp_per_floor":[88,88,88,88,88,88,88,88,88,88,88,88,88,88,88,88,88,88,88,88,88,44,44,44,44,44,44,44,44,44,44,44,44,44,44,44,44,44,44,44,44,51,51,51,51,51,51,51,51,51,51,51],"card_choices":[{"not_picked":["Guardian:Incinerate","Guardian:Suspension"],"picked":"Guardian:Planning","floor":3},{"not_picked":["Guardian:BronzeArmor","Guardian:VentSteam"],"picked":"Guardian:EvasiveProtocol","floor":4},{"not_picked":["Guardian:Gem_Fragmented","Guardian:Recover"],"picked":"Guardian:Gem_Cyan","floor":5},{"not_picked":["Guardian:Gem_Lightblue","Guardian:Suspension"],"picked":"Guardian:HyperBeam_Guardian","floor":6},{"not_picked":["Guardian:TemporalShield","Guardian:Gem_Lightblue"],"picked":"Guardian:WalkerClaw+1","floor":10},{"not_picked":["Guardian:VentSteam","Guardian:Planning"],"picked":"Guardian:Gem_Purple","floor":12},{"not_picked":["Guardian:Preprogram","Guardian:ShieldCharger"],"picked":"Guardian:Incinerate+1","floor":15},{"not_picked":["Guardian:SphericShield","Guardian:BaubleBeam+1"],"picked":"Guardian:StasisStrike+1","floor":16},{"not_picked":["Guardian:PrimingBeam+1","Guardian:Gem_Red"],"picked":"Guardian:RollAttack+1","floor":19},{"not_picked":["Guardian:PiercingHide+1","Guardian:CrystalBeam+1"],"picked":"Guardian:Gem_Blue","floor":20},{"not_picked":["Guardian:Gem_Purple","Guardian:ChargeCore+1"],"picked":"Guardian:ShieldCharger+1","floor":21},{"not_picked":["Guardian:TimeBomb+1","Guardian:ChargeCore+1"],"picked":"Guardian:ShieldSpikes+1","floor":23},{"not_picked":["Guardian:TemporalShield+1","Guardian:PiercingHide+1"],"picked":"Guardian:RevengeProtocol+1","floor":26},{"not_picked":["Guardian:Gem_Lightblue","Guardian:Gem_Cyan"],"picked":"Guardian:Gem_Crimson","floor":27},{"not_picked":["Guardian:ShieldSpikes+1","Guardian:GuardianWhirl+1"],"picked":"Guardian:Gem_Yellow","floor":28},{"not_picked":["Guardian:ChargeCore+1","Guardian:RollAttack+1"],"picked":"Guardian:MultiBeam+1","floor":29},{"not_picked":["Guardian:Gem_Red","Guardian:Planning+1"],"picked":"Guardian:TemporalStrike+1","floor":31},{"not_picked":["Guardian:TemporalShield+1","Guardian:RollAttack+1"],"picked":"Guardian:PrimingBeam+1","floor":32},{"not_picked":["Guardian:Gem_Synthetic","Guardian:RevengeProtocol+1"],"picked":"Guardian:StasisField+1","floor":33},{"not_picked":["Guardian:MultiBeam+1","Guardian:ShieldSpikes+1"],"picked":"Guardian:BodySlam+1","floor":36},{"not_picked":["Guardian:RollAttack+1","Guardian:TemporalStrike+1"],"picked":"Guardian:TemporalShield+1","floor":37},{"not_picked":["Guardian:TimeCapacitor+1","Guardian:ChargeCore+1"],"picked":"Guardian:ShieldCharger+1","floor":38},{"not_picked":["Guardian:Gem_Cyan","Guardian:Gem_Lightblue"],"picked":"Guardian:PiercingHide+1","floor":39},{"not_picked":["Guardian:RollAttack+1","Guardian:Gem_Yellow"],"picked":"Guardian:Repulse+1","floor":40},{"not_picked":["Guardian:Planning+1","Guardian:PrimingBeam+1"],"picked":"Guardian:Recover+1","floor":42},{"not_picked":["Guardian:TimeCapacitor+1","Guardian:Reroute+1","Guardian:Gem_Orange"],"picked":"SKIP","floor":43},{"not_picked":["Guardian:ExploitGems+1","Guardian:Gem_Cyan"],"picked":"Guardian:PrimingBeam+1","floor":44},{"not_picked":["Guardian:Gem_Lightblue","Guardian:TemporalShield+1"],"picked":"Guardian:TimeCapacitor+1","floor":46},{"not_picked":["Guardian:Repulse+1","Guardian:WalkerClaw+1"],"picked":"Guardian:Reroute+1","floor":47},{"not_picked":["Guardian:DonusPower+1","Guardian:Reroute+1"],"picked":"Guardian:Suspension+1","floor":48},{"not_picked":["Guardian:Gem_Red","Guardian:RollAttack+1"],"picked":"Guardian:Reroute+1","floor":49}],"player_experience":205746,"relics_obtained":[{"floor":7,"key":"Molten Egg 2"},{"floor":17,"key":"Bronze Scales"},{"floor":17,"key":"Toxic Egg 2"},{"floor":17,"key":"Calipers"},{"floor":24,"key":"Nunchaku"},{"floor":29,"key":"Boot"},{"floor":39,"key":"Old Coin"},{"floor":40,"key":"Potion Belt"},{"floor":44,"key":"Ice Cream"},{"floor":47,"key":"InkBottle"}],"event_choices":[{"damage_healed":0,"gold_gain":0,"player_choice":"Became a Ghost","damage_taken":0,"max_hp_gain":0,"max_hp_loss":44,"event_name":"Ghosts","floor":22,"gold_loss":0,"cards_obtained":["Ghostly","Ghostly","Ghostly","Ghostly","Ghostly"]}],"is_beta":false,"boss_relics":[{"not_picked":["Coffee Dripper","Pandora\u0027s Box"],"picked":"Calling Bell"},{"not_picked":["Astrolabe","Sozu"],"picked":"Cursed Key"}],"items_purged_floors":[],"is_endless":false,"potions_floor_spawned":[10,15,16,20,28,29,31,33,39,40,43,44,46],"killed_by":"SI_POISON_ARCHETYPE","ascension_level":0}}