{"host":"phniwng9zo19jwdb","time":1611954815,"event":{"mods":["AchievementEnabler","BaseMod","Colored Powertips","Dark Map","Faster Ascension Climbing","GifTheSpireLib","Minty Spire (QoL Compilation)","Permanent Neow","Rare Cards Sparkle","StSLib"],"gold_per_floor":[12,12,12,22,32,60,60,94,94,122,122,137,137,163,163,241,241,259,279,9,9,9,38,38,71,71,105,123,142,142,142,142,213,213,229,239,239,249,137,137,3,3,3,38,38,38,69,86,86,86,86,86,47,47,47],"floor_reached":54,"language":"ENG","playtime":2127,"items_purged":["Writhe"],"score":1409,"play_id":"bd82b3f2-581f-492b-9262-91634a2ffd89","local_time":"20210129221335","is_ascension_mode":true,"campfire_choices":[{"data":"Rampage","floor":7.0,"key":"SMITH"},{"data":"Flex","floor":13.0,"key":"SMITH"},{"data":"Seeing Red","floor":15.0,"key":"SMITH"},{"floor":24,"key":"REST"},{"floor":30,"key":"REST"},{"data":"Corruption","floor":32,"key":"SMITH"},{"floor":40,"key":"RECALL"},{"floor":42,"key":"REST"},{"floor":45,"key":"REST"},{"data":"1","floor":49,"key":"LIFT"},{"data":"2","floor":52,"key":"LIFT"}],"circlet_count":0,"master_deck":["AscendersBane","Strike_R","Strike_R","Defend_R","Defend_R","Defend_R","Defend_R","Bash","Pommel Strike","Twin Strike","Rampage+1","Clash","Flex+1","Seeing Red+1","Corruption+1","Blood for Blood","Clash","Shrug It Off","Battle Trance+1","Battle Trance","Clash+1","Armaments+1","Clash","Barricade","Shrug It Off+1","Iron Wave","Battle Trance","Shrug It Off","Dark Embrace","Dual Wield","Sentinel","Flame Barrier","Armaments+1","Flame Barrier"],"relics":["Burning Blood","Thread and Needle","Bottled Flame","Lizard Tail","Incense Burner","Centennial Puzzle","Juzu Bracelet","Odd Mushroom","Philosopher\u0027s Stone","Bag of Preparation","MutagenicStrength","Bronze Scales","Darkstone Periapt","Dream Catcher","Strawberry","Du-Vu Doll","Gremlin Horn","Fusion Hammer","Blood Vial","Girya"],"acts_visited":["Exordium","TheCity","TheBeyond","TheEnding"],"potions_floor_usage":[25,33,37,50],"damage_taken":[{"damage":0.0,"enemies":"Jaw Worm","floor":1.0,"turns":6.0},{"damage":0.0,"enemies":"Cultist","floor":4.0,"turns":5.0},{"damage":0.0,"enemies":"Small Slimes","floor":5.0,"turns":3.0},{"damage":4.0,"enemies":"Gremlin Nob","floor":6.0,"turns":3.0},{"damage":50.0,"enemies":"3 Sentries","floor":8.0,"turns":11.0},{"damage":18.0,"enemies":"Lagavulin","floor":10.0,"turns":7.0},{"damage":2.0,"enemies":"Looter","floor":12.0,"turns":4.0},{"damage":0.0,"enemies":"The Mushroom Lair","floor":14.0,"turns":4.0},{"damage":5.0,"enemies":"The Guardian","floor":16.0,"turns":8.0},{"damage":14,"enemies":"3 Byrds","floor":18,"turns":5},{"damage":18,"enemies":"Shell Parasite","floor":19,"turns":4},{"damage":16,"enemies":"Gremlin Leader","floor":23,"turns":6},{"damage":33,"enemies":"Slavers","floor":25,"turns":4},{"damage":11,"enemies":"Book of Stabbing","floor":27,"turns":3},{"damage":15,"enemies":"Shelled Parasite and Fungi","floor":28,"turns":4},{"damage":0,"enemies":"Centurion and Healer","floor":29,"turns":5},{"damage":46,"enemies":"Collector","floor":33,"turns":8},{"damage":0,"enemies":"Orb Walker","floor":35,"turns":3},{"damage":0,"enemies":"3 Shapes","floor":36,"turns":6},{"damage":5,"enemies":"Spire Growth","floor":38,"turns":5},{"damage":54,"enemies":"Nemesis","floor":44,"turns":5},{"damage":0,"enemies":"Giant Head","floor":47,"turns":5},{"damage":0,"enemies":"Sphere and 2 Shapes","floor":48,"turns":9},{"damage":139,"enemies":"Donu and Deca","floor":50,"turns":10},{"damage":79,"enemies":"Shield and Spear","floor":54,"turns":5}],"seed_played":"8265928187963825794","potions_obtained":[{"floor":1.0,"key":"FearPotion"},{"floor":5.0,"key":"BlessingOfTheForge"},{"floor":12.0,"key":"EntropicBrew"},{"floor":14.0,"key":"BlessingOfTheForge"},{"floor":18,"key":"Fire Potion"},{"floor":25,"key":"EssenceOfSteel"},{"floor":33,"key":"SkillPotion"},{"floor":37,"key":"BloodPotion"},{"floor":37,"key":"SpeedPotion"},{"floor":38,"key":"Regen Potion"},{"floor":47,"key":"DuplicationPotion"}],"is_trial":false,"path_per_floor":["M","?","?","M","M","E","R","E","T","E","T","M","R","?","R","B",null,"M","M","$","?","?","E","R","E","T","E","M","M","R","?","R","B",null,"M","M","?","M","$","R","$","R","T","E","R","?","E","M","R","B",null,"R","$","E"],"character_chosen":"IRONCLAD","items_purchased":["Bag of Preparation","Shrug It Off","PowerPotion","Battle Trance","Shrug It Off","Dark Embrace","Flame Barrier"],"campfire_rested":4,"item_purchase_floors":[20,20,20,39,41,41,53],"current_hp_per_floor":[74,74,74,75,75,75,75,31,31,19,19,23,23,29,29,30,64,56,44,44,44,44,34,56,29,36,31,22,28,52,58,58,18,71,77,83,88,88,88,88,88,88,88,40,66,66,74,82,82,9,68,68,68,0,0],"gold":47,"neow_bonus":"ONE_RARE_RELIC","is_daily":false,"chose_seed":false,"campfire_upgraded":4,"win_rate":0.0,"timestamp":1611954815,"path_taken":["M","?","?","?","M","E","R","E","T","E","?","M","R","?","R","BOSS","M","M","$","?","?","E","R","E","T","E","M","M","R","?","R","BOSS","M","M","?","M","$","R","?","R","T","E","R","?","E","M","R","BOSS","R","$","E"],"items_purchased_type":["Relic","Card","Potion","Card","Card","Card","Card"],"build_version":"2020-12-22","purchased_purges":1,"victory":false,"max_hp_per_floor":[75,75,75,75,75,75,75,75,75,75,75,75,75,75,75,75,75,75,75,75,75,75,75,75,75,82,82,82,82,82,88,88,88,88,88,88,88,88,88,88,88,88,88,88,88,88,88,88,88,88,88,88,88,88,88],"card_choices":[{"not_picked":["Havoc","Dual Wield"],"picked":"Pommel Strike","floor":1.0},{"not_picked":["Heavy Blade","Clothesline"],"picked":"Twin Strike","floor":4.0},{"not_picked":["Perfected Strike","Anger","Warcry"],"picked":"SKIP","floor":5.0},{"not_picked":["Double Tap","Heavy Blade"],"picked":"Rampage","floor":6.0},{"not_picked":["Reckless Charge","Entrench","Shockwave"],"picked":"SKIP","floor":8.0},{"not_picked":["Reckless Charge","Heavy Blade"],"picked":"Clash","floor":10.0},{"not_picked":["Headbutt","Clothesline"],"picked":"Flex","floor":12.0},{"not_picked":["Clothesline","Perfected Strike"],"picked":"Seeing Red","floor":14.0},{"not_picked":["Juggernaut","Barricade"],"picked":"Corruption","floor":16.0},{"not_picked":["Perfected Strike","Heavy Blade"],"picked":"Blood for Blood","floor":18},{"not_picked":["Rupture","Cleave"],"picked":"Clash","floor":19},{"not_picked":["Bloodletting","Shrug It Off"],"picked":"Battle Trance+1","floor":23},{"not_picked":["Twin Strike","Limit Break"],"picked":"Battle Trance","floor":25},{"not_picked":["Reckless Charge","Sword Boomerang"],"picked":"Clash+1","floor":27},{"not_picked":["Anger","Iron Wave"],"picked":"Armaments+1","floor":28},{"not_picked":["Twin Strike","Feel No Pain"],"picked":"Clash","floor":29},{"not_picked":["Juggernaut","Brutality"],"picked":"Barricade","floor":33},{"not_picked":["Clash","Iron Wave+1"],"picked":"Shrug It Off+1","floor":35},{"not_picked":["Cleave","Twin Strike"],"picked":"Iron Wave","floor":36},{"not_picked":["Perfected Strike","Body Slam","Corruption"],"picked":"SKIP","floor":38},{"not_picked":["Anger","Perfected Strike"],"picked":"Dual Wield","floor":42},{"not_picked":["Body Slam","Whirlwind+1"],"picked":"Sentinel","floor":44},{"not_picked":["Warcry","Shrug It Off"],"picked":"Flame Barrier","floor":45},{"not_picked":["Havoc","Perfected Strike","Entrench+1"],"picked":"SKIP","floor":47},{"not_picked":["Double Tap","Perfected Strike+1"],"picked":"Armaments+1","floor":48}],"player_experience":72778,"relics_obtained":[{"floor":6.0,"key":"Bottled Flame"},{"floor":8.0,"key":"Lizard Tail"},{"floor":9.0,"key":"Incense Burner"},{"floor":10.0,"key":"Centennial Puzzle"},{"floor":11.0,"key":"Juzu Bracelet"},{"floor":14.0,"key":"Odd Mushroom"},{"floor":23,"key":"Darkstone Periapt"},{"floor":25,"key":"Dream Catcher"},{"floor":26,"key":"Strawberry"},{"floor":27,"key":"Du-Vu Doll"},{"floor":44,"key":"Blood Vial"},{"floor":47,"key":"Girya"}],"event_choices":[{"cards_removed":["Strike_R"],"damage_healed":0.0,"max_hp_gain":0.0,"max_hp_loss":0.0,"gold_gain":0.0,"event_name":"Living Wall","player_choice":"Forget","floor":2.0,"gold_loss":0.0,"damage_taken":0.0},{"cards_removed":["Strike_R"],"damage_healed":0.0,"max_hp_gain":0.0,"max_hp_loss":0.0,"gold_gain":0.0,"event_name":"Purifier","player_choice":"Purged","floor":3.0,"gold_loss":0.0,"damage_taken":0.0},{"damage_healed":0.0,"max_hp_gain":0.0,"max_hp_loss":0.0,"gold_gain":0.0,"event_name":"Mushrooms","player_choice":"Fought Mushrooms","floor":14.0,"gold_loss":0.0,"damage_taken":0.0},{"damage_healed":0,"gold_gain":0,"player_choice":"Inject Mutagens","damage_taken":0,"relics_obtained":["MutagenicStrength"],"max_hp_gain":0,"max_hp_loss":0,"event_name":"Drug Dealer","floor":21,"gold_loss":0},{"damage_healed":0,"gold_gain":0,"player_choice":"Gave Potion","damage_taken":0,"relics_obtained":["Bronze Scales"],"max_hp_gain":0,"max_hp_loss":0,"event_name":"WeMeetAgain","floor":22,"gold_loss":0},{"damage_healed":0,"gold_gain":0,"player_choice":"Opened","damage_taken":0,"relics_obtained":["Gremlin Horn"],"max_hp_gain":0,"max_hp_loss":0,"event_name":"The Mausoleum","floor":31,"gold_loss":0,"cards_obtained":["Writhe"]},{"damage_healed":0,"gold_gain":0,"player_choice":"Got Potions","damage_taken":0,"max_hp_gain":0,"max_hp_loss":0,"event_name":"Lab","floor":37,"gold_loss":0},{"cards_removed":["Strike_R"],"damage_healed":0,"gold_gain":0,"player_choice":"Offered Basic","damage_taken":0,"max_hp_gain":0,"max_hp_loss":0,"event_name":"Bonfire Elementals","floor":46,"gold_loss":0}],"is_beta":false,"boss_relics":[{"not_picked":["Runic Dome","Ectoplasm"],"picked":"Philosopher\u0027s Stone"},{"not_picked":["Runic Pyramid","Coffee Dripper"],"picked":"Fusion Hammer"}],"items_purged_floors":[39],"is_endless":false,"potions_floor_spawned":[1,5,12,14,18,25,33,38,44,47],"killed_by":"Shield and Spear","ascension_level":16}}