{"host":"xzvhwvbvp6k5tkn4","time":1611906517,"event":{"mods":["AchievementEnabler","BaseMod","Bestiary","Ironclad Rager","Minty Spire (QoL Compilation)","Permanent Neow","Replay The Spire","StSLib","Waifu the Spire"],"gold_per_floor":[110,125,137,212,212,212,22,22,22,51,64,24,35,46,46,142,142,160,160,173,62,62,62,88,103,103,119,119,119,137,150,150,249,249,265,18,18,18,18,44,44,60,87,87,103,103,116,166,166,166,166],"floor_reached":50,"language":"ENG","playtime":4029,"items_purged":["Corruption+1","Strike_R"],"score":622,"play_id":"3371e61d-21fd-4ca3-9232-ce27add22075","local_time":"20210129014837","is_ascension_mode":false,"campfire_choices":[{"floor":6,"key":"RECALL"},{"data":"Apotheosis","floor":8,"key":"SMITH"},{"floor":15,"key":"REST"},{"data":"J.A.X.","floor":23,"key":"SMITH"},{"floor":29,"key":"REST"},{"floor":32,"key":"REST"},{"data":"Barricade","floor":41,"key":"SMITH"},{"floor":49,"key":"REST"}],"circlet_count":0,"master_deck":["Strike_R","Strike_R","Strike_R","Strike_R","Defend_R","Defend_R","Defend_R","Defend_R","Bash","Rampage","Blood for Blood","Apotheosis+1","Barricade+1","Whirlwind","Headbutt","Twin Strike","Feed","Body Slam","Metallicize","J.A.X.+1","Iron Wave","Flex+1","Spot Weakness+1","Disarm","Ghostly Armor+1","Shrug It Off","Shrug It Off+1","Body Slam+1","Parasite","Heavy Blade+1"],"relics":["Black Blood","Nunchaku","Replay:Bottled Steam","Sozu","Red Mask","Anchor","Paper Frog","Juzu Bracelet","Vajra","Bag of Preparation","Charon\u0027s Ashes"],"acts_visited":["Exordium","TheCity","TheBeyond"],"potions_floor_usage":[11,24,33,33],"damage_taken":[{"damage":6,"enemies":"Cultist","floor":1,"turns":3},{"damage":2,"enemies":"Small Slimes","floor":2,"turns":4},{"damage":5,"enemies":"2 Louse","floor":3,"turns":2},{"damage":20,"enemies":"Lagavulin","floor":10,"turns":5},{"damage":7,"enemies":"Lots of Slimes","floor":11,"turns":2},{"damage":21,"enemies":"Blue Slaver","floor":13,"turns":4},{"damage":16,"enemies":"2 Fungi Beasts","floor":14,"turns":3},{"damage":46,"enemies":"Slime Boss","floor":16,"turns":6},{"damage":10,"enemies":"Chosen","floor":18,"turns":3},{"damage":30,"enemies":"2 Thieves","floor":20,"turns":3},{"damage":21,"enemies":"Masked Bandits","floor":24,"turns":5},{"damage":7,"enemies":"3 Cultists","floor":25,"turns":6},{"damage":22,"enemies":"Cultist and Chosen","floor":27,"turns":7},{"damage":6,"enemies":"Centurion and Healer","floor":30,"turns":6},{"damage":39,"enemies":"Sentry and Sphere","floor":31,"turns":6},{"damage":38,"enemies":"Pondfish","floor":33,"turns":9},{"damage":18,"enemies":"Orb Walker","floor":35,"turns":4},{"damage":28,"enemies":"Nemesis","floor":40,"turns":11},{"damage":38,"enemies":"3 Darklings","floor":42,"turns":5},{"damage":23,"enemies":"Transient","floor":45,"turns":5},{"damage":18,"enemies":"Writhing Mass","floor":47,"turns":6},{"damage":16,"enemies":"Mind Bloom Boss Battle","floor":48,"turns":81},{"damage":63,"enemies":"Donu and Deca","floor":50,"turns":5}],"seed_played":"-3776252292690187739","potions_obtained":[{"floor":1,"key":"DuplicationPotion"},{"floor":3,"key":"Explosive Potion"},{"floor":12,"key":"LifebloodPotion"},{"floor":12,"key":"ElixirPotion"},{"floor":12,"key":"SpeedPotion"}],"is_trial":false,"path_per_floor":["M","M","M","?","?","R","$","R","T","E","M","?","M","M","R","B",null,"M","?","M","$","?","R","?","M","T","M","T","R","M","M","R","B",null,"M","$","?","?","$","E","R","M","T","?","M","?","M","?","R","B"],"character_chosen":"IRONCLAD","items_purchased":["Apotheosis","Metallicize","Juzu Bracelet"],"campfire_rested":4,"item_purchase_floors":[7,21,36],"current_hp_per_floor":[80,80,80,69,69,69,69,69,69,55,54,54,39,29,53,13,80,76,76,52,52,52,52,37,40,40,24,24,49,49,16,41,13,88,82,82,82,82,82,66,66,44,44,44,33,33,27,27,54,0,0],"gold":166,"neow_bonus":"RANDOM_COMMON_RELIC","is_daily":false,"chose_seed":false,"campfire_upgraded":3,"win_rate":0.0,"timestamp":1611906517,"path_taken":["M","M","M","?","?","R","$","R","T","E","M","?","?","M","R","BOSS","M","?","M","$","?","R","?","M","T","M","?","R","M","M","R","BOSS","M","$","?","?","$","E","R","M","T","?","M","?","M","?","R","BOSS"],"items_purchased_type":["Card","Card","Relic"],"build_version":"2020-12-22","purchased_purges":2,"victory":false,"max_hp_per_floor":[80,80,80,80,80,80,80,80,80,80,80,80,80,80,80,80,80,80,80,80,80,80,80,80,84,84,84,84,84,84,84,84,88,88,88,88,88,84,84,84,84,88,88,88,88,88,88,92,92,92,92],"card_choices":[{"not_picked":["Thunderclap","Body Slam"],"picked":"Rampage","floor":1},{"not_picked":["Run Through","ReplayTheSpireMod:Strike From Hell"],"picked":"Blood for Blood","floor":2},{"not_picked":["Rage","Disarm"],"picked":"Thunderclap","floor":3},{"not_picked":["Feel No Pain","Dark Embrace"],"picked":"Barricade","floor":10},{"not_picked":["Replay:Undeath\u0027s Touch","Havoc"],"picked":"Whirlwind","floor":11},{"not_picked":["Perfected Strike","Cleave"],"picked":"Headbutt","floor":13},{"not_picked":["Anger","Sever Soul"],"picked":"Twin Strike","floor":14},{"not_picked":["Exhume","Barricade"],"picked":"Feed","floor":16},{"not_picked":["Evolve","ReplayTheSpireMod:Corrosion Curse","Carnage"],"picked":"SKIP","floor":18},{"not_picked":["Carnage+1","Pommel Strike"],"picked":"Headbutt","floor":20},{"not_picked":["Sentinel","Sword Boomerang"],"picked":"Iron Wave","floor":24},{"not_picked":["Bloodletting+1","Warcry+1"],"picked":"Flex+1","floor":25},{"not_picked":["Clothesline+1","Heavy Blade+1"],"picked":"Spot Weakness+1","floor":27},{"not_picked":["Flex","ReplayTheSpireMod:Limb From Limb+1"],"picked":"Disarm","floor":30},{"not_picked":["Thunderclap","Shrug It Off"],"picked":"Ghostly Armor+1","floor":31},{"not_picked":["Carnage","Run Through","Flex+1"],"picked":"SKIP","floor":35},{"not_picked":["Iron Wave","Perfected Strike"],"picked":"Shrug It Off","floor":40},{"not_picked":["Clash","Wild Strike+1"],"picked":"Shrug It Off+1","floor":42},{"not_picked":["Exhume","Clothesline+1"],"picked":"Body Slam+1","floor":45},{"not_picked":["Thunderclap","Bloodletting+1","Cleave+1"],"picked":"SKIP","floor":47},{"not_picked":["Sever Soul+1","ReplayTheSpireMod:Muscle Training+1"],"picked":"Heavy Blade+1","floor":48}],"player_experience":132372,"relics_obtained":[{"floor":10,"key":"Replay:Bottled Steam"},{"floor":24,"key":"Red Mask"},{"floor":26,"key":"Anchor"},{"floor":28,"key":"Paper Frog"},{"floor":40,"key":"Vajra"},{"floor":43,"key":"Bag of Preparation"},{"floor":48,"key":"Charon\u0027s Ashes"}],"event_choices":[{"damage_healed":0,"gold_gain":75,"player_choice":"Gather Gold","damage_taken":11,"max_hp_gain":0,"max_hp_loss":0,"event_name":"World of Goop","floor":4,"gold_loss":0},{"damage_healed":0,"gold_gain":0,"player_choice":"Bought 3 Potions","damage_taken":0,"max_hp_gain":0,"max_hp_loss":0,"event_name":"The Woman in Blue","floor":12,"gold_loss":0},{"damage_healed":0,"gold_gain":0,"player_choice":"Read","damage_taken":0,"max_hp_gain":0,"max_hp_loss":0,"event_name":"The Library","floor":19,"gold_loss":0,"cards_obtained":["Body Slam"]},{"damage_healed":0,"gold_gain":0,"player_choice":"Obtain J.A.X.","damage_taken":0,"max_hp_gain":0,"max_hp_loss":0,"event_name":"Drug Dealer","floor":22,"gold_loss":0,"cards_obtained":["J.A.X."]},{"damage_healed":0,"gold_gain":0,"player_choice":"Fought Bandits","damage_taken":0,"max_hp_gain":0,"max_hp_loss":0,"event_name":"Masked Bandits","floor":24,"gold_loss":0},{"damage_healed":0,"gold_gain":0,"player_choice":"Ignored","damage_taken":0,"max_hp_gain":0,"max_hp_loss":0,"event_name":"Mysterious Sphere","floor":37,"gold_loss":0},{"damage_healed":0,"gold_gain":0,"player_choice":"Max HP","damage_taken":0,"max_hp_gain":0,"max_hp_loss":4,"event_name":"Winding Halls","floor":38,"gold_loss":0},{"damage_healed":0,"gold_gain":0,"player_choice":"Ignored","damage_taken":0,"max_hp_gain":0,"max_hp_loss":0,"event_name":"The Moai Head","floor":44,"gold_loss":0},{"cards_removed":["Headbutt"],"damage_healed":0,"gold_gain":0,"player_choice":"Removed Attack","damage_taken":0,"max_hp_gain":0,"max_hp_loss":0,"event_name":"Falling","floor":46,"gold_loss":0},{"damage_healed":0,"gold_gain":0,"player_choice":"Fight","damage_taken":0,"max_hp_gain":0,"max_hp_loss":0,"event_name":"MindBloom","floor":48,"gold_loss":0}],"is_beta":false,"boss_relics":[{"not_picked":["Replay:Wanted Poster","Replay:Ancient Bell"],"picked":"Sozu"},{"not_picked":["Cursed Key","Busted Crown"],"picked":"Black Blood"}],"items_purged_floors":[21,36],"is_endless":false,"potions_floor_spawned":[1,3,18,25,33,35,40,48],"killed_by":"Donu and Deca","ascension_level":0}}