{"host":"u1ja96cwu1wu8jpx","time":1611963978,"event":{"mods":["BaseMod","Better Match","Colored Map","Minty Spire (QoL Compilation)","Permanent Neow","StSLib"],"gold_per_floor":[116,116,116,116,129,163,15,15,39,68,22,39,55,75,75,75,75],"floor_reached":16,"language":"ENG","playtime":1603,"items_purged":[],"score":116,"play_id":"96f77813-cda9-410d-a766-aa4b8a839737","local_time":"20210129184618","is_ascension_mode":true,"campfire_choices":[{"floor":8,"key":"REST"},{"floor":15,"key":"REST"}],"circlet_count":0,"master_deck":["Strike_G","Strike_G","Strike_G","Defend_G","Defend_G","Defend_G","Defend_G","Survivor","Neutralize","Prepared","All Out Attack","Dagger Throw","Dagger Throw","Bullet Time","Night Terror","Acrobatics","All Out Attack","Dodge and Roll","Underhanded Strike"],"relics":["Ring of the Snake","Bronze Scales","Oddly Smooth Stone","Snake Skull","Nunchaku"],"acts_visited":["Exordium"],"potions_floor_usage":[10,14,16],"damage_taken":[{"damage":0,"enemies":"Cultist","floor":1,"turns":3},{"damage":0,"enemies":"Jaw Worm","floor":5,"turns":4},{"damage":33,"enemies":"Lagavulin","floor":6,"turns":7},{"damage":19,"enemies":"Gremlin Nob","floor":10,"turns":5},{"damage":0,"enemies":"2 Louse","floor":12,"turns":1},{"damage":4,"enemies":"Large Slime","floor":13,"turns":5},{"damage":0,"enemies":"Exordium Wildlife","floor":14,"turns":3},{"damage":35,"enemies":"Hexaghost","floor":16,"turns":9}],"seed_played":"-6929996902337094168","potions_obtained":[{"floor":6,"key":"ColorlessPotion"},{"floor":12,"key":"Swift Potion"},{"floor":13,"key":"EssenceOfSteel"},{"floor":14,"key":"DistilledChaos"}],"is_trial":false,"path_per_floor":["M","?","?","T","M","E","$","R","T","E","$","M","M","M","R","B"],"character_chosen":"THE_SILENT","items_purchased":["Oddly Smooth Stone","Acrobatics"],"campfire_rested":2,"item_purchase_floors":[7,11],"current_hp_per_floor":[49,54,47,47,47,14,14,36,36,17,17,17,13,13,35,0,0],"gold":75,"neow_bonus":"TRANSFORM_TWO_CARDS","is_daily":false,"chose_seed":false,"campfire_upgraded":0,"win_rate":0.0,"timestamp":1611963978,"path_taken":["M","?","?","?","M","E","$","R","T","E","$","M","M","M","R","BOSS"],"items_purchased_type":["Relic","Card"],"build_version":"2020-12-22","purchased_purges":0,"victory":false,"max_hp_per_floor":[70,75,75,75,75,75,75,75,75,75,75,75,75,75,75,75,75],"card_choices":[{"not_picked":["Dagger Spray","Sucker Punch"],"picked":"Dagger Throw","floor":1},{"not_picked":["Quick Slash","Poisoned Stab"],"picked":"Dagger Throw","floor":5},{"not_picked":["Dagger Throw","Quick Slash"],"picked":"Bullet Time","floor":6},{"not_picked":["Terror","Noxious Fumes"],"picked":"Night Terror","floor":10},{"not_picked":["Acrobatics","Sucker Punch"],"picked":"All Out Attack","floor":12},{"not_picked":["Predator","Dagger Spray"],"picked":"Dodge and Roll","floor":13},{"not_picked":["Skewer","Deadly Poison"],"picked":"Underhanded Strike","floor":14}],"player_experience":423739,"relics_obtained":[{"floor":6,"key":"Bronze Scales"},{"floor":9,"key":"Snake Skull"},{"floor":10,"key":"Nunchaku"}],"event_choices":[{"damage_healed":0,"gold_gain":0,"player_choice":"Donut","damage_taken":0,"max_hp_gain":5,"max_hp_loss":0,"event_name":"Big Fish","floor":2,"gold_loss":0},{"cards_removed":["Strike_G"],"damage_healed":0,"gold_gain":0,"player_choice":"Card Removal","damage_taken":7,"max_hp_gain":0,"max_hp_loss":0,"event_name":"Golden Wing","floor":3,"gold_loss":0}],"is_beta":false,"boss_relics":[],"items_purged_floors":[],"is_endless":false,"potions_floor_spawned":[6,12,13,14],"killed_by":"Hexaghost","ascension_level":1}}