{"host":"1dz819zv7fs9tsdy","time":1611948771,"event":{"mods":["AchievementEnabler","BaseMod","Colored Powertips","Curses Come First","Hubris","Minty Spire (QoL Compilation)","Rare Cards Sparkle","StSLib"],"gold_per_floor":[117,133,151,116,116,147,147,174,252,252,270,285,285,285],"floor_reached":13,"language":"ENG","playtime":3427,"items_purged":[],"score":109,"play_id":"e1bea3a6-d866-4227-82ab-dd8ebe7aa463","local_time":"20210129193251","is_ascension_mode":true,"campfire_choices":[{"data":"Chill","floor":7,"key":"SMITH"},{"floor":10,"key":"REST"}],"circlet_count":0,"master_deck":["Strike_B","Strike_B","Strike_B","Strike_B","Defend_B","Defend_B","Defend_B","Defend_B","Dualcast","Aggregate","Steam","Chill+1","Core Surge","hubris:DuctTapeCard","White Noise","Coolheaded"],"relics":["Cracked Core","NeowsBlessing","hubris:CuriousFeather","Lantern","hubris:DuctTape"],"acts_visited":["Exordium"],"potions_floor_usage":[5,6,8,13],"damage_taken":[{"damage":0,"enemies":"2 Louse","floor":1,"turns":1},{"damage":0,"enemies":"Cultist","floor":2,"turns":1},{"damage":0,"enemies":"Jaw Worm","floor":3,"turns":1},{"damage":48,"enemies":"Gremlin Nob","floor":6,"turns":5},{"damage":22,"enemies":"3 Sentries","floor":8,"turns":6},{"damage":21,"enemies":"Gremlin Gang","floor":11,"turns":4},{"damage":8,"enemies":"Lots of Slimes","floor":12,"turns":4},{"damage":17,"enemies":"Gremlin Nob","floor":13,"turns":3}],"seed_played":"1299929208143621202","potions_obtained":[{"floor":2,"key":"Explosive Potion"},{"floor":3,"key":"PotionOfCapacity"},{"floor":5,"key":"Fruit Juice"},{"floor":5,"key":"Regen Potion"},{"floor":11,"key":"FearPotion"}],"is_trial":false,"path_per_floor":["M","M","M","?","?","E","R","E","T","R","M","M","E"],"character_chosen":"DEFECT","items_purchased":[],"campfire_rested":1,"item_purchase_floors":[],"current_hp_per_floor":[75,75,75,75,80,41,41,19,19,43,22,14,0,0],"gold":285,"neow_bonus":"THREE_ENEMY_KILL","is_daily":false,"chose_seed":false,"campfire_upgraded":1,"win_rate":0.0,"timestamp":1611948771,"path_taken":["M","M","M","?","?","E","R","E","T","R","M","M","E"],"items_purchased_type":[],"build_version":"2020-12-22","purchased_purges":0,"victory":false,"max_hp_per_floor":[75,75,75,75,80,80,80,80,80,80,80,80,80,80],"card_choices":[{"not_picked":["Stack","Hologram"],"picked":"Aggregate","floor":1},{"not_picked":["Streamline","Scrape"],"picked":"Steam","floor":2},{"not_picked":["Cold Snap","Static Discharge"],"picked":"Ball Lightning","floor":3},{"not_picked":["Rebound","Sweeping Beam"],"picked":"Chill","floor":6},{"not_picked":["Stack","Conserve Battery"],"picked":"Core Surge","floor":8},{"not_picked":["Undo","Static Discharge"],"picked":"White Noise","floor":11},{"not_picked":["Streamline","Cold Snap"],"picked":"Coolheaded","floor":12}],"player_experience":360122,"relics_obtained":[{"floor":6,"key":"hubris:CuriousFeather"},{"floor":8,"key":"Lantern"},{"floor":9,"key":"hubris:DuctTape"}],"event_choices":[{"damage_healed":18,"gold_gain":0,"player_choice":"Healed","damage_taken":0,"max_hp_gain":0,"max_hp_loss":0,"event_name":"The Cleric","floor":4,"gold_loss":35},{"damage_healed":0,"gold_gain":0,"player_choice":"Got Potions","damage_taken":0,"max_hp_gain":0,"max_hp_loss":0,"event_name":"Lab","floor":5,"gold_loss":0}],"is_beta":false,"boss_relics":[],"items_purged_floors":[],"is_endless":false,"potions_floor_spawned":[2,3,11],"killed_by":"Gremlin Nob","ascension_level":3}}