{"host":"sc0o2qwpf9j16a4i","time":1611929822,"event":{"mods":["AchievementEnabler","BaseMod","BetterRewards","Block Reminder","Colored Map","Colored Powertips","Custom Start","Highlight Path","Minty Spire (QoL Compilation)","Relic Stats"],"gold_per_floor":[117,117,117,117,130,163,178,178,178,213,47,81,100,128,128,228,228,244,244,261,272,272,304,304,338,338,338,0,0,0,28,28,28,28],"floor_reached":33,"language":"ENG","playtime":1609,"items_purged":[],"score":504,"play_id":"70fe35b1-213a-4713-b455-dd105cb6f8b3","local_time":"20210129161702","daily_mods":["Insanity","Blue Cards","Elite Swarm"],"is_ascension_mode":false,"campfire_choices":[{"data":"Calculated Gamble","floor":8,"key":"SMITH"},{"data":"Wraith Form v2","floor":15,"key":"SMITH"},{"data":"Heatsinks","floor":32,"key":"SMITH"}],"circlet_count":0,"master_deck":["Steam Power","Acrobatics","Outmaneuver","Footwork","Underhanded Strike","Prepared","Deflect","Heatsinks+1","Poisoned Stab","Dodge and Roll","Gash","Poisoned Stab","Cold Snap","Terror","Underhanded Strike","Poisoned Stab","Ball Lightning","Calculated Gamble+1","Dagger Throw","Backstab","Coolheaded","Go for the Eyes","Cold Snap","Backflip","Outmaneuver","Flying Knee","Escape Plan","Acrobatics","Lockon","Coolheaded","PiercingWail","Beam Cell","Beam Cell","Heatsinks","Defragment","Deflect","Bouncing Flask","Blade Dance","Quick Slash","Dagger Spray","Cold Snap","PiercingWail","Caltrops","Terror","Hello World","Dagger Spray","Coolheaded","Underhanded Strike","Streamline","Coolheaded","Chill","Ball Lightning","Catalyst","Wraith Form v2+1","Ball Lightning","Corpse Explosion","Self Repair","After Image","Core Surge","Compile Driver","Coolheaded+1","Cold Snap+1","Writhe","Malaise","Ghostly","Ghostly","Ghostly","Ghostly","Ghostly","Reboot","Bite","Bite","Bite","Bite","Bite","Panacea","Buffer"],"relics":["Ring of the Snake","Eternal Feather","The Specimen","Juzu Bracelet","Smiling Mask","Frozen Eye","Anchor","Dream Catcher","HoveringKite","Pear","Torii","Bag of Preparation","Bottled Tornado","Singing Bowl","Blue Candle"],"acts_visited":["Exordium","TheCity"],"potions_floor_usage":[5,16,16,20,25,31],"damage_taken":[{"damage":0.0,"enemies":"2 Louse","floor":1.0,"turns":1.0},{"damage":0,"enemies":"Cultist","floor":5,"turns":2},{"damage":9,"enemies":"3 Sentries","floor":6,"turns":5},{"damage":0,"enemies":"Jaw Worm","floor":7,"turns":2},{"damage":0,"enemies":"Gremlin Nob","floor":10,"turns":3},{"damage":1,"enemies":"3 Sentries","floor":12,"turns":6},{"damage":0,"enemies":"Exordium Wildlife","floor":13,"turns":3},{"damage":1,"enemies":"Lagavulin","floor":14,"turns":5},{"damage":24,"enemies":"Hexaghost","floor":16,"turns":9},{"damage":13,"enemies":"2 Thieves","floor":18,"turns":5},{"damage":0,"enemies":"3 Byrds","floor":20,"turns":4},{"damage":5,"enemies":"Snake Plant","floor":21,"turns":3},{"damage":6,"enemies":"Gremlin Leader","floor":23,"turns":9},{"damage":2,"enemies":"Book of Stabbing","floor":25,"turns":8},{"damage":12,"enemies":"Slavers","floor":31,"turns":8},{"damage":47,"enemies":"Champ","floor":33,"turns":22}],"seed_played":"-5504079665446737341","potions_obtained":[{"floor":1.0,"key":"Fruit Juice"},{"floor":12,"key":"PowerPotion"},{"floor":14,"key":"LiquidMemories"},{"floor":16,"key":"Fire Potion"},{"floor":21,"key":"ColorlessPotion"},{"floor":25,"key":"Energy Potion"}],"is_trial":true,"path_per_floor":["M","?","?","?","M","E","M","R","T","E","$","E","M","E","R","B",null,"M","?","M","M","?","E","?","E","T","?","$","?","?","E","R","B"],"character_chosen":"THE_SILENT","items_purchased":["Frozen Eye","Ball Lightning","Singing Bowl","Panacea"],"campfire_rested":0,"item_purchase_floors":[11,11,28,28],"current_hp_per_floor":[70,63,63,63,68,59,59,75,75,75,75,74,74,73,75,58,75,62,62,62,57,67,68,42,42,42,29,29,27,27,30,34,0,0],"gold":28,"neow_bonus":"","is_daily":false,"chose_seed":false,"campfire_upgraded":3,"win_rate":0.0,"timestamp":1611929822,"path_taken":["M","?","?","?","?","E","M","R","T","E","$","E","M","E","R","BOSS","M","?","M","M","?","E","?","E","T","?","$","?","?","E","R","BOSS"],"items_purchased_type":["Relic","Card","Relic","Card"],"build_version":"2020-12-22","purchased_purges":0,"victory":false,"max_hp_per_floor":[70,70,70,70,75,75,75,75,75,75,75,75,75,75,75,75,75,75,75,75,75,85,85,42,42,42,29,29,34,34,34,34,34,34],"relic_stats":{"Dream Catcher":0,"Torii":15,"Singing Bowl":0,"counters":[16,95],"Blue Candle":[0],"HoveringKite":[18],"Eternal Feather":22,"Juzu Bracelet":1,"Bag of Preparation":[4],"Smiling Mask":0,"obtain_stats":[{"Pear":22,"The Specimen":6,"Torii":23,"Singing Bowl":28,"Blue Candle":31,"HoveringKite":17,"Eternal Feather":2,"Juzu Bracelet":9,"Bag of Preparation":25,"Bottled Tornado":26,"Smiling Mask":10,"Frozen Eye":11,"Anchor":12,"Dream Catcher":14,"Ring of the Snake":0},{"Pear":12,"The Specimen":3,"Torii":13,"Singing Bowl":14,"Blue Candle":15,"HoveringKite":9,"Eternal Feather":1,"Juzu Bracelet":4,"Bag of Preparation":14,"Bottled Tornado":14,"Smiling Mask":5,"Frozen Eye":5,"Anchor":6,"Dream Catcher":8,"Ring of the Snake":0},{"Pear":48,"The Specimen":8,"Torii":57,"Singing Bowl":65,"Blue Candle":73,"HoveringKite":36,"Eternal Feather":1,"Juzu Bracelet":10,"Bag of Preparation":65,"Bottled Tornado":65,"Smiling Mask":13,"Frozen Eye":13,"Anchor":19,"Dream Catcher":27,"Ring of the Snake":0}],"Ring of the Snake":[32]},"card_choices":[{"not_picked":["Barrage","Calculated Gamble"],"picked":"Coolheaded","floor":1.0},{"not_picked":["Blizzard","Doom and Gloom"],"picked":"Ball Lightning","floor":5},{"not_picked":["Rainbow","Grand Finale","Storm of Steel"],"picked":"SKIP","floor":6},{"not_picked":["Barrage","Double Energy"],"picked":"Catalyst","floor":7},{"not_picked":["Meteor Strike","Doppelganger"],"picked":"Wraith Form v2","floor":10},{"not_picked":["After Image","Malaise"],"picked":"Corpse Explosion","floor":12},{"not_picked":["Melter","Poisoned Stab"],"picked":"Self Repair","floor":13},{"not_picked":["Machine Learning","Doppelganger"],"picked":"After Image","floor":14},{"not_picked":["Grand Finale","Electrodynamics"],"picked":"Core Surge","floor":16},{"not_picked":["Ball Lightning","Auto Shields"],"picked":"Compile Driver","floor":18},{"not_picked":["Sucker Punch+1","Gash+1"],"picked":"Coolheaded+1","floor":20},{"not_picked":["Dash","BootSequence+1"],"picked":"Cold Snap+1","floor":21},{"not_picked":["Glass Knife","Corpse Explosion"],"picked":"Malaise","floor":23},{"not_picked":["A Thousand Cuts","Hyperbeam"],"picked":"Reboot","floor":25},{"not_picked":["Glass Knife","Meteor Strike"],"picked":"Buffer","floor":31}],"player_experience":1043393,"relics_obtained":[{"floor":6,"key":"The Specimen"},{"floor":9,"key":"Juzu Bracelet"},{"floor":10,"key":"Smiling Mask"},{"floor":12,"key":"Anchor"},{"floor":14,"key":"Dream Catcher"},{"floor":23,"key":"Torii"},{"floor":25,"key":"Bag of Preparation"},{"floor":26,"key":"Bottled Tornado"},{"floor":31,"key":"Blue Candle"}],"event_choices":[{"damage_healed":0,"gold_gain":0,"player_choice":"Success","damage_taken":7,"relics_obtained":["Eternal Feather"],"max_hp_gain":0,"max_hp_loss":0,"event_name":"Scrap Ooze","floor":2,"gold_loss":0},{"damage_healed":0,"gold_gain":0,"player_choice":"Leave","damage_taken":0,"max_hp_gain":0,"max_hp_loss":0,"event_name":"The Cleric","floor":3,"gold_loss":0},{"damage_healed":0,"gold_gain":0,"cards_transformed":["Hello World"],"player_choice":"Transformed","damage_taken":0,"max_hp_gain":0,"max_hp_loss":0,"event_name":"Transmorgrifier","floor":4,"gold_loss":0,"cards_obtained":["Chill"]},{"damage_healed":0,"gold_gain":0,"player_choice":"Ignored","damage_taken":0,"max_hp_gain":0,"max_hp_loss":0,"event_name":"Beggar","floor":19,"gold_loss":0},{"damage_healed":0,"gold_gain":0,"player_choice":"Opened","damage_taken":0,"relics_obtained":["Pear"],"max_hp_gain":0,"max_hp_loss":0,"event_name":"The Mausoleum","floor":22,"gold_loss":0,"cards_obtained":["Writhe"]},{"damage_healed":0,"gold_gain":0,"player_choice":"Became a Ghost","damage_taken":0,"max_hp_gain":0,"max_hp_loss":43,"event_name":"Ghosts","floor":24,"gold_loss":0,"cards_obtained":["Ghostly","Ghostly","Ghostly","Ghostly","Ghostly"]},{"damage_healed":0,"gold_gain":0,"player_choice":"Became a vampire","damage_taken":0,"max_hp_gain":0,"max_hp_loss":13,"event_name":"Vampires","floor":27,"gold_loss":0,"cards_obtained":["Bite","Bite","Bite","Bite","Bite"]},{"damage_healed":0,"gold_gain":0,"player_choice":"Shed Blood","damage_taken":7,"max_hp_gain":5,"max_hp_loss":0,"event_name":"Forgotten Altar","floor":29,"gold_loss":0}],"is_beta":false,"boss_relics":[{"not_picked":["Black Star","Philosopher\u0027s Stone"],"picked":"HoveringKite"}],"items_purged_floors":[],"is_endless":false,"potions_floor_spawned":[1,12,14,16,21,25],"killed_by":"Champ","ascension_level":0}}