{"host":"fortuna","time":1611939243,"event":{"mods":["100% Spire Juice","Act Like it!","Arknights The Spire","BaseMod","Downfall","Gensokyo","Hallownest","Luminous","Minty Spire (QoL Compilation)","Reimu£®≤©¿ˆ¡È√Œ£©","Relic Stats","StSLib","The Administrix","Waifu the Spire","WarShipGirlsR/’ΩΩ¢…Ÿ≈ÆR mod","Yakumo Yukari mod"],"gold_per_floor":[116,116,41,41,54,54,54,64,64,92,92,110,110,129,9,9,9],"floor_reached":16,"language":"ZHS","playtime":724,"items_purged":[],"score":100,"play_id":"569e1063-2ab2-4c8d-881f-63b74fbd2140","local_time":"20210130005403","is_ascension_mode":false,"campfire_choices":[{"data":"Moonworks:Ambush","floor":6,"key":"SMITH"},{"data":"Hallownest:skillGreenpathMap","floor":13,"key":"SMITH"},{"data":"Moonworks:SakisCookie","floor":15,"key":"SMITH"}],"circlet_count":1,"master_deck":["Moonworks:Strike","Moonworks:Strike","Moonworks:Strike","Moonworks:Strike","Moonworks:Defend","Moonworks:Defend","Moonworks:Defend","Moonworks:Defend","Moonworks:Ambush+1","Moonworks:LongDistanceShot","Moonworks:NicePresent","Hallownest:skillGreenpathMap+1","Moonworks:JonathanRush","Moonworks:EvilSpyWorkPreparation","Moonworks:DevilHand","Moonworks:Assault","Moonworks:SakisCookie+1"],"relics":["Moonworks:BrokenBomb","Moonworks:Homemark","NeowsBlessing","Hallownest:DreamNailRelic","Ginger","Circlet"],"acts_visited":["Hallownest:Greenpath"],"potions_floor_usage":[16],"damage_taken":[{"damage":1,"enemies":"Hallownest:2_Tiktiks_and_1_Crawlid","floor":1,"turns":2},{"damage":0,"enemies":"2_ Uuma","floor":5,"turns":1},{"damage":0,"enemies":"Hallownest:monsterHuskGuard","floor":8,"turns":1},{"damage":7,"enemies":"Hallownest:eliteVengeflyKing","floor":10,"turns":9},{"damage":2,"enemies":"Hallownest:1_Ooma_and_2_Uuma","floor":12,"turns":7},{"damage":0,"enemies":"Hallownest:monsterMossCharger","floor":14,"turns":3},{"damage":85,"enemies":"Hallownest:BossHornet","floor":16,"turns":11}],"seed_played":"3358745797264076961","potions_obtained":[{"floor":10,"key":"Block Potion"},{"floor":12,"key":"Energy Potion"}],"is_trial":false,"path_per_floor":["M","?","?","$","M","R","$","M","T","E","?","M","R","M","R","B"],"character_chosen":"THE_STARBREAKER","items_purchased":[],"campfire_rested":0,"item_purchase_floors":[],"current_hp_per_floor":[59,59,59,59,59,59,59,59,59,52,52,50,50,50,50,0,0],"gold":9,"neow_bonus":"THREE_ENEMY_KILL","is_daily":false,"chose_seed":false,"campfire_upgraded":3,"win_rate":0.0,"timestamp":1611939243,"path_taken":["M","?","?","?","M","R","$","?","T","E","?","?","R","M","R","BOSS"],"items_purchased_type":[],"build_version":"2020-12-18","purchased_purges":0,"victory":false,"max_hp_per_floor":[60,60,60,60,60,60,60,60,60,60,60,60,60,60,60,60,60],"relic_stats":{"counters":[7,34],"Ginger":[1],"obtain_stats":[{"NeowsBlessing":0,"Moonworks:Homemark":0,"Circlet":11,"Hallownest:DreamNailRelic":2,"Ginger":10,"Moonworks:BrokenBomb":0},{"NeowsBlessing":0,"Moonworks:Homemark":0,"Circlet":4,"Hallownest:DreamNailRelic":1,"Ginger":4,"Moonworks:BrokenBomb":0},{"NeowsBlessing":0,"Moonworks:Homemark":0,"Circlet":13,"Hallownest:DreamNailRelic":2,"Ginger":13,"Moonworks:BrokenBomb":0}]},"card_choices":[{"not_picked":["Moonworks:IndiscriminateFireSupport","Moonworks:BigMagnum"],"picked":"Moonworks:NicePresent","floor":1},{"not_picked":["Moonworks:IndiscriminateFireSupport","Moonworks:Assault"],"picked":"Moonworks:JonathanRush","floor":5},{"not_picked":["Moonworks:FinalSurgery","Moonworks:Heat300Percent"],"picked":"Moonworks:EvilSpyWorkPreparation","floor":8},{"not_picked":["Moonworks:CloudOfSeagulls","Moonworks:DeployBits"],"picked":"Moonworks:DevilHand","floor":10},{"not_picked":["Moonworks:NicePresent","Moonworks:IndiscriminateFireSupport"],"picked":"Moonworks:Assault","floor":12},{"not_picked":["Moonworks:Flamethrower","Moonworks:BackdoorTrade"],"picked":"Moonworks:SakisCookie","floor":14}],"player_experience":284802,"relics_obtained":[{"floor":10,"key":"Ginger"}],"event_choices":[],"is_beta":true,"boss_relics":[],"items_purged_floors":[],"is_endless":false,"potions_floor_spawned":[10,12],"killed_by":"Hallownest:BossHornet","ascension_level":0}}