{"host":"nnt34ungdh9fkcmy","time":1611891899,"event":{"mods":["BaseMod","Downfall","Minty Spire (QoL Compilation)","StSLib","SuperFastMode"],"gold_per_floor":[117,67,242,120,195,222,322,354,407,434,465,493,528,561,561,657,657,676,691,708,734,754,787,819,845,845,879,571,599,628,661,661,765,765,784,132,184,199,199,227,255,288,288,317,343,374,402,207,207,207],"floor_reached":51,"language":"ENG","playtime":2693,"items_purged":["hexamod:PhantomFireball","Doubt"],"score":1768,"play_id":"79ae9a90-554d-4514-91e4-1d98d5e7dcbf","local_time":"20210128204459","daily_mods":["Draft","Vintage","Flight","Elite Swarm"],"is_ascension_mode":true,"campfire_choices":[{"data":"hexamod:TimeOfNeed","floor":15,"key":"SMITH"},{"data":"hexamod:ForkedFlame","floor":32,"key":"SMITH"},{"floor":49,"key":"DIG"}],"circlet_count":0,"master_deck":["hexamod:GhostLash+1","hexamod:PhantomCloak+1","hexamod:GhostShield+1","hexamod:Firestarter+1","hexamod:GhostShield+1","hexamod:HeatMetal+1","hexamod:Firestarter+1","hexamod:FlamesFromBeyond+1","hexamod:SuperheatedStrike+1","hexamod:AdvancingGuard+1","hexamod:EmpoweredFlame+1","hexamod:Hexaguard+1","hexamod:NightmareGuise+1","hexamod:SpectersWail+1","hexamod:AdvancingGuard+1","hexamod:TimeOfNeed+1","hexamod:ForkedFlame+1","hexamod:VolcanoVisage+1","hexamod:ApocalypseNow+1","hexamod:PhantomCloak+1","hexamod:UnlimitedPower+1","hexamod:GiftsFromTheDead+1","hexamod:SixthSeal","hexamod:UnleashSpirits+1","hexamod:EmpoweredFlame+1","hexamod:SixthSeal","hexamod:GiftsFromTheDead+1","hexamod:RadiantFlame+1","hexamod:SixthSeal"],"relics":["hexamod:SpiritBrand","Smiling Mask","Ancient Tea Set","Dead Branch","Bag of Preparation","hexamod:Sixitude","Gambling Chip","Incense Burner","Eternal Feather","Regal Pillow","Snecko Eye","Matryoshka","Calipers","Bag of Marbles","hexamod:TheBrokenSeal","CaptainsWheel","White Beast Statue","Lantern","StrikeDummy","The Courier","Oddly Smooth Stone","Sundial","Guardian:GemstoneGun","Juzu Bracelet","bronze:BronzeIdol","Prayer Wheel","Blue Candle","Ornamental Fan","expansioncontent:StudyCardRelic","Boot","Ice Cream","StoneCalendar","Mummified Hand","hexamod:SoulConsumer","Bottled Flame","sneckomod:SuperSneckoEye","Shovel","Pear","Anchor","hexamod:CandleOfCauterizing","hexamod:InflammatoryLetter","PreservedInsect","Du-Vu Doll","Guardian:PocketSentry","InkBottle","Pantograph"],"acts_visited":["Exordium","TheCity","TheBeyond"],"potions_floor_usage":[6,16,50],"damage_taken":[{"damage":6,"enemies":"Cultist","floor":1,"turns":3},{"damage":26,"enemies":"Lagavulin","floor":6,"turns":5},{"damage":0,"enemies":"Gremlin Nob","floor":8,"turns":4},{"damage":6,"enemies":"Lagavulin","floor":10,"turns":4},{"damage":2,"enemies":"3 Sentries","floor":11,"turns":3},{"damage":4,"enemies":"Gremlin Nob","floor":12,"turns":3},{"damage":0,"enemies":"Lagavulin","floor":13,"turns":3},{"damage":0,"enemies":"3 Sentries","floor":14,"turns":4},{"damage":3,"enemies":"The Guardian","floor":16,"turns":4},{"damage":0,"enemies":"3 Byrds","floor":18,"turns":3},{"damage":6,"enemies":"2 Thieves","floor":19,"turns":4},{"damage":7,"enemies":"Snake Plant","floor":20,"turns":5},{"damage":12,"enemies":"Centurion and Healer","floor":21,"turns":8},{"damage":0,"enemies":"3 Cultists","floor":22,"turns":4},{"damage":0,"enemies":"Gremlin Leader","floor":23,"turns":2},{"damage":0,"enemies":"Book of Stabbing","floor":24,"turns":2},{"damage":0,"enemies":"Slavers","floor":25,"turns":3},{"damage":0,"enemies":"Book of Stabbing","floor":27,"turns":3},{"damage":0,"enemies":"Gremlin Leader","floor":29,"turns":3},{"damage":0,"enemies":"Slavers","floor":30,"turns":3},{"damage":0,"enemies":"Gremlin Leader","floor":31,"turns":3},{"damage":0,"enemies":"Automaton","floor":33,"turns":6},{"damage":0,"enemies":"3 Darklings","floor":35,"turns":3},{"damage":0,"enemies":"2 Orb Walkers","floor":37,"turns":3},{"damage":0,"enemies":"Orb Walker","floor":38,"turns":1},{"damage":0,"enemies":"Nemesis","floor":40,"turns":1},{"damage":0,"enemies":"Giant Head","floor":41,"turns":4},{"damage":0,"enemies":"Nemesis","floor":42,"turns":3},{"damage":0,"enemies":"Giant Head","floor":44,"turns":4},{"damage":0,"enemies":"Nemesis","floor":45,"turns":3},{"damage":0,"enemies":"Reptomancer","floor":46,"turns":3},{"damage":0,"enemies":"Nemesis","floor":47,"turns":1},{"damage":0,"enemies":"Donu and Deca","floor":50,"turns":3}],"seed_played":"-7807172238898732671","potions_obtained":[{"floor":1,"key":"Weak Potion"},{"floor":8,"key":"Block Potion"},{"floor":10,"key":"ColorlessPotion"},{"floor":12,"key":"LiquidMemories"},{"floor":14,"key":"Ancient Potion"},{"floor":16,"key":"LiquidBronze"},{"floor":22,"key":"LiquidMemories"},{"floor":25,"key":"DuplicationPotion"}],"is_trial":true,"path_per_floor":["M","$","?","$","?","E","?","E","T","E","E","E","E","E","R","B",null,"M","M","M","M","M","E","E","E","T","E","$","E","E","E","R","B",null,"M","$","?","M","?","E","E","E","T","E","E","E","E","$","R","B",null],"character_chosen":"THE_SPIRIT","items_purchased":["hexamod:SpectersWail","hexamod:AdvancingGuard","hexamod:EmpoweredFlame","Juzu Bracelet","bronze:BronzeIdol","Ice Cream","StoneCalendar","Mummified Hand","InkBottle"],"campfire_rested":0,"item_purchase_floors":[4,4,28,28,28,36,36,36,48],"current_hp_per_floor":[70,70,70,70,59,40,40,47,47,48,53,56,63,70,70,67,70,70,70,70,80,80,80,80,80,80,80,80,80,80,80,80,80,80,80,80,80,80,76,76,76,86,86,86,86,86,86,86,86,86],"gold":207,"neow_bonus":"","is_daily":false,"chose_seed":false,"campfire_upgraded":2,"win_rate":0.0,"timestamp":1611891899,"path_taken":["M","$","?","$","?","E","?","E","T","E","E","E","E","E","R","BOSS","M","M","M","M","M","E","E","E","T","E","$","E","E","E","R","BOSS","M","$","?","M","?","E","E","E","T","E","E","E","E","$","R","BOSS"],"items_purchased_type":["Card","Card","Card","Relic","Relic","Relic","Relic","Relic","Relic"],"build_version":"2020-12-22","purchased_purges":2,"victory":true,"max_hp_per_floor":[70,70,70,70,70,70,70,70,70,70,70,70,70,70,70,70,70,70,70,70,80,80,80,80,80,80,80,80,80,80,80,80,80,80,80,80,80,80,76,76,76,86,86,86,86,86,86,86,86,86],"card_choices":[{"not_picked":["hexamod:Haunt","hexamod:NightmareGuise"],"picked":"hexamod:GhostLash","floor":0},{"not_picked":["hexamod:SuperheatedStrike","hexamod:SpectralSpark"],"picked":"hexamod:PhantomCloak","floor":0},{"not_picked":["hexamod:GhostOfSpireFuture","hexamod:HauntingEcho"],"picked":"hexamod:GhostShield","floor":0},{"not_picked":["hexamod:AdvancingGuard","hexamod:BacktrackSmack"],"picked":"hexamod:Firestarter","floor":0},{"not_picked":["hexamod:Rewind","hexamod:NightmareGuise"],"picked":"hexamod:GhostShield","floor":0},{"not_picked":["hexamod:SwordOfDarkness","hexamod:InspiringFlames"],"picked":"hexamod:HeatMetal","floor":0},{"not_picked":["hexamod:ExtraCrispy","hexamod:NightmareStrike"],"picked":"hexamod:Firestarter","floor":0},{"not_picked":["hexamod:HeatMetal","hexamod:GhostLash"],"picked":"hexamod:FlamesFromBeyond","floor":0},{"not_picked":["hexamod:GhostLash","hexamod:SwordOfDarkness"],"picked":"hexamod:SuperheatedStrike","floor":0},{"not_picked":["hexamod:BurningTouch","hexamod:InspiringFlames"],"picked":"hexamod:AdvancingGuard","floor":0},{"not_picked":["hexamod:GhostShield","hexamod:ThermalTransfer"],"picked":"hexamod:EmpoweredFlame","floor":0},{"not_picked":["hexamod:RetreatToShadows","hexamod:SwordOfDarkness"],"picked":"hexamod:Hexaguard","floor":0},{"not_picked":["hexamod:Haunt","hexamod:GhostShield"],"picked":"hexamod:PhantomFireball","floor":0},{"not_picked":["hexamod:GhostShield","hexamod:SwordOfDarkness"],"picked":"hexamod:FirstSeal","floor":0},{"not_picked":["hexamod:RadiantFlame","hexamod:Haunt"],"picked":"hexamod:NightmareGuise","floor":0},{"not_picked":["hexamod:ApocalypticArmor","hexamod:UnleashSpirits"],"picked":"hexamod:TimeOfNeed","floor":6},{"not_picked":["hexamod:FlameSwitch","hexamod:SearingWound"],"picked":"hexamod:ForkedFlame","floor":8},{"not_picked":["hexamod:UnleashSpirits","hexamod:ParanormalForm","hexamod:ApocalypticArmor"],"picked":"SKIP","floor":10},{"not_picked":["hexamod:GhostflameInferno","hexamod:TurnItUp"],"picked":"hexamod:VolcanoVisage","floor":11},{"not_picked":["hexamod:WildfireWeapon","hexamod:Toasty"],"picked":"hexamod:ApocalypseNow","floor":12},{"not_picked":["hexamod:ApocalypseNow","hexamod:FlameSwitch","hexamod:TurnItUp"],"picked":"SKIP","floor":13},{"not_picked":["hexamod:ForkedFlame","hexamod:WildfireWeapon"],"picked":"hexamod:FifthSeal","floor":14},{"not_picked":["hexamod:FirstSeal","hexamod:SecondSeal"],"picked":"hexamod:ThirdSeal","floor":16},{"not_picked":["hexamod:SecondSeal","hexamod:FourthSeal"],"picked":"hexamod:SixthSeal","floor":18},{"not_picked":["hexamod:NightmareGuise","hexamod:AdvancingGuard"],"picked":"hexamod:PhantomCloak+1","floor":18},{"not_picked":["hexamod:SecondSeal","hexamod:FirstSeal"],"picked":"hexamod:FourthSeal","floor":19},{"not_picked":["hexamod:ThirdSeal","hexamod:SixthSeal"],"picked":"hexamod:SecondSeal","floor":20},{"not_picked":["hexamod:ParanormalForm","hexamod:ApocalypseNow"],"picked":"hexamod:UnlimitedPower","floor":23},{"not_picked":["hexamod:GhostOfSpirePresent","hexamod:ApocalypseNow"],"picked":"hexamod:GiftsFromTheDead","floor":24},{"not_picked":["hexamod:GhostflameInferno","hexamod:UnlimitedPower"],"picked":"hexamod:SixthSeal","floor":25},{"not_picked":["hexamod:SearingWound","hexamod:TimeWarp"],"picked":"hexamod:UnleashSpirits","floor":27},{"not_picked":["hexamod:TurnItUp","hexamod:GhostOfSpirePresent"],"picked":"hexamod:SixthSeal","floor":29},{"not_picked":["hexamod:GhostflameInferno","hexamod:ParanormalForm","hexamod:FlameSwitch"],"picked":"SKIP","floor":30},{"not_picked":["hexamod:GhostflameInferno","hexamod:FlameSwitch","hexamod:TurnItUp"],"picked":"SKIP","floor":31},{"not_picked":["hexamod:WildfireWeapon","hexamod:TimeOfNeed"],"picked":"hexamod:GiftsFromTheDead","floor":33},{"not_picked":["hexamod:BurningTouch+1","hexamod:FastForward+1"],"picked":"hexamod:RadiantFlame+1","floor":37},{"not_picked":["hexamod:GiftsFromTheDead","hexamod:TimeWarp"],"picked":"hexamod:SixthSeal","floor":40},{"not_picked":["hexamod:HexaLevel","hexamod:ApocalypseNow","hexamod:TurnItUp"],"picked":"SKIP","floor":41},{"not_picked":["hexamod:HexaLevel","hexamod:ApocalypseNow","hexamod:TurnItUp"],"picked":"SKIP","floor":41},{"not_picked":["hexamod:UnleashSpirits","hexamod:Toasty","hexamod:GhostOfSpirePresent"],"picked":"SKIP","floor":42},{"not_picked":["hexamod:VolcanoVisage","hexamod:HexaLevel","hexamod:GhostOfSpirePresent"],"picked":"SKIP","floor":44},{"not_picked":["hexamod:ForkedFlame","hexamod:SixthSeal","hexamod:ParanormalForm"],"picked":"SKIP","floor":45},{"not_picked":["hexamod:FlameSwitch","hexamod:VolcanoVisage","hexamod:ParanormalForm"],"picked":"SKIP","floor":46},{"not_picked":["hexamod:GhostflameInferno","hexamod:ParanormalForm","hexamod:HexaLevel"],"picked":"SKIP","floor":47}],"player_experience":278948,"relics_obtained":[{"floor":1,"key":"Smiling Mask"},{"floor":6,"key":"Ancient Tea Set"},{"floor":8,"key":"Dead Branch"},{"floor":9,"key":"Bag of Preparation"},{"floor":10,"key":"hexamod:Sixitude"},{"floor":11,"key":"Gambling Chip"},{"floor":12,"key":"Incense Burner"},{"floor":13,"key":"Eternal Feather"},{"floor":14,"key":"Regal Pillow"},{"floor":18,"key":"Matryoshka"},{"floor":19,"key":"Calipers"},{"floor":20,"key":"Bag of Marbles"},{"floor":21,"key":"CaptainsWheel"},{"floor":22,"key":"White Beast Statue"},{"floor":23,"key":"Lantern"},{"floor":24,"key":"StrikeDummy"},{"floor":25,"key":"The Courier"},{"floor":26,"key":"Oddly Smooth Stone"},{"floor":26,"key":"Sundial"},{"floor":27,"key":"Guardian:GemstoneGun"},{"floor":29,"key":"Prayer Wheel"},{"floor":30,"key":"Blue Candle"},{"floor":31,"key":"Ornamental Fan"},{"floor":35,"key":"Boot"},{"floor":37,"key":"hexamod:SoulConsumer"},{"floor":38,"key":"Bottled Flame"},{"floor":40,"key":"sneckomod:SuperSneckoEye"},{"floor":41,"key":"Shovel"},{"floor":42,"key":"Pear"},{"floor":43,"key":"Anchor"},{"floor":43,"key":"hexamod:CandleOfCauterizing"},{"floor":44,"key":"hexamod:InflammatoryLetter"},{"floor":45,"key":"PreservedInsect"},{"floor":46,"key":"Du-Vu Doll"},{"floor":47,"key":"Guardian:PocketSentry"},{"floor":49,"key":"Pantograph"}],"event_choices":[{"damage_healed":0,"gold_gain":175,"player_choice":"AGREE","damage_taken":0,"max_hp_gain":0,"max_hp_loss":0,"event_name":"Liars Game","floor":3,"gold_loss":0,"cards_obtained":["Doubt"]},{"damage_healed":0,"gold_gain":75,"player_choice":"Gather Gold","damage_taken":11,"max_hp_gain":0,"max_hp_loss":0,"event_name":"World of Goop","floor":5,"gold_loss":0},{"damage_healed":0,"gold_gain":100,"player_choice":"Pray","damage_taken":0,"max_hp_gain":0,"max_hp_loss":0,"event_name":"Golden Shrine","floor":7,"gold_loss":0},{"damage_healed":0,"gold_gain":0,"player_choice":"Fight","damage_taken":0,"max_hp_gain":0,"max_hp_loss":0,"event_name":"Mysterious Sphere","floor":37,"gold_loss":0},{"damage_healed":0,"gold_gain":0,"player_choice":"Max HP","damage_taken":0,"max_hp_gain":0,"max_hp_loss":4,"event_name":"Winding Halls","floor":39,"gold_loss":0}],"is_beta":false,"boss_relics":[{"not_picked":["Tiny House","Empty Cage"],"picked":"Snecko Eye"},{"not_picked":["Runic Dome","hexamod:IceCube"],"picked":"expansioncontent:StudyCardRelic"}],"items_purged_floors":[2,4],"is_endless":false,"potions_floor_spawned":[1,8,10,12,14,16,22,23,24,25,27,29,30,31,33,35,37,38,40,41,42,44,45,46,47],"ascension_level":1}}