{"host":"twbuyd87gsx4w7po","time":1611913505,"event":{"mods":["BaseMod","Downfall","Minty Spire (QoL Compilation)","StSLib"],"gold_per_floor":[99,112,112,124,124,135,159,159,159,193,193,218,230,258,273,371,371,371,390,137,137,154,181,234,244,144,156,156,170,188,218,237,339,339,239,253,253,263,311,340,340,359,388,114,124,141,41,41,55,55,55,55,55,55],"floor_reached":52,"language":"ENG","playtime":4216,"items_purged":["Slimebound:Defend_Slimebound","Slimebound:Strike_Slimebound","Doubt"],"score":861,"play_id":"1c0bc5ed-faeb-4548-b09b-4196a547fe5b","local_time":"20210129014505","is_ascension_mode":true,"campfire_choices":[{"data":"Slimebound:Split","floor":1,"key":"SMITH"},{"data":"Slimebound:Teamwork","floor":9,"key":"SMITH"},{"data":"Slimebound:DuplicatedForm","floor":11,"key":"SMITH"},{"data":"Slimebound:DouseInSlime","floor":18,"key":"SMITH"},{"data":"expansioncontent:LastStand","floor":26,"key":"SMITH"},{"data":"Slimebound:RainOfGoop","floor":28,"key":"SMITH"},{"floor":35,"key":"RECALL"},{"data":"Slimebound:Darklings","floor":47,"key":"SMITH"}],"circlet_count":0,"master_deck":["Slimebound:Strike_Slimebound","Slimebound:Tackle","Slimebound:Defend_Slimebound+1","Slimebound:Defend_Slimebound+1","Slimebound:Split+1","Slimebound:CorrosiveSpit+1","Slimebound:MegaLick+1","Slimebound:ItLooksTasty","Slimebound:DuplicatedForm+1","Slimebound:SlimeSpikes","Slimebound:LevelUp","Slimebound:RejuvenatingLick","Slimebound:RainOfGoop+1","Slimebound:DouseInSlime+1","Slimebound:LeechingTouch","expansioncontent:LastStand+1","Slimebound:LeadByExample","Slimebound:TongueLash","Slimebound:LeechEnergy","Slimebound:Teamwork+1","Slimebound:SlimeSpikes","downfall:Icky","Slimebound:SlimeSpikes","Slimebound:GrowthPunch+1","Slimebound:SamplingLick+1","Slimebound:GoopSpray+1","Slimebound:Schlurp+1","Slimebound:SlimeSlap","Slimebound:Schlurp+1","Slimebound:Darklings+1","Slimebound:ComboTackle","Slimebound:Nibble+1","Slimebound:SlimeSpikes","expansioncontent:DashGenerateEvil","expansioncontent:StudyTheSpire"],"relics":["Slimebound:AbsorbEndCombat","Dream Catcher","Blood Vial","Bottled Flame","Art of War","Anchor","Cursed Key","DollysMirror","Shovel","downfall:HeartBlessingBlue","Potion Belt","Philosopher\u0027s Stone","downfall:HeartBlessingGreen","StoneCalendar","MealTicket","Pen Nib","Prayer Wheel","War Paint","downfall:HeartBlessingRed"],"acts_visited":["Exordium","TheCity","TheBeyond","TheEnding"],"potions_floor_usage":[12,13,13,14,16,30,36],"damage_taken":[{"damage":1,"enemies":"Jaw Worm","floor":2,"turns":3},{"damage":1,"enemies":"Small Slimes","floor":4,"turns":3},{"damage":3,"enemies":"Cultist","floor":6,"turns":3},{"damage":5,"enemies":"Lagavulin","floor":10,"turns":6},{"damage":21,"enemies":"Gremlin Nob","floor":12,"turns":4},{"damage":8,"enemies":"Large Slime","floor":13,"turns":6},{"damage":36,"enemies":"3 Sentries","floor":14,"turns":7},{"damage":10,"enemies":"Exordium Thugs","floor":15,"turns":6},{"damage":19,"enemies":"WA_ARCHETYPE_RETAIN","floor":16,"turns":6},{"damage":15,"enemies":"Shell Parasite","floor":19,"turns":4},{"damage":25,"enemies":"downfall:FleeingMerchant","floor":20,"turns":4},{"damage":25,"enemies":"downfall:FleeingMerchant","floor":22,"turns":4},{"damage":32,"enemies":"Book of Stabbing","floor":23,"turns":4},{"damage":22,"enemies":"3 Cultists","floor":25,"turns":6},{"damage":36,"enemies":"Snake Plant","floor":27,"turns":4},{"damage":31,"enemies":"Snecko","floor":29,"turns":4},{"damage":30,"enemies":"Centurion and Healer","floor":30,"turns":6},{"damage":12,"enemies":"Gremlin Leader","floor":31,"turns":6},{"damage":9,"enemies":"Sentry and Sphere","floor":32,"turns":7},{"damage":30,"enemies":"IC_MUSHROOM_ARCHETYPE","floor":33,"turns":7},{"damage":18,"enemies":"3 Shapes","floor":36,"turns":4},{"damage":30,"enemies":"3 Darklings","floor":38,"turns":7},{"damage":31,"enemies":"2 Orb Walkers","floor":39,"turns":4},{"damage":43,"enemies":"Nemesis","floor":40,"turns":5},{"damage":9,"enemies":"Sphere and 2 Shapes","floor":42,"turns":4},{"damage":26,"enemies":"Giant Head","floor":43,"turns":7},{"damage":21,"enemies":"Jaw Worm Horde","floor":45,"turns":6},{"damage":28,"enemies":"Maw","floor":46,"turns":7},{"damage":13,"enemies":"3 Darklings","floor":49,"turns":5},{"damage":23,"enemies":"SI_POISON_ARCHETYPE","floor":50,"turns":8},{"damage":77,"enemies":"downfall:CharBossMerchant","floor":52,"turns":6}],"seed_played":"3741738934315060657","potions_obtained":[{"floor":4,"key":"SteroidPotion"},{"floor":6,"key":"SkillPotion"},{"floor":10,"key":"Weak Potion"},{"floor":12,"key":"Slimebound:SlimyTonguePotion"},{"floor":13,"key":"LiquidMemories"},{"floor":25,"key":"SteroidPotion"},{"floor":27,"key":"LiquidMemories"},{"floor":31,"key":"FearPotion"},{"floor":38,"key":"Ancient Potion"},{"floor":40,"key":"Dexterity Potion"},{"floor":42,"key":"SteroidPotion"}],"is_trial":false,"path_per_floor":["R","M","?","M","?","M","T","?","R","E","R","E","M","E","M","B",null,"R","M","$","?","$","E","T","M","R","M","R","M","M","E","M","B",null,"R","M","?","M","?","E","T","M","E","$","M","M","R","?","M","B",null,"E"],"character_chosen":"SLIMEBOUND","items_purchased":["expansioncontent:LastStand","Slimebound:LeadByExample","Slimebound:LeechEnergy","DollysMirror","War Paint"],"campfire_rested":0,"item_purchase_floors":[20,20,22,22,44],"current_hp_per_floor":[65,65,65,65,53,56,56,56,56,61,61,46,48,37,37,43,65,65,65,61,53,49,42,42,30,40,39,39,43,38,36,37,42,75,75,75,75,62,39,21,21,32,16,31,45,52,52,47,44,56,75,0,0,0],"gold":55,"neow_bonus":"UPGRADE_CARD","is_daily":false,"chose_seed":false,"campfire_upgraded":7,"win_rate":0.0,"timestamp":1611913505,"path_taken":["R","M","?","M","?","M","T","?","R","E","R","E","?","E","M","BOSS","R","M","$","?","?","E","T","M","R","M","R","M","M","E","M","BOSS","R","M","?","M","?","E","T","M","E","$","M","M","R","?","M","BOSS","E"],"items_purchased_type":["Card","Card","Card","Relic","Relic"],"build_version":"2020-12-22","purchased_purges":3,"victory":false,"max_hp_per_floor":[65,65,65,65,65,65,65,65,65,65,65,65,65,65,65,65,65,65,65,65,65,65,65,65,65,75,75,75,75,75,75,75,75,75,75,75,75,75,75,75,75,75,75,75,75,75,75,75,75,75,75,75,75,75],"card_choices":[{"not_picked":["Slimebound:Prepare","Slimebound:PressTheAttack"],"picked":"Slimebound:MegaLick","floor":2},{"not_picked":["Slimebound:Chomp","Slimebound:Prepare"],"picked":"Slimebound:ItLooksTasty","floor":4},{"not_picked":["Slimebound:Prepare","Slimebound:SamplingLick"],"picked":"Slimebound:Teamwork","floor":6},{"not_picked":["Slimebound:LevelUp","Slimebound:ComboTackle"],"picked":"Slimebound:DuplicatedForm","floor":10},{"not_picked":["Slimebound:DivideAndConquer","Slimebound:SamplingLick"],"picked":"Slimebound:SlimeSpikes","floor":12},{"not_picked":["Slimebound:PressTheAttack","Slimebound:Chomp"],"picked":"Slimebound:LevelUp","floor":13},{"not_picked":["Slimebound:Equalize","Slimebound:Chomp"],"picked":"Slimebound:RejuvenatingLick","floor":14},{"not_picked":["Slimebound:GoopTackle","Slimebound:Grow"],"picked":"Slimebound:RainOfGoop","floor":15},{"not_picked":["Slimebound:LeechLife","Slimebound:FirmFortitude"],"picked":"Slimebound:DouseInSlime","floor":16},{"not_picked":["Slimebound:SplitLeeching","Slimebound:AcidTongue"],"picked":"Slimebound:LeechingTouch","floor":19},{"not_picked":["Slimebound:FinishingTackle","Slimebound:GoopTackle","Slimebound:BestDefense+1"],"picked":"SKIP","floor":20},{"not_picked":["Slimebound:ComboTackle","Slimebound:Prepare+1"],"picked":"Slimebound:TongueLash","floor":22},{"not_picked":["Slimebound:Gluttony","Slimebound:MassRepurpose"],"picked":"Slimebound:SlimeSpikes","floor":23},{"not_picked":["Slimebound:TongueLash","Slimebound:RollThrough"],"picked":"Slimebound:SlimeSpikes","floor":25},{"not_picked":["Slimebound:LevelUp+1","Slimebound:Replication+1"],"picked":"Slimebound:GrowthPunch+1","floor":27},{"not_picked":["Slimebound:PressTheAttack+1","Slimebound:FinishingTackle+1"],"picked":"Slimebound:SamplingLick+1","floor":29},{"not_picked":["Slimebound:SlimeBarrage","Slimebound:Schlurp"],"picked":"Slimebound:GoopSpray+1","floor":30},{"not_picked":["Slimebound:Grow+1","Slimebound:Teamwork"],"picked":"Slimebound:Schlurp+1","floor":31},{"not_picked":["Slimebound:SplitAcid","Slimebound:Replication","Slimebound:ServeAndProtect"],"picked":"SKIP","floor":32},{"not_picked":["Slimebound:CheckThePlaybook","Slimebound:OneTwoCombo"],"picked":"Slimebound:SlimeSlap","floor":33},{"not_picked":["Slimebound:ComboTackle+1","Slimebound:HauntingLick"],"picked":"Slimebound:Schlurp+1","floor":36},{"not_picked":["Slimebound:LivingWall+1","Slimebound:SlimeTap+1"],"picked":"Slimebound:ComboTackle","floor":38},{"not_picked":["Slimebound:FlameTackle+1","Slimebound:FormOfPuddle"],"picked":"Slimebound:Nibble+1","floor":39},{"not_picked":["Slimebound:ProtectTheBoss","Slimebound:SplitBruiser","Slimebound:SplitAcid+1"],"picked":"SKIP","floor":40},{"not_picked":["Slimebound:LeechingTouch+1","Slimebound:MassRepurpose","Slimebound:RejuvenatingLick"],"picked":"SKIP","floor":42},{"not_picked":["Slimebound:LivingWall+1","Slimebound:SplitBruiser","Slimebound:SlimeBarrage+1"],"picked":"SKIP","floor":43},{"not_picked":["Slimebound:PressTheAttack","Slimebound:Chomp"],"picked":"Slimebound:SlimeSpikes","floor":45},{"not_picked":["Slimebound:Dissolve","Slimebound:RollThrough+1","Slimebound:SplitAcid+1"],"picked":"SKIP","floor":45},{"not_picked":["Slimebound:GoopSpray+1","Slimebound:Chomp+1","Slimebound:FinishingTackle"],"picked":"SKIP","floor":46},{"not_picked":["Slimebound:SplitMire+1","Slimebound:Dissolve","Slimebound:SplitLeeching"],"picked":"SKIP","floor":46},{"not_picked":["Slimebound:GoopSpray+1","Slimebound:Chomp+1","Slimebound:FinishingTackle"],"picked":"SKIP","floor":46},{"not_picked":["Slimebound:SplitMire+1","Slimebound:Dissolve","Slimebound:SplitLeeching"],"picked":"SKIP","floor":46},{"not_picked":["expansioncontent:AwakenDeath","expansioncontent:HyperBeam"],"picked":"expansioncontent:DashGenerateEvil","floor":48},{"not_picked":["expansioncontent:GuardianWhirl","expansioncontent:HyperBeam"],"picked":"expansioncontent:StudyTheSpire","floor":48},{"not_picked":["Slimebound:SamplingLick","Slimebound:OneTwoCombo","Slimebound:FormOfPuddle"],"picked":"SKIP","floor":49},{"not_picked":["Slimebound:RollThrough","Slimebound:ComboTackle+1","Slimebound:SplitLeeching"],"picked":"SKIP","floor":49}],"player_experience":373767,"relics_obtained":[{"floor":7,"key":"Blood Vial"},{"floor":10,"key":"Bottled Flame"},{"floor":12,"key":"Art of War"},{"floor":14,"key":"Anchor"},{"floor":23,"key":"Shovel"},{"floor":31,"key":"Potion Belt"},{"floor":39,"key":"StoneCalendar"},{"floor":40,"key":"MealTicket"},{"floor":41,"key":"Pen Nib"},{"floor":43,"key":"Prayer Wheel"}],"event_choices":[{"damage_healed":0,"gold_gain":0,"player_choice":"Success","damage_taken":12,"relics_obtained":["Dream Catcher"],"max_hp_gain":0,"max_hp_loss":0,"event_name":"Scrap Ooze","floor":5,"gold_loss":0},{"damage_healed":0,"gold_gain":0,"player_choice":"Fight","damage_taken":0,"max_hp_gain":0,"max_hp_loss":0,"event_name":"Mysterious Sphere","floor":39,"gold_loss":0}],"is_beta":false,"boss_relics":[{"not_picked":["Black Star","Empty Cage"],"picked":"Cursed Key"},{"not_picked":["SacredBark","Slimebound:AbsorbEndCombatUpgraded"],"picked":"Philosopher\u0027s Stone"}],"items_purged_floors":[20,22,44],"is_endless":false,"potions_floor_spawned":[4,6,10,12,13,25,27,31,38,40,42],"killed_by":"downfall:CharBossMerchant","ascension_level":1}}