{"host":"tq99ucv8ezzqzioe","time":1611881967,"event":{"mods":["BaseMod","Colored Map","Downfall","Highlight Path","Minty Spire (QoL Compilation)","StSLib"],"gold_per_floor":[13,13,29,46,65,97,97,130,130,130,148,148,19,35,35,133,133,147,147,147,175,22,22,22],"floor_reached":23,"language":"ENG","playtime":1011,"items_purged":["Defend_R","Cleave"],"score":259,"play_id":"f9bd10ec-ec72-47c4-a197-d9d31b6a4d0c","local_time":"20210128195927","is_ascension_mode":true,"campfire_choices":[{"data":"Perfected Strike","floor":7,"key":"SMITH"},{"floor":10,"key":"RECALL"},{"data":"Shrug It Off","floor":15,"key":"SMITH"}],"circlet_count":0,"master_deck":["Strike_R","Strike_R","Strike_R","Strike_R","Strike_R","Defend_R","Defend_R","Defend_R","Perfected Strike+1","Clash","Berserk+1","Shrug It Off+1","Twin Strike","Shrug It Off","Demon Form","Flame Barrier","Perfected Strike","Clash","Perfected Strike"],"relics":["Burning Blood","Incense Burner","Art of War","Pear","Black Star","Red Mask"],"acts_visited":["Exordium","TheCity"],"potions_floor_usage":[8,16,18,21,23],"damage_taken":[{"damage":7,"enemies":"Small Slimes","floor":1,"turns":4},{"damage":1,"enemies":"Cultist","floor":3,"turns":3},{"damage":4,"enemies":"Jaw Worm","floor":4,"turns":3},{"damage":3,"enemies":"2 Fungi Beasts","floor":5,"turns":3},{"damage":41,"enemies":"Gremlin Nob","floor":6,"turns":6},{"damage":35,"enemies":"Lagavulin","floor":8,"turns":6},{"damage":0,"enemies":"Exordium Wildlife","floor":11,"turns":3},{"damage":3,"enemies":"3 Louse","floor":14,"turns":3},{"damage":17,"enemies":"Slime Boss","floor":16,"turns":8},{"damage":9,"enemies":"Chosen","floor":18,"turns":4},{"damage":32,"enemies":"Masked Bandits","floor":21,"turns":6},{"damage":49,"enemies":"Slavers","floor":23,"turns":5}],"seed_played":"1413644060804451203","potions_obtained":[{"floor":5,"key":"Weak Potion"},{"floor":6,"key":"BloodPotion"},{"floor":11,"key":"hexamod:SoulburnPotion"},{"floor":14,"key":"Swift Potion"},{"floor":21,"key":"FearPotion"}],"is_trial":false,"path_per_floor":["M","?","M","M","M","E","R","E","T","R","M","?","$","M","R","B",null,"M","?","?","?","$","E"],"character_chosen":"IRONCLAD","items_purchased":["Twin Strike","Perfected Strike"],"campfire_rested":0,"item_purchase_floors":[13,22],"current_hp_per_floor":[71,71,76,78,80,45,45,42,42,42,48,48,48,51,51,40,78,75,75,75,49,49,0,0],"gold":22,"neow_bonus":"ONE_RARE_RELIC","is_daily":false,"chose_seed":false,"campfire_upgraded":2,"win_rate":0.0,"timestamp":1611881967,"path_taken":["M","?","?","M","M","E","R","E","T","R","M","?","$","M","R","BOSS","M","?","?","?","$","E"],"items_purchased_type":["Card","Card"],"build_version":"2020-12-22","purchased_purges":2,"victory":false,"max_hp_per_floor":[80,80,80,80,80,80,80,90,90,90,90,90,90,90,90,90,90,90,90,90,90,90,90,90],"card_choices":[{"not_picked":["Body Slam","Rupture"],"picked":"Perfected Strike","floor":1},{"not_picked":["Sword Boomerang","True Grit"],"picked":"Clash","floor":3},{"not_picked":["Armaments","Dark Embrace"],"picked":"Cleave","floor":4},{"not_picked":["Reckless Charge","Wild Strike"],"picked":"Berserk","floor":5},{"not_picked":["Anger","Wild Strike","Second Wind"],"picked":"SKIP","floor":6},{"not_picked":["Body Slam","Feel No Pain","Thunderclap"],"picked":"SKIP","floor":8},{"not_picked":["Iron Wave","Cleave"],"picked":"Shrug It Off","floor":11},{"not_picked":["Thunderclap","Limit Break"],"picked":"Shrug It Off","floor":14},{"not_picked":["Double Tap","Feed"],"picked":"Demon Form","floor":16},{"not_picked":["Iron Wave","Flex"],"picked":"Flame Barrier","floor":18},{"not_picked":["Havoc","Flex"],"picked":"Clash","floor":21}],"player_experience":801013,"relics_obtained":[{"floor":6,"key":"Art of War"},{"floor":8,"key":"Pear"},{"floor":21,"key":"Red Mask"}],"event_choices":[{"cards_removed":["Bash"],"damage_healed":0,"gold_gain":0,"player_choice":"Offered Basic","damage_taken":0,"max_hp_gain":0,"max_hp_loss":0,"event_name":"Bonfire Elementals","floor":2,"gold_loss":0},{"damage_healed":0,"gold_gain":0,"player_choice":"Grow","damage_taken":0,"max_hp_gain":0,"max_hp_loss":0,"event_name":"Living Wall","floor":12,"gold_loss":0,"cards_upgraded":["Berserk"]},{"damage_healed":0,"gold_gain":0,"player_choice":"Read","damage_taken":0,"max_hp_gain":0,"max_hp_loss":0,"event_name":"The Library","floor":19,"gold_loss":0,"cards_obtained":["Perfected Strike"]},{"damage_healed":0,"gold_gain":0,"player_choice":"Ignored","damage_taken":0,"max_hp_gain":0,"max_hp_loss":0,"event_name":"Vampires","floor":20,"gold_loss":0},{"damage_healed":0,"gold_gain":0,"player_choice":"Fought Bandits","damage_taken":0,"max_hp_gain":0,"max_hp_loss":0,"event_name":"Masked Bandits","floor":21,"gold_loss":0}],"is_beta":false,"boss_relics":[{"not_picked":["Calling Bell","Snecko Eye"],"picked":"Black Star"}],"items_purged_floors":[13,22],"is_endless":false,"potions_floor_spawned":[5,6,11,14,21],"killed_by":"Slavers","ascension_level":6}}