{"host":"59fzh68erzs7h44i","time":1611950400,"event":{"mods":["AchievementEnabler","BaseMod","Downfall","Minty Spire (QoL Compilation)","StSLib","The Jungle"],"gold_per_floor":[118,118,43,43,43,43,77,89,89,117,117,127,144,144,144,248,248,262,65,65,84,84,84,84],"floor_reached":23,"language":"ENG","playtime":1161,"items_purged":["Defend_P","Defend_P"],"score":297,"play_id":"2612eb91-36fa-4fac-936a-c328455429b1","local_time":"20210129150000","is_ascension_mode":false,"campfire_choices":[{"data":"Eruption","floor":6,"key":"SMITH"},{"data":"Vigilance","floor":11,"key":"SMITH"},{"floor":15,"key":"REST"}],"circlet_count":0,"master_deck":["Strike_P","Strike_P","Strike_P","Eruption+1","Vigilance+1","EmptyBody","Sanctity","EmptyFist","LikeWater","EmptyFist","Consecrate","Judgement","FearNoEvil","Crescendo","Halt","LikeWater","Meditate"],"relics":["PureWater","NeowsBlessing","Tiny Chest","Ancient Tea Set","Potion Belt","Blue Candle","VioletLotus","Pear"],"acts_visited":["Exordium","TheCity"],"potions_floor_usage":[16,23,23],"damage_taken":[{"damage":0,"enemies":"2 Louse","floor":1,"turns":2},{"damage":0,"enemies":"3 Sentries","floor":7,"turns":1},{"damage":0,"enemies":"Jaw Worm","floor":8,"turns":1},{"damage":23,"enemies":"Lagavulin","floor":10,"turns":7},{"damage":0,"enemies":"Cultist","floor":12,"turns":2},{"damage":0,"enemies":"Blue Slaver","floor":13,"turns":3},{"damage":0,"enemies":"Slime Boss","floor":16,"turns":6},{"damage":0,"enemies":"Spheric Guardian","floor":18,"turns":3},{"damage":0,"enemies":"Shell Parasite","floor":21,"turns":4},{"damage":89,"enemies":"Book of Stabbing","floor":23,"turns":7}],"seed_played":"-5095227456964322809","potions_obtained":[{"floor":1,"key":"Slimebound:ThreeZeroPotion"},{"floor":10,"key":"sneckomod:MuddlingPotion"},{"floor":12,"key":"Energy Potion"},{"floor":18,"key":"SneckoOil"}],"is_trial":false,"path_per_floor":["M","?","$","?","?","R","E","M","T","E","R","M","M","?","R","B",null,"M","$","?","M","T","E"],"character_chosen":"WATCHER","items_purchased":["Crescendo","Halt"],"campfire_rested":1,"item_purchase_floors":[19,19],"current_hp_per_floor":[72,77,77,77,77,77,77,77,77,54,54,54,54,49,72,72,77,77,77,77,77,87,0,0],"gold":84,"neow_bonus":"THREE_ENEMY_KILL","is_daily":false,"chose_seed":false,"campfire_upgraded":2,"win_rate":0.0,"timestamp":1611950400,"path_taken":["M","?","$","?","?","R","E","M","T","E","R","?","M","?","R","BOSS","M","$","?","M","?","E"],"items_purchased_type":["Card","Card"],"build_version":"2020-12-22","purchased_purges":2,"victory":false,"max_hp_per_floor":[72,77,77,77,77,77,77,77,77,77,77,77,77,77,77,77,77,77,77,77,77,87,87,87],"card_choices":[{"not_picked":["BattleHymn","Protect"],"picked":"EmptyBody","floor":1},{"not_picked":["Collect","DeceiveReality"],"picked":"Sanctity","floor":7},{"not_picked":["Consecrate","BowlingBash"],"picked":"EmptyFist","floor":8},{"not_picked":["BowlingBash","Wallop"],"picked":"LikeWater","floor":10},{"not_picked":["FlyingSleeves","Consecrate"],"picked":"EmptyFist","floor":12},{"not_picked":["Evaluate","JustLucky"],"picked":"Consecrate","floor":13},{"not_picked":["Establishment","ConjureBlade"],"picked":"Judgement","floor":16},{"not_picked":["Study+1","BowlingBash"],"picked":"FearNoEvil","floor":18},{"not_picked":["WindmillStrike","FlyingSleeves+1"],"picked":"Meditate","floor":21}],"player_experience":184140,"relics_obtained":[{"floor":7,"key":"Tiny Chest"},{"floor":9,"key":"Ancient Tea Set"},{"floor":10,"key":"Potion Belt"},{"floor":22,"key":"Pear"}],"event_choices":[{"damage_healed":0,"gold_gain":0,"player_choice":"Donut","damage_taken":0,"max_hp_gain":5,"max_hp_loss":0,"event_name":"Big Fish","floor":2,"gold_loss":0},{"cards_removed":["Defend_P"],"damage_healed":0,"gold_gain":0,"player_choice":"Forget","damage_taken":0,"max_hp_gain":0,"max_hp_loss":0,"event_name":"Living Wall","floor":4,"gold_loss":0},{"cards_removed":["Defend_P"],"damage_healed":0,"gold_gain":0,"player_choice":"Purged","damage_taken":0,"max_hp_gain":0,"max_hp_loss":0,"event_name":"Purifier","floor":5,"gold_loss":0},{"damage_healed":0,"gold_gain":0,"cards_transformed":["Strike_P"],"player_choice":"Transformed","damage_taken":0,"max_hp_gain":0,"max_hp_loss":0,"event_name":"Transmorgrifier","floor":20,"gold_loss":0,"cards_obtained":["LikeWater"]}],"is_beta":false,"boss_relics":[{"not_picked":["Busted Crown","Ectoplasm"],"picked":"VioletLotus"}],"items_purged_floors":[3,19],"is_endless":false,"potions_floor_spawned":[1,10,12,18],"killed_by":"Book of Stabbing","ascension_level":0}}