{"host":"8i4doyxqctgl5qb0","time":1611912546,"event":{"mods":["AchievementEnabler","BaseMod","Block Reminder","Colored Powertips","Downfall","Lobotomy","Minty Spire (QoL Compilation)","Permanent Neow","Potion Indicator Mod","Rare Cards Sparkle","StSLib","SuperFastMode","The Jungle"],"gold_per_floor":[199,218,218,236,253,271,271,271,271,281,296,296,296,325,342,441,441,441,455,455,455,466,499,499,531,549,569,569,582,335,348,360,459,459,459,98,98,114,104,124,124,124,136,136,156,156,168,198,98,98],"floor_reached":51,"language":"ZHS","playtime":2926,"items_purged":["Slimebound:Strike_Slimebound","Slimebound:Strike_Slimebound"],"score":860,"play_id":"3769f562-1c6e-4f3e-9cba-f09fcb6ac336","local_time":"20210129172906","is_ascension_mode":true,"campfire_choices":[{"data":"Slimebound:Split","floor":1.0,"key":"SMITH"},{"data":"Slimebound:GoopSpray","floor":9.0,"key":"SMITH"},{"floor":13.0,"key":"REST"},{"data":"Slimebound:MinionMaster","floor":18.0,"key":"SMITH"},{"floor":28.0,"key":"REST"},{"data":"Slimebound:SelfFormingGoo","floor":35.0,"key":"SMITH"},{"data":"Slimebound:SlimeSlap","floor":42.0,"key":"SMITH"},{"data":"Slimebound:SlimeBarrage","floor":44.0,"key":"SMITH"},{"floor":46,"key":"DIG"},{"floor":49,"key":"DIG"}],"circlet_count":0,"master_deck":["Slimebound:Strike_Slimebound","Slimebound:Tackle","Slimebound:Defend_Slimebound","Slimebound:Defend_Slimebound","Slimebound:Defend_Slimebound","Slimebound:Defend_Slimebound","Slimebound:Split+1","Slimebound:CorrosiveSpit","Slimebound:SamplingLick","Slimebound:GoopSpray+1","Slimebound:SplitMire","Slimebound:Repurpose","Slimebound:ProtectTheBoss","Slimebound:Recollect","Slimebound:SplitSpecialist","Slimebound:MinionMaster+1","Slimebound:ProtectTheBoss","Slimebound:LivingWall","Slimebound:Gluttony","Slimebound:ServeAndProtect","Slimebound:SlimeSlap+1","Slimebound:GoopSpray","Slimebound:RallyTheTroops","Slimebound:SplitBruiser","Slimebound:SlimeBrawl","Slimebound:SelfFormingGoo+1","Slimebound:Prepare+1","expansioncontent:AwakenDeath","expansioncontent:GuardianWhirl","expansioncontent:AwakenDeath","Slimebound:SplitSpecialist+1","Slimebound:SlimeSpikes","Finesse","Slimebound:Recycling","Slimebound:RejuvenatingLick","Slimebound:SpikyOuterGoop","Slimebound:SlimeBarrage+1","Slimebound:Schlurp","Slimebound:LivingWall+1","Slimebound:SamplingLick","Slimebound:Equalize","Slimebound:PressTheAttack+1","Slimebound:DouseInSlime"],"relics":["Slimebound:AbsorbEndCombat","Regal Pillow","WarpedTongs","Ornamental Fan","SlaversCollar","Shovel","Mummified Hand","Kunai","hexamod:BolsterEngine","Lee\u0027s Waffle","expansioncontent:StudyCardRelic","Eternal Feather","Orrery","hexamod:CandleOfCauterizing","Orichalcum","Meat on the Bone","downfall:HeartBlessingGreen","Ice Cream"],"acts_visited":["Exordium","Exordium","TheBeyond"],"potions_floor_usage":[50,50],"damage_taken":[{"damage":0.0,"enemies":"2 Louse","floor":2.0,"turns":3.0},{"damage":1.0,"enemies":"Cultist","floor":4.0,"turns":4.0},{"damage":1.0,"enemies":"Jaw Worm","floor":5.0,"turns":4.0},{"damage":0.0,"enemies":"Large Slime","floor":6.0,"turns":5.0},{"damage":16.0,"enemies":"2 Fungi Beasts","floor":10.0,"turns":3.0},{"damage":14.0,"enemies":"Exordium Thugs","floor":11.0,"turns":5.0},{"damage":15.0,"enemies":"3 Sentries","floor":14.0,"turns":8.0},{"damage":9.0,"enemies":"Large Slime","floor":15.0,"turns":6.0},{"damage":51.0,"enemies":"WA_ARCHETYPE_RETAIN","floor":16.0,"turns":8.0},{"damage":10.0,"enemies":"theJungle:GiantWrat","floor":19.0,"turns":6.0},{"damage":5.0,"enemies":"Shell Parasite","floor":22.0,"turns":7.0},{"damage":15.0,"enemies":"theJungle:MamaSnecko","floor":23.0,"turns":9.0},{"damage":3.0,"enemies":"theJungle:2_Phrogs","floor":25.0,"turns":7.0},{"damage":14.0,"enemies":"theJungle:Snecko_Cultist_And_Trap","floor":26.0,"turns":10.0},{"damage":16.0,"enemies":"theJungle:Lyon","floor":27.0,"turns":5.0},{"damage":6.0,"enemies":"theJungle:JungleHuntersEncounter","floor":29.0,"turns":5.0},{"damage":5.0,"enemies":"downfall:FleeingMerchant","floor":30.0,"turns":4.0},{"damage":7.0,"enemies":"theJungle:2_Snecko_Cultists","floor":31.0,"turns":6.0},{"damage":7.0,"enemies":"theJungle:Lyon","floor":32.0,"turns":5.0},{"damage":12.0,"enemies":"DF_ARCHETYPE_CLAW","floor":33.0,"turns":9.0},{"damage":0.0,"enemies":"downfall:FleeingMerchant","floor":36.0,"turns":4.0},{"damage":13.0,"enemies":"3 Shapes","floor":38.0,"turns":4.0},{"damage":0.0,"enemies":"downfall:FleeingMerchant","floor":39.0,"turns":4.0},{"damage":25.0,"enemies":"3 Darklings","floor":40.0,"turns":10.0},{"damage":3.0,"enemies":"Sphere and 2 Shapes","floor":43.0,"turns":3.0},{"damage":21,"enemies":"Jaw Worm Horde","floor":45,"turns":4},{"damage":0,"enemies":"Spire Growth","floor":47,"turns":3},{"damage":0,"enemies":"Giant Head","floor":48,"turns":8},{"damage":29,"enemies":"SI_POISON_ARCHETYPE","floor":50,"turns":7}],"seed_played":"-7804464074023035645","potions_obtained":[{"floor":2.0,"key":"DuplicationPotion"},{"floor":3.0,"key":"Fire Potion"},{"floor":3.0,"key":"Regen Potion"},{"floor":5.0,"key":"CultistPotion"},{"floor":19.0,"key":"DistilledChaos"}],"is_trial":false,"path_per_floor":["R","M","?","M","M","M","T","?","R","M","M","?","R","E","M","B",null,"R","M","?","?","M","E","T","E","M","M","R","M","$","M","M","B",null,"R","$","?","M","$","M","T","R","M","R","M","R","M","E","R","B",null],"character_chosen":"SLIMEBOUND","items_purchased":["Lee\u0027s Waffle","Eternal Feather","FairyPotion","Finesse","Orrery"],"campfire_rested":2,"item_purchase_floors":[30,36,39,39,39],"current_hp_per_floor":[65,65,65,65,65,65,65,65,65,53,43,48,70,63,62,19,70,70,64,54,54,57,50,50,55,49,39,70,70,77,72,73,67,77,77,77,67,60,68,51,51,72,71,77,62,77,77,77,77,72],"gold":98,"neow_bonus":"HUNDRED_GOLD","is_daily":false,"chose_seed":false,"campfire_upgraded":6,"win_rate":0.0,"timestamp":1611912546,"path_taken":["R","M","?","M","?","M","T","?","R","M","?","?","R","E","M","BOSS","R","M","?","?","M","E","T","E","M","M","R","?","$","M","M","BOSS","R","$","?","M","$","M","T","R","M","R","M","R","M","E","R","BOSS"],"items_purchased_type":["Relic","Relic","Potion","Card","Relic"],"build_version":"2020-12-22","purchased_purges":2,"victory":true,"max_hp_per_floor":[65,65,65,65,65,65,65,65,65,65,65,70,70,70,70,70,70,70,70,70,70,70,70,70,70,70,70,70,70,77,77,77,77,77,77,77,77,77,77,77,77,77,77,77,77,77,77,77,77,77],"card_choices":[{"not_picked":["Slimebound:ItLooksTasty","Slimebound:SplitBruiser"],"picked":"Slimebound:SamplingLick","floor":2.0},{"not_picked":["Slimebound:ComboTackle","Slimebound:SplitMire","Slimebound:FinishingTackle"],"picked":"SKIP","floor":4.0},{"not_picked":["Slimebound:SplitLeeching","Slimebound:SlimeSpikes"],"picked":"Slimebound:GoopSpray","floor":5.0},{"not_picked":["Slimebound:HungryTackle","Slimebound:SplitLeeching"],"picked":"Slimebound:SplitMire","floor":6.0},{"not_picked":["Slimebound:SplitLeeching","Slimebound:SplitMire"],"picked":"Slimebound:Repurpose","floor":10.0},{"not_picked":["Slimebound:SplitLeeching","Slimebound:LeechEnergy"],"picked":"Slimebound:ProtectTheBoss","floor":11.0},{"not_picked":["Slimebound:ForwardTackle","Slimebound:ComboTackle"],"picked":"Slimebound:Recollect","floor":14.0},{"not_picked":["Slimebound:SlimeSpikes","Slimebound:Nibble"],"picked":"Slimebound:SplitSpecialist","floor":15.0},{"not_picked":["Slimebound:OozeBath","Slimebound:FirmFortitude"],"picked":"Slimebound:MinionMaster","floor":16.0},{"not_picked":["Slimebound:Schlurp","Slimebound:FinishingTackle"],"picked":"Slimebound:ProtectTheBoss","floor":19.0},{"not_picked":["Slimebound:LeechEnergy","Slimebound:Chomp"],"picked":"Slimebound:LivingWall","floor":22.0},{"not_picked":["Slimebound:TongueLash","Slimebound:LivingWall+1"],"picked":"Slimebound:Gluttony","floor":23.0},{"not_picked":["Slimebound:ForwardTackle","Slimebound:DivideAndConquer"],"picked":"Slimebound:ServeAndProtect","floor":25.0},{"not_picked":["Slimebound:Gluttony+1","Slimebound:SplitLeeching"],"picked":"Slimebound:SlimeSlap","floor":26.0},{"not_picked":["Slimebound:LivingWall+1","Slimebound:GoopTackle"],"picked":"Slimebound:GoopSpray","floor":27.0},{"not_picked":["Slimebound:LeechEnergy","Slimebound:DisruptingSlam","Slimebound:SplitBruiser"],"picked":"SKIP","floor":29.0},{"not_picked":["Slimebound:RainOfGoop","Slimebound:Prepare"],"picked":"Slimebound:RallyTheTroops","floor":30.0},{"not_picked":["Slimebound:GoopTackle","Slimebound:PressTheAttack"],"picked":"Slimebound:SplitBruiser","floor":31.0},{"not_picked":["Slimebound:ServeAndProtect","Slimebound:Prepare"],"picked":"Slimebound:SlimeBrawl","floor":32.0},{"not_picked":["Slimebound:Darklings","Slimebound:OneTwoCombo"],"picked":"Slimebound:SelfFormingGoo","floor":33.0},{"not_picked":["Slimebound:ServeAndProtect","Slimebound:SplitBruiser"],"picked":"Slimebound:Prepare+1","floor":36.0},{"not_picked":["expansioncontent:Hexaburn","expansioncontent:GuardianWhirl"],"picked":"expansioncontent:AwakenDeath","floor":37.0},{"not_picked":["expansioncontent:PolyBeam","expansioncontent:Hexaburn"],"picked":"expansioncontent:GuardianWhirl","floor":37.0},{"not_picked":["expansioncontent:Hexaburn","expansioncontent:PolyBeam"],"picked":"expansioncontent:AwakenDeath","floor":37.0},{"not_picked":["Slimebound:ItLooksTasty","Slimebound:SplitBruiser"],"picked":"Slimebound:SplitSpecialist+1","floor":38.0},{"not_picked":["Slimebound:PressTheAttack","Slimebound:LeechingTouch+1"],"picked":"Slimebound:SlimeSpikes","floor":39.0},{"not_picked":["Slimebound:SamplingLick","Slimebound:GoopTackle+1"],"picked":"Slimebound:Recycling","floor":39.0},{"not_picked":["Slimebound:SlimeSpikes","Slimebound:SplitLeeching"],"picked":"Slimebound:RejuvenatingLick","floor":39.0},{"not_picked":["Slimebound:Prepare","Slimebound:SplitAcid"],"picked":"Slimebound:SpikyOuterGoop","floor":39.0},{"not_picked":["Slimebound:SplitLeeching+1","Slimebound:Schlurp+1"],"picked":"Slimebound:SlimeBarrage","floor":39.0},{"not_picked":["Slimebound:SplitAcid","Slimebound:GoopSpray"],"picked":"Slimebound:Schlurp","floor":39.0},{"not_picked":["Slimebound:GoopTackle+1","Slimebound:HungryTackle+1"],"picked":"Slimebound:LivingWall+1","floor":40.0},{"not_picked":["Slimebound:Prepare","Slimebound:SlimeBrawl+1"],"picked":"Slimebound:SamplingLick","floor":43.0},{"not_picked":["Slimebound:Dissolve","Slimebound:FinishingTackle"],"picked":"Slimebound:Equalize","floor":45},{"not_picked":["Slimebound:ProtectTheBoss","Slimebound:LeechingTouch"],"picked":"Slimebound:PressTheAttack+1","floor":47},{"not_picked":["Slimebound:GoopTackle","Slimebound:OozeBath"],"picked":"Slimebound:DouseInSlime","floor":48}],"player_experience":248921,"relics_obtained":[{"floor":7.0,"key":"Regal Pillow"},{"floor":14.0,"key":"Ornamental Fan"},{"floor":23.0,"key":"Mummified Hand"},{"floor":24.0,"key":"Kunai"},{"floor":25.0,"key":"hexamod:BolsterEngine"},{"floor":41.0,"key":"hexamod:CandleOfCauterizing"},{"floor":46,"key":"Orichalcum"},{"floor":48,"key":"Meat on the Bone"},{"floor":49,"key":"Ice Cream"}],"event_choices":[{"damage_healed":0.0,"max_hp_gain":0.0,"max_hp_loss":0.0,"gold_gain":0.0,"event_name":"Lab","player_choice":"Got Potions","floor":3.0,"gold_loss":0.0,"damage_taken":0.0},{"damage_healed":0.0,"max_hp_gain":0.0,"max_hp_loss":0.0,"gold_gain":0.0,"event_name":"Accursed Blacksmith","player_choice":"Rummage","floor":8.0,"gold_loss":0.0,"damage_taken":0.0,"relics_obtained":["WarpedTongs"],"cards_obtained":["Pain"]},{"damage_healed":0.0,"max_hp_gain":5.0,"max_hp_loss":0.0,"gold_gain":0.0,"event_name":"Big Fish","player_choice":"Donut","floor":12.0,"gold_loss":0.0,"damage_taken":0.0}],"is_beta":false,"boss_relics":[{"not_picked":["sneckomod:SneckoTalon","Busted Crown"],"picked":"SlaversCollar"},{"not_picked":["Runic Pyramid","Coffee Dripper"],"picked":"expansioncontent:StudyCardRelic"}],"items_purged_floors":[30,36],"is_endless":false,"potions_floor_spawned":[2,5,6,10,16,19,23,25,29,33,40,43,45,48],"ascension_level":1}}