{"host":"1ekl8hlbnopmdapi","time":1611943738,"event":{"mods":["AchievementEnabler","BaseMod","Colored Map","Colored Powertips","DeckTracker","Googly Eyes","Highlight Path","Minty Spire (QoL Compilation)","Relic Sorter","StSLib","Synergy Search"],"gold_per_floor":[114,114,114,18,18,18,31,42,42,42,67,67,141,165,165,290,290,306,306,306,306,231,261,261,261,261,287,298,298,2,12,12,113,163,177,177,193,193,45,45,45,77,77,77,92,20,40,58,58,58,58,58,58,87,87,87],"floor_reached":55,"language":"ENG","playtime":1701,"items_purged":[],"score":908,"play_id":"0262873d-abba-472a-9c8a-2b0f7df6a8b8","local_time":"20210129130858","is_ascension_mode":true,"campfire_choices":[{"floor":6,"key":"RECALL"},{"floor":10,"key":"REST"},{"floor":15,"key":"REST"},{"data":"Sucker Punch","floor":25,"key":"SMITH"},{"floor":32,"key":"REST"},{"data":"Dash","floor":40,"key":"SMITH"},{"floor":44,"key":"REST"},{"floor":49,"key":"REST"},{"data":"Crippling Poison","floor":52,"key":"SMITH"}],"circlet_count":0,"master_deck":["Strike_G+1","Strike_G+1","Strike_G+1","Strike_G+1","Defend_G+1","Defend_G+1","Defend_G+1","Defend_G+1","Defend_G+1","Survivor+1","Neutralize","Underhanded Strike+1","Crippling Poison+1","Underhanded Strike","Dagger Throw","Sucker Punch+1","Envenom","Bane","Predator","Corpse Explosion+1","Predator","Heel Hook","Necronomicurse","Dash+1","A Thousand Cuts+1","Flying Knee+1","Sucker Punch+1","Backflip+1","Crippling Poison+1","Prepared+1"],"relics":["Snecko Eye","Juzu Bracelet","Incense Burner","Bag of Marbles","Bloody Idol","Happy Flower","WristBlade","Boot","Potion Belt","Paper Crane","Meat on the Bone","Necronomicon","The Specimen","Tiny House","Strawberry","War Paint","Tough Bandages"],"acts_visited":["Exordium","TheCity","TheBeyond","TheEnding"],"potions_floor_usage":[16,27,33,35,50,50,50,50],"damage_taken":[{"damage":1,"enemies":"Small Slimes","floor":1,"turns":4},{"damage":0,"enemies":"2 Louse","floor":7,"turns":2},{"damage":0,"enemies":"Cultist","floor":8,"turns":2},{"damage":24,"enemies":"Gremlin Nob","floor":11,"turns":4},{"damage":15,"enemies":"Lagavulin Event","floor":13,"turns":4},{"damage":16,"enemies":"Exordium Wildlife","floor":14,"turns":5},{"damage":26,"enemies":"The Guardian","floor":16,"turns":7},{"damage":0,"enemies":"Spheric Guardian","floor":18,"turns":3},{"damage":13,"enemies":"Book of Stabbing","floor":23,"turns":4},{"damage":10,"enemies":"Gremlin Leader","floor":27,"turns":5},{"damage":4,"enemies":"Chosen","floor":28,"turns":3},{"damage":0,"enemies":"Snecko","floor":31,"turns":2},{"damage":14,"enemies":"Automaton","floor":33,"turns":5},{"damage":53,"enemies":"3 Darklings","floor":35,"turns":3},{"damage":26,"enemies":"3 Shapes","floor":37,"turns":2},{"damage":22,"enemies":"Nemesis","floor":42,"turns":5},{"damage":0,"enemies":"3 Darklings","floor":45,"turns":1},{"damage":0,"enemies":"Spire Growth","floor":47,"turns":3},{"damage":28,"enemies":"Jaw Worm Horde","floor":48,"turns":3},{"damage":62,"enemies":"Awakened One","floor":50,"turns":8},{"damage":37,"enemies":"Shield and Spear","floor":54,"turns":4},{"damage":47,"enemies":"The Heart","floor":55,"turns":3}],"seed_played":"6455080700972278114","potions_obtained":[{"floor":7,"key":"PowerPotion"},{"floor":11,"key":"SpeedPotion"},{"floor":13,"key":"Energy Potion"},{"floor":31,"key":"ColorlessPotion"},{"floor":34,"key":"LiquidBronze"},{"floor":35,"key":"CultistPotion"},{"floor":37,"key":"PowerPotion"},{"floor":42,"key":"Ancient Potion"},{"floor":54,"key":"BlessingOfTheForge"}],"is_trial":false,"path_per_floor":["M","?","?","$","?","R","M","M","T","R","E","?","?","M","R","B",null,"M","?","?","?","?","E","?","R","T","E","M","?","$","M","R","B",null,"M","?","M","?","$","R","?","E","T","R","M","$","M","M","R","B",null,"R","$","E","B"],"character_chosen":"THE_SILENT","items_purchased":["Crippling Poison","Underhanded Strike","The Specimen","Strawberry","Crippling Poison"],"campfire_rested":5,"item_purchase_floors":[4,4,30,39,46],"current_hp_per_floor":[62,59,59,59,45,45,45,45,45,66,42,42,27,11,32,6,54,54,54,54,54,54,46,46,46,46,41,42,26,26,43,64,55,73,37,66,45,45,52,52,52,47,47,68,73,73,73,50,71,21,60,60,60,40,0,0],"gold":87,"neow_bonus":"BOSS_RELIC","is_daily":false,"chose_seed":false,"campfire_upgraded":3,"win_rate":0.0,"timestamp":1611943738,"path_taken":["M","?","?","$","?","R","M","M","T","R","E","?","?","M","R","BOSS","M","?","?","?","?","E","?","R","T","E","M","?","$","M","R","BOSS","M","?","M","?","$","R","?","E","T","R","M","?","M","M","R","BOSS","R","$","E","BOSS"],"items_purchased_type":["Card","Card","Relic","Relic","Card"],"build_version":"2020-12-22","purchased_purges":0,"victory":false,"max_hp_per_floor":[70,70,70,70,70,70,70,70,70,70,70,70,70,70,70,70,70,70,70,70,70,70,70,70,70,70,70,70,70,70,70,70,70,75,75,66,66,66,73,73,73,73,73,73,73,73,73,73,73,73,73,73,73,73,73,73],"card_choices":[{"not_picked":["Deadly Poison","PiercingWail"],"picked":"Underhanded Strike","floor":1},{"not_picked":["Dodge and Roll","Backflip"],"picked":"Dagger Throw","floor":7},{"not_picked":["Backstab","Dagger Spray"],"picked":"Sucker Punch","floor":8},{"not_picked":["Catalyst","Dash"],"picked":"Envenom","floor":11},{"not_picked":["Dodge and Roll","Outmaneuver"],"picked":"Bane","floor":13},{"not_picked":["Bane","Acrobatics"],"picked":"Predator","floor":14},{"not_picked":["Bullet Time","Tools of the Trade"],"picked":"Corpse Explosion","floor":16},{"not_picked":["Distraction","Cloak And Dagger","Sucker Punch"],"picked":"SKIP","floor":18},{"not_picked":["Blade Dance","PiercingWail"],"picked":"Predator","floor":23},{"not_picked":["Sucker Punch","Blade Dance","Terror+1"],"picked":"SKIP","floor":27},{"not_picked":["Dodge and Roll","Quick Slash"],"picked":"Heel Hook","floor":28},{"not_picked":["Setup","Skewer+1"],"picked":"Dash","floor":31},{"not_picked":["Unload","Phantasmal Killer"],"picked":"A Thousand Cuts","floor":33},{"not_picked":["Poisoned Stab+1","Dagger Throw+1"],"picked":"Flying Knee+1","floor":35},{"not_picked":["Well Laid Plans+1","Calculated Gamble"],"picked":"Sucker Punch+1","floor":37},{"not_picked":["Setup","Caltrops+1"],"picked":"Backflip+1","floor":42},{"not_picked":["Bane","Underhanded Strike","Distraction"],"picked":"SKIP","floor":45},{"not_picked":["Setup","Catalyst","Dagger Spray+1"],"picked":"SKIP","floor":47},{"not_picked":["Dagger Spray","Dagger Throw+1","Calculated Gamble"],"picked":"SKIP","floor":48},{"not_picked":["Cloak And Dagger","Endless Agony"],"picked":"Prepared+1","floor":54}],"player_experience":511154,"relics_obtained":[{"floor":9,"key":"Incense Burner"},{"floor":11,"key":"Bag of Marbles"},{"floor":23,"key":"Potion Belt"},{"floor":26,"key":"Paper Crane"},{"floor":27,"key":"Meat on the Bone"},{"floor":29,"key":"Necronomicon"},{"floor":42,"key":"War Paint"},{"floor":54,"key":"Tough Bandages"}],"event_choices":[{"damage_healed":0,"gold_gain":0,"player_choice":"Success","damage_taken":3,"relics_obtained":["Juzu Bracelet"],"max_hp_gain":0,"max_hp_loss":0,"event_name":"Scrap Ooze","floor":2,"gold_loss":0},{"damage_healed":0,"gold_gain":0,"player_choice":"Upgraded","damage_taken":0,"max_hp_gain":0,"max_hp_loss":0,"event_name":"Upgrade Shrine","floor":3,"gold_loss":0,"cards_upgraded":["Underhanded Strike"]},{"damage_healed":0,"gold_gain":0,"player_choice":"Entered Light","damage_taken":14,"max_hp_gain":0,"max_hp_loss":0,"event_name":"Shining Light","floor":5,"gold_loss":0,"cards_upgraded":["Defend_G","Survivor"]},{"damage_healed":0,"gold_gain":0,"player_choice":"Take Wound","damage_taken":0,"relics_obtained":["Golden Idol"],"max_hp_gain":0,"max_hp_loss":0,"event_name":"Golden Idol","floor":12,"gold_loss":0,"cards_obtained":["Injury"]},{"damage_healed":0,"gold_gain":0,"player_choice":"Searched \u00272\u0027 times","damage_taken":0,"relics_obtained":["Happy Flower"],"max_hp_gain":0,"max_hp_loss":0,"event_name":"Dead Adventurer","floor":13,"gold_loss":0},{"damage_healed":0,"gold_gain":0,"player_choice":"Opened","damage_taken":0,"relics_obtained":["Boot"],"max_hp_gain":0,"max_hp_loss":0,"event_name":"The Mausoleum","floor":19,"gold_loss":0},{"damage_healed":0,"gold_gain":0,"player_choice":"Gave Idol","damage_taken":0,"relics_obtained":["Bloody Idol"],"max_hp_gain":0,"max_hp_loss":0,"event_name":"Forgotten Altar","floor":20,"relics_lost":["Golden Idol"],"gold_loss":0},{"damage_healed":0,"gold_gain":0,"player_choice":"Ignored","damage_taken":0,"max_hp_gain":0,"max_hp_loss":0,"event_name":"Ghosts","floor":21,"gold_loss":0},{"cards_removed":["Injury"],"damage_healed":0,"gold_gain":0,"player_choice":"Gave Gold","damage_taken":0,"max_hp_gain":0,"max_hp_loss":0,"event_name":"Beggar","floor":22,"gold_loss":75},{"damage_healed":0,"gold_gain":0,"player_choice":"Simplicity","damage_taken":0,"max_hp_gain":0,"max_hp_loss":0,"event_name":"Back to Basics","floor":24,"gold_loss":0,"cards_upgraded":["Strike_G","Strike_G","Strike_G","Strike_G","Strike_G","Defend_G","Defend_G","Defend_G","Defend_G"]},{"damage_healed":0,"gold_gain":0,"player_choice":"Obtained Book","damage_taken":16,"max_hp_gain":0,"max_hp_loss":0,"event_name":"Cursed Tome","floor":29,"gold_loss":0},{"damage_healed":66,"gold_gain":0,"player_choice":"Heal","damage_taken":0,"max_hp_gain":0,"max_hp_loss":9,"event_name":"The Moai Head","floor":36,"gold_loss":0},{"damage_healed":0,"gold_gain":0,"player_choice":"Upgraded","damage_taken":0,"max_hp_gain":0,"max_hp_loss":0,"event_name":"Upgrade Shrine","floor":38,"gold_loss":0,"cards_upgraded":["A Thousand Cuts"]},{"cards_removed":["Strike_G"],"damage_healed":0,"gold_gain":0,"player_choice":"Offered Basic","damage_taken":0,"max_hp_gain":0,"max_hp_loss":0,"event_name":"Bonfire Elementals","floor":41,"gold_loss":0}],"is_beta":false,"boss_relics":[{"not_picked":["Cursed Key","Philosopher\u0027s Stone"],"picked":"WristBlade"},{"not_picked":["SacredBark","Busted Crown"],"picked":"Tiny House"}],"items_purged_floors":[],"is_endless":false,"potions_floor_spawned":[7,11,13,31,35,37,42,54],"killed_by":"The Heart","ascension_level":6}}