{"host":"ccw6t0i2dpm5wyxf","time":1611907598,"event":{"mods":["AchievementEnabler","BaseMod","Colored Map","Downfall","Minty Spire (QoL Compilation)","Permanent Neow","StSLib","SuperFastMode"],"gold_per_floor":[0,13,463,474,474,374,374,274,289,301,151,169,169,189,206,206,206,206],"floor_reached":16,"language":"ENG","playtime":809,"items_purged":[],"score":119,"play_id":"c9d2961f-9163-4312-814e-5088778623fa","local_time":"20210129020638","is_ascension_mode":false,"campfire_choices":[{"floor":1,"key":"RECALL"},{"data":"Guardian:TwinSlam","floor":6,"key":"SMITH"},{"data":"Guardian:GuardianWhirl","floor":8,"key":"SMITH"},{"data":"Guardian:RollAttack","floor":13,"key":"SMITH"}],"circlet_count":0,"master_deck":["Guardian:Strike_Guardian","Guardian:Strike_Guardian","Guardian:Defend_Guardian","Guardian:Defend_Guardian","Guardian:Defend_Guardian","Guardian:Defend_Guardian","Guardian:CurlUp","Guardian:TwinSlam+1","Guardian:RevengeProtocol","Guardian:Clone","Guardian:GuardianWhirl+1","downfall:Icky","downfall:Icky","Guardian:PolyBeam","Guardian:ChargeCore","Guardian:RollAttack+1","Guardian:Gem_Orange","Guardian:SpikerProtocol"],"relics":["Guardian:ModeShifter","downfall:HeartBlessingRed","downfall:HeartBlessingBlue"],"acts_visited":["Exordium"],"potions_floor_usage":[10,15,16],"damage_taken":[{"damage":4,"enemies":"2 Louse","floor":2,"turns":6},{"damage":17,"enemies":"Small Slimes","floor":4,"turns":8},{"damage":0,"enemies":"Cultist","floor":9,"turns":5},{"damage":2,"enemies":"Large Slime","floor":10,"turns":7},{"damage":13,"enemies":"3 Louse","floor":12,"turns":3},{"damage":7,"enemies":"2 Fungi Beasts","floor":14,"turns":2},{"damage":13,"enemies":"Large Slime","floor":15,"turns":3},{"damage":101,"enemies":"DF_ARCHETYPE_STREAMLINE","floor":16,"turns":14}],"seed_played":"-2726709028373078881","potions_obtained":[{"floor":2,"key":"SpeedPotion"},{"floor":12,"key":"SpeedPotion"},{"floor":14,"key":"ColorlessPotion"}],"is_trial":false,"path_per_floor":["R","M","?","M","?","R","T","R","M","M","?","M","R","M","M","B"],"character_chosen":"GUARDIAN","items_purchased":[],"campfire_rested":0,"item_purchase_floors":[],"current_hp_per_floor":[80,76,76,59,59,59,59,69,69,67,100,87,87,80,67,0,0,0],"gold":206,"neow_bonus":"TRANSFORM_TWO_CARDS","is_daily":false,"chose_seed":false,"campfire_upgraded":3,"win_rate":0.0,"timestamp":1611907598,"path_taken":["R","M","?","M","?","R","T","R","M","M","?","?","R","M","M","BOSS"],"items_purchased_type":[],"build_version":"2020-12-22","purchased_purges":0,"victory":false,"max_hp_per_floor":[80,80,80,80,80,80,80,90,90,90,100,100,100,100,100,100,100,100],"card_choices":[{"not_picked":["Guardian:ShieldCharger","Guardian:Gem_Green"],"picked":"Guardian:GuardianWhirl","floor":2},{"not_picked":["Guardian:GuardianWhirl","Guardian:ChargeCore"],"picked":"Guardian:Gem_Cyan","floor":4},{"not_picked":["Guardian:GuardianWhirl","Guardian:TimeCapacitor"],"picked":"Guardian:PolyBeam","floor":9},{"not_picked":["Guardian:Planning","Guardian:PrimingBeam"],"picked":"Guardian:ChargeCore","floor":10},{"not_picked":["Guardian:MultiBeam","Guardian:Suspension"],"picked":"Guardian:RollAttack","floor":12},{"not_picked":["Guardian:PrimingBeam","Guardian:ChargeCore"],"picked":"Guardian:Gem_Orange","floor":14},{"not_picked":["Guardian:PiercingHide","Guardian:WalkerClaw"],"picked":"Guardian:SpikerProtocol","floor":15}],"player_experience":315086,"relics_obtained":[],"event_choices":[{"cards_removed":["downfall:Icky"],"damage_healed":0,"gold_gain":0,"player_choice":"Card Removal","damage_taken":0,"max_hp_gain":0,"max_hp_loss":0,"event_name":"The Cleric","floor":5,"gold_loss":0}],"is_beta":false,"boss_relics":[],"items_purged_floors":[],"is_endless":false,"potions_floor_spawned":[2,12,14],"killed_by":"DF_ARCHETYPE_STREAMLINE","ascension_level":0}}