{"host":"jpcy2bclvs7juczu","time":1611879766,"event":{"mods":["Alarm Clock","BaseMod","Bestiary","Block Reminder","Colored Map","Colored Powertips","Curses Come First","Dark Map","Minty Spire (QoL Compilation)","Quick Restart","RNG Fix","Relic Stats","Slay the Relics Exporter","StSLib","ojb\u0027s Better Paths Mod","ojb\u0027s Info Mod","slay the spire mod where everything is the same but ironclad has a cowboy hat"],"gold_per_floor":[14,25,36,36,36,65,21,21,21,21,53,53,13,38,38,110,110,123,137,52,52,65,65,65],"floor_reached":23,"language":"ENG","playtime":904,"items_purged":[],"score":414,"play_id":"39ee75cd-6605-4fc7-8968-f43662e23bc0","local_time":"20210128192246","is_ascension_mode":true,"campfire_choices":[{"data":"Bludgeon","floor":8.0,"key":"SMITH"},{"floor":10.0,"key":"REST"},{"data":"Disarm","floor":12.0,"key":"SMITH"},{"data":"Bash","floor":15.0,"key":"SMITH"}],"circlet_count":0,"master_deck":["AscendersBane","Strike_R+1","Strike_R","Strike_R","Strike_R","Strike_R","Defend_R","Defend_R+1","Defend_R","Defend_R+1","Bash+1","Bludgeon+1","Headbutt","Havoc","Anger+1","Disarm+1","True Grit","Feel No Pain","Reaper","Havoc","Entrench+1","Metallicize"],"relics":["Burning Blood","Letter Opener","Pear","Whetstone","Orichalcum","Runic Pyramid","Self Forming Clay"],"acts_visited":["Exordium","TheCity"],"potions_floor_usage":[23],"damage_taken":[{"damage":16.0,"enemies":"Small Slimes","floor":1.0,"turns":3.0},{"damage":4.0,"enemies":"2 Louse","floor":2.0,"turns":4.0},{"damage":11.0,"enemies":"Jaw Worm","floor":3.0,"turns":5.0},{"damage":31.0,"enemies":"3 Sentries","floor":6.0,"turns":10.0},{"damage":10.0,"enemies":"Lagavulin","floor":11.0,"turns":4.0},{"damage":8.0,"enemies":"Gremlin Nob","floor":14.0,"turns":3.0},{"damage":24.0,"enemies":"The Guardian","floor":16.0,"turns":11.0},{"damage":0.0,"enemies":"Spheric Guardian","floor":18.0,"turns":2.0},{"damage":16.0,"enemies":"3 Byrds","floor":19.0,"turns":8.0},{"damage":15.0,"enemies":"Snake Plant","floor":22.0,"turns":7.0},{"damage":71,"enemies":"Slavers","floor":23,"turns":10}],"seed_played":"-1317697622673672882","potions_obtained":[{"floor":1.0,"key":"Weak Potion"},{"floor":3.0,"key":"AttackPotion"},{"floor":6.0,"key":"AttackPotion"},{"floor":13.0,"key":"Dexterity Potion"},{"floor":13.0,"key":"ColorlessPotion"},{"floor":21.0,"key":"HeartOfIron"}],"is_trial":false,"path_per_floor":["M","M","M","?","$","E","$","R","T","R","E","R","?","E","R","B",null,"M","M","?","?","M","E"],"character_chosen":"IRONCLAD","items_purchased":["Disarm"],"campfire_rested":1,"item_purchase_floors":[7],"current_hp_per_floor":[58,60,55,32,32,7,7,7,17,42,38,38,38,36,36,18,68,74,68,68,68,63,0,0],"gold":65,"neow_bonus":"THREE_RARE_CARDS","is_daily":false,"chose_seed":false,"campfire_upgraded":3,"win_rate":0.0,"timestamp":1611879766,"path_taken":["M","M","M","?","?","E","$","R","T","R","E","R","?","E","R","BOSS","M","M","?","?","M","E"],"items_purchased_type":["Card"],"build_version":"2020-12-22","purchased_purges":0,"victory":false,"max_hp_per_floor":[75,75,75,75,75,75,75,75,85,85,85,85,85,85,85,85,85,85,85,85,85,85,85,85],"relic_stats":{"counters":[11,67],"Self Forming Clay":[36],"Letter Opener":[17],"Whetstone":["Strike_R","Anger"],"Orichalcum":[60],"obtain_stats":[{"Pear":9,"Self Forming Clay":20,"Letter Opener":6,"Whetstone":11,"Orichalcum":14,"Burning Blood":0,"Runic Pyramid":17},{"Pear":4,"Self Forming Clay":9,"Letter Opener":4,"Whetstone":5,"Orichalcum":6,"Burning Blood":0,"Runic Pyramid":7},{"Pear":22,"Self Forming Clay":50,"Letter Opener":22,"Whetstone":26,"Orichalcum":29,"Burning Blood":0,"Runic Pyramid":40}],"Burning Blood":60},"card_choices":[{"not_picked":["Brutality","Reaper"],"picked":"Bludgeon","floor":0.0},{"not_picked":["Metallicize","Blood for Blood"],"picked":"Headbutt","floor":1.0},{"not_picked":["Flex","Dual Wield"],"picked":"Havoc","floor":2.0},{"not_picked":["Power Through","Pummel"],"picked":"Anger","floor":3.0},{"not_picked":["Dark Embrace","Clash","Twin Strike"],"picked":"SKIP","floor":6.0},{"not_picked":["Anger","Reckless Charge"],"picked":"True Grit","floor":11.0},{"not_picked":["Sentinel","Rage"],"picked":"Feel No Pain","floor":14.0},{"not_picked":["Demon Form","Brutality"],"picked":"Reaper","floor":16.0},{"not_picked":["Anger","Havoc","Heavy Blade"],"picked":"SKIP","floor":18.0},{"not_picked":["Anger","Heavy Blade"],"picked":"Havoc","floor":18.0},{"not_picked":["Clothesline+1","Rupture"],"picked":"Entrench+1","floor":19.0},{"not_picked":["Hemokinesis","Reckless Charge"],"picked":"Metallicize","floor":22.0}],"player_experience":1509596,"relics_obtained":[{"floor":6.0,"key":"Letter Opener"},{"floor":9.0,"key":"Pear"},{"floor":11.0,"key":"Whetstone"},{"floor":14.0,"key":"Orichalcum"}],"event_choices":[{"damage_healed":0.0,"max_hp_gain":0.0,"max_hp_loss":0.0,"gold_gain":0.0,"event_name":"Shining Light","player_choice":"Entered Light","floor":4.0,"gold_loss":0.0,"damage_taken":23.0,"cards_upgraded":["Defend_R","Defend_R"]},{"damage_healed":0.0,"max_hp_gain":0.0,"max_hp_loss":0.0,"gold_gain":0.0,"event_name":"The Woman in Blue","player_choice":"Bought 3 Potions","floor":13.0,"gold_loss":0.0,"damage_taken":0.0},{"damage_healed":0.0,"max_hp_gain":0.0,"max_hp_loss":0.0,"gold_gain":0.0,"event_name":"Addict","player_choice":"Obtained Relic","floor":20.0,"gold_loss":85.0,"damage_taken":0.0,"relics_obtained":["Self Forming Clay"]},{"damage_healed":0.0,"max_hp_gain":0.0,"max_hp_loss":0.0,"gold_gain":0.0,"event_name":"Lab","player_choice":"Got Potions","floor":21.0,"gold_loss":0.0,"damage_taken":0.0}],"is_beta":false,"boss_relics":[{"not_picked":["Velvet Choker","Mark of Pain"],"picked":"Runic Pyramid"}],"items_purged_floors":[],"is_endless":false,"potions_floor_spawned":[1,3,6],"killed_by":"Slavers","ascension_level":20}}