{"host":"c5452fuijzdtmpqe","time":1611957523,"event":{"mods":["Aspiration","BaseMod","Better Third Choice","BetterRewards","Colored Map","Colored Powertips","Downfall","Evolution","Googly Eyes","Highlight Path","Minty Spire (QoL Compilation)","Shop Mod","StSLib","SuperFastMode"],"gold_per_floor":[116,116,116,116,116,116,136,136,183,183,199,199,50,62,62,62,62],"floor_reached":16,"language":"ENG","playtime":186,"items_purged":[],"score":163,"play_id":"b915efcf-5b7f-45ad-8d61-7d130741db5a","local_time":"20210129165843","is_ascension_mode":false,"campfire_choices":[{"floor":6,"key":"RECALL"},{"data":"Cloak And Dagger","floor":8,"key":"SMITH"},{"data":"Neutralize","floor":10,"key":"SMITH"},{"data":"Deadly Poison","floor":12,"key":"SMITH"},{"data":"Flying Knee","floor":15,"key":"SMITH"}],"circlet_count":0,"master_deck":["Bane","Bane","Bane","Bane","Bane","Backflip","Backflip","Backflip","Backflip","Backflip","Survivor","Neutralize+1","Cloak And Dagger+1","Deadly Poison+1","Flying Knee+1"],"relics":["Ring of the Snake","EVO:Axolotl","Membership Card"],"acts_visited":[],"potions_floor_usage":[5],"damage_taken":[{"damage":0,"enemies":"Small Slimes","floor":1,"turns":3},{"damage":0,"enemies":"2 Louse","floor":7,"turns":3},{"damage":0,"enemies":"Cultist","floor":11,"turns":3},{"damage":3,"enemies":"3 Louse","floor":14,"turns":3},{"damage":0,"enemies":"Slime Boss","floor":16,"turns":1}],"seed_played":"6075782930434920019","potions_obtained":[{"floor":1,"key":"DuplicationPotion"},{"floor":5,"key":"Fruit Juice"},{"floor":5,"key":"Explosive Potion"},{"floor":5,"key":"Guardian:BlockOnCardUsePotion"}],"is_trial":false,"path_per_floor":["M","?","?","?","?","R","M","R","T","R","M","R","$","M","R","B"],"character_chosen":"THE_SILENT","items_purchased":["Membership Card"],"campfire_rested":0,"item_purchase_floors":[13],"current_hp_per_floor":[88,88,88,93,98,98,98,98,98,98,98,98,98,95,95,95,95],"gold":62,"neow_bonus":"TEN_PERCENT_HP_BONUS","is_daily":false,"chose_seed":false,"campfire_upgraded":4,"win_rate":0.0,"timestamp":1611957523,"path_taken":["M","?","?","?","?","R","M","R","T","R","M","R","$","M","R","BOSS"],"items_purchased_type":["Relic"],"build_version":"2020-12-22","purchased_purges":0,"victory":false,"max_hp_per_floor":[88,88,88,93,98,98,98,98,98,98,98,98,98,98,98,98,98],"card_choices":[{"not_picked":["Concentrate","Backflip"],"picked":"Cloak And Dagger","floor":1},{"not_picked":["Acrobatics","Quick Slash","Dagger Throw"],"picked":"SKIP","floor":7},{"not_picked":["Backflip","Escape Plan"],"picked":"Deadly Poison","floor":11},{"not_picked":["Underhanded Strike","Dodge and Roll"],"picked":"Flying Knee","floor":14}],"player_experience":517000,"relics_obtained":[],"event_choices":[{"damage_healed":0,"gold_gain":0,"player_choice":"Ignored","damage_taken":0,"max_hp_gain":0,"max_hp_loss":0,"event_name":"Golden Idol","floor":2,"gold_loss":0},{"damage_healed":0,"gold_gain":0,"player_choice":"Ignored","damage_taken":116,"max_hp_gain":0,"max_hp_loss":0,"event_name":"betterThird:BetterSerpent","floor":3,"gold_loss":0},{"damage_healed":0,"gold_gain":0,"player_choice":"Donut","damage_taken":0,"max_hp_gain":5,"max_hp_loss":0,"event_name":"Big Fish","floor":4,"gold_loss":0},{"damage_healed":0,"gold_gain":0,"player_choice":"Got Potions","damage_taken":0,"max_hp_gain":0,"max_hp_loss":0,"event_name":"Lab","floor":5,"gold_loss":0}],"is_beta":false,"boss_relics":[],"items_purged_floors":[],"is_endless":false,"potions_floor_spawned":[1,7],"killed_by":"Slime Boss","ascension_level":0}}