{"host":"5dk97cf2ubw2v967","time":1611934616,"event":{"mods":["AlwaysNeverKeys","BaseMod","Better Altar","Better Vampires","Block Reminder","Card Filter","Colored Powertips","Downfall","Googly Eyes","Highlight Path","Minty Spire (QoL Compilation)","Permanent Neow","Potion Indicator Mod","Quick Restart","Relic Filter","Relic Stats","Say the Spire","Spicy Shops","StSLib","Waifu the Spire","everything is the same but u backflip on backflip"],"gold_per_floor":[99,119,119,119,135,135,135,35,20,31,131,150,175,175,186,259,259,259,271,289,322,348,380,380,396,496,511,311,16,35,68,81,159,159,159,179,196,196,214,214,214,214,56,56,73,88,88,105,117,117,117,144,21,21,21,21],"floor_reached":57,"language":"ENG","playtime":5284,"items_purged":["Guardian:Defend_Guardian","Guardian:PrismaticBarrier"],"score":1778,"play_id":"1cbac0ee-c81a-4d57-a190-13980bd82ff3","local_time":"20210129153656","is_ascension_mode":true,"campfire_choices":[{"data":"Guardian:CompilePackage","floor":1,"key":"SMITH"},{"floor":6,"key":"RECALL"},{"data":"Guardian:TwinSlam","floor":8,"key":"SMITH"},{"data":"Guardian:PiercingHide","floor":18,"key":"SMITH"},{"floor":28,"key":"REST"},{"data":"Guardian:ArmoredProtocol","floor":35,"key":"SMITH"},{"data":"expansioncontent:Chronoboost","floor":40,"key":"SMITH"},{"data":"Guardian:StasisField","floor":44,"key":"SMITH"},{"data":"Guardian:CompilePackage","floor":47,"key":"SMITH"},{"data":"Guardian:Repulse","floor":54,"key":"SMITH"}],"circlet_count":0,"master_deck":["AscendersBane","Guardian:Strike_Guardian","Guardian:Strike_Guardian","Guardian:Strike_Guardian","Guardian:Defend_Guardian","Guardian:Defend_Guardian","Guardian:Defend_Guardian","Guardian:CurlUp","Guardian:TwinSlam+1","Guardian:CompilePackage+1","Guardian:Recover","Guardian:FloatingOrbs+1","Guardian:VentSteam","Guardian:Recover","Guardian:TemporalShield","Guardian:PiercingHide+1","Guardian:Reroute","Guardian:FuturePlans","Guardian:ChargeUp","Guardian:BronzeArmor+1","Guardian:PrismaticBarrier+1","Guardian:FloatingOrbs+1","Guardian:StasisStrike","Guardian:ArmoredProtocol+1","Guardian:SentryBeam+1","Guardian:GatlingBeam","Guardian:PolyBeam+1","Guardian:TimeCapacitor","expansioncontent:InvincibleStrength","expansioncontent:Hexaburn","expansioncontent:Chronoboost+1","Guardian:Repulse+1","Guardian:StasisField+1","Guardian:CompilePackage+1","Guardian:ConstructionForm","Guardian:Repulse+1"],"relics":["Guardian:ModeShifter","Guardian:PickAxe","WarpedTongs","Ornamental Fan","downfall:HeartBlessingRed","Vajra","Runic Pyramid","Red Mask","Guardian:DefensiveModeMoreBlock","Omamori","downfall:HeartBlessingGreen","downfall:HeartBlessingBlue","Toolbox","Kunai","Coffee Dripper","Blood Vial","Guardian:StasisCodex","Shuriken","Anchor"],"acts_visited":["Exordium","TheCity","TheBeyond","TheEnding"],"potions_floor_usage":[13,13,31,43,56],"damage_taken":[{"damage":0,"enemies":"2 Louse","floor":2,"turns":1},{"damage":5,"enemies":"2 Louse","floor":3,"turns":6},{"damage":3,"enemies":"Cultist","floor":5,"turns":5},{"damage":0,"enemies":"downfall:FleeingMerchant","floor":9,"turns":4},{"damage":2,"enemies":"Jaw Worm","floor":10,"turns":4},{"damage":21,"enemies":"downfall:Heads","floor":11,"turns":5},{"damage":0,"enemies":"Blue Slaver","floor":12,"turns":4},{"damage":2,"enemies":"Gremlin Nob","floor":13,"turns":4},{"damage":2,"enemies":"Exordium Thugs","floor":15,"turns":4},{"damage":21,"enemies":"SI_SHIV_ARCHETYPE","floor":16,"turns":8},{"damage":4,"enemies":"Spheric Guardian","floor":19,"turns":5},{"damage":0,"enemies":"Shell Parasite","floor":20,"turns":3},{"damage":13,"enemies":"Masked Bandits","floor":21,"turns":3},{"damage":22,"enemies":"Gremlin Leader","floor":23,"turns":6},{"damage":0,"enemies":"Chosen and Byrds","floor":25,"turns":5},{"damage":0,"enemies":"Snake Plant","floor":27,"turns":3},{"damage":0,"enemies":"downfall:FleeingMerchant","floor":29,"turns":4},{"damage":3,"enemies":"Centurion and Healer","floor":30,"turns":6},{"damage":0,"enemies":"Book of Stabbing","floor":31,"turns":5},{"damage":0,"enemies":"Shelled Parasite and Fungi","floor":32,"turns":4},{"damage":6,"enemies":"DF_ARCHETYPE_CLAW","floor":33,"turns":7},{"damage":0,"enemies":"3 Darklings","floor":36,"turns":6},{"damage":0,"enemies":"Orb Walker","floor":37,"turns":3},{"damage":13,"enemies":"4 Shapes","floor":39,"turns":5},{"damage":0,"enemies":"downfall:FleeingMerchant","floor":43,"turns":3},{"damage":0,"enemies":"Jaw Worm Horde","floor":45,"turns":4},{"damage":0,"enemies":"Transient","floor":46,"turns":5},{"damage":10,"enemies":"Sphere and 2 Shapes","floor":48,"turns":5},{"damage":0,"enemies":"Spire Growth","floor":49,"turns":4},{"damage":18,"enemies":"IC_BLOCK_ARCHETYPE","floor":50,"turns":9},{"damage":4,"enemies":"downfall:CharBossMerchant","floor":52,"turns":10},{"damage":7,"enemies":"downfall:NeowBoss","floor":55,"turns":12},{"damage":13,"enemies":"downfall:NeowBossFinal","floor":56,"turns":9}],"seed_played":"-4727964418403219595","potions_obtained":[{"floor":5,"key":"Energy Potion"},{"floor":11,"key":"DistilledChaos"},{"floor":13,"key":"FairyPotion"},{"floor":21,"key":"Energy Potion"},{"floor":39,"key":"Regen Potion"},{"floor":46,"key":"Swift Potion"}],"is_trial":false,"path_per_floor":["R","M","?","?","M","R","T","R","$","M","?","M","E","?","M","B",null,"R","M","M","?","T","E","T","M","?","M","R","$","M","E","M","B",null,"R","M","M","?","M","R","T","?","$","R","M","M","R","M","M","B",null,"E","$","R","B","B",null],"character_chosen":"GUARDIAN","items_purchased":["Guardian:Gem_Green","Toolbox","Shuriken","Guardian:StasisField","SteroidPotion","Guardian:Repulse"],"campfire_rested":1,"item_purchase_floors":[29,29,43,43,53,53],"current_hp_per_floor":[72,72,55,55,52,52,52,52,52,50,29,29,27,53,51,30,68,68,64,64,51,51,29,29,29,29,29,66,66,63,63,63,57,82,82,82,82,72,59,59,59,59,70,70,72,74,74,66,68,52,81,79,79,79,74,63],"gold":21,"neow_bonus":"ONE_RANDOM_RARE_CARD","is_daily":false,"chose_seed":false,"campfire_upgraded":8,"win_rate":0.0,"timestamp":1611934616,"path_taken":["R","M","?","?","?","R","T","R","$","M","?","M","E","?","M","BOSS","R","M","M","?","?","E","T","?","?","M","R","$","M","E","M","BOSS","R","M","M","?","M","R","T","?","$","R","?","M","R","M","M","BOSS","E","$","R","BOSS","BOSS"],"items_purchased_type":["Card","Relic","Relic","Card","Potion","Card"],"build_version":"2020-12-22","purchased_purges":2,"victory":true,"max_hp_per_floor":[80,80,80,80,80,80,80,80,80,80,80,80,80,80,80,80,80,80,80,80,80,80,80,80,80,80,80,90,90,90,90,90,90,90,90,90,90,90,90,90,90,90,90,90,90,90,90,90,90,90,90,90,90,90,90,90],"relic_stats":{"Blood Vial":18,"counters":[33,171],"Ornamental Fan":[276],"Shuriken":[43],"Kunai":[57],"obtain_stats":[{"Guardian:DefensiveModeMoreBlock":23,"downfall:HeartBlessingRed":8,"Guardian:ModeShifter":0,"Vajra":13,"downfall:HeartBlessingGreen":28,"Guardian:StasisCodex":42,"Omamori":24,"WarpedTongs":4,"Guardian:PickAxe":3,"Blood Vial":41,"Anchor":52,"Ornamental Fan":7,"downfall:HeartBlessingBlue":28,"Shuriken":43,"Toolbox":29,"Red Mask":21,"Coffee Dripper":34,"Kunai":31,"Runic Pyramid":17},{"Guardian:DefensiveModeMoreBlock":14,"downfall:HeartBlessingRed":3,"Guardian:ModeShifter":0,"Vajra":8,"downfall:HeartBlessingGreen":16,"Guardian:StasisCodex":24,"Omamori":14,"WarpedTongs":2,"Guardian:PickAxe":2,"Blood Vial":24,"Anchor":31,"Ornamental Fan":3,"downfall:HeartBlessingBlue":16,"Shuriken":25,"Toolbox":17,"Red Mask":13,"Coffee Dripper":21,"Kunai":19,"Runic Pyramid":10},{"Guardian:DefensiveModeMoreBlock":62,"downfall:HeartBlessingRed":12,"Guardian:ModeShifter":0,"Vajra":33,"downfall:HeartBlessingGreen":70,"Guardian:StasisCodex":110,"Omamori":62,"WarpedTongs":7,"Guardian:PickAxe":7,"Blood Vial":110,"Anchor":150,"Ornamental Fan":12,"downfall:HeartBlessingBlue":70,"Shuriken":113,"Toolbox":74,"Red Mask":56,"Coffee Dripper":96,"Kunai":85,"Runic Pyramid":45}],"WarpedTongs":[164]},"card_choices":[{"not_picked":["Guardian:PrimingBeam","Guardian:ArmoredProtocol"],"picked":"Guardian:Recover","floor":2},{"not_picked":["Guardian:Reroute","Guardian:PrimingBeam"],"picked":"Guardian:Gem_Cyan","floor":5},{"not_picked":["Guardian:PiercingHide","Guardian:StasisField"],"picked":"Guardian:FloatingOrbs","floor":9},{"not_picked":["Guardian:Incinerate","Guardian:Suspension"],"picked":"Guardian:VentSteam","floor":10},{"not_picked":["Guardian:Suspension","Guardian:VentSteam"],"picked":"Guardian:TemporalShield","floor":11},{"not_picked":["Guardian:Repulse","Guardian:DonusPower"],"picked":"Guardian:PiercingHide","floor":12},{"not_picked":["Guardian:FierceBash","Guardian:Gem_Cyan"],"picked":"Guardian:Reroute","floor":13},{"not_picked":["Guardian:TemporalStrike","Guardian:Gem_Blue"],"picked":"Guardian:FuturePlans","floor":15},{"not_picked":["Guardian:Gem_Orange","Guardian:StasisField"],"picked":"Guardian:Gem_Synthetic","floor":16},{"not_picked":["Guardian:TemporalShield","Guardian:RollAttack"],"picked":"Guardian:ChargeUp","floor":19},{"not_picked":["Guardian:DecasProtection","Guardian:Incinerate+1"],"picked":"Guardian:PrismaticBarrier","floor":20},{"not_picked":["Guardian:Reroute","Guardian:Gem_Cyan"],"picked":"Guardian:BronzeArmor+1","floor":23},{"not_picked":["Guardian:BronzeArmor","Guardian:PolyBeam"],"picked":"Guardian:PrismaticBarrier+1","floor":25},{"not_picked":["Guardian:PrimingBeam","Guardian:ChargeCore"],"picked":"Guardian:FloatingOrbs+1","floor":27},{"not_picked":["Guardian:Recover","Guardian:TemporalShield"],"picked":"Guardian:StasisStrike","floor":29},{"not_picked":["Guardian:BodySlam","Guardian:TemporalStrike"],"picked":"Guardian:ArmoredProtocol","floor":30},{"not_picked":["Guardian:Suspension+1","Guardian:PiercingHide+1"],"picked":"Guardian:SentryBeam+1","floor":31},{"not_picked":["Guardian:SentryBeam","Guardian:WalkerClaw","Guardian:GuardianWhirl"],"picked":"SKIP","floor":32},{"not_picked":["Guardian:GemFinder","Guardian:HyperBeam_Guardian"],"picked":"Guardian:GatlingBeam","floor":33},{"not_picked":["Guardian:CrystalBeam","Guardian:Planning"],"picked":"Guardian:PolyBeam+1","floor":36},{"not_picked":["Guardian:Emergency","Guardian:SpikerProtocol"],"picked":"Guardian:TimeCapacitor","floor":37},{"not_picked":["expansioncontent:Hexaburn","expansioncontent:PrepareCrush"],"picked":"expansioncontent:InvincibleStrength","floor":38},{"not_picked":["expansioncontent:DecaShield","expansioncontent:HyperBeam"],"picked":"expansioncontent:Hexaburn","floor":38},{"not_picked":["expansioncontent:PrepareCrush","expansioncontent:PolyBeam"],"picked":"expansioncontent:Chronoboost","floor":38},{"not_picked":["Guardian:Recover+1","Guardian:Suspension+1"],"picked":"Guardian:Gem_Green","floor":39},{"not_picked":["Guardian:Gem_Fragmented","Guardian:ShieldCharger"],"picked":"Guardian:Repulse+1","floor":43},{"not_picked":["Guardian:Gem_White","Guardian:CrystalBeam"],"picked":"Guardian:CompilePackage","floor":45},{"not_picked":["Guardian:WalkerClaw","Guardian:TemporalShield+1","Guardian:Gem_Cyan"],"picked":"SKIP","floor":46},{"not_picked":["Guardian:TemporalStrike","Guardian:Recover","Guardian:Reroute+1"],"picked":"SKIP","floor":48},{"not_picked":["Guardian:PrismaticBarrier","Guardian:Gem_Blue"],"picked":"Guardian:ConstructionForm","floor":49},{"not_picked":["Guardian:PrismaticBarrier","Guardian:CrystalBeam","Guardian:Gem_White"],"picked":"SKIP","floor":52}],"player_experience":1271607,"relics_obtained":[{"floor":7,"key":"Ornamental Fan"},{"floor":13,"key":"Vajra"},{"floor":21,"key":"Red Mask"},{"floor":23,"key":"Guardian:DefensiveModeMoreBlock"},{"floor":24,"key":"Omamori"},{"floor":31,"key":"Kunai"},{"floor":41,"key":"Blood Vial"},{"floor":42,"key":"Guardian:StasisCodex"},{"floor":52,"key":"Anchor"}],"event_choices":[{"damage_healed":26,"gold_gain":0,"player_choice":"Banana","damage_taken":0,"max_hp_gain":0,"max_hp_loss":0,"event_name":"Big Fish","floor":14,"gold_loss":0},{"damage_healed":0,"gold_gain":0,"player_choice":"Fought Bandits","damage_taken":0,"max_hp_gain":0,"max_hp_loss":0,"event_name":"Masked Bandits","floor":21,"gold_loss":0},{"damage_healed":0,"gold_gain":0,"player_choice":"Relic","damage_taken":0,"max_hp_gain":0,"max_hp_loss":0,"event_name":"Wheel of Change","floor":42,"gold_loss":0}],"is_beta":false,"boss_relics":[{"not_picked":["bronze:MakeshiftBattery","Black Star"],"picked":"Runic Pyramid"},{"not_picked":["Astrolabe","Guardian:StasisSlotReductionRelic"],"picked":"Coffee Dripper"}],"items_purged_floors":[29,43],"is_endless":false,"potions_floor_spawned":[5,11,13,21,23,27,30,39,46,48,52],"ascension_level":13}}