{"host":"39erygfi9n0tobyn","time":1611960608,"event":{"mods":["2.2 Compatiblity","BaseMod","Bestiary","Colored Map","Colored Powertips","Curses Come First","Highlight Path","Keyboard Shortcuts","Minty Spire (QoL Compilation)","Relic Stats","StSLib","SuperFastMode"],"gold_per_floor":[118,118,218,239,257,257,301,301,325,325,343,356,23,47,47,47,47],"floor_reached":16,"language":"ENG","playtime":744,"items_purged":[],"score":102,"play_id":"338c0e7f-ab0f-45c3-bda3-152bcc3386f1","local_time":"20210129195008","is_ascension_mode":false,"campfire_choices":[{"data":"Seeing Red","floor":6,"key":"SMITH"},{"floor":8,"key":"REST"},{"data":"Cleave","floor":10,"key":"SMITH"},{"data":"Seeing Red","floor":15,"key":"SMITH"}],"circlet_count":0,"master_deck":["Strike_R","Strike_R+1","Strike_R","Strike_R","Strike_R","Defend_R","Defend_R","Defend_R","Defend_R","Bash+1","Seeing Red+1","Headbutt","Cleave+1","Ghostly Armor","Clothesline","Seeing Red+1","Dramatic Entrance","Combust"],"relics":["Burning Blood","Golden Idol","Whetstone","Centennial Puzzle","Matryoshka"],"acts_visited":["Exordium"],"potions_floor_usage":[16,16],"damage_taken":[{"damage":3,"enemies":"Small Slimes","floor":1,"turns":5},{"damage":1,"enemies":"Cultist","floor":4,"turns":3},{"damage":1,"enemies":"Jaw Worm","floor":5,"turns":4},{"damage":47,"enemies":"3 Sentries","floor":7,"turns":9},{"damage":13,"enemies":"Exordium Wildlife","floor":11,"turns":5},{"damage":0,"enemies":"2 Fungi Beasts","floor":12,"turns":2},{"damage":0,"enemies":"3 Louse","floor":14,"turns":1},{"damage":69,"enemies":"The Guardian","floor":16,"turns":13}],"seed_played":"-6891928072542966853","potions_obtained":[{"floor":7,"key":"Dexterity Potion"},{"floor":11,"key":"SkillPotion"},{"floor":14,"key":"Fire Potion"}],"is_trial":false,"path_per_floor":["M","?","?","M","M","R","E","R","T","R","M","M","$","M","R","B"],"character_chosen":"IRONCLAD","items_purchased":["Dramatic Entrance","Matryoshka"],"campfire_rested":1,"item_purchase_floors":[13,13],"current_hp_per_floor":[88,81,81,81,81,81,40,64,64,64,57,63,63,69,69,0,0],"gold":47,"neow_bonus":"TEN_PERCENT_HP_BONUS","is_daily":false,"chose_seed":false,"campfire_upgraded":3,"win_rate":0.0,"timestamp":1611960608,"path_taken":["M","?","?","M","M","R","E","R","T","R","?","M","$","M","R","BOSS"],"items_purchased_type":["Card","Relic"],"build_version":"2020-12-22","purchased_purges":0,"victory":false,"max_hp_per_floor":[88,81,81,81,81,81,81,81,81,81,81,81,81,81,81,81,81],"relic_stats":{"Centennial Puzzle":[6],"counters":[8,42],"Golden Idol":29,"Whetstone":["Strike_R","Bash"],"obtain_stats":[{"Centennial Puzzle":9,"Matryoshka":13,"Golden Idol":2,"Whetstone":7,"Burning Blood":0},{"Centennial Puzzle":4,"Matryoshka":6,"Golden Idol":1,"Whetstone":4,"Burning Blood":0},{"Centennial Puzzle":21,"Matryoshka":28,"Golden Idol":5,"Whetstone":21,"Burning Blood":0}],"Burning Blood":29},"card_choices":[{"not_picked":["True Grit","Flex"],"picked":"Seeing Red","floor":1},{"not_picked":["Wild Strike","Flex"],"picked":"Headbutt","floor":4},{"not_picked":["Havoc","Infernal Blade"],"picked":"Cleave","floor":5},{"not_picked":["Havoc","Pommel Strike"],"picked":"Ghostly Armor","floor":7},{"not_picked":["Sentinel","Power Through"],"picked":"Clothesline","floor":11},{"not_picked":["Cleave","Sword Boomerang"],"picked":"Seeing Red","floor":12},{"not_picked":["Sword Boomerang","Heavy Blade"],"picked":"Combust","floor":14}],"player_experience":46704,"relics_obtained":[{"floor":7,"key":"Whetstone"},{"floor":9,"key":"Centennial Puzzle"}],"event_choices":[{"damage_healed":0,"gold_gain":0,"player_choice":"Lose Max HP","damage_taken":0,"relics_obtained":["Golden Idol"],"max_hp_gain":0,"max_hp_loss":7,"event_name":"Golden Idol","floor":2,"gold_loss":0},{"damage_healed":0,"gold_gain":100,"player_choice":"Pray","damage_taken":0,"max_hp_gain":0,"max_hp_loss":0,"event_name":"Golden Shrine","floor":3,"gold_loss":0}],"is_beta":false,"boss_relics":[],"items_purged_floors":[],"is_endless":false,"potions_floor_spawned":[7,11,14],"killed_by":"The Guardian","ascension_level":0}}