{"host":"9slw7l0ws16384qq","time":1611948576,"event":{"mods":["A Penny For Your Troubles","BaseMod","Colored Map","Downfall","Evolution","Hubris","Minty Spire (QoL Compilation)","Replay The Spire","StS++","StSLib"],"gold_per_floor":[99,110,121,121,121,121,148,148,161,161,161,161,71,221,235,336,336,336,354,367,252,272,132,211,201,201,220,220,246,246,271,271,271,271],"floor_reached":32,"language":"FRA","playtime":1788,"items_purged":["bronze:Defend","bronze:Strike","bronze:Strike","bronze:Strike"],"score":332,"play_id":"c6643339-3de9-43b0-b489-26c237d7e7e7","local_time":"20210129202936","is_ascension_mode":true,"campfire_choices":[{"data":"bronze:Defend","floor":1.0,"key":"PURGE"},{"data":"bronze:Constructor","floor":6.0,"key":"SMITH"},{"data":"bronze:Defend","floor":10.0,"key":"SMITH"},{"data":"bronze:Defend","floor":12.0,"key":"SMITH"},{"data":"bronze:Defend","floor":18.0,"key":"SMITH"},{"data":"bronze:Defend","floor":28.0,"key":"SMITH"},{"data":"bronze:Defend","floor":30.0,"key":"SMITH"}],"circlet_count":0,"master_deck":["bronze:Strike+1","bronze:Defend+1","bronze:Defend","bronze:Replicate","bronze:Goto","bronze:Constructor+1","bronze:Separator"],"relics":["bronze:BronzeCore","EVO:Axolotl","Ring of Searing","Simple Rune","hubris:Towel","Busted Crown","Meat on the Bone","Membership Card","hubris:TinFlute","hubris:TenFootPole","hubris:Potato"],"acts_visited":["Exordium","TheCity"],"potions_floor_usage":[],"damage_taken":[{"damage":0.0,"enemies":"Small Slimes","floor":2.0,"turns":3.0},{"damage":2.0,"enemies":"2 Louse","floor":3.0,"turns":2.0},{"damage":5.0,"enemies":"Cultist","floor":9.0,"turns":2.0},{"damage":15.0,"enemies":"downfall:FleeingMerchant","floor":13.0,"turns":4.0},{"damage":0.0,"enemies":"Exordium Wildlife","floor":15.0,"turns":4.0},{"damage":32.0,"enemies":"IC_STATUS_ARCHETYPE","floor":16.0,"turns":9.0},{"damage":18.0,"enemies":"3 Byrds","floor":19.0,"turns":4.0},{"damage":5.0,"enemies":"Chosen","floor":20.0,"turns":4.0},{"damage":0.0,"enemies":"downfall:FleeingMerchant","floor":21.0,"turns":4.0},{"damage":0.0,"enemies":"Shelled Parasite and Fungi","floor":22.0,"turns":4.0},{"damage":0.0,"enemies":"downfall:FleeingMerchant","floor":23.0,"turns":4.0},{"damage":0.0,"enemies":"downfall:FleeingMerchant","floor":25.0,"turns":1.0},{"damage":0.0,"enemies":"Snake Plant","floor":27.0,"turns":4.0},{"damage":0.0,"enemies":"Book of Stabbing","floor":29.0,"turns":6.0},{"damage":0.0,"enemies":"Replay:Snechameleon","floor":31.0,"turns":5.0},{"damage":0,"enemies":"Snecko","floor":32,"turns":2}],"seed_played":"5791122797111016258","potions_obtained":[{"floor":2.0,"key":"BlessingOfTheForge"},{"floor":16.0,"key":"Energy Potion"},{"floor":22.0,"key":"Milkshake"},{"floor":27.0,"key":"SkillPotion"}],"is_trial":false,"path_per_floor":["R_BF","M","M","?","?","R","T","?","M","R","?","R","$","?","M","B",null,"R","M","M","$","M","$","T","$","?","M","R","E","R","E","M"],"character_chosen":"THE_AUTOMATON","items_purchased":["Membership Card","hubris:TinFlute"],"campfire_rested":0,"item_purchase_floors":[25,25],"current_hp_per_floor":[77,77,75,75,75,75,75,75,70,70,70,70,55,55,55,23,77,77,59,54,54,54,54,54,54,54,54,54,54,54,54,54,54,54],"gold":271,"neow_bonus":"TEN_PERCENT_HP_BONUS","is_daily":false,"chose_seed":false,"campfire_upgraded":6,"win_rate":0.0,"timestamp":1611948576,"path_taken":["R_BF","M","M","?","?","R","T","?","M","R","?","R","$","?","M","BOSS","R","M","M","$","M","$","T","$","?","M","R","E","R","E","M"],"items_purchased_type":["Relic","Relic"],"build_version":"2020-12-22","purchased_purges":4,"victory":false,"max_hp_per_floor":[77,77,77,77,77,77,77,77,77,77,77,77,77,77,77,77,77,77,77,77,77,77,77,77,77,77,77,77,77,77,77,77,77,77],"card_choices":[{"not_picked":["bronze:Optimize","bronze:Frontload"],"picked":"bronze:Constructor","floor":2.0},{"not_picked":["bronze:Allocate","bronze:ChildClass"],"picked":"bronze:Separator","floor":3.0},{"not_picked":["bronze:Deprecate","bronze:FineTuning","bronze:CloningBeam"],"picked":"SKIP","floor":9.0},{"not_picked":["bronze:FollowUp","bronze:Frontload","bronze:FindAndReplace"],"picked":"SKIP","floor":13.0},{"not_picked":["bronze:FineTuning","bronze:BuggyMess","bronze:Invalidate"],"picked":"SKIP","floor":15.0},{"not_picked":["bronze:Deprecate"],"picked":"SKIP","floor":19.0},{"not_picked":["bronze:ClassDefault"],"picked":"SKIP","floor":20.0},{"not_picked":["bronze:FindAndReplace"],"picked":"SKIP","floor":21.0},{"not_picked":["bronze:Invalidate"],"picked":"SKIP","floor":22.0},{"not_picked":["bronze:FineTuning+1"],"picked":"SKIP","floor":23.0},{"not_picked":["bronze:Format"],"picked":"SKIP","floor":25.0},{"not_picked":["bronze:Deprecate"],"picked":"SKIP","floor":27.0},{"not_picked":["bronze:Iterate"],"picked":"SKIP","floor":29.0},{"not_picked":["bronze:Iterate"],"picked":"SKIP","floor":31}],"player_experience":1544218,"relics_obtained":[{"floor":5.0,"key":"Ring of Searing"},{"floor":7.0,"key":"Simple Rune"},{"floor":24.0,"key":"Meat on the Bone"},{"floor":29.0,"key":"hubris:TenFootPole"},{"floor":31,"key":"hubris:Potato"}],"event_choices":[],"is_beta":false,"boss_relics":[{"not_picked":["StSpp:Balance","Replay:Ancient Bell"],"picked":"Busted Crown"}],"items_purged_floors":[13,21,23,25],"is_endless":false,"potions_floor_spawned":[2,16,22,27],"killed_by":"Snecko","ascension_level":1}}