{"host":"hbel9g7s7ibv8po6","time":1611921656,"event":{"mods":["Act Like it!","BaseMod","Duelist Mod","Minty Spire (QoL Compilation)","StSLib"],"gold_per_floor":[143,153,169,94,94,119,119,146,171,71,71,71,97,97,97,200,200,212,212],"floor_reached":18,"language":"ENG","playtime":928,"items_purged":["theDuelist:VampireCurse","theDuelist:Biofalcon"],"score":267,"play_id":"b114dd79-40ac-4ab2-b497-4b008913a2eb","local_time":"20210129200056","is_ascension_mode":true,"campfire_choices":[{"data":"theDuelist:BlastJuggler","floor":7.0,"key":"SMITH"},{"data":"theDuelist:OrbitalBombardment","floor":11,"key":"SMITH"},{"floor":15,"key":"REST"}],"circlet_count":0,"master_deck":["AscendersBane","theDuelist:BloodSparks","theDuelist:CastleWalls","theDuelist:Deskbot004","theDuelist:Deskbot004","theDuelist:Deskbot005","theDuelist:Deskbot005","theDuelist:GreenGadget","theDuelist:Geartown","theDuelist:HeavyMechSupportPlatform","theDuelist:OrbitalBombardment+1","theDuelist:Quariongandrax","theDuelist:JunkKuriboh","theDuelist:BlastJuggler+1","theDuelist:JinzoLord","theDuelist:GadgetSoldier","theDuelist:NightmareWheel"],"relics":["theDuelist:MillenniumPuzzle","theDuelist:CardPoolRelic","theDuelist:CardPoolBasicRelic","theDuelist:BoosterPackPoolRelic","theDuelist:CardPoolAddRelic","theDuelist:CardPoolMinusRelic","theDuelist:CardPoolSaveRelic","theDuelist:CardPoolOptionsRelic","theDuelist:DuelistOrichalcum","theDuelist:MachineOrb","Regal Pillow","Happy Flower","theDuelist:CursedHealer","Vajra","Fusion Hammer"],"acts_visited":["Exordium","TheCity"],"potions_floor_usage":[],"damage_taken":[{"damage":4.0,"enemies":"Cultist","floor":1.0,"turns":5.0},{"damage":3.0,"enemies":"Jaw Worm","floor":2.0,"turns":6.0},{"damage":2.0,"enemies":"Small Slimes","floor":3.0,"turns":4.0},{"damage":18.0,"enemies":"Gremlin Nob","floor":6.0,"turns":3.0},{"damage":25.0,"enemies":"Lagavulin","floor":8.0,"turns":5.0},{"damage":35,"enemies":"Gremlin Nob","floor":13,"turns":5},{"damage":36,"enemies":"Hexaghost","floor":16,"turns":9},{"damage":14,"enemies":"Shell Parasite","floor":18,"turns":3}],"seed_played":"-537050856146732597","potions_obtained":[{"floor":1.0,"key":"Fire Potion"},{"floor":2.0,"key":"Swift Potion"},{"floor":3.0,"key":"theDuelist:SolderPotionB"},{"floor":16,"key":"EntropicBrew"}],"is_trial":false,"path_per_floor":["M","M","M","$","?","E","R","E","T","$","R","?","E","?","R","B",null,"M"],"character_chosen":"THE_DUELIST","items_purchased":[],"campfire_rested":1,"item_purchase_floors":[],"current_hp_per_floor":[68,65,67,67,61,43,43,18,18,18,18,43,8,8,48,12,66,52,52],"gold":212,"neow_bonus":"TRANSFORM_TWO_CARDS","is_daily":false,"chose_seed":false,"campfire_upgraded":2,"win_rate":0.0,"timestamp":1611921656,"path_taken":["M","?","M","$","?","E","R","E","T","$","R","?","E","?","R","BOSS","M"],"items_purchased_type":[],"build_version":"2020-12-22","purchased_purges":2,"victory":false,"max_hp_per_floor":[80,80,84,84,84,84,84,84,84,84,84,84,84,84,84,84,84,84,84],"card_choices":[{"not_picked":["theDuelist:GenexAllyBirdman","theDuelist:FrontlineObserver","theDuelist:CannonSoldier","theDuelist:Biofalcon"],"picked":"theDuelist:OrbitalBombardment","floor":1.0},{"not_picked":["theDuelist:FrontlineObserver","theDuelist:Biofalcon","theDuelist:PsychicShockwave","theDuelist:FlyingPegasus"],"picked":"theDuelist:Quariongandrax","floor":2.0},{"not_picked":["theDuelist:Deskbot001","theDuelist:AncientGearBox","theDuelist:DoubleTool","theDuelist:Biofalcon"],"picked":"theDuelist:JunkKuriboh","floor":3.0},{"not_picked":["theDuelist:Factory100Machines","theDuelist:GreenGadget","theDuelist:DoubleTool","theDuelist:Tuningware"],"picked":"theDuelist:BlastJuggler","floor":6.0},{"not_picked":["theDuelist:SteamTrainKing","theDuelist:SolemnStrike","theDuelist:NightmareWheel","theDuelist:MachineKing"],"picked":"theDuelist:JinzoLord","floor":8.0},{"not_picked":["theDuelist:Deskbot004","theDuelist:Submarineroid","theDuelist:Mixeroid","theDuelist:HeavyMetalRaiders"],"picked":"theDuelist:GadgetSoldier","floor":13},{"not_picked":["theDuelist:PlatinumGadget","theDuelist:OrcustCrescendo","theDuelist:MachineKingPrototype","theDuelist:JinzoLord"],"picked":"theDuelist:NightmareWheel","floor":16}],"player_experience":161331,"relics_obtained":[{"floor":6.0,"key":"theDuelist:MachineOrb"},{"floor":8.0,"key":"Regal Pillow"},{"floor":9.0,"key":"Happy Flower"},{"floor":13,"key":"Vajra"}],"event_choices":[{"damage_healed":0.0,"max_hp_gain":0.0,"max_hp_loss":0.0,"gold_gain":0.0,"event_name":"Aknamkanon\u0027s Tomb","player_choice":"Dig - random Duelist relic","duelist":true,"floor":5.0,"gold_loss":0.0,"damage_taken":0.0},{"damage_healed":0,"gold_gain":0,"player_choice":"Succumb - +25HP/Cursed Relic","duelist":true,"damage_taken":0,"max_hp_gain":0,"max_hp_loss":0,"event_name":"Tomb of the Nameless","floor":12,"gold_loss":0},{"damage_healed":0,"gold_gain":0,"player_choice":"Leave","duelist":true,"damage_taken":0,"max_hp_gain":0,"max_hp_loss":0,"event_name":"Egyptian Village","floor":14,"gold_loss":0}],"is_beta":false,"boss_relics":[{"not_picked":["theDuelist:HauntedRelic","Inserter"],"picked":"Fusion Hammer"}],"items_purged_floors":[4,10],"is_endless":false,"potions_floor_spawned":[1,2,3,16,18],"killed_by":"Shell Parasite","ascension_level":10}}