{"host":"dhlnk6yox2l1s6up","time":1611936751,"event":{"mods":["BaseMod","Bestiary","Colored Map","Highlight Path","Minty Spire (QoL Compilation)","Relic Stats","StSLib"],"gold_per_floor":[116,35,110,110,120,146,146,173,173,30,57,57,86,147,147,147,147],"floor_reached":16,"language":"ENG","playtime":647,"items_purged":[],"score":216,"play_id":"23d8b42c-9376-452a-9ef3-3b7969b2ce64","local_time":"20210129101231","is_ascension_mode":true,"campfire_choices":[{"data":"Whirlwind","floor":7,"key":"SMITH"},{"data":"Dark Embrace","floor":12,"key":"SMITH"},{"data":"Barricade","floor":15,"key":"SMITH"}],"circlet_count":0,"master_deck":["Strike_R","Strike_R","Strike_R","Strike_R","Strike_R","Defend_R","Defend_R","Defend_R","Defend_R","Bash","Anger","Shockwave","Burning Pact","Whirlwind+1","Dark Embrace+1","Barricade+1","Shrug It Off","Shrug It Off"],"relics":["Burning Blood","NeowsBlessing","Ancient Tea Set","Bag of Preparation","Bag of Marbles","Blue Candle","White Beast Statue","Frozen Egg 2"],"acts_visited":["Exordium"],"potions_floor_usage":[14,14,16],"damage_taken":[{"damage":0,"enemies":"2 Louse","floor":1,"turns":1},{"damage":0,"enemies":"Jaw Worm","floor":5,"turns":1},{"damage":0,"enemies":"Gremlin Nob","floor":6,"turns":1},{"damage":10,"enemies":"3 Sentries","floor":8,"turns":4},{"damage":45,"enemies":"Lagavulin","floor":11,"turns":8},{"damage":10,"enemies":"3 Sentries","floor":13,"turns":3},{"damage":16,"enemies":"Lagavulin Event","floor":14,"turns":5},{"damage":35,"enemies":"Slime Boss","floor":16,"turns":8}],"seed_played":"3639734743368021196","potions_obtained":[{"floor":5,"key":"FearPotion"},{"floor":6,"key":"CultistPotion"},{"floor":14,"key":"Weak Potion"}],"is_trial":false,"path_per_floor":["M","$","?","?","M","E","R","E","T","$","E","R","E","?","R","B"],"character_chosen":"IRONCLAD","items_purchased":["Shockwave","Bag of Marbles"],"campfire_rested":0,"item_purchase_floors":[2,10],"current_hp_per_floor":[78,78,67,72,78,84,84,80,80,80,41,41,37,27,27,0,0],"gold":147,"neow_bonus":"THREE_ENEMY_KILL","is_daily":false,"chose_seed":false,"campfire_upgraded":3,"win_rate":0.0,"timestamp":1611936751,"path_taken":["M","$","?","?","M","E","R","E","T","?","E","R","E","?","R","BOSS"],"items_purchased_type":["Card","Relic"],"build_version":"2020-12-22","purchased_purges":0,"victory":false,"max_hp_per_floor":[80,80,80,85,85,85,85,85,85,85,85,85,85,85,85,85,85],"relic_stats":{"counters":[8,31],"Blue Candle":[0],"Bag of Preparation":[8],"obtain_stats":[{"NeowsBlessing":0,"Blue Candle":11,"Bag of Preparation":8,"Bag of Marbles":10,"Frozen Egg 2":14,"Ancient Tea Set":6,"Burning Blood":0,"White Beast Statue":13},{"NeowsBlessing":0,"Blue Candle":5,"Bag of Preparation":4,"Bag of Marbles":4,"Frozen Egg 2":7,"Ancient Tea Set":3,"Burning Blood":0,"White Beast Statue":6},{"NeowsBlessing":0,"Blue Candle":15,"Bag of Preparation":7,"Bag of Marbles":7,"Frozen Egg 2":23,"Ancient Tea Set":3,"Burning Blood":0,"White Beast Statue":18}],"Burning Blood":42},"card_choices":[{"not_picked":["Perfected Strike","Clothesline"],"picked":"Anger","floor":1},{"not_picked":["Havoc","Rupture"],"picked":"Burning Pact","floor":5},{"not_picked":["Flame Barrier","Iron Wave"],"picked":"Whirlwind","floor":6},{"not_picked":["Blood for Blood","True Grit"],"picked":"Dark Embrace","floor":8},{"not_picked":["Warcry","Thunderclap"],"picked":"Barricade","floor":11},{"not_picked":["Battle Trance","Juggernaut"],"picked":"Shrug It Off","floor":13},{"not_picked":["Havoc","Headbutt"],"picked":"Shrug It Off","floor":14}],"player_experience":6024461,"relics_obtained":[{"floor":6,"key":"Ancient Tea Set"},{"floor":8,"key":"Bag of Preparation"},{"floor":11,"key":"Blue Candle"},{"floor":13,"key":"White Beast Statue"},{"floor":14,"key":"Frozen Egg 2"}],"event_choices":[{"damage_healed":0,"gold_gain":75,"player_choice":"Gather Gold","damage_taken":11,"max_hp_gain":0,"max_hp_loss":0,"event_name":"World of Goop","floor":3,"gold_loss":0},{"damage_healed":0,"gold_gain":0,"player_choice":"Donut","damage_taken":0,"max_hp_gain":5,"max_hp_loss":0,"event_name":"Big Fish","floor":4,"gold_loss":0},{"damage_healed":0,"gold_gain":0,"player_choice":"Searched \u00271\u0027 times","damage_taken":0,"max_hp_gain":0,"max_hp_loss":0,"event_name":"Dead Adventurer","floor":14,"gold_loss":0}],"is_beta":false,"boss_relics":[],"items_purged_floors":[],"is_endless":false,"potions_floor_spawned":[5,6,14],"killed_by":"Slime Boss","ascension_level":9}}