{"host":"b0z4yg8v8eyrc5up","time":1611947696,"event":{"mods":["ATMod(∞¢Ë™Mod)","Act Like it!","Arknights The Spire","BaseMod","Gensokyo","Hallownest","KomeijiMod","Lobotomy","LobotomyExtend","Marisa£®ÏF”Í°°ƒß¿Ì…≥£©","Minty Spire (QoL Compilation)","Quick Restart","Reimu£®≤©¿ˆ¡È√Œ£©","Relic Stats","Replay The Spire","StSLib","The Animator","The Bug Knight","WarShipGirlsR/’ΩΩ¢…Ÿ≈ÆR mod","Yakumo Yukari mod","Youmu£®ªÍ∆«—˝√Œ£©","Yuyuko"],"gold_per_floor":[139,139,159,172,185,212,231,231,257,269,189,234,247,262,262,359,409,409,419,419,222,30,56,56,71,71,281,531,531,531],"floor_reached":29,"language":"ZHS","playtime":1450,"items_purged":["Anti_communist_purple+1"],"score":280,"play_id":"845efb31-ba7c-4b36-8f0e-6719acd26ef5","local_time":"20210130031456","is_ascension_mode":false,"campfire_choices":[{"floor":8,"key":"REST"},{"data":"Human_Monster_Realm_purple","floor":15,"key":"SMITH"},{"data":"Gensokyo:GapWoman","floor":24,"key":"SMITH"}],"circlet_count":0,"master_deck":["AT_purpleEX","AT_purpleEX","AT_purpleEX+1","AT_purpleEX","Defend_purpleEX","Defend_purpleEX","Defend_purpleEX","Defend_purpleEX","Observe_purple_1+1","Observe_purple_2","PurpleNeedle_purple","Mirror_Drifter_purple","Mirror_FormAndEmptin_purple","ExternalForce_HighSpeedFlying_purple","DarkRealmRedLine_purple","CommonSense_AntiCommonSense_purple","WeekHit_purple","Human_Monster_Realm_purple+1","WangLiang_LineAndCurveDreams_purple","Shallow_ocean_purpleEX","Fantasy_PerpetualMotionMachine_purple","DimensionStaggered_purple","Gensokyo:GapWoman+1","SharpContractionReality_purple+1","Boundary_of_Extermination_purpleEX","ReplayTheSpireMod:Splinters","StretchesForeverDream_purple"],"relics":["Boundary_crack","Memoryfragments_purpleEX","AT_ATBox","NeowsBlessing","LetterFromLob","Moonlight_r","AT_ImmortalShieldbow","Juzu Bracelet","Tiny House","BargainBundle","Replay:Rubber Ducky","Bottled Lightning"],"acts_visited":["Gensokyo:Gensokyo","Gensokyo:Gensokyoer"],"potions_floor_usage":[12,16,16,29,29,29],"damage_taken":[{"damage":1,"enemies":"Gensokyo:2_Kodama","floor":1,"turns":2},{"damage":0,"enemies":"Gensokyo:3_Fairies","floor":3,"turns":2},{"damage":0,"enemies":"Gensokyo:Python","floor":4,"turns":1},{"damage":4,"enemies":"Gensokyo:CorruptedTreant","floor":5,"turns":3},{"damage":34,"enemies":"Gensokyo:Cirno","floor":6,"turns":7},{"damage":17,"enemies":"Gensokyo:Python_and_Kodama","floor":7,"turns":5},{"damage":0,"enemies":"Gensokyo:3_Kodama","floor":10,"turns":3},{"damage":49,"enemies":"Gensokyo:Aya","floor":12,"turns":6},{"damage":1,"enemies":"Gensokyo:Kitsune","floor":13,"turns":3},{"damage":3,"enemies":"Gensokyo:Python_and_Kodama","floor":14,"turns":3},{"damage":18,"enemies":"Gensokyo:Reimu","floor":16,"turns":7},{"damage":17,"enemies":"Gensokyo:3_Dogs","floor":19,"turns":3},{"damage":36,"enemies":"Gensokyo:Tenshi","floor":23,"turns":4},{"damage":13,"enemies":"Gensokyo:Chomper","floor":25,"turns":4},{"damage":32,"enemies":"Gensokyo:Slime_Group","floor":29,"turns":2}],"seed_played":"6069595255139641810","potions_obtained":[{"floor":3,"key":"CalmPotion"},{"floor":5,"key":"Elixir"},{"floor":7,"key":"Milkshake"},{"floor":10,"key":"Doom Potion"},{"floor":12,"key":"Adrenaline Potion"},{"floor":17,"key":"Death Potion"}],"is_trial":false,"path_per_floor":["M","?","M","M","M","E","M","R","T","M","?","E","M","M","R","B",null,"M","M","?","$","COS","E","R","M","T","?","?","M"],"character_chosen":"Youkari","items_purchased":["BargainBundle","DimensionStaggered_purple","BlessingOfTheForge"],"campfire_rested":1,"item_purchase_floors":[21,21,21],"current_hp_per_floor":[70,42,42,42,39,9,6,27,27,30,70,29,36,38,38,26,75,75,63,63,63,63,29,29,22,22,22,22,0,0],"gold":531,"neow_bonus":"THREE_ENEMY_KILL","is_daily":false,"chose_seed":false,"campfire_upgraded":2,"win_rate":0.0,"timestamp":1611947696,"path_taken":["M","?","M","M","M","E","M","R","T","?","?","E","M","M","R","BOSS","M","M","?","?","COS","E","R","M","T","?","?","M"],"items_purchased_type":["Relic","Card","Potion"],"build_version":"2020-12-22","purchased_purges":1,"victory":false,"max_hp_per_floor":[70,70,70,70,70,70,70,70,70,70,70,70,70,70,70,70,75,75,75,75,75,75,75,75,75,75,75,71,71,71],"relic_stats":{"counters":[15,53],"Juzu Bracelet":1,"obtain_stats":[{"AT_ImmortalShieldbow":6,"Moonlight_r":2,"BargainBundle":21,"AT_ATBox":0,"Tiny House":17,"NeowsBlessing":0,"LetterFromLob":1,"Juzu Bracelet":12,"Boundary_crack":0,"Bottled Lightning":26,"Memoryfragments_purpleEX":0,"Replay:Rubber Ducky":23},{"AT_ImmortalShieldbow":5,"Moonlight_r":1,"BargainBundle":12,"AT_ATBox":0,"Tiny House":11,"NeowsBlessing":0,"LetterFromLob":1,"Juzu Bracelet":8,"Boundary_crack":0,"Bottled Lightning":14,"Memoryfragments_purpleEX":0,"Replay:Rubber Ducky":13},{"AT_ImmortalShieldbow":14,"Moonlight_r":2,"BargainBundle":43,"AT_ATBox":0,"Tiny House":40,"NeowsBlessing":0,"LetterFromLob":2,"Juzu Bracelet":28,"Boundary_crack":0,"Bottled Lightning":51,"Memoryfragments_purpleEX":0,"Replay:Rubber Ducky":47}]},"card_choices":[{"not_picked":["StateDuplicate_purple","Mirror_FourBoundary_purple"],"picked":"Anti_communist_purple","floor":1},{"not_picked":["Mirror_FormAndEmptin_purple","AdvanceAttack_purple"],"picked":"PurpleNeedle_purple","floor":3},{"not_picked":["MNeedle_purple","Worldmountain_purple"],"picked":"Mirror_Drifter_purple","floor":4},{"not_picked":["Line_surface_state_purple","Boundary_ObjectiveBoundary_purple"],"picked":"Mirror_FormAndEmptin_purple","floor":5},{"not_picked":["EighthInstrument_OneDividesIntoTwo_purple","Extrememeaning_purpleEX"],"picked":"ExternalForce_HighSpeedFlying_purple","floor":6},{"not_picked":["MeetDecomposer_purple","SfantasyHide_purple"],"picked":"DarkRealmRedLine_purple","floor":7},{"not_picked":["SfantasyHide_purple","StateErode_purple"],"picked":"CommonSense_AntiCommonSense_purple","floor":10},{"not_picked":["MetroBOOM_purple","Bait_Toxicbait_purple"],"picked":"WeekHit_purple","floor":12},{"not_picked":["StateDuplicate_purple","ButterflyHabitatTemple_purple","Realm_recovery_purpleEX"],"picked":"SKIP","floor":13},{"not_picked":["Charmbait_purple","SharpContractionReality_purple"],"picked":"Human_Monster_Realm_purple","floor":14},{"not_picked":["Monsters_DoubleDeathButterfly_purple","ContainerChange_purple"],"picked":"WangLiang_LineAndCurveDreams_purple","floor":16},{"not_picked":["Mirror_FormAndEmptin_purple","ButterflyHabitatTemple_purple"],"picked":"Shallow_ocean_purpleEX","floor":19},{"not_picked":["Charmbait_purple","StateErode_purple"],"picked":"SharpContractionReality_purple+1","floor":23},{"not_picked":["Umbrella_purple","Boundary_ObjectiveBoundary_purple"],"picked":"Boundary_of_Extermination_purpleEX","floor":25},{"not_picked":["Boundary_LightAndDark_purple+1","RuleDissolution_purple"],"picked":"StretchesForeverDream_purple","floor":27}],"player_experience":183575,"relics_obtained":[{"floor":1,"key":"LetterFromLob"},{"floor":6,"key":"AT_ImmortalShieldbow"},{"floor":12,"key":"Juzu Bracelet"},{"floor":23,"key":"Replay:Rubber Ducky"},{"floor":26,"key":"Bottled Lightning"}],"event_choices":[],"is_beta":false,"boss_relics":[{"not_picked":["Fusion Hammer","SacredBark"],"picked":"Tiny House"}],"items_purged_floors":[21],"is_endless":false,"potions_floor_spawned":[3,5,7,10,12,23],"killed_by":"Gensokyo:Slime_Group","ascension_level":0}}