{"host":"tq99ucv8ezzqzioe","time":1611963717,"event":{"mods":["BaseMod","Colored Map","Downfall","Highlight Path","Minty Spire (QoL Compilation)","StSLib"],"gold_per_floor":[115,125,52,62,62,62,93,93,93,122,0,0,0,17,17,113,113,128,128,139,64,75,75,75],"floor_reached":23,"language":"ENG","playtime":830,"items_purged":["Strike_R"],"score":246,"play_id":"0aeb51c3-870d-4362-af99-49ab6d737d3b","local_time":"20210129184157","is_ascension_mode":true,"campfire_choices":[{"data":"Bash","floor":6,"key":"SMITH"},{"data":"Whirlwind","floor":8,"key":"SMITH"},{"data":"Pommel Strike","floor":15,"key":"SMITH"}],"circlet_count":0,"master_deck":["Strike_R","Strike_R","Strike_R+1","Defend_R","Defend_R","Defend_R","Defend_R","Bash+1","Cleave","Headbutt+1","Inflame","Ghostly Armor","Whirlwind+1","Flex","Pommel Strike+1","Heavy Blade","Reaper","Shrug It Off"],"relics":["Burning Blood","Oddly Smooth Stone","Matryoshka","Boot","Odd Mushroom","Regal Pillow","Akabeko","Philosopher\u0027s Stone"],"acts_visited":["Exordium","TheCity"],"potions_floor_usage":[7,7],"damage_taken":[{"damage":0,"enemies":"Cultist","floor":1,"turns":3},{"damage":2,"enemies":"2 Louse","floor":2,"turns":3},{"damage":6,"enemies":"Jaw Worm","floor":4,"turns":3},{"damage":20,"enemies":"3 Sentries","floor":7,"turns":6},{"damage":0,"enemies":"The Mushroom Lair","floor":10,"turns":2},{"damage":12,"enemies":"Exordium Wildlife","floor":14,"turns":3},{"damage":66,"enemies":"Hexaghost","floor":16,"turns":10},{"damage":2,"enemies":"Chosen","floor":18,"turns":3},{"damage":0,"enemies":"2 Thieves","floor":20,"turns":1},{"damage":30,"enemies":"Centurion and Healer","floor":22,"turns":5},{"damage":78,"enemies":"Book of Stabbing","floor":23,"turns":5}],"seed_played":"-4127744119119120834","potions_obtained":[{"floor":1,"key":"sneckomod:MuddlingPotion"},{"floor":4,"key":"champ:CounterPotion"},{"floor":14,"key":"FairyPotion"}],"is_trial":false,"path_per_floor":["M","M","$","M","?","R","E","R","T","?","$","T","$","M","R","B",null,"M","?","M","?","M","E"],"character_chosen":"IRONCLAD","items_purchased":["Inflame","Pommel Strike"],"campfire_rested":0,"item_purchase_floors":[3,11],"current_hp_per_floor":[78,80,80,80,64,64,50,50,50,56,56,56,56,50,50,15,64,68,80,80,80,68,0,0],"gold":75,"neow_bonus":"RANDOM_COMMON_RELIC","is_daily":false,"chose_seed":false,"campfire_upgraded":3,"win_rate":0.0,"timestamp":1611963717,"path_taken":["M","?","$","?","?","R","E","R","T","?","$","?","?","M","R","BOSS","M","?","?","?","M","E"],"items_purchased_type":["Card","Card"],"build_version":"2020-12-22","purchased_purges":1,"victory":false,"max_hp_per_floor":[80,80,80,80,80,80,80,80,80,80,80,80,80,80,80,80,80,80,80,80,80,80,80,80],"card_choices":[{"not_picked":["Body Slam","Thunderclap"],"picked":"Cleave","floor":1},{"not_picked":["Body Slam","Wild Strike"],"picked":"Headbutt","floor":2},{"not_picked":["Sword Boomerang","Heavy Blade"],"picked":"Ghostly Armor","floor":4},{"not_picked":["Second Wind","Pommel Strike"],"picked":"Whirlwind","floor":7},{"not_picked":["Havoc","Sentinel"],"picked":"Flex","floor":10},{"not_picked":["Rage","Flex"],"picked":"Heavy Blade","floor":14},{"not_picked":["Fiend Fire","Brutality"],"picked":"Reaper","floor":16},{"not_picked":["Infernal Blade","True Grit"],"picked":"Disarm","floor":18},{"not_picked":["Rage","Seeing Red"],"picked":"Shrug It Off","floor":20},{"not_picked":["Headbutt","Power Through+1","Perfected Strike+1"],"picked":"SKIP","floor":22}],"player_experience":809954,"relics_obtained":[{"floor":7,"key":"Matryoshka"},{"floor":9,"key":"Boot"},{"floor":10,"key":"Odd Mushroom"},{"floor":12,"key":"Regal Pillow"},{"floor":12,"key":"Akabeko"}],"event_choices":[{"damage_healed":0,"gold_gain":0,"player_choice":"Entered Light","damage_taken":16,"max_hp_gain":0,"max_hp_loss":0,"event_name":"Shining Light","floor":5,"gold_loss":0,"cards_upgraded":["Headbutt","Strike_R"]},{"damage_healed":0,"gold_gain":0,"player_choice":"Fought Mushrooms","damage_taken":0,"max_hp_gain":0,"max_hp_loss":0,"event_name":"Mushrooms","floor":10,"gold_loss":0},{"cards_removed":["Disarm"],"damage_healed":12,"gold_gain":0,"player_choice":"Offered Uncommon","damage_taken":0,"max_hp_gain":0,"max_hp_loss":0,"event_name":"Bonfire Elementals","floor":19,"gold_loss":0},{"cards_removed":["Strike_R"],"damage_healed":0,"gold_gain":0,"player_choice":"Gave Gold","damage_taken":0,"max_hp_gain":0,"max_hp_loss":0,"event_name":"Beggar","floor":21,"gold_loss":75}],"is_beta":false,"boss_relics":[{"not_picked":["Calling Bell","Astrolabe"],"picked":"Philosopher\u0027s Stone"}],"items_purged_floors":[11],"is_endless":false,"potions_floor_spawned":[1,4,14],"killed_by":"Book of Stabbing","ascension_level":6}}