{"host":"phy652c7lim9lcu2","time":1611910160,"event":{"mods":["BaseMod","BetterRewards","Colored Powertips","Downfall","Googly Eyes","Hubris","Minty Spire (QoL Compilation)","Relic Stats","Spicy Shops","StSLib","everything is the same but u backflip on backflip"],"gold_per_floor":[116,126,126,144,77,77,110,110,135,135,169,186,198,233,233,334,334,351,56,67,67,67,67,94,94,146,174,174,174,200,234,234,335,385,404,43,66,94,117,117,145,145,168,168,209,209,252,267,267,267,267,267,25,57,57,57],"floor_reached":55,"language":"ENG","playtime":4252,"items_purged":["Injury","PanicButton"],"score":1306,"play_id":"3cab0b1a-d9d2-4dab-9e1b-c90c07b17590","local_time":"20210129184920","is_ascension_mode":true,"campfire_choices":[{"data":"Eruption","floor":6.0,"key":"SMITH"},{"data":"TalkToTheHand","floor":8.0,"key":"SMITH"},{"data":"BattleHymn","floor":10.0,"key":"SMITH"},{"data":"Crescendo","floor":15.0,"key":"SMITH"},{"data":"LessonLearned","floor":23.0,"key":"SMITH"},{"data":"FlurryOfBlows","floor":25.0,"key":"SMITH"},{"data":"MentalFortress","floor":28.0,"key":"SMITH"},{"data":"BowlingBash","floor":32,"key":"SMITH"},{"floor":40,"key":"RECALL"},{"data":"LikeWater","floor":42,"key":"SMITH"},{"data":"WindmillStrike","floor":46,"key":"SMITH"},{"floor":49,"key":"REST"},{"data":"hubris:DuctTapeCard","floor":52,"key":"SMITH"}],"circlet_count":0,"master_deck":["Strike_P+1","Strike_P+1","Strike_P+1","Defend_P","Defend_P+1","Defend_P","Eruption+1","Vigilance+1","ClearTheMind+1","LikeWater+1","EmptyFist+1","TalkToTheHand+1","BattleHymn+1","Tantrum+1","BowlingBash+1","EmptyBody","Crescendo+1","Establishment+1","CurseOfTheBell","LessonLearned+1","CutThroughFate+1","MentalFortress+1","Sanctity+1","ThirdEye","Perseverance+1","TalkToTheHand+1","Perseverance+1","WindmillStrike+1","hubris:DuctTapeCard+2","Perseverance+1"],"relics":["PureWater","hubris:EmptyBottle","Oddly Smooth Stone","Ancient Tea Set","hubris:TinFlute","Juzu Bracelet","Toy Ornithopter","Akabeko","Calling Bell","Tiny Chest","Gremlin Horn","Turnip","ClockworkSouvenir","Pear","Nunchaku","Happy Flower","hubris:ToyBattleship","CeramicFish","Tiny House","Blue Candle","Strange Spoon","Letter Opener","Shuriken","hubris:DuctTape","Kunai","Whetstone"],"acts_visited":["Exordium","TheCity","TheBeyond","TheEnding"],"potions_floor_usage":[31,31,33,35,35,39,39,48,48,50,54,54,54],"damage_taken":[{"damage":2.0,"enemies":"2 Louse","floor":1.0,"turns":4.0},{"damage":0.0,"enemies":"Small Slimes","floor":2.0,"turns":4.0},{"damage":0.0,"enemies":"Cultist","floor":4.0,"turns":6.0},{"damage":1.0,"enemies":"3 Sentries","floor":7.0,"turns":6.0},{"damage":34.0,"enemies":"Gremlin Nob","floor":11.0,"turns":5.0},{"damage":5.0,"enemies":"3 Louse","floor":12.0,"turns":3.0},{"damage":2.0,"enemies":"Red Slaver","floor":13.0,"turns":3.0},{"damage":0.0,"enemies":"Lagavulin","floor":14.0,"turns":3.0},{"damage":0.0,"enemies":"Slime Boss","floor":16.0,"turns":4.0},{"damage":0.0,"enemies":"Spheric Guardian","floor":18.0,"turns":3.0},{"damage":14.0,"enemies":"2 Thieves","floor":20.0,"turns":5.0},{"damage":12.0,"enemies":"Slavers","floor":24.0,"turns":4.0},{"damage":12.0,"enemies":"Gremlin Leader","floor":27.0,"turns":2.0},{"damage":36,"enemies":"Slavers","floor":31,"turns":8},{"damage":41,"enemies":"hubris:MusketHawk","floor":33,"turns":9},{"damage":8,"enemies":"3 Shapes","floor":35,"turns":3},{"damage":19,"enemies":"Orb Walker","floor":37,"turns":5},{"damage":1,"enemies":"3 Darklings","floor":38,"turns":4},{"damage":9,"enemies":"Writhing Mass","floor":39,"turns":5},{"damage":4,"enemies":"Nemesis","floor":41,"turns":5},{"damage":13,"enemies":"Giant Head","floor":45,"turns":7},{"damage":0,"enemies":"Nemesis","floor":47,"turns":5},{"damage":22,"enemies":"Jaw Worm Horde","floor":48,"turns":3},{"damage":6,"enemies":"Awakened One","floor":50,"turns":10},{"damage":19,"enemies":"Shield and Spear","floor":54,"turns":5},{"damage":80,"enemies":"The Heart","floor":55,"turns":9}],"seed_played":"-3137022264301559661","potions_obtained":[{"floor":1.0,"key":"BottledMiracle"},{"floor":11.0,"key":"LiquidMemories"},{"floor":12.0,"key":"LiquidMemories"},{"floor":13.0,"key":"Swift Potion"},{"floor":16.0,"key":"Regen Potion"},{"floor":27.0,"key":"Fire Potion"},{"floor":34,"key":"Slimebound:ThreeZeroPotion"},{"floor":41,"key":"EssenceOfSteel"},{"floor":45,"key":"Block Potion"},{"floor":48,"key":"Swift Potion"}],"is_trial":false,"path_per_floor":["M","M","?","M","$","R","E","R","T","R","E","M","M","E","R","B",null,"M","$","M","?","?","R","E","R","T","E","R","?","T","E","R","B",null,"M","$","M","M","M","R","E","R","T","?","E","R","E","M","R","B",null,"R","$","E","B"],"character_chosen":"WATCHER","items_purchased":["hubris:EmptyBottle","Oddly Smooth Stone","BattleHymn","LessonLearned","ClockworkSouvenir","Guardian:BlockOnCardUsePotion","Blue Candle","Strange Spoon","Kunai"],"campfire_rested":1,"item_purchase_floors":[0,0,5,19,19,36,36,36,53],"current_hp_per_floor":[49,49,54,54,54,54,53,53,53,53,19,14,17,27,27,27,65,65,65,56,56,56,56,54,54,54,47,47,47,47,70,70,34,79,81,81,62,61,62,62,58,58,58,58,45,45,45,33,60,59,84,84,84,80,0,0],"gold":57,"neow_bonus":"","is_daily":false,"chose_seed":false,"campfire_upgraded":11,"win_rate":0.0,"timestamp":1611910160,"path_taken":["M","M","?","M","$","R","E","R","T","R","E","M","M","E","R","BOSS","M","$","M","?","?","R","E","R","T","E","R","?","?","E","R","BOSS","M","$","M","M","M","R","E","R","T","?","E","R","E","M","R","BOSS","R","$","E","BOSS"],"items_purchased_type":["Relic","Relic","Card","Card","Relic","Potion","Relic","Relic","Relic"],"build_version":"2020-12-22","purchased_purges":2,"victory":false,"max_hp_per_floor":[72,72,77,77,77,77,77,77,77,77,77,77,77,77,77,77,77,77,77,77,77,77,77,87,87,87,87,87,87,87,87,87,87,92,92,92,92,92,92,92,92,92,92,92,92,92,92,92,92,92,92,92,92,92,92,92],"relic_stats":{"Gremlin Horn":[17,17],"Happy Flower":[26],"counters":[58,261],"CeramicFish":72,"Blue Candle":[2],"Juzu Bracelet":1,"Letter Opener":[61],"Whetstone":["Strike_P"],"Strange Spoon":[60],"Nunchaku":[24],"Shuriken":[20],"Tiny Chest":1,"Turnip":[11],"Kunai":[8],"obtain_stats":[{"Tiny House":34,"Gremlin Horn":17,"CeramicFish":31,"Runic Capacitor":0,"Juzu Bracelet":6,"Whetstone":54,"hubris:EmptyBottle":12,"Smiling Mask":14,"Ancient Tea Set":0,"ClockworkSouvenir":19,"Centennial Puzzle":8,"Nunchaku":26,"Strawberry":6,"Gambling Chip":21,"Tiny Chest":17,"downfall:ExtraCursedKey":13,"Red Mask":0,"Chemical X":0,"Kunai":53,"Toxic Egg 2":11,"Cracked Core":0,"hubris:TinFlute":7,"Pear":24,"Happy Flower":27,"hubris:DuctTape":47,"Astrolabe":17,"Blue Candle":36,"Oddly Smooth Stone":0,"PreservedInsect":0,"Pen Nib":26,"Letter Opener":41,"Orichalcum":0,"hubris:Towel":22,"Akabeko":14,"Calling Bell":17,"Strange Spoon":36,"Shuriken":45,"hubris:PeanutButter":9,"Turnip":17,"hubris:ToyBattleship":30,"Membership Card":4,"hubris:CrackedHourglass":17,"PureWater":0,"TungstenRod":0,"Toy Ornithopter":11},{"Tiny House":47,"Gremlin Horn":41,"CeramicFish":46,"Runic Capacitor":5,"Juzu Bracelet":10,"Whetstone":57,"hubris:EmptyBottle":24,"Smiling Mask":12,"Ancient Tea Set":32,"ClockworkSouvenir":42,"Centennial Puzzle":22,"Nunchaku":44,"Strawberry":20,"Gambling Chip":29,"Tiny Chest":41,"downfall:ExtraCursedKey":12,"Red Mask":0,"Chemical X":0,"Kunai":56,"Toxic Egg 2":24,"Cracked Core":0,"hubris:TinFlute":36,"Pear":44,"Happy Flower":45,"hubris:DuctTape":54,"Astrolabe":14,"Blue Candle":48,"Oddly Smooth Stone":32,"PreservedInsect":0,"Pen Nib":31,"Letter Opener":52,"Orichalcum":14,"hubris:Towel":29,"Akabeko":40,"Calling Bell":41,"Strange Spoon":48,"Shuriken":53,"hubris:PeanutButter":11,"Turnip":41,"hubris:ToyBattleship":45,"Membership Card":8,"hubris:CrackedHourglass":27,"PureWater":0,"TungstenRod":0,"Toy Ornithopter":37},{"Tiny House":200,"Gremlin Horn":169,"CeramicFish":191,"Runic Capacitor":13,"Juzu Bracelet":34,"Whetstone":252,"hubris:EmptyBottle":86,"Smiling Mask":43,"Ancient Tea Set":131,"ClockworkSouvenir":172,"Centennial Puzzle":80,"Nunchaku":181,"Strawberry":73,"Gambling Chip":115,"Tiny Chest":169,"downfall:ExtraCursedKey":43,"Red Mask":0,"Chemical X":0,"Kunai":247,"Toxic Egg 2":86,"Cracked Core":0,"hubris:TinFlute":151,"Pear":181,"Happy Flower":183,"hubris:DuctTape":234,"Astrolabe":56,"Blue Candle":203,"Oddly Smooth Stone":131,"PreservedInsect":0,"Pen Nib":122,"Letter Opener":222,"Orichalcum":56,"hubris:Towel":115,"Akabeko":165,"Calling Bell":169,"Strange Spoon":203,"Shuriken":229,"hubris:PeanutButter":38,"Turnip":169,"hubris:ToyBattleship":183,"Membership Card":24,"hubris:CrackedHourglass":107,"PureWater":0,"TungstenRod":0,"Toy Ornithopter":156}],"Toy Ornithopter":80},"card_choices":[{"not_picked":["Vengeance","Indignation"],"picked":"LikeWater","floor":1.0},{"not_picked":["ThirdEye","SashWhip"],"picked":"EmptyFist","floor":2.0},{"not_picked":["Weave","Worship"],"picked":"TalkToTheHand","floor":4.0},{"not_picked":["Wallop","Protect"],"picked":"Tantrum","floor":7.0},{"not_picked":["Prostrate","FlyingSleeves"],"picked":"BowlingBash","floor":11.0},{"not_picked":["WindmillStrike","Indignation"],"picked":"EmptyBody","floor":12.0},{"not_picked":["Meditate","Indignation"],"picked":"Consecrate","floor":13.0},{"not_picked":["Consecrate","EmptyFist"],"picked":"Crescendo","floor":14.0},{"not_picked":["Scrawl","Judgement"],"picked":"Establishment","floor":16.0},{"not_picked":["Fasting2","Halt","FlyingSleeves"],"picked":"SKIP","floor":18.0},{"not_picked":["Evaluate","DeceiveReality"],"picked":"FlurryOfBlows","floor":20.0},{"not_picked":["BowlingBash","Blasphemy"],"picked":"CutThroughFate+1","floor":24.0},{"not_picked":["TalkToTheHand","FlurryOfBlows"],"picked":"MentalFortress","floor":27.0},{"not_picked":["BowlingBash","Nirvana+1"],"picked":"Sanctity+1","floor":31},{"not_picked":["Consecrate+1","FollowUp"],"picked":"ThirdEye","floor":35},{"not_picked":["FlurryOfBlows","Meditate"],"picked":"Perseverance+1","floor":37},{"not_picked":["Conclude","EmptyFist"],"picked":"TalkToTheHand+1","floor":38},{"not_picked":["ForeignInfluence+1","Judgement"],"picked":"Perseverance+1","floor":39},{"not_picked":["Study","Omniscience","Halt+1"],"picked":"SKIP","floor":41},{"not_picked":["Evaluate","FollowUp"],"picked":"WindmillStrike","floor":45},{"not_picked":["FollowUp","Tantrum+1"],"picked":"Perseverance+1","floor":47},{"not_picked":["BattleHymn+1","Halt","Vengeance+1"],"picked":"SKIP","floor":48},{"not_picked":["Consecrate","FlyingSleeves","WheelKick"],"picked":"SKIP","floor":54}],"player_experience":272170,"relics_obtained":[{"floor":7.0,"key":"hubris:TinFlute"},{"floor":9.0,"key":"Juzu Bracelet"},{"floor":11.0,"key":"Toy Ornithopter"},{"floor":14.0,"key":"Akabeko"},{"floor":17.0,"key":"Tiny Chest"},{"floor":17.0,"key":"Gremlin Horn"},{"floor":17.0,"key":"Turnip"},{"floor":24.0,"key":"Pear"},{"floor":26.0,"key":"Nunchaku"},{"floor":27.0,"key":"Happy Flower"},{"floor":30.0,"key":"hubris:ToyBattleship"},{"floor":31,"key":"CeramicFish"},{"floor":41,"key":"Letter Opener"},{"floor":45,"key":"Shuriken"},{"floor":47,"key":"hubris:DuctTape"},{"floor":54,"key":"Whetstone"}],"event_choices":[{"damage_healed":0.0,"max_hp_gain":5.0,"max_hp_loss":0.0,"gold_gain":0.0,"event_name":"Big Fish","player_choice":"Donut","floor":3.0,"gold_loss":0.0,"damage_taken":0.0},{"cards_removed":["Strike_P"],"damage_healed":0.0,"max_hp_gain":0.0,"max_hp_loss":0.0,"gold_gain":0.0,"event_name":"Bonfire Elementals","player_choice":"Offered Basic","floor":21.0,"gold_loss":0.0,"damage_taken":0.0},{"cards_removed":["Defend_P"],"damage_healed":0.0,"max_hp_gain":0.0,"max_hp_loss":0.0,"gold_gain":0.0,"event_name":"Wheel of Change","player_choice":"Card Removal","floor":29.0,"gold_loss":0.0,"damage_taken":0.0},{"damage_healed":0,"gold_gain":0,"player_choice":"Ignored","damage_taken":0,"max_hp_gain":0,"max_hp_loss":0,"event_name":"Mysterious Sphere","floor":44,"gold_loss":0}],"is_beta":false,"boss_relics":[{"not_picked":["Snecko Eye","Fusion Hammer"],"picked":"Calling Bell"},{"not_picked":["hubris:GrandSneckoEye","hubris:TerracottaHorce"],"picked":"Tiny House"}],"items_purged_floors":[0,0],"is_endless":false,"potions_floor_spawned":[1,11,12,13,16,20,27,38,41,45,48],"killed_by":"The Heart","ascension_level":8}}