{"host":"lfvf97io7xuhaz8c","time":1611943028,"event":{"mods":["2.2 Compatiblity","BaseMod","Bestiary","Colored Map","Colored Powertips","Curses Come First","Highlight Path","Keyboard Shortcuts","Minty Spire (QoL Compilation)","Relic Stats","StSLib","SuperFastMode"],"gold_per_floor":[111,131,143,155,155,198,210,253,265,277,19,38,59,82,82,211,211,236,236,254,267,267,267,267,267],"floor_reached":24,"language":"FRA","playtime":1714,"items_purged":["Injury"],"score":284,"play_id":"b6b422be-3983-4d87-adca-95ad53fa3702","local_time":"20210129185708","is_ascension_mode":true,"campfire_choices":[{"floor":7,"key":"REST"},{"floor":10,"key":"REST"},{"floor":15,"key":"REST"},{"floor":23,"key":"REST"}],"circlet_count":0,"master_deck":["Strike_R","Strike_R","Strike_R","Strike_R","Strike_R","Defend_R","Defend_R","Defend_R","Defend_R","Bash","Wild Strike","Disarm","Fire Breathing","Rage","Pommel Strike","Metallicize","True Grit","Barricade","Fiend Fire","Evolve","Clothesline+1","Headbutt","Sever Soul+1"],"relics":["Mark of Pain","Golden Idol","MawBank","Dream Catcher","Tiny Chest","Snecko Eye","Toxic Egg 2"],"acts_visited":["Exordium","TheCity"],"potions_floor_usage":[4,6,12,16,18,21],"damage_taken":[{"damage":0,"enemies":"2 Louse","floor":1,"turns":3},{"damage":0,"enemies":"Jaw Worm","floor":2,"turns":3},{"damage":0,"enemies":"Cultist","floor":3,"turns":3},{"damage":1,"enemies":"Red Slaver","floor":4,"turns":3},{"damage":38,"enemies":"Gremlin Nob","floor":6,"turns":5},{"damage":31,"enemies":"3 Sentries","floor":8,"turns":6},{"damage":14,"enemies":"Lots of Slimes","floor":12,"turns":4},{"damage":0,"enemies":"Exordium Wildlife","floor":13,"turns":4},{"damage":0,"enemies":"2 Fungi Beasts","floor":14,"turns":4},{"damage":25,"enemies":"Hexaghost","floor":16,"turns":13},{"damage":3,"enemies":"Chosen","floor":18,"turns":4},{"damage":32,"enemies":"3 Byrds","floor":20,"turns":5},{"damage":29,"enemies":"Sentry and Sphere","floor":21,"turns":6},{"damage":38,"enemies":"Centurion and Healer","floor":24,"turns":2}],"seed_played":"-2170232360388772787","potions_obtained":[{"floor":2,"key":"BlessingOfTheForge"},{"floor":3,"key":"FearPotion"},{"floor":14,"key":"BloodPotion"},{"floor":16,"key":"Weak Potion"},{"floor":20,"key":"SpeedPotion"},{"floor":21,"key":"ElixirPotion"}],"is_trial":false,"path_per_floor":["M","M","M","M","?","E","R","E","T","R","$","M","M","M","R","B",null,"M","?","M","M","?","R","M"],"character_chosen":"IRONCLAD","items_purchased":["Tiny Chest","Fire Potion"],"campfire_rested":4,"item_purchase_floors":[11,11],"current_hp_per_floor":[72,72,72,71,71,33,57,26,26,50,50,36,36,36,60,51,73,70,70,38,9,9,33,0,0],"gold":267,"neow_bonus":"BOSS_RELIC","is_daily":false,"chose_seed":false,"campfire_upgraded":0,"win_rate":0.0,"timestamp":1611943028,"path_taken":["M","M","M","M","?","E","R","E","T","R","$","M","M","M","R","BOSS","M","?","M","M","?","R","M"],"items_purchased_type":["Relic","Potion"],"build_version":"2020-12-22","purchased_purges":1,"victory":false,"max_hp_per_floor":[80,80,80,80,80,80,80,80,80,80,80,80,80,80,80,80,80,80,80,80,80,80,80,80,80],"relic_stats":{"Dream Catcher":3,"counters":[14,65],"Golden Idol":66,"Snecko Eye":[26,27,33,23],"Tiny Chest":0,"MawBank":60,"obtain_stats":[{"Dream Catcher":8,"Golden Idol":5,"Snecko Eye":17,"Tiny Chest":11,"Mark of Pain":0,"Toxic Egg 2":22,"MawBank":6,"Burning Blood":0},{"Dream Catcher":6,"Golden Idol":4,"Snecko Eye":10,"Tiny Chest":6,"Mark of Pain":0,"Toxic Egg 2":13,"MawBank":5,"Burning Blood":0},{"Dream Catcher":23,"Golden Idol":12,"Snecko Eye":48,"Tiny Chest":23,"Mark of Pain":0,"Toxic Egg 2":63,"MawBank":17,"Burning Blood":0}]},"card_choices":[{"not_picked":["Entrench","Heavy Blade"],"picked":"Wild Strike","floor":1},{"not_picked":["Sword Boomerang","Clash"],"picked":"Disarm","floor":2},{"not_picked":["Warcry","Brutality"],"picked":"Fire Breathing","floor":3},{"not_picked":["Warcry","Whirlwind"],"picked":"Rage","floor":4},{"not_picked":["Flex","Dropkick"],"picked":"Pommel Strike","floor":6},{"not_picked":["Rupture","Thunderclap","Clash"],"picked":"SKIP","floor":8},{"not_picked":["Perfected Strike","Spot Weakness","Bloodletting"],"picked":"SKIP","floor":12},{"not_picked":["Battle Trance","Dual Wield"],"picked":"Metallicize","floor":13},{"not_picked":["Power Through","Clothesline"],"picked":"True Grit","floor":14},{"not_picked":["Clothesline","Battle Trance"],"picked":"Barricade","floor":15},{"not_picked":["Brutality","Reaper"],"picked":"Fiend Fire","floor":16},{"not_picked":["Clash+1","Anger","Combust+1"],"picked":"SKIP","floor":18},{"not_picked":["Sword Boomerang","Hemokinesis"],"picked":"Clothesline+1","floor":20},{"not_picked":["Thunderclap","Pommel Strike"],"picked":"Headbutt","floor":21},{"not_picked":["Cleave","Clothesline"],"picked":"Sever Soul+1","floor":23}],"player_experience":1470487,"relics_obtained":[{"floor":6,"key":"MawBank"},{"floor":8,"key":"Dream Catcher"}],"event_choices":[{"damage_healed":0,"gold_gain":0,"player_choice":"Take Wound","damage_taken":0,"relics_obtained":["Golden Idol"],"max_hp_gain":0,"max_hp_loss":0,"event_name":"Golden Idol","floor":5,"gold_loss":0,"cards_obtained":["Injury"]},{"damage_healed":0,"gold_gain":0,"player_choice":"Read","damage_taken":0,"max_hp_gain":0,"max_hp_loss":0,"event_name":"The Library","floor":19,"gold_loss":0,"cards_obtained":["Evolve"]},{"damage_healed":0,"gold_gain":0,"player_choice":"Opened","damage_taken":0,"relics_obtained":["Toxic Egg 2"],"max_hp_gain":0,"max_hp_loss":0,"event_name":"The Mausoleum","floor":22,"gold_loss":0}],"is_beta":false,"boss_relics":[{"not_picked":["Philosopher\u0027s Stone","Ectoplasm"],"picked":"Snecko Eye"}],"items_purged_floors":[11],"is_endless":false,"potions_floor_spawned":[1,2,3,14,16,20,21],"killed_by":"Centurion and Healer","ascension_level":7}}