{"host":"flash","time":1611929293,"event":{"mods":["ATMod(°¢èªMod)","Act Like it!","Aspiration","BaseMod","Minty Spire (QoL Compilation)","Shop Mod","StSLib","¡¾ÒÅÎï¿¨ÅÆ¡¿REMEMod"],"gold_per_floor":[110,121,140,152,163,163,176,176,176,176,203,3,18,47,47,152,152,162,162,162,174,174,207,224,251,251,286,385,417,445,472,472,576,576,593,593,608,622,639,671,1,28,28,53,103,103,43,68,68,68],"floor_reached":51,"language":"ZHS","playtime":2032,"items_purged":["Defend_B"],"score":1910,"play_id":"2cb660c3-8cfc-4709-9c9a-d821841ed0ed","local_time":"20210129220813","is_ascension_mode":true,"campfire_choices":[{"data":"AT_FamilyPortrait","floor":6.0,"key":"SMITH"},{"data":"Zap","floor":8.0,"key":"SMITH"},{"data":"Dualcast","floor":15.0,"key":"SMITH"},{"floor":32,"key":"REST"},{"data":"REME_ForAll","floor":46,"key":"SMITH"},{"data":"Fission","floor":49,"key":"SMITH"}],"circlet_count":0,"master_deck":["Defend_B","Defend_B","Zap+1","Dualcast+1","AT_FamilyPortrait+1","REME_ProfessionalPlagiarism","Ball Lightning","Steam","Sweeping Beam+1","REME_Shoggoth","Go for the Eyes","Gash","REME_ForAll","Auto Shields+1","All For One+1","AT_WaterDrop+1","Gash+1","FTL+1","Undo","Fission+1","Gash","Steam Power","REME_ForAll+1","Coolheaded+1","Turbo","Scrape+1","Beam Cell+1"],"relics":["Cracked Core","AT_ATBox","REME_ComplimentaryCards","aspiration:DSix","Emotion Chip","HandDrill","AT_BladeRuinedKing","Astrolabe","Ornamental Fan","AT_RabadonDeathcap","Sundial","Bottled Tornado","Akabeko","AT_BellDemon","Red Mask","Dream Catcher","SlaversCollar","Incense Burner","Centennial Puzzle","Ancient Tea Set","The Courier","Shuriken","Toy Ornithopter","aspiration:Nostalgia","Burning Blood","aspiration:AnachronicSnailShell","Lantern","AT_RedNoBalance","aspiration:HummingbirdHeart","aspiration:Lifesprig","Toxic Egg 2","Strawberry","Whetstone","REME_IWantAll","Ice Cream","CaptainsWheel","AT_BellowingDragoncrestRing"],"acts_visited":["Exordium","TheCity","TheBeyond"],"potions_floor_usage":[25,42],"damage_taken":[{"damage":0.0,"enemies":"Cultist","floor":1.0,"turns":2.0},{"damage":0.0,"enemies":"Small Slimes","floor":2.0,"turns":3.0},{"damage":6.0,"enemies":"2 Louse","floor":3.0,"turns":3.0},{"damage":8.0,"enemies":"Blue Slaver","floor":4.0,"turns":3.0},{"damage":8.0,"enemies":"Large Slime","floor":5.0,"turns":5.0},{"damage":0.0,"enemies":"2 Fungi Beasts","floor":7.0,"turns":3.0},{"damage":5.0,"enemies":"3 Sentries","floor":11.0,"turns":5.0},{"damage":0.0,"enemies":"Blue Slaver","floor":13.0,"turns":2.0},{"damage":10.0,"enemies":"Lagavulin","floor":14.0,"turns":4.0},{"damage":20.0,"enemies":"Hexaghost","floor":16.0,"turns":7.0},{"damage":10.0,"enemies":"2 Thieves","floor":18.0,"turns":3.0},{"damage":0.0,"enemies":"Shell Parasite","floor":21.0,"turns":1.0},{"damage":0.0,"enemies":"REME_1_Revenger","floor":23.0,"turns":1.0},{"damage":0.0,"enemies":"Chosen and Byrds","floor":24.0,"turns":2.0},{"damage":5,"enemies":"Slavers","floor":25,"turns":3},{"damage":19,"enemies":"REME_1_Revenger","floor":27,"turns":4},{"damage":0,"enemies":"Book of Stabbing","floor":29,"turns":2},{"damage":2,"enemies":"Masked Bandits","floor":30,"turns":3},{"damage":0,"enemies":"REME_1_Revenger","floor":31,"turns":1},{"damage":2,"enemies":"Champ","floor":33,"turns":3},{"damage":0,"enemies":"Orb Walker","floor":35,"turns":2},{"damage":3,"enemies":"3 Darklings","floor":37,"turns":3},{"damage":0,"enemies":"Transient","floor":38,"turns":1},{"damage":0,"enemies":"Spire Growth","floor":39,"turns":2},{"damage":0,"enemies":"Giant Head","floor":40,"turns":2},{"damage":4,"enemies":"Reptomancer","floor":42,"turns":3},{"damage":0,"enemies":"Giant Head","floor":44,"turns":3},{"damage":0,"enemies":"Mind Bloom Boss Battle","floor":45,"turns":1},{"damage":0,"enemies":"Nemesis","floor":48,"turns":1},{"damage":0,"enemies":"Donu and Deca","floor":50,"turns":1}],"seed_played":"571037532349920464","potions_obtained":[{"floor":1.0,"key":"Energy Potion"},{"floor":2.0,"key":"Energy Potion"},{"floor":3.0,"key":"PotionOfCapacity"},{"floor":23.0,"key":"Block Potion"},{"floor":25,"key":"SteroidPotion"},{"floor":35,"key":"FocusPotion"},{"floor":45,"key":"EssenceOfSteel"}],"is_trial":false,"path_per_floor":["M","M","M","M","M","R","M","R","T","?","E","$","M","E","R","B",null,"M","?","?","M","?","E","M","E","T","E","?","E","?","E","R","B",null,"M","?","M","M","M","E","$","E","T","E","?","R","$","E","R","B",null],"character_chosen":"DEFECT","items_purchased":["Go for the Eyes","HandDrill","aspiration:Nostalgia","aspiration:AnachronicSnailShell","Lantern","AT_SilverBalance"],"campfire_rested":1,"item_purchase_floors":[12,12,41,41,41,41],"current_hp_per_floor":[68,68,68,63,55,55,55,55,55,48,43,43,43,33,33,13,62,52,52,52,52,52,52,52,47,47,28,28,28,26,26,49,47,70,70,70,67,67,67,67,67,46,46,52,48,48,48,52,52,58],"gold":68,"neow_bonus":"DSIX","is_daily":false,"chose_seed":false,"campfire_upgraded":5,"win_rate":0.0,"timestamp":1611929293,"path_taken":["M","M","?","M","M","R","M","R","T","?","E","$","M","E","R","BOSS","M","?","?","M","?","E","M","E","T","E","?","E","?","E","R","BOSS","M","?","M","M","M","E","$","E","T","E","?","R","$","E","R","BOSS"],"items_purchased_type":["Card","Relic","Relic","Relic","Relic","Relic"],"build_version":"2020-12-18","purchased_purges":1,"victory":true,"max_hp_per_floor":[75,75,75,78,78,78,78,78,78,78,78,78,78,78,78,78,78,78,78,78,78,78,78,78,78,78,78,78,78,78,78,78,78,78,78,78,78,78,78,78,78,78,78,85,85,85,85,85,85,85],"card_choices":[{"not_picked":["Skim","Recycle","Conserve Battery"],"picked":"SKIP","floor":1.0},{"not_picked":["Conserve Battery","BootSequence"],"picked":"Ball Lightning","floor":2.0},{"not_picked":["Sweeping Beam","REME_Compress"],"picked":"Steam","floor":3.0},{"not_picked":["Hologram","Stack","Leap"],"picked":"SKIP","floor":4.0},{"not_picked":["Hologram","Storm"],"picked":"Sweeping Beam","floor":5.0},{"not_picked":["Compile Driver","Force Field","Redo"],"picked":"SKIP","floor":7.0},{"not_picked":["Lockon","Storm"],"picked":"REME_Shoggoth","floor":11.0},{"not_picked":["Double Energy","Hologram"],"picked":"Gash","floor":13.0},{"not_picked":["Compile Driver","Doom and Gloom"],"picked":"AT_StudyProgram","floor":14.0},{"not_picked":["Rainbow","Seek"],"picked":"REME_ForAll","floor":16.0},{"not_picked":["Auto Shields+1","Blizzard"],"picked":"Gash+1","floor":18.0},{"not_picked":["Undo","White Noise","Go for the Eyes"],"picked":"SKIP","floor":21.0},{"not_picked":["White Noise","Go for the Eyes"],"picked":"Undo","floor":21.0},{"not_picked":["Gash","Redo"],"picked":"Fission","floor":23.0},{"not_picked":["Conserve Battery","Redo","Ball Lightning"],"picked":"SKIP","floor":24.0},{"not_picked":["Darkness","Cold Snap+1"],"picked":"Gash","floor":25},{"not_picked":["Reprogram","Gash","Go for the Eyes"],"picked":"SKIP","floor":27},{"not_picked":["Reprogram","Electrodynamics"],"picked":"Steam Power","floor":29},{"not_picked":["Sunder","Fusion","Rainbow"],"picked":"SKIP","floor":31},{"not_picked":["Amplify","Thunder Strike"],"picked":"REME_ForAll","floor":33},{"not_picked":["Hello World","Glacier+1"],"picked":"Coolheaded+1","floor":35},{"not_picked":["Force Field+1","Stack"],"picked":"Turbo","floor":37},{"not_picked":["Conserve Battery","Hyperbeam","Aggregate+1"],"picked":"SKIP","floor":38},{"not_picked":["FTL+1","Leap+1"],"picked":"Scrape+1","floor":39},{"not_picked":["AT_HeatAcrobatics","Conserve Battery+1","Core Surge"],"picked":"SKIP","floor":40},{"not_picked":["Redo","AT_DarkMatter"],"picked":"Beam Cell+1","floor":42},{"not_picked":["Hello World+1","AT_ThreeBodyProblem+1","Sweeping Beam"],"picked":"SKIP","floor":44},{"not_picked":["Compile Driver+1","Heatsinks","AT_HeatAcrobatics+1"],"picked":"SKIP","floor":48}],"player_experience":666535,"relics_obtained":[{"floor":11.0,"key":"Emotion Chip"},{"floor":14.0,"key":"AT_BladeRuinedKing"},{"floor":23.0,"key":"AT_RabadonDeathcap"},{"floor":25,"key":"Sundial"},{"floor":26,"key":"Bottled Tornado"},{"floor":27,"key":"Akabeko"},{"floor":29,"key":"AT_BellDemon"},{"floor":30,"key":"Red Mask"},{"floor":31,"key":"Dream Catcher"},{"floor":35,"key":"Incense Burner"},{"floor":37,"key":"Centennial Puzzle"},{"floor":38,"key":"Ancient Tea Set"},{"floor":39,"key":"The Courier"},{"floor":40,"key":"Shuriken"},{"floor":40,"key":"Toy Ornithopter"},{"floor":42,"key":"aspiration:HummingbirdHeart"},{"floor":42,"key":"aspiration:Lifesprig"},{"floor":43,"key":"Toxic Egg 2"},{"floor":44,"key":"Strawberry"},{"floor":44,"key":"Whetstone"},{"floor":45,"key":"REME_IWantAll"},{"floor":45,"key":"Ice Cream"},{"floor":48,"key":"CaptainsWheel"},{"floor":48,"key":"AT_BellowingDragoncrestRing"}],"event_choices":[{"cards_removed":["Strike_B"],"damage_healed":0.0,"max_hp_gain":0.0,"max_hp_loss":0.0,"gold_gain":0.0,"event_name":"Golden Wing","player_choice":"Card Removal","floor":10.0,"gold_loss":0.0,"damage_taken":7.0},{"damage_healed":0.0,"max_hp_gain":0.0,"max_hp_loss":0.0,"gold_gain":0.0,"event_name":"The Library","player_choice":"Read","floor":19.0,"gold_loss":0.0,"damage_taken":0.0,"cards_obtained":["FTL"]},{"cards_removed":["Strike_B"],"damage_healed":0.0,"max_hp_gain":0.0,"max_hp_loss":0.0,"gold_gain":0.0,"event_name":"Back to Basics","player_choice":"Elegance","floor":20.0,"gold_loss":0.0,"damage_taken":0.0},{"damage_healed":0.0,"max_hp_gain":0.0,"max_hp_loss":0.0,"gold_gain":0.0,"event_name":"The Mausoleum","player_choice":"Opened","floor":22.0,"gold_loss":0.0,"damage_taken":0.0,"relics_obtained":["Ornamental Fan"]},{"damage_healed":0,"gold_gain":99,"player_choice":"Stole From Cult","damage_taken":0,"max_hp_gain":0,"max_hp_loss":0,"event_name":"Nest","floor":28,"gold_loss":0},{"damage_healed":0,"gold_gain":0,"player_choice":"Fought Bandits","damage_taken":0,"max_hp_gain":0,"max_hp_loss":0,"event_name":"Masked Bandits","floor":30,"gold_loss":0},{"cards_removed":["AT_StudyProgram"],"damage_healed":0,"gold_gain":0,"player_choice":"Removed Power","damage_taken":0,"max_hp_gain":0,"max_hp_loss":0,"event_name":"Falling","floor":36,"gold_loss":0},{"damage_healed":0,"gold_gain":0,"player_choice":"Fight","damage_taken":0,"max_hp_gain":0,"max_hp_loss":0,"event_name":"MindBloom","floor":45,"gold_loss":0}],"is_beta":true,"boss_relics":[{"not_picked":["aspiration:IroncladSkillbook","Pandora\u0027s Box"],"picked":"Astrolabe"},{"not_picked":["aspiration:SecretTechniqueScroll","SacredBark"],"picked":"SlaversCollar"}],"items_purged_floors":[47],"is_endless":false,"potions_floor_spawned":[1,2,3,5,23,24,25,35,39,40,45],"ascension_level":9}}