{"host":"hpvsbp715q3lql9o","time":1611932748,"event":{"mods":["BaseMod","Downfall","Friendly Minions","Marisa£®ÏF”Í°°ƒß¿Ì…≥£©","Minty Spire (QoL Compilation)","Remilia£®¿Ÿ√◊¿Ú—«£©","Replay The Spire","StSLib","The Administrix","The Construct","The Cursed","The Servant 0.9.4"],"gold_per_floor":[117,117,136,61,61,78,91,52,52,52,86,100,100,114,114,210,210,222,222,240,260,279,279,279],"floor_reached":23,"language":"ZHS","playtime":1959,"items_purged":["Strike_G"],"score":195,"play_id":"ca88b293-da64-406a-949b-67c2680a28c8","local_time":"20210129230548","is_ascension_mode":false,"campfire_choices":[{"data":"Bouncing Flask","floor":10,"key":"SMITH"},{"data":"Calculated Gamble","floor":10,"key":"SMITH"},{"data":"Infinite Blades","floor":13,"key":"SMITH"},{"data":"Draining Mist","floor":13,"key":"SMITH"},{"floor":15,"key":"REST"}],"circlet_count":0,"master_deck":["Strike_G","Strike_G","Strike_G","Strike_G","Defend_G","Defend_G","Defend_G","Defend_G","Defend_G","Survivor","Neutralize","Dagger Spray+1","Calculated Gamble+1","Bouncing Flask+1","Infinite Blades+1","Draining Mist+1","Hidden Blade","Envenom","Slice","Quick Slash+1","ReplayTheSpireMod:Scrap Shanks","Backflip"],"relics":["Ring of the Snake","construct:RocketBooster","WristBlade","Nloth\u0027s Gift"],"acts_visited":["Exordium","TheCity"],"potions_floor_usage":[11,14,16,23],"damage_taken":[{"damage":0.0,"enemies":"Jaw Worm","floor":1.0,"turns":5.0},{"damage":1.0,"enemies":"Cultist","floor":3.0,"turns":4.0},{"damage":0,"enemies":"2 Louse","floor":6,"turns":1},{"damage":1,"enemies":"Red Slaver","floor":7,"turns":3},{"damage":22,"enemies":"3 Sentries","floor":11,"turns":9},{"damage":6,"enemies":"Lots of Slimes","floor":12,"turns":3},{"damage":10,"enemies":"Gremlin Gang","floor":14,"turns":3},{"damage":25,"enemies":"The Guardian","floor":16,"turns":10},{"damage":25,"enemies":"2 Thieves","floor":18,"turns":4},{"damage":4,"enemies":"Shell Parasite","floor":20,"turns":6},{"damage":21,"enemies":"Centurion and Healer","floor":21,"turns":6},{"damage":23,"enemies":"Snake Plant","floor":22,"turns":4},{"damage":5,"enemies":"Replay:Snechameleon","floor":23,"turns":2}],"seed_played":"-4799217208838580439","potions_obtained":[{"floor":1.0,"key":"Energy Potion"},{"floor":6,"key":"Adrenaline Potion"},{"floor":12,"key":"Fire Potion"},{"floor":16,"key":"PowerPotion"},{"floor":18,"key":"LiquidBronze"},{"floor":20,"key":"Poison Potion"}],"is_trial":false,"path_per_floor":["M","?","M","$","?","M","M","$","T","R","E","M","R","M","R","B",null,"M","?","M","M","M","E"],"character_chosen":"THE_SILENT","items_purchased":["Bouncing Flask"],"campfire_rested":1,"item_purchase_floors":[8],"current_hp_per_floor":[77,70,69,69,69,69,68,68,68,68,46,40,40,30,53,28,77,52,52,48,27,4,0,0],"gold":279,"neow_bonus":"TEN_PERCENT_HP_BONUS","is_daily":false,"chose_seed":false,"campfire_upgraded":4,"win_rate":0.0,"timestamp":1611932748,"path_taken":["M","?","M","?","?","M","?","?","T","R","E","M","R","?","R","BOSS","M","?","M","M","M","E"],"items_purchased_type":["Card"],"build_version":"2020-12-22","purchased_purges":1,"victory":false,"max_hp_per_floor":[77,77,77,77,77,77,77,77,77,77,77,77,77,77,77,77,77,77,77,77,77,77,77,77],"card_choices":[{"not_picked":["Terror","Backflip"],"picked":"Dagger Spray","floor":1.0},{"not_picked":["Sucker Punch","Terror","PiercingWail"],"picked":"SKIP","floor":3.0},{"not_picked":["Bane","Deadly Poison","Setup"],"picked":"SKIP","floor":6},{"not_picked":["Infinite Blades","PiercingWail"],"picked":"Calculated Gamble","floor":7},{"not_picked":["Draining Mist","PiercingWail"],"picked":"Infinite Blades","floor":11},{"not_picked":["Deadly Poison","Skewer"],"picked":"Draining Mist","floor":12},{"not_picked":["Caltrops","Outmaneuver"],"picked":"Hidden Blade","floor":14},{"not_picked":["Adrenaline","Die Die Die"],"picked":"Envenom","floor":16},{"not_picked":["Poisoned Stab","Blade Dance"],"picked":"Slice","floor":18},{"not_picked":["Slice+1","Blade Dance"],"picked":"Quick Slash+1","floor":20},{"not_picked":["Blade Dance","Sneak Up"],"picked":"ReplayTheSpireMod:Scrap Shanks","floor":21},{"not_picked":["Outmaneuver","All Out Attack"],"picked":"Backflip","floor":22}],"player_experience":236695,"relics_obtained":[{"floor":9,"key":"Replay:Arrowhead"},{"floor":11,"key":"construct:RocketBooster"}],"event_choices":[{"damage_healed":0.0,"max_hp_gain":0.0,"max_hp_loss":0.0,"gold_gain":0.0,"event_name":"Wheel of Change","player_choice":"Damaged","floor":2.0,"gold_loss":0.0,"damage_taken":7.0},{"damage_healed":0,"gold_gain":0,"player_choice":"Forge","damage_taken":0,"max_hp_gain":0,"max_hp_loss":0,"event_name":"Accursed Blacksmith","floor":5,"gold_loss":0,"cards_upgraded":["Dagger Spray"]},{"damage_healed":0,"gold_gain":0,"player_choice":"Traded Relic","damage_taken":0,"relics_obtained":["Nloth\u0027s Gift"],"max_hp_gain":0,"max_hp_loss":0,"event_name":"N\u0027loth","floor":19,"relics_lost":["Replay:Arrowhead"],"gold_loss":0}],"is_beta":false,"boss_relics":[{"not_picked":["Replay:Wanted Poster","Abe\u0027s Treasure"],"picked":"WristBlade"}],"items_purged_floors":[4],"is_endless":false,"potions_floor_spawned":[1,6,12,16,18,20],"killed_by":"Replay:Snechameleon","ascension_level":0}}