{"host":"eqgv7lcke5o8g4rz","time":1611893520,"event":{"mods":["A Penny For Your Troubles","BaseMod","ChefMod","Fox Events","GifTheSpireLib","Hermit","Highlight Path","Minty Spire (QoL Compilation)","Rare Cards Sparkle","Reliquary","Spire Arcade","StS++","StSLib","The Animator","The IronCluck","The Servant 0.9.4","TheSurvivalist","Virulent Crown","Wide Potions","everything is the same but u backflip on backflip","slay the spire mod where everything is the same but ironclad has a cowboy hat"],"gold_per_floor":[112,122,142,6,26,26,26,1,25,25,25,48,69,88,88,212,212,233,247,42,55,55,55,75,75,75,97,147,171,171,205,205,344,353,378,450,13,346,21,21,45,45,45,45,28,47,68,87,96,96,96],"floor_reached":50,"language":"ENG","playtime":5408,"items_purged":[],"score":563,"play_id":"541dc87a-e2b2-4235-ad0e-d802a6d0cf54","local_time":"20210128231200","daily_mods":["Draft","Specialized","Allstar","Colorless Cards","Heirloom"],"is_ascension_mode":false,"campfire_choices":[{"data":"chefmod:Defrost","floor":6.0,"key":"SMITH"},{"data":"chefmod:Chop","floor":11.0,"key":"SMITH"},{"data":"Apotheosis","floor":15.0,"key":"SMITH"},{"floor":23.0,"key":"REST"},{"floor":25.0,"key":"REST"},{"floor":30.0,"key":"REST"},{"data":"Jack Of All Trades","floor":32.0,"key":"SMITH"},{"data":"chefmod:FullCourseMeal","floor":40.0,"key":"SMITH"},{"data":"chefmod:FiveAlarmChili","floor":42.0,"key":"SMITH"},{"data":"chefmod:TonkotsuRamen","floor":44.0,"key":"SMITH"},{"floor":49,"key":"REST"}],"circlet_count":0,"master_deck":["Impatience","Impatience","Impatience","Impatience","Impatience","chefmod:SliceAndDice","chefmod:Defrost+1","chefmod:ColdSteel","chefmod:Gelato","chefmod:IcePick","chefmod:ColdSteel","chefmod:ZaruSoba","chefmod:FryPan","chefmod:Chop+1","chefmod:BaoBuns","chefmod:HotSoup","chefmod:BaoBuns","chefmod:ColdSteel","chefmod:FireUp","chefmod:Fillet","Dramatic Entrance","Bandage Up","chefmod:Defrost","chefmod:DinoKale","chefmod:IcePick","chefmod:FiveAlarmChili+1","animator:MisaKurobane","chefmod:ZaruSoba","Injury","chefmod:IcePick","chefmod:Julienne","Apotheosis+1","chefmod:FullCourseMeal+1","chefmod:Leftovers+1","animator:Canti","chefmod:FreezeSolid","Flash of Steel","chefmod:TonkotsuRamen+1","chefmod:MonsterBait","chefmod:Ratatouille","Good Instincts","Jack Of All Trades+1","chefmod:DinoKale+1","chefmod:Julienne","animator:HououinKyouma","CurseOfTheBell","Dramatic Entrance","chefmod:FireUp+1","chefmod:FreezeSolid","Discovery","chefmod:ColdSteel","chefmod:FireUp+1","chefmod:Fillet","chefmod:FreshProduce+1","chefmod:DinoKale+1","chefmod:SaveForLater","Finesse+1"],"relics":["chefmod:TrustyPot","Incense Burner","reliquary:RoseTintedGlasses","Philosopher\u0027s Stone","CeramicFish","Orichalcum","Calling Bell","Dream Catcher","reliquary:TridentHead","Pocketwatch","Shovel","chefmod:WoodenSpoon","chefmod:RollingPin","HandDrill","reliquary:RosewoodLute"],"acts_visited":["Exordium","TheCity","TheBeyond"],"potions_floor_usage":[47,50,50],"damage_taken":[{"damage":13.0,"enemies":"Jaw Worm","floor":1.0,"turns":4.0},{"damage":0.0,"enemies":"Cultist","floor":2.0,"turns":3.0},{"damage":2.0,"enemies":"2 Louse","floor":3.0,"turns":2.0},{"damage":1.0,"enemies":"2 Fungi Beasts","floor":5.0,"turns":3.0},{"damage":0.0,"enemies":"Exordium Thugs","floor":12.0,"turns":2.0},{"damage":1.0,"enemies":"Blue Slaver","floor":13.0,"turns":2.0},{"damage":0.0,"enemies":"Exordium Wildlife","floor":14.0,"turns":2.0},{"damage":40.0,"enemies":"The Guardian","floor":16.0,"turns":9.0},{"damage":28.0,"enemies":"2 Thieves","floor":18.0,"turns":4.0},{"damage":11.0,"enemies":"Spheric Guardian","floor":19.0,"turns":3.0},{"damage":21.0,"enemies":"Snecko","floor":21.0,"turns":5.0},{"damage":15.0,"enemies":"Shelled Parasite and Fungi","floor":24.0,"turns":5.0},{"damage":16.0,"enemies":"3 Cultists","floor":27.0,"turns":5.0},{"damage":15.0,"enemies":"Snecko","floor":29.0,"turns":6.0},{"damage":8.0,"enemies":"Centurion and Healer","floor":31.0,"turns":5.0},{"damage":20.0,"enemies":"Automaton","floor":33.0,"turns":10.0},{"damage":7.0,"enemies":"3 Shapes","floor":35.0,"turns":2.0},{"damage":10.0,"enemies":"Mind Bloom Boss Battle","floor":36.0,"turns":6.0},{"damage":8.0,"enemies":"Orb Walker","floor":41.0,"turns":3.0},{"damage":27.0,"enemies":"Sphere and 2 Shapes","floor":46.0,"turns":6.0},{"damage":20,"enemies":"Writhing Mass","floor":47,"turns":6},{"damage":23,"enemies":"Transient","floor":48,"turns":5},{"damage":55,"enemies":"Donu and Deca","floor":50,"turns":5}],"seed_played":"8198501458157793818","potions_obtained":[{"floor":2.0,"key":"SpeedPotion"},{"floor":7.0,"key":"Energy Potion"},{"floor":7.0,"key":"Fire Potion"},{"floor":7.0,"key":"StSpp:ScatteredPotion"},{"floor":12.0,"key":"LiquidBronze"},{"floor":16.0,"key":"Regen Potion"},{"floor":21.0,"key":"FairyPotion"},{"floor":24.0,"key":"SkillPotion"},{"floor":31.0,"key":"CultistPotion"},{"floor":33.0,"key":"GamblersBrew"},{"floor":46.0,"key":"Energy Potion"},{"floor":48,"key":"DistilledChaos"}],"is_trial":true,"path_per_floor":["M","M","M","$","M","R","?","$","T","?","R","M","M","M","R","B",null,"M","M","$","M","?","R","M","R","T","M","T","M","R","M","R","B",null,"M","?","$","?","$","R","M","R","T","R","$","M","M","M","R","B"],"character_chosen":"THE_CHEF","items_purchased":["chefmod:DinoKale","chefmod:IcePick","chefmod:FiveAlarmChili","chefmod:ZaruSoba","chefmod:FreezeSolid","Flash of Steel","chefmod:TonkotsuRamen","chefmod:WoodenSpoon","chefmod:RollingPin","chefmod:PotionOfPlenty","chefmod:FreezeSolid","Discovery","HandDrill","chefmod:ColdSteel","chefmod:Fillet"],"campfire_rested":4,"item_purchase_floors":[4,4,4,8,20,20,20,37,37,37,39,39,39,39,45],"current_hp_per_floor":[63,63,61,61,60,60,60,60,60,60,60,60,63,63,63,29,76,66,55,55,38,38,60,49,71,71,60,60,49,71,67,67,51,76,69,65,65,65,65,65,57,57,57,57,57,34,14,22,44,0,0],"gold":96,"neow_bonus":"","is_daily":false,"chose_seed":false,"campfire_upgraded":7,"win_rate":0.0,"timestamp":1611893520,"path_taken":["M","M","M","$","M","R","?","?","T","?","R","M","M","M","R","BOSS","M","M","$","M","?","R","M","R","T","M","?","?","R","M","R","BOSS","M","?","$","?","$","R","M","R","T","R","$","M","M","M","R","BOSS"],"items_purchased_type":["Card","Card","Card","Card","Card","Card","Card","Relic","Relic","Potion","Card","Card","Relic","Card","Card"],"build_version":"2020-12-22","purchased_purges":0,"victory":false,"max_hp_per_floor":[76,76,76,76,76,76,76,76,76,76,76,76,76,76,76,76,76,76,76,76,76,76,76,76,76,76,76,76,76,76,76,76,76,76,76,76,76,76,76,76,76,76,76,76,76,76,76,76,76,76,76],"card_choices":[{"not_picked":["chefmod:FryPan","chefmod:Granita"],"picked":"chefmod:SliceAndDice","floor":0.0},{"not_picked":["chefmod:ZaruSoba","chefmod:FireUp"],"picked":"chefmod:Defrost","floor":0.0},{"not_picked":["chefmod:Fillet","chefmod:FiveAlarmChili"],"picked":"chefmod:ColdSteel","floor":0.0},{"not_picked":["chefmod:FireUp","chefmod:Defrost"],"picked":"chefmod:Gelato","floor":0.0},{"not_picked":["chefmod:Omelette","chefmod:Sorbet"],"picked":"chefmod:IcePick","floor":0.0},{"not_picked":["Trip","chefmod:Cleavers"],"picked":"chefmod:ColdSteel","floor":0.0},{"not_picked":["chefmod:Sorbet","chefmod:Chop"],"picked":"chefmod:ZaruSoba","floor":0.0},{"not_picked":["chefmod:SliceAndDice","chefmod:Chop"],"picked":"chefmod:FryPan","floor":0.0},{"not_picked":["animator:Cirno","chefmod:Defrost"],"picked":"chefmod:Chop","floor":0.0},{"not_picked":["chefmod:Sorbet","chefmod:ColdSteel"],"picked":"chefmod:BaoBuns","floor":0.0},{"not_picked":["chefmod:VegetableTart","chefmod:CleanHouse"],"picked":"chefmod:HotSoup","floor":0.0},{"not_picked":["chefmod:SliceAndDice","chefmod:OldCookbook"],"picked":"chefmod:BaoBuns","floor":0.0},{"not_picked":["chefmod:IcePick","chefmod:Defrost"],"picked":"chefmod:ColdSteel","floor":0.0},{"not_picked":["chefmod:Gelato","chefmod:Sorbet"],"picked":"chefmod:FireUp","floor":0.0},{"not_picked":["animator:Magilou","chefmod:IceCreamCone"],"picked":"chefmod:Fillet","floor":0.0},{"not_picked":["chefmod:Granita","chefmod:DinoKale"],"picked":"Dramatic Entrance","floor":1.0},{"not_picked":["Dark Shackles","Swift Strike"],"picked":"Bandage Up","floor":2.0},{"not_picked":["chefmod:SliceAndDice","chefmod:FiveAlarmChili"],"picked":"chefmod:Defrost","floor":3.0},{"not_picked":["chefmod:Gelato","chefmod:DinoKale"],"picked":"animator:MisaKurobane","floor":5.0},{"not_picked":["chefmod:Gelato","animator:MamizouFutatsuiwa"],"picked":"chefmod:IcePick","floor":12.0},{"not_picked":["chefmod:SliceAndDice","chefmod:Granita"],"picked":"chefmod:Julienne","floor":13.0},{"not_picked":["Trip","chefmod:FireUp"],"picked":"Apotheosis","floor":14.0},{"not_picked":["animator:Hibiki","chefmod:TwoForOne"],"picked":"chefmod:FullCourseMeal","floor":16.0},{"not_picked":["chefmod:FryPan+1","chefmod:IcePick"],"picked":"chefmod:Leftovers+1","floor":18.0},{"not_picked":["chefmod:FireUp+1","chefmod:DinoKale"],"picked":"animator:Canti","floor":19.0},{"not_picked":["chefmod:SliceAndDice+1","chefmod:ColdSteel"],"picked":"chefmod:MonsterBait","floor":21.0},{"not_picked":["StSpp:MindBarrier","Trip"],"picked":"Good Instincts","floor":24.0},{"not_picked":["chefmod:IcePick","chefmod:Sorbet"],"picked":"Jack Of All Trades","floor":27.0},{"not_picked":["chefmod:FullBurn","chefmod:Sorbet"],"picked":"chefmod:DinoKale+1","floor":29.0},{"not_picked":["chefmod:DinoKale","Blind+1"],"picked":"chefmod:Julienne","floor":31.0},{"not_picked":["animator:HarukoHaruhara","StSpp:Cataclysm"],"picked":"animator:HououinKyouma","floor":33.0},{"not_picked":["chefmod:Fillet","chefmod:FullBurn"],"picked":"Dramatic Entrance","floor":35.0},{"not_picked":["chefmod:ZaruSoba","chefmod:Gelato+1"],"picked":"chefmod:FireUp+1","floor":36.0},{"not_picked":["chefmod:Chop+1","chefmod:SliceAndDice"],"picked":"chefmod:FireUp+1","floor":41.0},{"not_picked":["chefmod:FreezeSolid+1","chefmod:ColdSteel"],"picked":"chefmod:FreshProduce+1","floor":46.0},{"not_picked":["Dramatic Entrance+1","chefmod:MonsterBait+1"],"picked":"chefmod:DinoKale+1","floor":47},{"not_picked":["chefmod:GroceryDelivery","chefmod:Escargot+1"],"picked":"chefmod:SaveForLater","floor":48},{"not_picked":["chefmod:SpaghettiCarbonara+1","chefmod:LocoMoco"],"picked":"Finesse+1","floor":49}],"player_experience":271758,"relics_obtained":[{"floor":9.0,"key":"reliquary:RoseTintedGlasses"},{"floor":26.0,"key":"CeramicFish"},{"floor":28.0,"key":"Orichalcum"},{"floor":34.0,"key":"Dream Catcher"},{"floor":34.0,"key":"reliquary:TridentHead"},{"floor":34.0,"key":"Pocketwatch"},{"floor":36.0,"key":"Shovel"},{"floor":43.0,"key":"reliquary:RosewoodLute"}],"event_choices":[{"damage_healed":0.0,"max_hp_gain":0.0,"max_hp_loss":0.0,"gold_gain":0.0,"event_name":"Lab","player_choice":"Got Potions","floor":7.0,"gold_loss":0.0,"damage_taken":0.0},{"damage_healed":0.0,"max_hp_gain":0.0,"max_hp_loss":0.0,"gold_gain":0.0,"event_name":"Golden Idol","player_choice":"Take Wound","floor":10.0,"gold_loss":0.0,"damage_taken":0.0,"relics_obtained":["Golden Idol"],"cards_obtained":["Injury"]},{"damage_healed":0.0,"max_hp_gain":0.0,"max_hp_loss":0.0,"gold_gain":0.0,"event_name":"The Library","player_choice":"Read","floor":22.0,"gold_loss":0.0,"damage_taken":0.0,"cards_obtained":["chefmod:Ratatouille"]},{"damage_healed":0.0,"max_hp_gain":0.0,"max_hp_loss":0.0,"gold_gain":0.0,"event_name":"MindBloom","player_choice":"Fight","floor":36.0,"gold_loss":0.0,"damage_taken":0.0},{"damage_healed":0.0,"max_hp_gain":0.0,"max_hp_loss":0.0,"gold_gain":333.0,"event_name":"The Moai Head","player_choice":"Gave Idol","floor":38.0,"relics_lost":["Golden Idol"],"gold_loss":0.0,"damage_taken":0.0}],"is_beta":false,"boss_relics":[{"not_picked":["Snecko Eye","Fusion Hammer"],"picked":"Philosopher\u0027s Stone"},{"not_picked":["StSpp:FireArrow","StSpp:Balance"],"picked":"Calling Bell"}],"items_purged_floors":[],"is_endless":true,"potions_floor_spawned":[2,12,13,16,21,24,31,33,46,48],"killed_by":"Donu and Deca","ascension_level":0}}