{"host":"sc0o2qwpf9j16a4i","time":1611931529,"event":{"mods":["AchievementEnabler","BaseMod","BetterRewards","Block Reminder","Colored Map","Colored Powertips","Custom Start","Highlight Path","Minty Spire (QoL Compilation)","Relic Stats"],"gold_per_floor":[119,119,119,138,49,49,93,93,142,167,232,26,64,79,79,203,203,224,224,224,27,41,41,54,92,139,139,153,176,211,233,233,353,353,368,1385,1385,1400,1424,1471,1471,1495,1495,1495,1495],"floor_reached":44,"language":"ENG","playtime":1697,"items_purged":[],"score":588,"play_id":"f9387cec-f936-45f2-b67d-4c7946561a25","local_time":"20210129164529","daily_mods":["Draft","Colorless Cards","Night Terrors"],"is_ascension_mode":false,"campfire_choices":[{"data":"Go for the Eyes","floor":6,"key":"SMITH"},{"data":"Beam Cell","floor":8,"key":"SMITH"},{"data":"Loop","floor":15,"key":"SMITH"},{"data":"Barrage","floor":23,"key":"SMITH"},{"data":"Jack Of All Trades","floor":27,"key":"SMITH"},{"data":"Barrage","floor":32,"key":"SMITH"}],"circlet_count":0,"master_deck":["White Noise","Sweeping Beam","Compile Driver","Static Discharge","Barrage","Reinforced Body","Self Repair","Hologram","Loop+1","Capacitor","Go for the Eyes+1","Beam Cell+1","Cold Snap","Chill","Cold Snap","Leap","Capacitor","Finesse","Ball Lightning","Barrage","Conserve Battery","Turbo","Jack Of All Trades+1","Coolheaded","Barrage+1","Ball Lightning","Barrage+1","Normality","Turbo"],"relics":["Cracked Core","Golden Idol","Potion Belt","Nunchaku","Gremlin Horn","Happy Flower","PreservedInsect","Busted Crown","Art of War","Bottled Tornado","CeramicFish","Tiny Chest","Snecko Eye","Strawberry","Sundial","Regal Pillow"],"acts_visited":["Exordium","TheCity","TheBeyond"],"potions_floor_usage":[7,18,24,25,29,30,30,39,39],"damage_taken":[{"damage":0,"enemies":"2 Louse","floor":1,"turns":2},{"damage":0,"enemies":"Cultist","floor":4,"turns":3},{"damage":0,"enemies":"Gremlin Nob","floor":7,"turns":3},{"damage":2,"enemies":"Small Slimes","floor":10,"turns":2},{"damage":14,"enemies":"Lagavulin Event","floor":11,"turns":4},{"damage":3,"enemies":"Lagavulin","floor":13,"turns":6},{"damage":0,"enemies":"Red Slaver","floor":14,"turns":3},{"damage":25,"enemies":"Hexaghost","floor":16,"turns":6},{"damage":0,"enemies":"3 Byrds","floor":18,"turns":4},{"damage":1,"enemies":"2 Thieves","floor":22,"turns":4},{"damage":3,"enemies":"Centurion and Healer","floor":24,"turns":3},{"damage":0,"enemies":"Gremlin Leader","floor":25,"turns":4},{"damage":8,"enemies":"Snake Plant","floor":28,"turns":4},{"damage":0,"enemies":"3 Cultists","floor":29,"turns":4},{"damage":4,"enemies":"Slavers","floor":30,"turns":3},{"damage":8,"enemies":"Centurion and Healer","floor":31,"turns":6},{"damage":14,"enemies":"Champ","floor":33,"turns":7},{"damage":4,"enemies":"3 Darklings","floor":35,"turns":3},{"damage":10,"enemies":"Orb Walker","floor":38,"turns":4},{"damage":11,"enemies":"3 Darklings","floor":39,"turns":4},{"damage":40,"enemies":"Nemesis","floor":40,"turns":5},{"damage":5,"enemies":"Maw","floor":42,"turns":7},{"damage":54,"enemies":"Writhing Mass","floor":44,"turns":6}],"seed_played":"7625087484071934745","potions_obtained":[{"floor":4,"key":"Swift Potion"},{"floor":10,"key":"AttackPotion"},{"floor":11,"key":"FearPotion"},{"floor":13,"key":"BlessingOfTheForge"},{"floor":24,"key":"Ancient Potion"},{"floor":25,"key":"AttackPotion"},{"floor":28,"key":"AttackPotion"},{"floor":29,"key":"GamblersBrew"},{"floor":33,"key":"SkillPotion"},{"floor":40,"key":"Strength Potion"}],"is_trial":true,"path_per_floor":["M","?","?","M","$","R","E","R","T","M","?","$","E","M","R","B",null,"M","?","?","$","M","R","M","E","T","R","M","M","E","M","R","B",null,"M","?","?","M","M","E","T","M","T","M"],"character_chosen":"DEFECT","items_purchased":["Capacitor","Explosive Potion","Happy Flower","SkillPotion","Art of War","Coolheaded"],"campfire_rested":0,"item_purchase_floors":[5,5,12,12,21,21],"current_hp_per_floor":[75,57,57,64,64,64,71,71,71,75,68,68,72,72,72,61,75,75,75,75,75,75,75,75,75,75,75,67,74,75,74,74,67,75,75,75,75,72,68,35,35,30,30,0,0],"gold":1495,"neow_bonus":"","is_daily":false,"chose_seed":false,"campfire_upgraded":6,"win_rate":0.0,"timestamp":1611931529,"path_taken":["M","?","?","M","?","R","E","R","T","M","?","$","E","M","R","BOSS","M","?","?","?","M","R","M","E","T","R","M","M","E","M","R","BOSS","M","?","?","?","M","E","?","M","T","?"],"items_purchased_type":["Card","Potion","Relic","Potion","Relic","Card"],"build_version":"2020-12-22","purchased_purges":0,"victory":false,"max_hp_per_floor":[75,75,75,75,75,75,75,75,75,75,75,75,75,75,75,75,75,75,75,75,75,75,75,75,75,75,75,75,75,75,75,75,75,75,75,75,75,75,75,82,82,82,82,82,82],"relic_stats":{"Regal Pillow":0,"Gremlin Horn":[16,16],"Happy Flower":[27],"counters":[23,96],"Golden Idol":143,"CeramicFish":45,"PreservedInsect":134,"Nunchaku":[22],"Busted Crown":28,"Sundial":[2],"Snecko Eye":[55,54,58,48],"Tiny Chest":1,"Art of War":[8],"obtain_stats":[{"Potion Belt":7,"Regal Pillow":43,"Gremlin Horn":11,"Happy Flower":12,"Golden Idol":2,"CeramicFish":26,"PreservedInsect":13,"Bottled Tornado":25,"Nunchaku":9,"Busted Crown":17,"Sundial":41,"Strawberry":40,"Snecko Eye":34,"Tiny Chest":30,"Art of War":21,"Cracked Core":0},{"Potion Belt":3,"Regal Pillow":22,"Gremlin Horn":5,"Happy Flower":5,"Golden Idol":1,"CeramicFish":12,"PreservedInsect":6,"Bottled Tornado":12,"Nunchaku":3,"Busted Crown":8,"Sundial":21,"Strawberry":21,"Snecko Eye":17,"Tiny Chest":15,"Art of War":9,"Cracked Core":0},{"Potion Belt":8,"Regal Pillow":90,"Gremlin Horn":14,"Happy Flower":14,"Golden Idol":2,"CeramicFish":43,"PreservedInsect":20,"Bottled Tornado":43,"Nunchaku":8,"Busted Crown":29,"Sundial":83,"Strawberry":83,"Snecko Eye":67,"Tiny Chest":54,"Art of War":32,"Cracked Core":0}]},"card_choices":[{"not_picked":["Gash","Forethought"],"picked":"White Noise","floor":0},{"not_picked":["Consume","Dramatic Entrance"],"picked":"Sweeping Beam","floor":0},{"not_picked":["Rebound","Steam Power"],"picked":"Compile Driver","floor":0},{"not_picked":["Leap","Finesse"],"picked":"Static Discharge","floor":0},{"not_picked":["Chaos","Reprogram"],"picked":"Barrage","floor":0},{"not_picked":["Sweeping Beam","Auto Shields"],"picked":"Reinforced Body","floor":0},{"not_picked":["Deep Breath","Consume"],"picked":"Self Repair","floor":0},{"not_picked":["Redo","Sweeping Beam"],"picked":"Hologram","floor":0},{"not_picked":["Barrage","PanicButton"],"picked":"Loop","floor":0},{"not_picked":["Conserve Battery","Swift Strike"],"picked":"Capacitor","floor":0},{"not_picked":["Sweeping Beam","Good Instincts"],"picked":"Go for the Eyes","floor":0},{"not_picked":["Hello World","Mind Blast"],"picked":"Streamline","floor":0},{"not_picked":["Go for the Eyes","Streamline"],"picked":"Beam Cell","floor":0},{"not_picked":["Flash of Steel","Conserve Battery"],"picked":"Cold Snap","floor":0},{"not_picked":["Recycle","Hello World"],"picked":"Chill","floor":0},{"not_picked":["PanicButton","Auto Shields"],"picked":"Cold Snap","floor":1},{"not_picked":["Purity","Steam"],"picked":"Leap","floor":4},{"not_picked":["Beam Cell","Sweeping Beam"],"picked":"Finesse","floor":7},{"not_picked":["Swift Strike","Streamline"],"picked":"Ball Lightning","floor":10},{"not_picked":["Steam","Sweeping Beam"],"picked":"Barrage","floor":11},{"not_picked":["Turbo","Multi-Cast"],"picked":"Conserve Battery","floor":13},{"not_picked":["Forethought","Compile Driver"],"picked":"Turbo","floor":14},{"not_picked":["Gash+1"],"picked":"SKIP","floor":18},{"not_picked":[],"picked":"Barrage","floor":22},{"not_picked":["Bandage Up+1"],"picked":"SKIP","floor":24},{"not_picked":["Fusion"],"picked":"SKIP","floor":25},{"not_picked":["Streamline+1"],"picked":"SKIP","floor":28},{"not_picked":[],"picked":"Ball Lightning","floor":29},{"not_picked":["Leap"],"picked":"SKIP","floor":30},{"not_picked":[],"picked":"Barrage","floor":31},{"not_picked":["Barrage+1"],"picked":"SKIP","floor":35},{"not_picked":["Rebound"],"picked":"SKIP","floor":38},{"not_picked":["Self Repair"],"picked":"SKIP","floor":39},{"not_picked":[],"picked":"Turbo","floor":40},{"not_picked":["Ball Lightning+1"],"picked":"SKIP","floor":42}],"player_experience":1045002,"relics_obtained":[{"floor":7,"key":"Potion Belt"},{"floor":9,"key":"Nunchaku"},{"floor":11,"key":"Gremlin Horn"},{"floor":13,"key":"PreservedInsect"},{"floor":25,"key":"Bottled Tornado"},{"floor":26,"key":"CeramicFish"},{"floor":30,"key":"Tiny Chest"},{"floor":40,"key":"Strawberry"},{"floor":41,"key":"Sundial"},{"floor":43,"key":"Regal Pillow"}],"event_choices":[{"damage_healed":0,"gold_gain":0,"player_choice":"Take Damage","damage_taken":18,"relics_obtained":["Golden Idol"],"max_hp_gain":0,"max_hp_loss":0,"event_name":"Golden Idol","floor":2,"gold_loss":0},{"damage_healed":0,"gold_gain":0,"player_choice":"Leave","damage_taken":0,"max_hp_gain":0,"max_hp_loss":0,"event_name":"The Cleric","floor":3,"gold_loss":0},{"damage_healed":0,"gold_gain":30,"player_choice":"Searched \u00272\u0027 times","damage_taken":0,"max_hp_gain":0,"max_hp_loss":0,"event_name":"Dead Adventurer","floor":11,"gold_loss":0},{"cards_removed":["Streamline"],"damage_healed":0,"gold_gain":0,"player_choice":"Elegance","damage_taken":0,"max_hp_gain":0,"max_hp_loss":0,"event_name":"Back to Basics","floor":19,"gold_loss":0},{"damage_healed":0,"gold_gain":0,"player_choice":"Read","damage_taken":0,"max_hp_gain":0,"max_hp_loss":0,"event_name":"The Library","floor":20,"gold_loss":0,"cards_obtained":["Jack Of All Trades"]},{"damage_healed":0,"gold_gain":999,"player_choice":"Gold","damage_taken":0,"max_hp_gain":0,"max_hp_loss":0,"event_name":"MindBloom","floor":36,"gold_loss":0,"cards_obtained":["Normality","Normality"]},{"cards_removed":["Normality"],"damage_healed":0,"gold_gain":0,"player_choice":"Card Removal","damage_taken":0,"max_hp_gain":0,"max_hp_loss":0,"event_name":"Wheel of Change","floor":37,"gold_loss":0}],"is_beta":false,"boss_relics":[{"not_picked":["Sozu","Runic Dome"],"picked":"Busted Crown"},{"not_picked":["Empty Cage","Tiny House"],"picked":"Snecko Eye"}],"items_purged_floors":[],"is_endless":false,"potions_floor_spawned":[4,10,11,13,24,25,28,29,33,40],"killed_by":"Writhing Mass","ascension_level":0}}