{"host":"sum4dy402bbv9y4o","time":1611879539,"event":{"mods":["Aspiration","BaseMod","Conspire","Highlight Path","Minty Spire (QoL Compilation)","StSLib"],"gold_per_floor":[20,20,39,51,63,63,94,113,195,229,229,101,101,113,113,189,189,205,223,223,235,254,254,266,266,266,266,191,191,191,225,225,298,298,310,310,322,342,2,2,34,47,47,66,66,9,0,14,14,14,14,14],"floor_reached":51,"language":"ENG","playtime":2093,"items_purged":["conspire:GhostlyStrike"],"score":1493,"play_id":"7cdf60cc-e4a5-4cda-b83d-d3ad891fc45e","local_time":"20210129031859","is_ascension_mode":true,"campfire_choices":[{"data":"Eruption","floor":6,"key":"SMITH"},{"data":"1","floor":15,"key":"LIFT"},{"data":"2","floor":23,"key":"LIFT"},{"data":"3","floor":25,"key":"LIFT"},{"floor":27,"key":"REST"},{"floor":30,"key":"REST"},{"floor":32,"key":"REST"},{"data":"Wallop","floor":40,"key":"SMITH"},{"floor":45,"key":"REST"},{"floor":49,"key":"REST"}],"circlet_count":0,"master_deck":["AscendersBane","conspire:GhostlyStrike+1","conspire:GhostlyDefend+1","conspire:GhostlyDefend+1","conspire:GhostlyDefend+1","conspire:GhostlyDefend+1","Eruption+1","Vigilance","Wish","Conclude","LikeWater","TalkToTheHand","Wallop+1","Consecrate","BowlingBash","EmptyBody","Sword Boomerang","Anger","Iron Wave+1","Meditate+1","MentalFortress","Battle Trance+1"],"relics":["HolyWater","Du-Vu Doll","aspiration:Nostalgia","Ring of the Snake","Girya","aspiration:IroncladSkillbook","Bottled Tornado","aspiration:ChemicalBlood","aspiration:HatOfInfinitePower","Mummified Hand","aspiration:StickyExplosives","Red Mask"],"acts_visited":["Exordium","TheCity","TheBeyond"],"potions_floor_usage":[7,10,14,16,21,31,31,33,33,33,41,41,41,42,44,50,51],"damage_taken":[{"damage":2,"enemies":"2 Louse","floor":1,"turns":3},{"damage":1,"enemies":"Jaw Worm","floor":3,"turns":5},{"damage":0,"enemies":"Small Slimes","floor":4,"turns":1},{"damage":0,"enemies":"2 Fungi Beasts","floor":5,"turns":2},{"damage":8,"enemies":"Gremlin Nob","floor":7,"turns":3},{"damage":5,"enemies":"Lots of Slimes","floor":8,"turns":3},{"damage":0,"enemies":"Lagavulin","floor":10,"turns":4},{"damage":20,"enemies":"Red Slaver","floor":14,"turns":4},{"damage":0,"enemies":"Slime Boss","floor":16,"turns":4},{"damage":12,"enemies":"Chosen","floor":18,"turns":3},{"damage":22,"enemies":"2 Thieves","floor":19,"turns":5},{"damage":15,"enemies":"Chosen and Byrds","floor":21,"turns":6},{"damage":8,"enemies":"Centurion and Healer","floor":22,"turns":6},{"damage":6,"enemies":"Snake Plant","floor":24,"turns":5},{"damage":32,"enemies":"Slavers","floor":31,"turns":4},{"damage":36,"enemies":"Champ","floor":33,"turns":6},{"damage":0,"enemies":"3 Darklings","floor":35,"turns":1},{"damage":1,"enemies":"3 Shapes","floor":37,"turns":3},{"damage":0,"enemies":"Sphere and 2 Shapes","floor":38,"turns":1},{"damage":65,"enemies":"Nemesis","floor":41,"turns":9},{"damage":7,"enemies":"Maw","floor":42,"turns":7},{"damage":13,"enemies":"Spire Growth","floor":44,"turns":3},{"damage":0,"enemies":"Transient","floor":48,"turns":6},{"damage":23,"enemies":"Donu and Deca","floor":50,"turns":6},{"damage":90,"enemies":"Time Eater","floor":51,"turns":9}],"seed_played":"7985132448527152128","potions_obtained":[{"floor":1,"key":"FearPotion"},{"floor":4,"key":"FearPotion"},{"floor":7,"key":"DuplicationPotion"},{"floor":16,"key":"Ambrosia"},{"floor":22,"key":"Explosive Potion"},{"floor":24,"key":"Regen Potion"},{"floor":31,"key":"SneckoOil"},{"floor":33,"key":"Weak Potion"},{"floor":35,"key":"FearPotion"},{"floor":42,"key":"Strength Potion"},{"floor":42,"key":"AttackPotion"}],"is_trial":false,"path_per_floor":["M","?","M","M","M","R","E","M","T","E","?","$","?","M","R","B",null,"M","M","?","M","M","R","M","R","T","R","?","?","R","E","R","B",null,"M","?","M","M","$","R","E","M","T","M","R","$","?","M","R","B","B"],"character_chosen":"WATCHER","items_purchased":["AttackPotion","aspiration:HatOfInfinitePower","FearPotion"],"campfire_rested":5,"item_purchase_floors":[12,39,46],"current_hp_per_floor":[59,59,58,58,58,58,50,45,45,45,45,45,45,25,25,25,57,49,31,31,20,16,16,14,14,14,34,34,30,50,34,54,27,62,66,66,69,73,73,73,21,18,18,9,30,30,30,34,55,36,0,0],"gold":14,"neow_bonus":"THREE_RARE_CARDS","is_daily":false,"chose_seed":false,"campfire_upgraded":2,"win_rate":0.0,"timestamp":1611879539,"path_taken":["M","?","M","M","M","R","E","M","T","E","?","?","?","?","R","BOSS","M","M","?","M","M","R","M","R","T","R","?","?","R","E","R","BOSS","M","?","?","M","$","R","E","M","T","M","R","?","?","M","R","BOSS","BOSS"],"items_purchased_type":["Potion","Relic","Potion"],"build_version":"2020-12-22","purchased_purges":1,"victory":false,"max_hp_per_floor":[68,68,68,68,68,68,68,68,68,68,68,68,68,68,68,68,68,68,68,68,68,68,68,68,68,68,68,68,68,68,68,68,73,73,73,73,73,73,73,73,73,73,73,73,73,73,73,73,73,73,73,73],"card_choices":[{"not_picked":["Omniscience","Alpha"],"picked":"Wish","floor":0},{"not_picked":["SandsOfTime","Prostrate"],"picked":"Conclude","floor":1},{"not_picked":["SandsOfTime","ClearTheMind"],"picked":"LikeWater","floor":3},{"not_picked":["Indignation","FlurryOfBlows"],"picked":"TalkToTheHand","floor":4},{"not_picked":["CrushJoints","Protect"],"picked":"Wallop","floor":5},{"not_picked":["Weave","FlyingSleeves"],"picked":"Consecrate","floor":7},{"not_picked":["BattleHymn","Nirvana"],"picked":"BowlingBash","floor":8},{"not_picked":["Alpha","Protect","CarveReality"],"picked":"SKIP","floor":10},{"not_picked":["BowlingBash","Evaluate"],"picked":"EmptyBody","floor":14},{"not_picked":["Wireheading","Pommel Strike","Shrug It Off","SashWhip"],"picked":"SKIP","floor":18},{"not_picked":["EmptyMind","Headbutt","Sever Soul"],"picked":"Sword Boomerang","floor":19},{"not_picked":["CarveReality","ThirdEye","Sword Boomerang"],"picked":"Anger","floor":21},{"not_picked":["FollowUp","Cleave","Thunderclap","True Grit"],"picked":"SKIP","floor":22},{"not_picked":["Exhume","Crescendo","WaveOfTheHand","Perfected Strike"],"picked":"SKIP","floor":24},{"not_picked":["Feel No Pain","Worship","Shrug It Off+1"],"picked":"Iron Wave+1","floor":31},{"not_picked":["PathToVictory","Nirvana","EmptyBody"],"picked":"Meditate+1","floor":35},{"not_picked":["Burning Pact","Clothesline+1","WreathOfFlame","FollowUp"],"picked":"SKIP","floor":37},{"not_picked":["Collect","Iron Wave","FollowUp","Prostrate+1"],"picked":"SKIP","floor":38},{"not_picked":["Fasting2","Prostrate","FlurryOfBlows+1"],"picked":"MentalFortress","floor":41},{"not_picked":["Carnage","Body Slam","FollowUp"],"picked":"Battle Trance+1","floor":42},{"not_picked":["Dark Embrace","Consecrate+1","ThirdEye","JustLucky"],"picked":"SKIP","floor":44},{"not_picked":["Havoc","Wish","Combust","Cleave+1"],"picked":"SKIP","floor":48}],"player_experience":3016856,"relics_obtained":[{"floor":7,"key":"Du-Vu Doll"},{"floor":9,"key":"aspiration:Nostalgia"},{"floor":10,"key":"Girya"},{"floor":26,"key":"Bottled Tornado"},{"floor":31,"key":"aspiration:ChemicalBlood"},{"floor":41,"key":"Mummified Hand"},{"floor":43,"key":"aspiration:StickyExplosives"}],"event_choices":[{"damage_healed":0,"gold_gain":0,"player_choice":"Agree","damage_taken":0,"max_hp_gain":0,"max_hp_loss":0,"event_name":"conspire:LoneGhost","floor":11,"gold_loss":0},{"damage_healed":0,"gold_gain":0,"player_choice":"Fled","damage_taken":0,"max_hp_gain":0,"max_hp_loss":0,"event_name":"Scrap Ooze","floor":13,"gold_loss":0},{"damage_healed":0,"gold_gain":0,"player_choice":"Simplicity","damage_taken":0,"max_hp_gain":0,"max_hp_loss":0,"event_name":"Back to Basics","floor":20,"gold_loss":0,"cards_upgraded":["conspire:GhostlyStrike","conspire:GhostlyStrike","conspire:GhostlyStrike","conspire:GhostlyDefend","conspire:GhostlyDefend","conspire:GhostlyDefend","conspire:GhostlyDefend"]},{"cards_removed":["conspire:GhostlyStrike"],"damage_healed":0,"gold_gain":0,"player_choice":"Gave Gold","damage_taken":0,"max_hp_gain":0,"max_hp_loss":0,"event_name":"Beggar","floor":28,"gold_loss":75},{"damage_healed":0,"gold_gain":0,"player_choice":"Leave","damage_taken":0,"max_hp_gain":0,"max_hp_loss":0,"event_name":"conspire:Investor","floor":29,"gold_loss":0},{"cards_removed":["conspire:GhostlyStrike"],"damage_healed":0,"gold_gain":0,"player_choice":"Purged","damage_taken":0,"max_hp_gain":0,"max_hp_loss":0,"event_name":"Purifier","floor":36,"gold_loss":0},{"damage_healed":0,"gold_gain":0,"player_choice":"Paid","damage_taken":0,"relics_obtained":["Red Mask"],"max_hp_gain":0,"max_hp_loss":0,"event_name":"Tomb of Lord Red Mask","floor":47,"gold_loss":9}],"is_beta":false,"boss_relics":[{"not_picked":["Astrolabe","Snecko Eye"],"picked":"aspiration:IroncladSkillbook"},{"not_picked":["conspire:SeveredTorchhead","aspiration:RitualDagger"],"picked":"HolyWater"}],"items_purged_floors":[12],"is_endless":false,"potions_floor_spawned":[1,4,7,16,22,24,31,33,35,42,48],"killed_by":"Time Eater","ascension_level":20}}