{"host":"b4vwm7jq6jdk6nca","time":1611889729,"event":{"mods":["Act Like it!","Ascension Reborn","BaseMod","Hallownest","Minty Spire (QoL Compilation)","Pale of the Ancients","Quick Restart","Relic Filter Mod","Reliquary","Spicy Shops","StSLib","TestMod","Wide Potions","[IsaacMod]以撒尖塔"],"gold_per_floor":[117,117,136,136,155,155,155,155,155,155,98,138,158,188,188,310,310,332,332,68,68,68,68,102,102,102,102,25,25,25,45,45,164,164,181,204,119,119,136,178,201,86,86,86,86,120,120,136,136,136,150,172,652,38,38,52,52,149,149,149],"floor_reached":61,"language":"ZHS","playtime":1925,"items_purged":["Writhe","Writhe","Strike_G+1"],"score":440,"play_id":"e3602a9e-1cf6-452e-8d75-d0cacf1eaed8","local_time":"20210129110849","is_ascension_mode":true,"campfire_choices":[{"data":"Riddle With Holes","floor":6.0,"key":"SMITH"},{"data":"Adrenaline","floor":8.0,"key":"SMITH"},{"data":"Burst","floor":15.0,"key":"SMITH"},{"data":"Envenom","floor":23.0,"key":"SMITH"},{"floor":25.0,"key":"RECALL"},{"data":"Escape Plan","floor":27.0,"key":"SMITH"},{"data":"Backflip","floor":30.0,"key":"SMITH"},{"data":"Choke","floor":32.0,"key":"SMITH"},{"data":"After Image","floor":44.0,"key":"SMITH"},{"data":"A Thousand Cuts","floor":49,"key":"SMITH"},{"data":"Hallownest:skillKingdomsEdgeMap","floor":55,"key":"SMITH"},{"floor":57,"key":"REST"}],"circlet_count":0,"master_deck":["Strike_G+1","Strike_G+1","Defend_G+1","Defend_G+1","Defend_G+1","Survivor+1","Neutralize+1","Riddle With Holes+1","Adrenaline+1","Escape Plan+1","Backflip+1","Burst+1","Envenom+1","Terror+1","Dagger Spray+1","Doppelganger+1","Clumsy","Choke+1","Glass Knife+1","Hallownest:skillKingdomsEdgeMap+1","After Image+1","A Thousand Cuts+1"],"relics":["Ring of the Snake","testmod-TestBox","HushsDoor","DeadEye","testmod-Nyarlathotep","NeowsBlessing","reliquary:OuijaBoard","Hallownest:DreamNailRelic","testmod-Justice","testmod-EqualTreatment","reliquary:QuartzCube","White Beast Statue","reliquary:PorcupineQuills","testmod-CasingShield","Astrolabe","JudasShadow","Incubus","BelialBook","DeathBook","Shuriken","reliquary:TridentHead","Anchor","DoctorsRemote","TheBible","Pantograph","BookofShadows","HowToJump","testmod-RealStoneCalender","reliquary:RedCape","Damocles","Du-Vu Doll","Nunchaku","Centennial Puzzle","testmod-Muramasa","Whetstone","reliquary:KillPill","Akabeko","PreservedInsect","SalivaCoin","Bottled Tornado","Hallownest:BeastSealRelic","CeramicFish","reliquary:RadioactivePellet","paleoftheancients:Timepiece","paleoftheancients:KeyRelic","Bronze Scales","CultistMask","paleoftheancients:SoulOfTheWokeBloke","Bag of Preparation","reliquary:TuningFork","Lantern","Chemical X","CeramicFish","Ginger","ClockworkSouvenir","reliquary:Buckler","Boot","Sundial"],"acts_visited":["Exordium","Hallownest:Greenpath","Hallownest:CityofTears","Hallownest:KingdomsEdge"],"potions_floor_usage":[50,50,60,60,60,60,60,60],"damage_taken":[{"damage":0.0,"enemies":"2_ Uuma","floor":1.0,"turns":1.0},{"damage":0.0,"enemies":"Hallownest:monsterHuskWarrior","floor":3.0,"turns":1.0},{"damage":0.0,"enemies":"Hallownest:2_MossCreeps","floor":5.0,"turns":1.0},{"damage":0.0,"enemies":"Hallownest:eliteMossKnight","floor":12.0,"turns":3.0},{"damage":0.0,"enemies":"Hallownest:Guard_and_Warrior","floor":13.0,"turns":3.0},{"damage":0.0,"enemies":"Hallownest:eliteVengeflyKing","floor":14.0,"turns":1.0},{"damage":0.0,"enemies":"Hallownest:BossHornet","floor":16.0,"turns":4.0},{"damage":0.0,"enemies":"Hallownest:Guard_and_Sentry","floor":18.0,"turns":3.0},{"damage":0.0,"enemies":"Hallownest:eliteWatcherKnight","floor":24.0,"turns":7.0},{"damage":0.0,"enemies":"Hallownest:2_Mistakes","floor":31.0,"turns":3.0},{"damage":0.0,"enemies":"Hallownest:BossSoulMaster","floor":33.0,"turns":1.0},{"damage":0.0,"enemies":"Hallownest:3_Siblings","floor":35.0,"turns":3.0},{"damage":0.0,"enemies":"Hallownest:2_Littles","floor":36.0,"turns":2.0},{"damage":0.0,"enemies":"Hallownest:Slobbering_and_Violent","floor":39.0,"turns":3.0},{"damage":0.0,"enemies":"Hallownest:eliteHiveKnight","floor":40.0,"turns":1.0},{"damage":0.0,"enemies":"Hallownest:2_Soldiers_and_1_Guardian","floor":41.0,"turns":1.0},{"damage":0.0,"enemies":"Hallownest:2_Great","floor":46.0,"turns":3.0},{"damage":0,"enemies":"Hallownest:monsterPrimalAspid","floor":48,"turns":1},{"damage":0,"enemies":"Hallownest:BossGreyPrinceZote","floor":50,"turns":1},{"damage":0,"enemies":"Hallownest:BossGreyPrinceZote","floor":51,"turns":4},{"damage":0,"enemies":"Hallownest:BossGreyPrinceZote","floor":52,"turns":1},{"damage":0,"enemies":"Hallownest:BossGreyPrinceZote","floor":56,"turns":3},{"damage":0,"enemies":"LittleHush","floor":60,"turns":5}],"seed_played":"-4647737445178405622","potions_obtained":[{"floor":1.0,"key":"testmod-SpacePotion"},{"floor":3.0,"key":"testmod-TestPotion"},{"floor":5.0,"key":"LiquidBronze"},{"floor":12.0,"key":"CunningPotion"},{"floor":14.0,"key":"Dexterity Potion"},{"floor":16.0,"key":"CunningPotion"},{"floor":18.0,"key":"testmod-SpacePotion"},{"floor":18.0,"key":"Poison Potion"},{"floor":24.0,"key":"CunningPotion"},{"floor":31.0,"key":"testmod-SpacePotion"},{"floor":31.0,"key":"SpeedPotion"},{"floor":33.0,"key":"Fruit Juice"},{"floor":33.0,"key":"ColorlessPotion"},{"floor":35.0,"key":"Block Potion"},{"floor":39.0,"key":"SkillPotion"},{"floor":40.0,"key":"testmod-SpacePotion"},{"floor":40.0,"key":"BlessingOfTheForge"},{"floor":41.0,"key":"EssenceOfSteel"},{"floor":41.0,"key":"BlessingOfTheForge"},{"floor":48,"key":"EntropicBrew"},{"floor":51,"key":"FairyPotion"},{"floor":51,"key":"ColorlessPotion"}],"is_trial":false,"path_per_floor":["M","?","M","?","M","R","?","R","T","?","$","E","M","E","R","B",null,"M","?","$","?","?","R","E","R","T","R","$","T","R","M","R","B",null,"M","M","?","T","M","E","M","$","T","R","?","M","?","M","R","B","M","M","?","$","R","M","R","T","?","B",null],"character_chosen":"THE_SILENT","items_purchased":["testmod-EqualTreatment","JudasShadow","Incubus","BelialBook","Shuriken","TheBible","Damocles","After Image","Chemical X","reliquary:SculptingSteel","Ginger","ClockworkSouvenir"],"campfire_rested":1,"item_purchase_floors":[11,17,17,17,20,28,34,42,54,54,54,54],"current_hp_per_floor":[74,83,83,83,83,83,83,83,83,88,88,88,88,88,88,92,49,49,49,49,49,49,49,49,49,49,49,49,49,49,49,49,65,55,55,55,55,55,55,55,55,55,55,55,55,55,55,55,55,59,59,59,59,59,59,59,59,59,59,63],"gold":149,"neow_bonus":"THREE_ENEMY_KILL","is_daily":false,"chose_seed":false,"campfire_upgraded":10,"win_rate":0.0,"timestamp":1611889729,"path_taken":["M","?","M","?","?","R","?","R","T","?","$","E","M","E","R","BOSS","M","?","$","?","?","R","E","R","T","R","$","?","R","M","R","BOSS","M","?","?","?","?","E","M","$","T","R","?","M","?","M","R","BOSS","M","M","?","$","R","M","R","T","?","BOSS"],"items_purchased_type":["Relic","Relic","Relic","Relic","Relic","Relic","Relic","Card","Relic","Relic","Relic","Relic"],"build_version":"2020-12-22","purchased_purges":3,"victory":true,"max_hp_per_floor":[74,83,83,83,83,83,83,83,83,88,88,88,88,88,88,92,49,49,49,49,49,49,49,49,49,49,49,49,49,49,49,49,65,55,55,55,55,55,55,55,55,55,55,55,55,55,55,55,55,59,59,59,59,59,59,59,59,59,59,63],"card_choices":[{"not_picked":["Slice","Dodge and Roll","Outmaneuver"],"picked":"SKIP","floor":1.0},{"not_picked":["Endless Agony","Tactician"],"picked":"Riddle With Holes","floor":3.0},{"not_picked":["Dodge and Roll","PiercingWail"],"picked":"Escape Plan","floor":5.0},{"not_picked":["Endless Agony","Blur"],"picked":"Backflip","floor":12.0},{"not_picked":["Sucker Punch","Tactician","Crippling Poison"],"picked":"SKIP","floor":13.0},{"not_picked":["Noxious Fumes","Quick Slash"],"picked":"Burst","floor":14.0},{"not_picked":["Storm of Steel","Venomology"],"picked":"Envenom","floor":16.0},{"not_picked":["Dagger Throw","Backflip","Catalyst"],"picked":"SKIP","floor":18.0},{"not_picked":["Leg Sweep","Deadly Poison+1","Grand Finale"],"picked":"SKIP","floor":24.0},{"not_picked":["Reflex","Dodge and Roll"],"picked":"Choke","floor":31.0},{"not_picked":["Phantasmal Killer","Tools of the Trade"],"picked":"Glass Knife","floor":33.0},{"not_picked":["Well Laid Plans+1","Quick Slash","Blur+1"],"picked":"SKIP","floor":35.0},{"not_picked":["Dagger Throw","Concentrate+1","Accuracy+1"],"picked":"SKIP","floor":36.0},{"not_picked":["Dagger Throw+1","Sucker Punch+1","Distraction"],"picked":"SKIP","floor":39.0},{"not_picked":["Tactician+1","Caltrops","All Out Attack"],"picked":"SKIP","floor":40.0},{"not_picked":["Sucker Punch","Dash+1","Dodge and Roll"],"picked":"SKIP","floor":41.0},{"not_picked":["Deadly Poison+1","Outmaneuver+1"],"picked":"A Thousand Cuts","floor":46.0},{"not_picked":["Acrobatics+1","Endless Agony+1","All Out Attack+1"],"picked":"SKIP","floor":48},{"not_picked":["Acrobatics","Poisoned Stab+1","Cloak And Dagger"],"picked":"SKIP","floor":51},{"not_picked":["Prepared+1","Riddle With Holes","Dagger Throw+1"],"picked":"SKIP","floor":52},{"not_picked":["Flying Knee","Dodge and Roll+1","Doppelganger"],"picked":"SKIP","floor":56}],"player_experience":255965,"relics_obtained":[{"floor":5.0,"key":"reliquary:OuijaBoard"},{"floor":9.0,"key":"testmod-Justice"},{"floor":12.0,"key":"reliquary:QuartzCube"},{"floor":13.0,"key":"White Beast Statue"},{"floor":14.0,"key":"reliquary:PorcupineQuills"},{"floor":16.0,"key":"testmod-CasingShield"},{"floor":24.0,"key":"reliquary:TridentHead"},{"floor":26.0,"key":"Anchor"},{"floor":26.0,"key":"DoctorsRemote"},{"floor":29.0,"key":"Pantograph"},{"floor":29.0,"key":"BookofShadows"},{"floor":31.0,"key":"HowToJump"},{"floor":33.0,"key":"testmod-RealStoneCalender"},{"floor":35.0,"key":"Du-Vu Doll"},{"floor":36.0,"key":"Nunchaku"},{"floor":38.0,"key":"Centennial Puzzle"},{"floor":38.0,"key":"testmod-Muramasa"},{"floor":39.0,"key":"Whetstone"},{"floor":40.0,"key":"reliquary:KillPill"},{"floor":40.0,"key":"Akabeko"},{"floor":41.0,"key":"PreservedInsect"},{"floor":43.0,"key":"SalivaCoin"},{"floor":43.0,"key":"Bottled Tornado"},{"floor":46.0,"key":"CeramicFish"},{"floor":48,"key":"reliquary:RadioactivePellet"},{"floor":51,"key":"paleoftheancients:SoulOfTheWokeBloke"},{"floor":51,"key":"Bag of Preparation"},{"floor":51,"key":"reliquary:TuningFork"},{"floor":52,"key":"Lantern"},{"floor":56,"key":"reliquary:Buckler"},{"floor":58,"key":"Boot"},{"floor":58,"key":"Sundial"}],"event_choices":[{"damage_healed":0,"gold_gain":400,"player_choice":"Sell","damage_taken":0,"max_hp_gain":0,"max_hp_loss":0,"event_name":"恩洛斯的盘子","floor":53,"relics_lost":["Circlet"],"gold_loss":0}],"is_beta":false,"boss_relics":[{"not_picked":["testmod-BatchProcessingSystem","testmod-Recursion"],"picked":"Astrolabe"},{"not_picked":[]},{"not_picked":["testmod-StringDisintegrator","Busted Crown"],"picked":"reliquary:RedCape"},{"not_picked":[]}],"items_purged_floors":[11,20,54],"is_endless":false,"potions_floor_spawned":[12,13,14,16,18,24,31,33,35,36,39,40,41,46,48,51,52,56],"ascension_level":-20}}