{"host":"r10yh36zs2k9z1sa","time":1611952107,"event":{"mods":["AchievementEnabler","Act Like it!","Aspiration","Astrologer","BaseMod","Colored Map","Conspire","Decade(¤ý¤p©ú)","Gensokyo","Hermit","Highlight Path","KinomotoSakuraMod(¤ì¤§¥»?)","Koishi","Marisa¡]Ãú«B¡@Å]²z¨F¡^","Minty Spire (QoL Compilation)","Permanent Neow","Quick Restart","Reimu¡]³Õ???¡^","Remilia¡]Á¢¦Ì²ú?¡^","StSLib","SuperFastMode","The Administrix","The Blackbeard","The Bug Knight","The Cursed","The Gatherer","The Mystic","The Saiyan","The Senshi","The Servant 0.9.4","Youmu¡]»î¾z§¯?¡^","Yuri Mod","Yuyuko"],"gold_per_floor":[112,127,141,67,67,67,95,95,95,114,143,143,157,168,168,285,285,304,229,240,251,265,298,316,346,370,404,404,404,418,428,428,528,528,547,557,832,54,69,69,108,167,167,167,198,227,227,245,245,245,245],"floor_reached":50,"language":"ZHS","playtime":8818,"items_purged":["Regret"],"score":649,"play_id":"22a41772-b49f-4e66-b0e1-6f5933cff9af","local_time":"20210130042827","is_ascension_mode":false,"campfire_choices":[{"data":"HollowMod:MantisMark","floor":6,"key":"SMITH"},{"data":"HollowMod:FocusHealStart","floor":8,"key":"SMITH"},{"data":"HollowMod:HornetsHelp","floor":15,"key":"SMITH"},{"data":"HollowMod:VoidDash","floor":32,"key":"SMITH"},{"data":"HollowMod:HuntersJournal","floor":40,"key":"SMITH"},{"floor":44,"key":"DIG"},{"floor":47,"key":"DIG"},{"floor":49,"key":"DIG"}],"circlet_count":0,"master_deck":["HollowMod:NailStrikeStart","HollowMod:NailStrikeStart","HollowMod:NailStrikeStart","HollowMod:QuickDashStart","HollowMod:QuickDashStart","HollowMod:QuickDashStart","HollowMod:QuickDashStart","HollowMod:FocusHealStart+1","HollowMod:PogoStrike","HollowMod:HornetsHelp+1","HollowMod:SoulSplash","HollowMod:MantisMark+1","HollowMod:CloakDash","HollowMod:BaldurShell","HollowMod:ZotesMagnificence","HollowMod:SoulMaster","HollowMod:CycloneSlash","HollowMod:VoidDash","HollowMod:VoidDash+1","HollowMod:DescendingDark","HollowMod:HowlingWraiths+1","HollowMod:ZotesMagnificence","HollowMod:HuntersJournal+1","HollowMod:SharpenedShadows","HollowMod:CloakDash","HollowMod:DoubleDash+1","HollowMod:ShapeofUnn","HollowMod:SoulStrike+1","HollowMod:VengefulVoid+1","Madness","Madness"],"relics":["HollowMod:VesselMask","Gremlin Horn","StrikeDummy","aspiration:FetidBarrel","Philosopher\u0027s Stone","Lantern","theSenshi:FeatherClipsRelic","Mango","MutagenicStrength","Coffee Dripper","FossilizedHelix","HollowMod:MillibellesNoteRelic","Chemical X","CeramicFish","Shovel","Unceasing Top","White Beast Statue","HollowMod:MantisClawRelic","theSenshi:SailorFukuRelic","conspire:TopHat"],"acts_visited":["Exordium","TheCity","TheBeyond"],"potions_floor_usage":[7,11,16,16,27,41,41,50,50,50],"damage_taken":[{"damage":0.0,"enemies":"Cultist","floor":1.0,"turns":3.0},{"damage":0,"enemies":"Small Slimes","floor":2,"turns":3},{"damage":1,"enemies":"Jaw Worm","floor":3,"turns":4},{"damage":0,"enemies":"3 Sentries","floor":7,"turns":9},{"damage":13,"enemies":"Exordium Wildlife","floor":10,"turns":9},{"damage":0,"enemies":"Gremlin Nob","floor":11,"turns":4},{"damage":2,"enemies":"2 Fungi Beasts","floor":13,"turns":3},{"damage":0,"enemies":"3 Louse","floor":14,"turns":1},{"damage":27,"enemies":"Hexaghost","floor":16,"turns":6},{"damage":12,"enemies":"2 Thieves","floor":18,"turns":3},{"damage":14,"enemies":"3 Byrds","floor":20,"turns":7},{"damage":7,"enemies":"Cultist and Chosen","floor":21,"turns":4},{"damage":24,"enemies":"Shelled Parasite and Fungi","floor":22,"turns":4},{"damage":19,"enemies":"Slavers","floor":23,"turns":4},{"damage":0,"enemies":"Snecko","floor":24,"turns":3},{"damage":16,"enemies":"HollowMod:Nosk","floor":25,"turns":8},{"damage":2,"enemies":"Gremlin Leader","floor":27,"turns":4},{"damage":14,"enemies":"Snake Plant","floor":30,"turns":3},{"damage":11,"enemies":"Sentry and Sphere","floor":31,"turns":5},{"damage":43,"enemies":"HollowMod:NKGrimm","floor":33,"turns":11},{"damage":9,"enemies":"3 Darklings","floor":35,"turns":3},{"damage":0,"enemies":"3 Shapes","floor":36,"turns":3},{"damage":0,"enemies":"Jaw Worm Horde","floor":39,"turns":1},{"damage":37,"enemies":"Giant Head","floor":41,"turns":9},{"damage":0,"enemies":"Mind Bloom Boss Battle","floor":42,"turns":4},{"damage":42,"enemies":"Nemesis","floor":45,"turns":6},{"damage":9,"enemies":"Spire Growth","floor":46,"turns":4},{"damage":48,"enemies":"conspire:OrnateMirror","floor":50,"turns":6}],"seed_played":"-1360231487840431347","potions_obtained":[{"floor":3,"key":"EssenceOfSteel"},{"floor":5,"key":"Strength Potion"},{"floor":5,"key":"GrandPatriotsElixir:ReiMu"},{"floor":10,"key":"MagicPotion:ReiMu"},{"floor":11,"key":"ColorlessPotion"},{"floor":21,"key":"DistilledChaos"},{"floor":23,"key":"EssenceOfSteel"},{"floor":27,"key":"Block Potion"},{"floor":42,"key":"MagicPotion:ReiMu"},{"floor":45,"key":"Fire Potion"}],"is_trial":false,"path_per_floor":["M","M","M","$","?","R","E","R","T","M","E","?","M","M","R","B",null,"M","?","M","M","M","E","M","E","T","E","?","?","M","M","R","B",null,"M","M","?","$","M","R","E","?","T","R","E","M","R","?","R","B"],"character_chosen":"THE_BUGKNIGHT","items_purchased":["HollowMod:MantisMark","HollowMod:SharpenedShadows","FossilizedHelix","HollowMod:MillibellesNoteRelic","HollowMod:CloakDash","Chemical X"],"campfire_rested":0,"item_purchase_floors":[4,38,38,38,38,38],"current_hp_per_floor":[75,75,75,75,75,75,75,75,75,74,75,75,75,75,75,54,75,69,69,67,66,48,35,41,37,37,55,55,64,62,63,63,32,89,86,89,89,89,89,89,62,74,74,74,44,47,47,36,36,0,0],"gold":245,"neow_bonus":"ONE_RANDOM_RARE_CARD","is_daily":false,"chose_seed":false,"campfire_upgraded":5,"win_rate":0.0,"timestamp":1611952107,"path_taken":["M","M","M","?","?","R","E","R","T","?","E","?","M","M","R","BOSS","M","?","M","M","M","E","M","E","T","E","?","?","M","M","R","BOSS","M","M","?","$","?","R","E","?","T","R","E","M","R","?","R","BOSS"],"items_purchased_type":["Card","Card","Relic","Relic","Card","Relic"],"build_version":"2020-12-22","purchased_purges":1,"victory":false,"max_hp_per_floor":[75,75,75,75,75,75,75,75,75,75,75,75,75,75,75,75,75,75,75,75,75,75,75,75,75,75,89,89,89,89,89,89,89,89,89,89,89,89,89,89,89,89,89,89,89,89,89,89,89,89,89],"card_choices":[{"not_picked":["HollowMod:ChannelNail","HollowMod:SharpenedNail","HollowMod:VengefulVoid"],"picked":"SKIP","floor":1},{"not_picked":["HollowMod:BlackTendrils","HollowMod:DashSlash","HollowMod:NewLittleFool"],"picked":"SKIP","floor":2},{"not_picked":["HollowMod:SiblingsSouls","HollowMod:DashSlash"],"picked":"HollowMod:SoulSplash","floor":3},{"not_picked":["HollowMod:NewLittleFool","HollowMod:SiblingsShadow","HollowMod:SoulStrike"],"picked":"SKIP","floor":7},{"not_picked":["HollowMod:LifebloodCocoon","HollowMod:CornifersMapStart"],"picked":"HollowMod:CloakDash","floor":10},{"not_picked":["HollowMod:SoulSplash","HollowMod:SoulShaman","HollowMod:NewJinnsSoul"],"picked":"SKIP","floor":11},{"not_picked":["HollowMod:GoodIntentions","HollowMod:FallenFury"],"picked":"HollowMod:BaldurShell","floor":13},{"not_picked":["HollowMod:NewGlowingWomb","HollowMod:PureNailStrike"],"picked":"HollowMod:ZotesMagnificence","floor":14},{"not_picked":["HollowMod:theNailsmith","HollowMod:MidwifesHunger"],"picked":"HollowMod:SoulMaster","floor":16},{"not_picked":["HollowMod:DescendingDark","HollowMod:DoubleDash","HollowMod:TaintedHusks"],"picked":"SKIP","floor":18},{"not_picked":["HollowMod:NewLittleFool","HollowMod:Grubsong","HollowMod:SharpenedNail"],"picked":"SKIP","floor":20},{"not_picked":["HollowMod:SoulSplash","HollowMod:PureNailStrike","HollowMod:Grubsong"],"picked":"SKIP","floor":21},{"not_picked":["HollowMod:CloakDash","HollowMod:NewLittleFool"],"picked":"HollowMod:CycloneSlash","floor":22},{"not_picked":["HollowMod:CrystalDash","HollowMod:RecoilStrike"],"picked":"HollowMod:VoidDash","floor":23},{"not_picked":["HollowMod:LifebloodCocoon","HollowMod:DashSlash","HollowMod:BaldurShell"],"picked":"SKIP","floor":24},{"not_picked":["HollowMod:NewLittleFool","HollowMod:CycloneSlash"],"picked":"HollowMod:VoidDash","floor":25},{"not_picked":["HollowMod:CrystalDash+1","HollowMod:GrimmsGift"],"picked":"HollowMod:DescendingDark","floor":27},{"not_picked":["HollowMod:FallenFury+1","HollowMod:DashSlash","HollowMod:InfectedAttack"],"picked":"SKIP","floor":30},{"not_picked":["HollowMod:ChannelNail","HollowMod:GoodIntentions"],"picked":"HollowMod:HowlingWraiths+1","floor":31},{"not_picked":["HollowMod:theNailsmith","HollowMod:MidwifesHunger"],"picked":"HollowMod:ZotesMagnificence","floor":33},{"not_picked":["HollowMod:DoubleDash","HollowMod:DashSlash","HollowMod:VengefulVoid"],"picked":"SKIP","floor":35},{"not_picked":["HollowMod:DashSlash","HollowMod:VengefulSpirit+1"],"picked":"HollowMod:HuntersJournal","floor":36},{"not_picked":["HollowMod:NewJinnsSoul","HollowMod:FastStrike+1"],"picked":"HollowMod:DoubleDash+1","floor":39},{"not_picked":["HollowMod:NewLittleFool+1","HollowMod:ChannelNail+1"],"picked":"HollowMod:ShapeofUnn","floor":41},{"not_picked":["HollowMod:PureNailStrike+1","HollowMod:HowlingWraiths+1"],"picked":"HollowMod:SoulStrike+1","floor":42},{"not_picked":["HollowMod:CoiledNail","HollowMod:SoulSplash","HollowMod:SoulMaster"],"picked":"SKIP","floor":45},{"not_picked":["HollowMod:NewLittleFool","HollowMod:GoodIntentions"],"picked":"HollowMod:VengefulVoid+1","floor":46}],"player_experience":357491,"relics_obtained":[{"floor":7,"key":"Gremlin Horn"},{"floor":9,"key":"StrikeDummy"},{"floor":11,"key":"aspiration:FetidBarrel"},{"floor":23,"key":"Lantern"},{"floor":25,"key":"theSenshi:FeatherClipsRelic"},{"floor":27,"key":"Mango"},{"floor":41,"key":"CeramicFish"},{"floor":42,"key":"Shovel"},{"floor":43,"key":"Unceasing Top"},{"floor":44,"key":"White Beast Statue"},{"floor":45,"key":"HollowMod:MantisClawRelic"},{"floor":47,"key":"theSenshi:SailorFukuRelic"},{"floor":49,"key":"conspire:TopHat"}],"event_choices":[{"damage_healed":0,"gold_gain":0,"player_choice":"Got Potions","damage_taken":0,"max_hp_gain":0,"max_hp_loss":0,"event_name":"Lab","floor":5,"gold_loss":0},{"cards_removed":["HollowMod:NailStrikeStart"],"damage_healed":0,"gold_gain":0,"player_choice":"Gave Gold","damage_taken":0,"max_hp_gain":0,"max_hp_loss":0,"event_name":"Beggar","floor":19,"gold_loss":75},{"damage_healed":0,"gold_gain":0,"player_choice":"Inject Mutagens","damage_taken":0,"relics_obtained":["MutagenicStrength"],"max_hp_gain":0,"max_hp_loss":0,"event_name":"Drug Dealer","floor":28,"gold_loss":0},{"damage_healed":0,"gold_gain":275,"player_choice":"Desecrate","damage_taken":0,"max_hp_gain":0,"max_hp_loss":0,"event_name":"Golden Shrine","floor":37,"gold_loss":0,"cards_obtained":["Regret"]},{"damage_healed":0,"gold_gain":0,"player_choice":"Fight","damage_taken":0,"max_hp_gain":0,"max_hp_loss":0,"event_name":"MindBloom","floor":42,"gold_loss":0},{"damage_healed":0,"gold_gain":0,"player_choice":"Embrace Madness","damage_taken":11,"max_hp_gain":0,"max_hp_loss":0,"event_name":"Winding Halls","floor":48,"gold_loss":0,"cards_obtained":["Madness","Madness"]}],"is_beta":false,"boss_relics":[{"not_picked":["aspiration:RunicSpoon","conspire:SpecialSausage"],"picked":"Philosopher\u0027s Stone"},{"not_picked":["conspire:RoyalGoblet","Sozu"],"picked":"Coffee Dripper"}],"items_purged_floors":[38],"is_endless":false,"potions_floor_spawned":[3,10,11,14,21,23,27,30,35,42,45,46],"killed_by":"conspire:OrnateMirror","ascension_level":0}}