{"host":"fvux6yoihym3ucic","time":1611940062,"event":{"mods":["BaseMod","Curses Come First","Downfall","Energized Spire","Hermit","Infinite Spire","Minty Spire (QoL Compilation)","Rare Cards Sparkle","Replay The Spire","Spire Arcade","StSLib","The Cursed"],"gold_per_floor":[113,129,129,145,155,189,189,37,64,64,64,64,64,84,84,182,182,192,207,207,207],"floor_reached":20,"language":"ENG","playtime":586,"items_purged":[],"score":174,"play_id":"a4ab74a1-a3f3-42c2-bc5e-61b50af021d7","local_time":"20210129120742","is_ascension_mode":false,"campfire_choices":[{"floor":7,"key":"REST"},{"data":"Perfected Strike","floor":10,"key":"SMITH"},{"data":"Perfected Strike","floor":12,"key":"SMITH"},{"floor":15,"key":"REST"}],"circlet_count":0,"master_deck":["Strike_R","Strike_R","Strike_R","Strike_R","Strike_R","Defend_R","Defend_R","Defend_R","Defend_R","Bash","Perfected Strike+1","Perfected Strike+1","Bludgeon","Perfected Strike+1","Immolate"],"relics":["Burning Blood","Incense Burner","Toy Ornithopter","DollysMirror","Vajra","Runic Pyramid"],"acts_visited":["Exordium","TheCity"],"potions_floor_usage":[16,16],"damage_taken":[{"damage":11,"enemies":"2 Louse","floor":1,"turns":3},{"damage":2,"enemies":"Cultist","floor":2,"turns":4},{"damage":7,"enemies":"Small Slimes","floor":4,"turns":4},{"damage":9,"enemies":"Gremlin Gang","floor":5,"turns":5},{"damage":49,"enemies":"Lagavulin","floor":6,"turns":7},{"damage":2,"enemies":"2 Fungi Beasts","floor":14,"turns":3},{"damage":52,"enemies":"Hexaghost","floor":16,"turns":8},{"damage":21,"enemies":"Shell Parasite","floor":18,"turns":4},{"damage":33,"enemies":"3 Byrds","floor":19,"turns":6},{"damage":40,"enemies":"Shelled Parasite and Fungi","floor":20,"turns":3}],"seed_played":"-216905550530265218","potions_obtained":[{"floor":4,"key":"Doom Potion"},{"floor":5,"key":"SpeedPotion"},{"floor":6,"key":"SkillPotion"}],"is_trial":false,"path_per_floor":["M","M","?","M","M","E","R","$","T","R","$","R","?","M","R","B",null,"M","M","M"],"character_chosen":"IRONCLAD","items_purchased":["DollysMirror"],"campfire_rested":2,"item_purchase_floors":[8],"current_hp_per_floor":[75,79,79,78,75,32,56,56,56,56,56,56,56,60,80,34,80,65,38,0,0],"gold":207,"neow_bonus":"ONE_RARE_RELIC","is_daily":false,"chose_seed":false,"campfire_upgraded":2,"win_rate":0.0,"timestamp":1611940062,"path_taken":["M","M","?","?","M","E","R","$","T","R","$","R","?","M","R","BOSS","M","M","?"],"items_purchased_type":["Relic"],"build_version":"2020-12-22","purchased_purges":0,"victory":false,"max_hp_per_floor":[80,80,80,80,80,80,80,80,80,80,80,80,80,80,80,80,80,80,80,80,80],"card_choices":[{"not_picked":["True Grit","Clothesline","Shrug It Off"],"picked":"SKIP","floor":1},{"not_picked":["Shrug It Off","Cleave"],"picked":"Perfected Strike","floor":2},{"not_picked":["Dark Embrace","Warcry"],"picked":"Perfected Strike","floor":4},{"not_picked":["Run Through","Power Through","Ghostly Armor"],"picked":"SKIP","floor":5},{"not_picked":["Anger","True Grit"],"picked":"Bludgeon","floor":6},{"not_picked":["Cleave","ReplayTheSpireMod:Corrosion Curse","Sentinel"],"picked":"SKIP","floor":14},{"not_picked":["Fiend Fire","Corruption"],"picked":"Immolate","floor":16},{"not_picked":["Heavy Blade","Power Through+1","Wild Strike"],"picked":"SKIP","floor":18},{"not_picked":["Burning Pact","Bloodletting","Sword Boomerang"],"picked":"SKIP","floor":19}],"player_experience":34976,"relics_obtained":[{"floor":6,"key":"Toy Ornithopter"},{"floor":9,"key":"Vajra"}],"event_choices":[{"cards_removed":["CommonCold"],"damage_healed":0,"gold_gain":0,"player_choice":"Purged","damage_taken":0,"max_hp_gain":0,"max_hp_loss":0,"event_name":"Purifier","floor":3,"gold_loss":0},{"damage_healed":0,"gold_gain":0,"player_choice":"Forge","damage_taken":0,"max_hp_gain":0,"max_hp_loss":0,"event_name":"Accursed Blacksmith","floor":13,"gold_loss":0,"cards_upgraded":["Perfected Strike"]}],"is_beta":false,"boss_relics":[{"not_picked":["Replay:Grab Bag","Philosopher\u0027s Stone"],"picked":"Runic Pyramid"}],"items_purged_floors":[],"is_endless":false,"potions_floor_spawned":[4,5,6],"killed_by":"Shelled Parasite and Fungi","ascension_level":0}}