{"host":"3498uni0c31c9bdm","time":1611934928,"event":{"mods":["BaseMod","Better Third Choice","Minty Spire (QoL Compilation)","Replay The Spire","StSLib"],"gold_per_floor":[111,130,130,130,142,142,169,169,196,231,248,248,304,322,322,420,420,445,445,457,457],"floor_reached":20,"language":"ENG","playtime":742,"items_purged":[],"score":264,"play_id":"71913c9c-705d-4661-8afe-6551397a902f","local_time":"20210130024208","is_ascension_mode":true,"campfire_choices":[{"floor":6,"key":"RECALL"},{"floor":8,"key":"REST"},{"data":"Replay:DivineShield","floor":12,"key":"SMITH"},{"floor":15,"key":"DIG"}],"circlet_count":0,"master_deck":["Strike_P+1","Strike_P+1","Strike_P+1","Strike_P+1","Defend_P+1","Defend_P+1","Defend_P+1","Defend_P+1","Eruption","Vigilance","PathToVictory","Replay:DivineShield+1","Decay","BowlingBash","PathToVictory","PathToVictory","Protect","SignatureMove","FearNoEvil","Brilliance","Clumsy","CurseOfTheBell","Sickly","SandsOfTime+1"],"relics":["PureWater","NeowsBlessing","Nunchaku","Vajra","Blood Vial","White Beast Statue","Replay:Mystery Machine","Replay:Ancient Bell","Replay:Bandana","ReplayTheSpireMod:Shallot","Torii"],"acts_visited":["Exordium","TheCity"],"potions_floor_usage":[7,16,16,20],"damage_taken":[{"damage":0,"enemies":"Jaw Worm","floor":1,"turns":1},{"damage":0,"enemies":"2 Louse","floor":2,"turns":1},{"damage":0,"enemies":"Cultist","floor":5,"turns":1},{"damage":18,"enemies":"3 Sentries","floor":7,"turns":6},{"damage":17,"enemies":"Lagavulin","floor":10,"turns":6},{"damage":0,"enemies":"3 Louse","floor":11,"turns":4},{"damage":8,"enemies":"Lagavulin Event","floor":13,"turns":6},{"damage":0,"enemies":"2 Fungi Beasts","floor":14,"turns":3},{"damage":29,"enemies":"Fading Forest","floor":16,"turns":11},{"damage":54,"enemies":"Spheric Guardian","floor":18,"turns":8},{"damage":12,"enemies":"3 Byrds","floor":20,"turns":2}],"seed_played":"3313835725481002121","potions_obtained":[{"floor":2,"key":"AttackPotion"},{"floor":10,"key":"FearPotion"},{"floor":11,"key":"FearPotion"},{"floor":14,"key":"SneckoOil"},{"floor":16,"key":"SkillPotion"},{"floor":18,"key":"DistilledChaos"}],"is_trial":false,"path_per_floor":["M","M","?","?","M","R","E","R","T","E","M","R","?","M","R","B",null,"M","?","M"],"character_chosen":"WATCHER","items_purchased":[],"campfire_rested":1,"item_purchase_floors":[],"current_hp_per_floor":[65,65,65,65,65,65,47,68,68,51,53,53,47,49,49,22,60,8,8,0,0],"gold":457,"neow_bonus":"THREE_ENEMY_KILL","is_daily":false,"chose_seed":false,"campfire_upgraded":1,"win_rate":0.0,"timestamp":1611934928,"path_taken":["M","M","?","?","M","R","E","R","T","E","?","R","?","M","R","BOSS","M","?","M"],"items_purchased_type":[],"build_version":"2020-12-22","purchased_purges":0,"victory":false,"max_hp_per_floor":[72,72,72,72,72,72,72,72,72,72,72,72,72,72,72,72,72,72,72,72,72],"card_choices":[{"not_picked":["Prostrate","Tantrum"],"picked":"PathToVictory","floor":1},{"not_picked":["Replay:Battleflow","Swivel"],"picked":"Replay:DivineShield","floor":2},{"not_picked":["Crescendo","ClearTheMind"],"picked":"BowlingBash","floor":5},{"not_picked":["Fasting2","Devotion"],"picked":"PathToVictory","floor":7},{"not_picked":["Crescendo","Weave"],"picked":"PathToVictory","floor":10},{"not_picked":["SashWhip","ThirdEye"],"picked":"Protect","floor":11},{"not_picked":["PathToVictory","CutThroughFate"],"picked":"SignatureMove","floor":13},{"not_picked":["ClearTheMind","Replay:ManipulateFuture"],"picked":"FearNoEvil","floor":14},{"not_picked":["Scrawl","Blasphemy"],"picked":"Brilliance","floor":16},{"not_picked":["Replay:Hysterical Blindness","ReplayTheSpireMod:Faulty Equipment"],"picked":"Clumsy","floor":17},{"not_picked":["ReplayTheSpireMod:Restless Dread","Languid"],"picked":"CurseOfTheBell","floor":17},{"not_picked":["ReplayTheSpireMod:Doomed","ReplayTheSpireMod:IOU"],"picked":"Sickly","floor":17},{"not_picked":["Alpha","PathToVictory"],"picked":"SandsOfTime+1","floor":18}],"player_experience":763184,"relics_obtained":[{"floor":7,"key":"Nunchaku"},{"floor":9,"key":"Vajra"},{"floor":10,"key":"Blood Vial"},{"floor":13,"key":"White Beast Statue"},{"floor":15,"key":"Replay:Mystery Machine"}],"event_choices":[{"damage_healed":0,"gold_gain":0,"player_choice":"Ignored","damage_taken":0,"max_hp_gain":0,"max_hp_loss":0,"event_name":"Golden Wing","floor":3,"gold_loss":0},{"damage_healed":0,"gold_gain":0,"player_choice":"Cursed","damage_taken":0,"max_hp_gain":0,"max_hp_loss":0,"event_name":"Wheel of Change","floor":4,"gold_loss":0,"cards_obtained":["Decay"]},{"damage_healed":0,"gold_gain":30,"player_choice":"Searched \u00272\u0027 times","damage_taken":0,"max_hp_gain":0,"max_hp_loss":0,"event_name":"Dead Adventurer","floor":13,"gold_loss":0},{"damage_healed":0,"gold_gain":0,"player_choice":"Simplicity","damage_taken":0,"max_hp_gain":0,"max_hp_loss":8,"event_name":"betterThird:BetterWriting","floor":19,"gold_loss":0}],"is_beta":false,"boss_relics":[{"not_picked":["Ring of Chaos","HolyWater"],"picked":"Replay:Ancient Bell"},{"not_picked":["Pen Nib","Regal Pillow"],"picked":"Replay:Bandana"},{"not_picked":["Quantum Egg","Divine Protection"],"picked":"ReplayTheSpireMod:Shallot"},{"not_picked":["Lizard Tail","Old Coin"],"picked":"Torii"}],"items_purged_floors":[],"is_endless":false,"potions_floor_spawned":[2,10,11,14,16,18],"killed_by":"3 Byrds","ascension_level":9}}