{"host":"7nm1ow5v9mg4ehcw","time":1611939417,"event":{"mods":["BaseMod","Minty Spire (QoL Compilation)","Relic Stats","StSLib"],"gold_per_floor":[116,116,116,128,203,236,236,263,263,58,76,76,87,112,112,186,186,199,216,216,116,133,167,167,193,220,220,238,65,65,75,75,152,152,170,220,220,95,111,111,136,136,136,155,181,181,31,61,61,61,61,61,8,36,36],"floor_reached":56,"language":"ENG","playtime":3634,"items_purged":["Strike_R","Strike_R","Strike_R","Strike_R"],"score":2243,"play_id":"2af555d4-ad36-424c-890a-1e8862b51b65","local_time":"20210129175657","is_ascension_mode":true,"campfire_choices":[{"data":"Bash","floor":7,"key":"SMITH"},{"data":"Barricade","floor":12,"key":"SMITH"},{"data":"True Grit","floor":15,"key":"SMITH"},{"floor":24,"key":"REST"},{"data":"Fire Breathing","floor":27,"key":"SMITH"},{"data":"Flame Barrier","floor":30,"key":"SMITH"},{"data":"Body Slam","floor":32,"key":"SMITH"},{"floor":40,"key":"REST"},{"data":"Second Wind","floor":42,"key":"SMITH"},{"data":"Power Through","floor":46,"key":"SMITH"},{"floor":49,"key":"RECALL"},{"floor":52,"key":"REST"}],"circlet_count":0,"master_deck":["AscendersBane","Strike_R+1","Defend_R","Defend_R","Defend_R","Defend_R","Bash+1","Pommel Strike","Shrug It Off","True Grit+1","Flame Barrier+1","Barricade+1","Body Slam+1","Reaper+1","Power Through+1","Offering","Battle Trance","Body Slam+1","Impervious","Fire Breathing+1","Demon Form+1","Havoc+1","Shrug It Off+1","Second Wind+1","Armaments+1"],"relics":["Burning Blood","NeowsBlessing","StoneCalendar","Thread and Needle","Pear","Dead Branch","WingedGreaves","Velvet Choker","FaceOfCleric","PreservedInsect","Art of War","Omamori","Medical Kit","Black Star","Bird Faced Urn","Paper Frog","Centennial Puzzle","Self Forming Clay","Juzu Bracelet","Whetstone","Pen Nib","Bottled Lightning","HornCleat"],"acts_visited":["Exordium","TheCity","TheBeyond","TheEnding"],"potions_floor_usage":[14,16,18,39,48,50,55],"damage_taken":[{"damage":0,"enemies":"2 Louse","floor":1,"turns":1},{"damage":0,"enemies":"Small Slimes","floor":4,"turns":1},{"damage":0,"enemies":"Gremlin Nob","floor":6,"turns":1},{"damage":6,"enemies":"Lagavulin","floor":8,"turns":7},{"damage":0,"enemies":"Cultist","floor":11,"turns":4},{"damage":2,"enemies":"Lots of Slimes","floor":13,"turns":6},{"damage":4,"enemies":"Gremlin Nob","floor":14,"turns":4},{"damage":27,"enemies":"The Guardian","floor":16,"turns":11},{"damage":6,"enemies":"2 Thieves","floor":18,"turns":4},{"damage":9,"enemies":"Shell Parasite","floor":19,"turns":7},{"damage":11,"enemies":"Shelled Parasite and Fungi","floor":22,"turns":6},{"damage":60,"enemies":"Slavers","floor":23,"turns":7},{"damage":2,"enemies":"Gremlin Leader","floor":25,"turns":4},{"damage":0,"enemies":"3 Cultists","floor":28,"turns":6},{"damage":0,"enemies":"Snake Plant","floor":31,"turns":3},{"damage":21,"enemies":"Automaton","floor":33,"turns":11},{"damage":0,"enemies":"3 Shapes","floor":35,"turns":3},{"damage":87,"enemies":"2 Orb Walkers","floor":36,"turns":6},{"damage":0,"enemies":"3 Darklings","floor":39,"turns":7},{"damage":6,"enemies":"Giant Head","floor":41,"turns":7},{"damage":0,"enemies":"4 Shapes","floor":44,"turns":6},{"damage":6,"enemies":"Nemesis","floor":45,"turns":9},{"damage":63,"enemies":"Reptomancer","floor":48,"turns":8},{"damage":19,"enemies":"Time Eater","floor":50,"turns":11},{"damage":6,"enemies":"Shield and Spear","floor":54,"turns":4},{"damage":27,"enemies":"The Heart","floor":55,"turns":8}],"seed_played":"-8578301658780787735","potions_obtained":[{"floor":4,"key":"AttackPotion"},{"floor":14,"key":"AttackPotion"},{"floor":19,"key":"SpeedPotion"},{"floor":22,"key":"GamblersBrew"},{"floor":44,"key":"GamblersBrew"},{"floor":45,"key":"LiquidBronze"},{"floor":48,"key":"Fire Potion"}],"is_trial":false,"path_per_floor":["M","?","?","M","?","E","R","E","T","$","M","R","M","E","R","B",null,"M","M","?","$","M","E","R","E","T","R","M","$","R","M","R","B",null,"M","?","?","$","M","R","E","R","T","M","E","R","$","E","R","B",null,"R","$","E","B",null],"character_chosen":"IRONCLAD","items_purchased":["Barricade","PowerPotion","Medical Kit","Weak Potion"],"campfire_rested":3,"item_purchase_floors":[10,10,29,53],"current_hp_per_floor":[74,74,56,62,51,57,57,67,67,67,73,73,77,79,79,64,80,85,82,82,82,78,33,59,64,64,64,79,79,79,89,89,76,87,92,12,12,12,33,61,95,95,95,96,97,97,97,62,62,60,89,99,99,100,92],"gold":36,"neow_bonus":"THREE_ENEMY_KILL","is_daily":false,"chose_seed":false,"campfire_upgraded":8,"win_rate":0.0,"timestamp":1611939417,"path_taken":["M","?","?","M","?","E","R","E","T","$","M","R","M","E","R","BOSS","M","M","?","?","?","E","R","E","T","R","M","$","R","?","R","BOSS","M","?","?","$","M","R","E","R","T","M","E","R","$","E","R","BOSS","R","$","E","BOSS"],"items_purchased_type":["Card","Potion","Relic","Potion"],"build_version":"2020-12-22","purchased_purges":4,"victory":true,"max_hp_per_floor":[75,75,75,75,75,75,75,85,85,85,85,85,85,85,85,85,85,85,85,85,85,86,87,87,88,88,88,89,89,89,90,90,91,91,92,93,93,93,94,94,95,95,95,96,97,97,97,98,98,99,99,99,99,100,101],"relic_stats":{"counters":[26,152],"Self Forming Clay":[51],"Dead Branch":[183],"StoneCalendar":[503],"PreservedInsect":376,"Pen Nib":[2],"Juzu Bracelet":0,"Whetstone":["Reaper","Strike_R"],"Medical Kit":[25],"Burning Blood":133,"Centennial Puzzle":[15],"FaceOfCleric":16,"Bird Faced Urn":[51],"Art of War":[29],"Black Star":4,"obtain_stats":[{"Pear":8,"NeowsBlessing":0,"Self Forming Clay":45,"Dead Branch":9,"Velvet Choker":17,"StoneCalendar":3,"Thread and Needle":6,"PreservedInsect":23,"Pen Nib":48,"Omamori":26,"Juzu Bracelet":45,"Whetstone":48,"Medical Kit":29,"Burning Blood":0,"Centennial Puzzle":41,"HornCleat":54,"FaceOfCleric":20,"Bird Faced Urn":36,"WingedGreaves":14,"Art of War":25,"Black Star":34,"Bottled Lightning":54,"Paper Frog":41},{"Pear":4,"NeowsBlessing":0,"Self Forming Clay":22,"Dead Branch":4,"Velvet Choker":8,"StoneCalendar":1,"Thread and Needle":3,"PreservedInsect":12,"Pen Nib":23,"Omamori":13,"Juzu Bracelet":22,"Whetstone":23,"Medical Kit":14,"Burning Blood":0,"Centennial Puzzle":20,"HornCleat":25,"FaceOfCleric":10,"Bird Faced Urn":18,"WingedGreaves":7,"Art of War":13,"Black Star":16,"Bottled Lightning":25,"Paper Frog":20},{"Pear":10,"NeowsBlessing":0,"Self Forming Clay":121,"Dead Branch":10,"Velvet Choker":35,"StoneCalendar":1,"Thread and Needle":3,"PreservedInsect":59,"Pen Nib":129,"Omamori":63,"Juzu Bracelet":121,"Whetstone":129,"Medical Kit":69,"Burning Blood":0,"Centennial Puzzle":106,"HornCleat":144,"FaceOfCleric":46,"Bird Faced Urn":92,"WingedGreaves":24,"Art of War":63,"Black Star":83,"Bottled Lightning":144,"Paper Frog":106}]},"card_choices":[{"not_picked":["Flex","Armaments"],"picked":"Pommel Strike","floor":1},{"not_picked":["Thunderclap","Warcry"],"picked":"Shrug It Off","floor":4},{"not_picked":["Shrug It Off","Second Wind"],"picked":"True Grit","floor":6},{"not_picked":["Disarm","Bloodletting"],"picked":"Flame Barrier","floor":8},{"not_picked":["Perfected Strike","Shrug It Off"],"picked":"Body Slam","floor":11},{"not_picked":["Flex","Burning Pact"],"picked":"Reaper","floor":13},{"not_picked":["Burning Pact","Spot Weakness"],"picked":"Power Through","floor":14},{"not_picked":["Exhume","Double Tap"],"picked":"Offering","floor":16},{"not_picked":["Body Slam","Sword Boomerang"],"picked":"Battle Trance","floor":18},{"not_picked":["Perfected Strike","True Grit"],"picked":"Body Slam+1","floor":19},{"not_picked":["Warcry","Battle Trance","Perfected Strike"],"picked":"SKIP","floor":22},{"not_picked":["Ghostly Armor+1","Pommel Strike"],"picked":"Impervious","floor":23},{"not_picked":["Armaments","Perfected Strike"],"picked":"Fire Breathing","floor":25},{"not_picked":["Burning Pact+1","Dropkick","Sword Boomerang"],"picked":"SKIP","floor":28},{"not_picked":["Clash","Berserk","Pommel Strike+1"],"picked":"SKIP","floor":31},{"not_picked":["Exhume","Offering"],"picked":"Demon Form","floor":33},{"not_picked":["Second Wind","Armaments"],"picked":"Havoc+1","floor":35},{"not_picked":["Clash","Anger"],"picked":"Shrug It Off+1","floor":36},{"not_picked":["Warcry","Sword Boomerang","Anger"],"picked":"SKIP","floor":39},{"not_picked":["Thunderclap","Brutality"],"picked":"Second Wind","floor":41},{"not_picked":["Anger","Flex","Sword Boomerang"],"picked":"SKIP","floor":44},{"not_picked":["Metallicize","Demon Form"],"picked":"Armaments+1","floor":45},{"not_picked":["Immolate","Havoc","Carnage+1"],"picked":"SKIP","floor":48},{"not_picked":["Cleave+1","Warcry","Rampage"],"picked":"SKIP","floor":54}],"player_experience":359528,"relics_obtained":[{"floor":6,"key":"Thread and Needle"},{"floor":8,"key":"Pear"},{"floor":9,"key":"Dead Branch"},{"floor":14,"key":"WingedGreaves"},{"floor":23,"key":"PreservedInsect"},{"floor":25,"key":"Art of War"},{"floor":26,"key":"Omamori"},{"floor":36,"key":"Bird Faced Urn"},{"floor":41,"key":"Paper Frog"},{"floor":41,"key":"Centennial Puzzle"},{"floor":45,"key":"Self Forming Clay"},{"floor":45,"key":"Juzu Bracelet"},{"floor":48,"key":"Whetstone"},{"floor":48,"key":"Pen Nib"},{"floor":54,"key":"Bottled Lightning"},{"floor":54,"key":"HornCleat"}],"event_choices":[{"damage_healed":0,"gold_gain":0,"player_choice":"Ignored","damage_taken":0,"max_hp_gain":0,"max_hp_loss":0,"event_name":"Liars Game","floor":2,"gold_loss":0},{"damage_healed":0,"gold_gain":0,"player_choice":"Success","damage_taken":18,"relics_obtained":["StoneCalendar"],"max_hp_gain":0,"max_hp_loss":0,"event_name":"Scrap Ooze","floor":3,"gold_loss":0},{"damage_healed":0,"gold_gain":75,"player_choice":"Gather Gold","damage_taken":11,"max_hp_gain":0,"max_hp_loss":0,"event_name":"World of Goop","floor":5,"gold_loss":0},{"damage_healed":0,"gold_gain":0,"player_choice":"Trade","damage_taken":0,"relics_obtained":["FaceOfCleric"],"max_hp_gain":0,"max_hp_loss":0,"event_name":"FaceTrader","floor":20,"gold_loss":0},{"damage_healed":0,"gold_gain":0,"player_choice":"Fight","damage_taken":0,"max_hp_gain":0,"max_hp_loss":0,"event_name":"Mysterious Sphere","floor":36,"gold_loss":0},{"damage_healed":0,"gold_gain":0,"player_choice":"Upgraded","damage_taken":0,"max_hp_gain":0,"max_hp_loss":0,"event_name":"Upgrade Shrine","floor":37,"gold_loss":0,"cards_upgraded":["Demon Form"]}],"is_beta":false,"boss_relics":[{"not_picked":["SacredBark","Black Blood"],"picked":"Velvet Choker"},{"not_picked":["SlaversCollar","Tiny House"],"picked":"Black Star"}],"items_purged_floors":[10,21,38,47],"is_endless":false,"potions_floor_spawned":[4,11,14,19,22,28,35,44,45,48],"ascension_level":17}}