{"host":"gk9qdtkqd8dwfeg2","time":1611919467,"event":{"mods":["Aspiration","BaseMod","Colored Powertips","Downfall","Minty Spire (QoL Compilation)","Quick Restart","Shop Mod","StSLib","TestMod","Waifu the Spire","WarShipGirlsR/战舰少女R mod"],"gold_per_floor":[217,229,179,193,46,78,98,129,129,158,158,158,158,158,158,258,258,273,273,55,67,82,117,63,162,162,178,194,194,220,220,220],"floor_reached":31,"language":"ZHS","playtime":1508,"items_purged":["rmod:defend","rmod:defend"],"score":293,"play_id":"21095d82-8c97-4f3d-b87a-a36c3ed38568","local_time":"20210129192427","is_ascension_mode":false,"campfire_choices":[{"floor":11.0,"key":"REST"},{"data":"rmod:supportaircraftcarrier","floor":15.0,"key":"SMITH"},{"data":"Discovery","floor":29.0,"key":"SMITH"}],"circlet_count":0,"master_deck":["rmod:strick","rmod:strick","rmod:defend","rmod:defend","rmod:basicallowance","rmod:maingunfire","rmod:intelligenceanalysis","rmod:maintain","rmod:punchline","rmod:firesupport","rmod:fletcherpendant","rmod:mineteam","rmod:supportaircraftcarrier+1","rmod:highspeedmaneuver","rmod:fuelsupply","rmod:goodsister","rmod:victimresponsibility","rmod:ring+1","rmod:circuitoustactics+1","rmod:fuelsupply+1","rmod:secretscript","rmod:smokecover","Discovery+1","rmod:diamondstrike+1","rmod:goodfighter"],"relics":["testmod-TestBox","testmod-Muramasa","MerchantsRug","aspiration:StickyExplosives","testmod-CasingShield","Pantograph","Happy Flower","rmod:mogul","Juzu Bracelet","testmod-RealStoneCalender"],"acts_visited":["Exordium","TheCity"],"potions_floor_usage":[31,31],"damage_taken":[{"damage":3.0,"enemies":"Small Slimes","floor":1.0,"turns":3.0},{"damage":2.0,"enemies":"Jaw Worm","floor":2.0,"turns":3.0},{"damage":0.0,"enemies":"2 Louse","floor":4.0,"turns":2.0},{"damage":21.0,"enemies":"Lagavulin","floor":6.0,"turns":7.0},{"damage":0.0,"enemies":"Blue Slaver","floor":7.0,"turns":4.0},{"damage":11.0,"enemies":"Gremlin Nob","floor":8.0,"turns":3.0},{"damage":12.0,"enemies":"3 Sentries","floor":10.0,"turns":6.0},{"damage":9.0,"enemies":"Slime Boss","floor":16.0,"turns":7.0},{"damage":10.0,"enemies":"3 Byrds","floor":18.0,"turns":5.0},{"damage":7.0,"enemies":"Spheric Guardian","floor":21.0,"turns":4.0},{"damage":0.0,"enemies":"Snake Plant","floor":22.0,"turns":5.0},{"damage":18.0,"enemies":"Book of Stabbing","floor":23.0,"turns":9.0},{"damage":4.0,"enemies":"Snecko","floor":27.0,"turns":7.0},{"damage":12.0,"enemies":"Centurion and Healer","floor":28.0,"turns":7.0},{"damage":26.0,"enemies":"Slavers","floor":30.0,"turns":4.0},{"damage":6,"enemies":"Shelled Parasite and Fungi","floor":31,"turns":3}],"seed_played":"-530456816003936666","potions_obtained":[{"floor":4.0,"key":"DistilledChaos"},{"floor":16.0,"key":"SpeedPotion"},{"floor":27.0,"key":"testmod-SpacePotion"},{"floor":28.0,"key":"bronze:BurnAndBuffPotion"}],"is_trial":false,"path_per_floor":["M","M","?","M","$","E","M","E","T","E","R","?","?","?","R","B",null,"M","?","$","M","M","E","$","?","T","M","M","R","E","M"],"character_chosen":"PRAEFECT","items_purchased":["MerchantsRug","Orrery","Discovery"],"campfire_rested":1,"item_purchase_floors":[5,20,24],"current_hp_per_floor":[72,70,70,70,70,49,49,38,38,26,48,45,45,50,50,66,80,70,70,70,63,71,54,54,54,54,50,38,38,12,6,6],"gold":220,"neow_bonus":"HUNDRED_GOLD","is_daily":false,"chose_seed":false,"campfire_upgraded":2,"win_rate":0.0,"timestamp":1611919467,"path_taken":["M","M","?","M","$","E","M","E","T","E","R","?","?","?","R","BOSS","M","?","$","M","M","E","$","?","T","M","M","R","E","M"],"items_purchased_type":["Relic","Relic","Card"],"build_version":"2020-12-22","purchased_purges":2,"victory":false,"max_hp_per_floor":[75,75,75,75,75,75,75,75,75,75,75,75,75,80,80,80,80,80,80,80,80,80,80,80,80,80,80,80,80,80,80,80],"card_choices":[{"not_picked":["rmod:circuitoustactics","rmod:sl"],"picked":"rmod:intelligenceanalysis","floor":1.0},{"not_picked":["rmod:ammunitionsupply","rmod:aluminumsupply"],"picked":"rmod:maintain","floor":2.0},{"not_picked":["rmod:gendarmerie","rmod:maintain"],"picked":"rmod:punchline","floor":4.0},{"not_picked":["rmod:lonelyqueen","rmod:fletcherpendant"],"picked":"rmod:firesupport","floor":6.0},{"not_picked":["rmod:fuelsupply","rmod:firesupport"],"picked":"rmod:fletcherpendant","floor":7.0},{"not_picked":["rmod:launchingtorpedo","rmod:supportescort"],"picked":"rmod:mineteam","floor":8.0},{"not_picked":["rmod:aviationdawn","rmod:sl"],"picked":"rmod:supportaircraftcarrier","floor":10.0},{"not_picked":["rmod:supriseattacks","rmod:abidefaith"],"picked":"rmod:highspeedmaneuver","floor":16.0},{"not_picked":["rmod:intelligenceanalysis","rmod:supportescort+1"],"picked":"rmod:fuelsupply","floor":18.0},{"not_picked":["rmod:wolves","rmod:aluminumsupply"],"picked":"rmod:goodsister","floor":20.0},{"not_picked":["rmod:spoils","rmod:luckystar+1"],"picked":"rmod:victimresponsibility","floor":20.0},{"not_picked":["rmod:steelsupply+1","rmod:aviationdawn+1"],"picked":"rmod:ring+1","floor":20.0},{"not_picked":["rmod:robin","rmod:diamondstrike"],"picked":"rmod:circuitoustactics+1","floor":20.0},{"not_picked":["rmod:fletcherpendant","rmod:lonelyqueen+1"],"picked":"rmod:fuelsupply+1","floor":21.0},{"not_picked":["rmod:firesupport","rmod:intelligenceanalysis+1"],"picked":"rmod:secretscript","floor":22.0},{"not_picked":["rmod:circuitoustactics","rmod:unsinkable"],"picked":"rmod:smokecover","floor":23.0},{"not_picked":["rmod:steelsupply+1","rmod:luckystar"],"picked":"rmod:diamondstrike+1","floor":27.0},{"not_picked":["rmod:fletcherpendant","rmod:diamondstrike"],"picked":"rmod:goodfighter","floor":28.0},{"not_picked":["rmod:sl","rmod:spoils+1","rmod:intelligenceanalysis"],"picked":"SKIP","floor":30.0}],"player_experience":747469,"relics_obtained":[{"floor":6.0,"key":"aspiration:StickyExplosives"},{"floor":8.0,"key":"testmod-CasingShield"},{"floor":9.0,"key":"Pantograph"},{"floor":10.0,"key":"Bottled Flame"},{"floor":23.0,"key":"aspiration:Nostalgia"},{"floor":30.0,"key":"testmod-RealStoneCalender"}],"event_choices":[{"cards_removed":["rmod:strick"],"damage_healed":0.0,"max_hp_gain":0.0,"max_hp_loss":0.0,"gold_gain":0.0,"event_name":"The Cleric","player_choice":"Card Removal","floor":3.0,"gold_loss":50.0,"damage_taken":0.0},{"damage_healed":0.0,"max_hp_gain":0.0,"max_hp_loss":0.0,"gold_gain":0.0,"event_name":"Scrap Ooze","player_choice":"Success","floor":12.0,"gold_loss":0.0,"damage_taken":3.0,"relics_obtained":["Happy Flower"]},{"cards_removed":["rmod:strick"],"damage_healed":0.0,"max_hp_gain":0.0,"max_hp_loss":0.0,"gold_gain":0.0,"event_name":"Living Wall","player_choice":"Forget","floor":13.0,"gold_loss":0.0,"damage_taken":0.0},{"damage_healed":0.0,"max_hp_gain":5.0,"max_hp_loss":0.0,"gold_gain":0.0,"event_name":"Big Fish","player_choice":"Donut","floor":14.0,"gold_loss":0.0,"damage_taken":0.0},{"damage_healed":0.0,"max_hp_gain":0.0,"max_hp_loss":0.0,"gold_gain":0.0,"event_name":"给自己的盒子","player_choice":"Swap Relic","floor":19.0,"relics_lost":["Bottled Flame"],"gold_loss":0.0,"damage_taken":0.0,"relics_obtained":["Juzu Bracelet"]},{"damage_healed":0.0,"max_hp_gain":0.0,"max_hp_loss":0.0,"gold_gain":99.0,"event_name":"Nest","player_choice":"Stole From Cult","floor":25.0,"gold_loss":0.0,"damage_taken":0.0}],"is_beta":false,"boss_relics":[{"not_picked":["testmod-KeyOfTheVoid","SacredBark"],"picked":"rmod:mogul"}],"items_purged_floors":[20,24],"is_endless":false,"potions_floor_spawned":[4,16,27,28],"killed_by":"Shelled Parasite and Fungi","ascension_level":0}}