{"host":"Penguin","time":1611956329,"event":{"mods":["BaseMod","Colored Map","Colored Powertips","Downfall","Minty Spire (QoL Compilation)","Relic Stats","StSLib","Synergy Search","Unceasing Turn Reminder"],"gold_per_floor":[199,210,226,59,78,89,89,102,127,141,156,456,531,541,560,662,662,662,672,683,683,701,701,701,701],"floor_reached":23,"language":"ENG","playtime":1715,"items_purged":["hexamod:Strike"],"score":199,"play_id":"4f95dc4f-2f90-459c-bb1c-fd34c918ac5d","local_time":"20210129223849","is_ascension_mode":false,"campfire_choices":[{"data":"hexamod:Float","floor":1.0,"key":"SMITH"},{"floor":18,"key":"RECALL"}],"circlet_count":0,"master_deck":["hexamod:Strike","hexamod:Strike","hexamod:Strike","hexamod:Defend","hexamod:Defend","hexamod:Defend","hexamod:Defend","hexamod:Sear","hexamod:Float+1","hexamod:Incineration","hexamod:FastForward","hexamod:EmpoweredFlame","hexamod:ForkedFlame","hexamod:ExtraCrispy","hexamod:GhostflameBarrier","hexamod:HeatMetal","hexamod:TimeOfNeed","hexamod:SoulSteal+1"],"relics":["hexamod:SpiritBrand","Question Card","Empty Cage","downfall:KnowingSkull"],"acts_visited":["Exordium","TheCity"],"potions_floor_usage":[23],"damage_taken":[{"damage":2.0,"enemies":"2 Louse","floor":2.0,"turns":2.0},{"damage":1.0,"enemies":"Jaw Worm","floor":3.0,"turns":3.0},{"damage":0.0,"enemies":"downfall:FleeingMerchant","floor":4.0,"turns":4.0},{"damage":0.0,"enemies":"Cultist","floor":5.0,"turns":4.0},{"damage":3.0,"enemies":"Gremlin Gang","floor":6.0,"turns":4.0},{"damage":6.0,"enemies":"Lots of Slimes","floor":8.0,"turns":4.0},{"damage":8.0,"enemies":"3 Sentries","floor":9.0,"turns":6.0},{"damage":1.0,"enemies":"Large Slime","floor":10.0,"turns":3.0},{"damage":2.0,"enemies":"Blue Slaver","floor":11.0,"turns":3.0},{"damage":6,"enemies":"3 Louse","floor":14,"turns":4},{"damage":7,"enemies":"Exordium Thugs","floor":15,"turns":6},{"damage":25,"enemies":"SI_SHIV_ARCHETYPE","floor":16,"turns":10},{"damage":14,"enemies":"Chosen","floor":19,"turns":7},{"damage":25,"enemies":"3 Byrds","floor":20,"turns":4},{"damage":21,"enemies":"Centurion and Healer","floor":22,"turns":9},{"damage":3,"enemies":"Snake Plant","floor":23,"turns":2}],"seed_played":"-3911111516403100841","potions_obtained":[{"floor":3.0,"key":"Block Potion"},{"floor":5.0,"key":"hexamod:DoubleChargePotion"},{"floor":6.0,"key":"sneckomod:MuddlingPotion"},{"floor":9.0,"key":"Strength Potion"}],"is_trial":false,"path_per_floor":["R","M","M","$","M","M","T","M","E","M","M","?","?","M","M","B",null,"R","M","M","?","M","M"],"character_chosen":"THE_SPIRIT","items_purchased":["hexamod:EmpoweredFlame"],"campfire_rested":0,"item_purchase_floors":[4],"current_hp_per_floor":[70,68,67,67,67,64,64,58,50,49,47,47,47,41,34,9,70,70,56,31,24,3,0,0,0],"gold":701,"neow_bonus":"HUNDRED_GOLD","is_daily":false,"chose_seed":false,"campfire_upgraded":1,"win_rate":0.0,"timestamp":1611956329,"path_taken":["R","M","M","$","M","M","T","M","E","M","M","?","?","M","M","BOSS","R","M","M","?","M","?"],"items_purchased_type":["Card"],"build_version":"2020-12-18","purchased_purges":1,"victory":false,"max_hp_per_floor":[70,70,70,70,70,70,70,70,70,70,70,70,70,70,70,70,70,70,70,70,70,70,70,70,70],"relic_stats":{"counters":[16,75],"Question Card":8,"obtain_stats":[{"downfall:KnowingSkull":21,"Question Card":9,"Empty Cage":17,"hexamod:SpiritBrand":0},{"downfall:KnowingSkull":14,"Question Card":7,"Empty Cage":12,"hexamod:SpiritBrand":0},{"downfall:KnowingSkull":64,"Question Card":27,"Empty Cage":53,"hexamod:SpiritBrand":0}]},"card_choices":[{"not_picked":["hexamod:BacktrackSmack","hexamod:NightmareGuise","hexamod:AdvancingGuard"],"picked":"SKIP","floor":2.0},{"not_picked":["hexamod:FourthSeal","hexamod:SecondSeal"],"picked":"hexamod:Incineration","floor":3.0},{"not_picked":["hexamod:SecondSeal","hexamod:GhostflameBarrier"],"picked":"hexamod:FastForward","floor":4.0},{"not_picked":["hexamod:NightmareGuise","hexamod:Hexaguard","hexamod:RainOfEmbers"],"picked":"SKIP","floor":5.0},{"not_picked":["hexamod:Hexaguard","hexamod:SpectralSpark"],"picked":"hexamod:ForkedFlame","floor":6.0},{"not_picked":["hexamod:GhostLash","hexamod:ThirdSeal"],"picked":"hexamod:ExtraCrispy","floor":8.0},{"not_picked":["hexamod:NightmareStrike","hexamod:Hexaguard","hexamod:GhostShield"],"picked":"SKIP","floor":9.0},{"not_picked":["hexamod:GhostLash","hexamod:GhostflameBarrier","hexamod:GhostShield","hexamod:ShieldOfDarkness"],"picked":"SKIP","floor":10.0},{"not_picked":["hexamod:GhostLash","hexamod:GhostShield","hexamod:ShieldOfDarkness"],"picked":"hexamod:GhostflameBarrier","floor":10.0},{"not_picked":["hexamod:NightmareGuise","hexamod:HeatShield","hexamod:InspiringFlames"],"picked":"hexamod:HeatMetal","floor":11.0},{"not_picked":["hexamod:SecondSeal","hexamod:BurningTouch","hexamod:SuperheatedStrike","hexamod:HeatMetal"],"picked":"SKIP","floor":14},{"not_picked":["hexamod:ThermalTransfer","hexamod:BacktrackSmack","hexamod:Incineration","hexamod:HauntingEcho"],"picked":"SKIP","floor":15},{"not_picked":["hexamod:Toasty","hexamod:TurnItUp","hexamod:UnleashSpirits"],"picked":"hexamod:TimeOfNeed","floor":16},{"not_picked":["hexamod:EmpoweredFlame","hexamod:FastForward","hexamod:FourthSeal"],"picked":"hexamod:SoulSteal+1","floor":19},{"not_picked":["hexamod:RetreatToShadows","hexamod:Firestarter","hexamod:ExtraCrispy","hexamod:AdvancingGuard"],"picked":"SKIP","floor":20},{"not_picked":["hexamod:BacktrackSmack","hexamod:NightmareStrike","hexamod:GhostLash","hexamod:SuperheatedStrike"],"picked":"SKIP","floor":22}],"player_experience":356057,"relics_obtained":[{"floor":9.0,"key":"Question Card"}],"event_choices":[],"is_beta":true,"boss_relics":[{"not_picked":["Runic Pyramid","Calling Bell"],"picked":"Empty Cage"}],"items_purged_floors":[4],"is_endless":false,"potions_floor_spawned":[3,5,6,9,14,15,19,20],"killed_by":"Snake Plant","ascension_level":0}}