{"host":"xv6tnu9e6lzjd13s","time":1611878790,"event":{"mods":["BaseMod","Colored Powertips","Downfall","Googly Eyes","Hermit","Minty Spire (QoL Compilation)","StSLib","The Animator","The Cursed","The Servant 0.9.4"],"gold_per_floor":[118,128,203,203,41,41,41,65,65,76,93,73,90,122,122,224,249,267,128,158,173,183,183,183,233,283,283,295,305,305,371,383,507,544,571,611,645,744,760,760],"floor_reached":39,"language":"ENG","playtime":3936,"items_purged":[],"score":523,"play_id":"0ec03c9e-4edd-469c-ad72-b9092e40df42","local_time":"20210128170630","is_ascension_mode":false,"campfire_choices":[{"data":"animator:Kira","floor":6,"key":"SMITH"},{"data":"animator:Aqua","floor":15,"key":"SMITH"},{"floor":23,"key":"REST"},{"floor":27,"key":"REST"},{"floor":30,"key":"REST"},{"floor":32,"key":"REST"}],"circlet_count":0,"master_deck":["animator:Strike_Konosuba","animator:Defend_Konosuba","animator:Strike","animator:Strike","animator:Strike","animator:Defend","animator:Defend","animator:Kazuma+1","animator:Aqua+1","animator:Kira+1","animator:Kazuma","animator:Kazuma","animator:PandorasActor","animator:Gilgamesh+6","animator:QuestionMark","animator:Vanir","animator:Darkness+1","animator:Kazuma+1","animator:Verdia","animator:Kazuma","animator:Chris","animator:Rimuru","animator:Kazuma+1","animator:Megumin+2","animator:Verdia+1"],"relics":["animator:LivingPicture","animator:TheMissingPiece","NeowsBlessing","animator:WornHelmet","MealTicket","animator:HolyGrailRelic","Strawberry","Oddly Smooth Stone","MawBank","Mark of Pain","Torii"],"acts_visited":["Exordium","TheCity","TheBeyond"],"potions_floor_usage":[16,25,33,33,33,39,39],"damage_taken":[{"damage":0,"enemies":"Small Slimes","floor":1,"turns":1},{"damage":0,"enemies":"Jaw Worm","floor":2,"turns":1},{"damage":0,"enemies":"2 Louse","floor":10,"turns":1},{"damage":0,"enemies":"Looter","floor":11,"turns":3},{"damage":0,"enemies":"Blue Slaver","floor":13,"turns":9},{"damage":0,"enemies":"3 Sentries","floor":14,"turns":12},{"damage":26,"enemies":"Hexaghost","floor":16,"turns":7},{"damage":1,"enemies":"Chosen","floor":18,"turns":4},{"damage":17,"enemies":"Shell Parasite","floor":20,"turns":5},{"damage":17,"enemies":"Snecko","floor":21,"turns":5},{"damage":9,"enemies":"Snake Plant","floor":22,"turns":6},{"damage":60,"enemies":"Slavers","floor":25,"turns":12},{"damage":6,"enemies":"Sentry and Sphere","floor":28,"turns":3},{"damage":1,"enemies":"Shelled Parasite and Fungi","floor":29,"turns":6},{"damage":40,"enemies":"Gremlin Leader","floor":31,"turns":6},{"damage":5,"enemies":"Automaton","floor":33,"turns":7},{"damage":7,"enemies":"3 Darklings","floor":35,"turns":4},{"damage":0,"enemies":"Orb Walker","floor":36,"turns":6},{"damage":8,"enemies":"Maw","floor":37,"turns":7},{"damage":4,"enemies":"Mind Bloom Boss Battle","floor":38,"turns":7},{"damage":77,"enemies":"2 Orb Walkers","floor":39,"turns":5}],"seed_played":"329283603976883599","potions_obtained":[{"floor":10,"key":"DuplicationPotion"},{"floor":11,"key":"Strength Potion"},{"floor":12,"key":"SteroidPotion"},{"floor":14,"key":"sneckomod:MuddlingPotion"},{"floor":18,"key":"LiquidBronze"},{"floor":28,"key":"EssenceOfSteel"},{"floor":31,"key":"BlessingOfTheForge"},{"floor":33,"key":"BlessingOfTheForge"},{"floor":35,"key":"Swift Potion"},{"floor":36,"key":"champ:CounterPotion"}],"is_trial":false,"path_per_floor":["M","M","?","?","$","R","?","T","T","M","M","?","M","E","R","B",null,"M","$","M","M","M","R","?","E","T","R","M","M","R","E","R","B",null,"M","M","M","?","?"],"character_chosen":"THE_ANIMATOR","items_purchased":["animator:Kira","animator:QuestionMark","animator:Vanir"],"campfire_rested":4,"item_purchase_floors":[5,19,19],"current_hp_per_floor":[66,66,55,48,48,48,48,48,48,48,50,50,52,54,54,31,74,75,76,64,52,47,70,70,20,20,44,41,45,69,32,55,53,76,71,75,65,65,0,0],"gold":760,"neow_bonus":"THREE_ENEMY_KILL","is_daily":false,"chose_seed":false,"campfire_upgraded":2,"win_rate":0.0,"timestamp":1611878790,"path_taken":["M","M","?","?","$","R","?","?","T","?","M","?","?","E","R","BOSS","M","$","M","M","M","R","?","E","T","R","M","?","R","E","R","BOSS","M","M","M","?","?"],"items_purchased_type":["Card","Card","Card"],"build_version":"2020-12-22","purchased_purges":0,"victory":false,"max_hp_per_floor":[66,66,66,66,66,66,66,66,66,66,66,66,66,66,66,66,74,76,76,78,80,78,78,78,82,82,82,79,81,81,78,78,76,76,78,76,73,69,66,66],"card_choices":[{"not_picked":["animator:Berserker","animator:Vesta","animator:TukaLunaMarceau"],"picked":"SKIP","floor":1},{"not_picked":["animator:Millim","animator:SilverFang","animator:Shion"],"picked":"SKIP","floor":2},{"not_picked":["animator:Cocytus","animator:Evileye"],"picked":"animator:Kazuma","floor":10},{"not_picked":["animator:Mitsurugi","animator:Vanir"],"picked":"animator:Kazuma","floor":11},{"not_picked":["animator:MamiTomoe","animator:Kuribayashi","animator:Tatsumaki"],"picked":"SKIP","floor":13},{"not_picked":["animator:Alexander","animator:Kyubey"],"picked":"animator:PandorasActor","floor":14},{"not_picked":["animator:Albedo","animator:PinaCoLada"],"picked":"animator:Gilgamesh","floor":16},{"not_picked":["animator:Berserker","animator:SilverFang+1","animator:Demiurge"],"picked":"SKIP","floor":18},{"not_picked":["animator:Mitsurugi","animator:Verdia"],"picked":"animator:Darkness","floor":20},{"not_picked":["animator:ShinjiMatou+1","animator:SilverFang"],"picked":"animator:Kazuma+1","floor":21},{"not_picked":["animator:RoryMercury","animator:Kuribayashi"],"picked":"animator:Verdia","floor":22},{"not_picked":["animator:Bozes","animator:YaoHaDucy","animator:Demiurge"],"picked":"SKIP","floor":25},{"not_picked":["animator:Geryuganshoop","animator:Shizu"],"picked":"animator:Kazuma","floor":29},{"not_picked":["animator:Souei+1","animator:OrikoMikuni+1"],"picked":"animator:Chris","floor":31},{"not_picked":["animator:Albedo","animator:Kyubey"],"picked":"animator:Rimuru","floor":33},{"not_picked":["animator:Sonic","animator:TukaLunaMarceau+1"],"picked":"animator:Kazuma+1","floor":35},{"not_picked":["animator:Verdia","animator:Kazuma"],"picked":"animator:Megumin","floor":36},{"not_picked":["animator:PandorasActor","animator:IrohaTamaki+1","animator:Shion"],"picked":"SKIP","floor":37},{"not_picked":["animator:TukaLunaMarceau","animator:Evileye"],"picked":"animator:Verdia+1","floor":38}],"player_experience":81838,"relics_obtained":[{"floor":8,"key":"animator:WornHelmet"},{"floor":14,"key":"MealTicket"},{"floor":25,"key":"Strawberry"},{"floor":26,"key":"Oddly Smooth Stone"},{"floor":31,"key":"MawBank"},{"floor":38,"key":"Torii"}],"event_choices":[{"damage_healed":0,"gold_gain":75,"player_choice":"Gather Gold","damage_taken":11,"max_hp_gain":0,"max_hp_loss":0,"event_name":"World of Goop","floor":3,"gold_loss":0},{"cards_removed":["animator:Defend"],"damage_healed":0,"gold_gain":0,"player_choice":"Card Removal","damage_taken":7,"max_hp_gain":0,"max_hp_loss":0,"event_name":"Golden Wing","floor":4,"gold_loss":0},{"damage_healed":0,"gold_gain":0,"player_choice":"Grow","damage_taken":0,"max_hp_gain":0,"max_hp_loss":0,"event_name":"Living Wall","floor":7,"gold_loss":0,"cards_upgraded":["animator:Kazuma"]},{"damage_healed":0,"gold_gain":0,"player_choice":"Bought 1 Potion","damage_taken":0,"max_hp_gain":0,"max_hp_loss":0,"event_name":"The Woman in Blue","floor":12,"gold_loss":0},{"damage_healed":0,"gold_gain":0,"player_choice":"Forge","damage_taken":0,"max_hp_gain":0,"max_hp_loss":0,"event_name":"Accursed Blacksmith","floor":24,"gold_loss":0,"cards_upgraded":["animator:Darkness"]},{"damage_healed":0,"gold_gain":0,"player_choice":"Fight","damage_taken":0,"max_hp_gain":0,"max_hp_loss":0,"event_name":"MindBloom","floor":38,"gold_loss":0},{"damage_healed":0,"gold_gain":0,"player_choice":"Fight","damage_taken":0,"max_hp_gain":0,"max_hp_loss":0,"event_name":"Mysterious Sphere","floor":39,"gold_loss":0}],"is_beta":false,"boss_relics":[{"not_picked":["animator:CursedBlade","Cursed Key"],"picked":"animator:HolyGrailRelic"},{"not_picked":["SacredBark","Coffee Dripper"],"picked":"Mark of Pain"}],"items_purged_floors":[],"is_endless":false,"potions_floor_spawned":[10,11,14,18,28,31,33,35,36],"killed_by":"2 Orb Walkers","ascension_level":0}}