{"host":"johnydays","time":1611917356,"event":{"mods":["BaseMod","Bestiary","Block Reminder","Colored Map","Colored Powertips","DeckTracker","Highlight Path","Minty Spire (QoL Compilation)","Relic Stats","Slay-I","StSLib","SuperFastMode"],"gold_per_floor":[118,118,193,210,39,71,71,96,96,96,109,144,174,203,203,301,301,318,76,76,87,87,121,121,156,194,206,317,364,387,433,445,561,573,603,670,700,366,383,408,408,435,461,492,65,65,24,24,24,24,24],"floor_reached":50,"language":"ENG","playtime":2889,"items_purged":["Decay","Tactician"],"score":1098,"play_id":"8d0a4ab2-f4d8-4233-85b0-88f164ee02d2","local_time":"20210129104916","is_ascension_mode":true,"campfire_choices":[{"floor":7.0,"key":"REST"},{"data":"Acrobatics","floor":15.0,"key":"SMITH"},{"data":"Wraith Form v2","floor":24.0,"key":"SMITH"},{"data":"Phantasmal Killer","floor":27.0,"key":"SMITH"},{"floor":32.0,"key":"REST"},{"floor":46,"key":"REST"},{"floor":49,"key":"RECALL"}],"circlet_count":0,"master_deck":["AscendersBane","Strike_G+1","Strike_G+1","Strike_G+1","Strike_G+1","Strike_G+1","Defend_G+1","Defend_G+1","Defend_G+1","Defend_G+1","Survivor","Neutralize","Crippling Poison","Backstab","Flash of Steel","Dash","Acrobatics+1","Slice","Blade Dance","Skewer","Leg Sweep","Phantasmal Killer+1","Blade Dance","Panache","Cloak And Dagger","Acrobatics","Wraith Form v2+1","Quick Slash+1","Backflip+1","Wraith Form v2","Night Terror","Terror","Dodge and Roll","Well Laid Plans","Reflex","Backstab+1","Blade Dance+1","Crippling Poison+1","Blur+1","Accuracy","Panache","Well Laid Plans"],"relics":["HoveringKite","Shuriken","Centennial Puzzle","Question Card","Mango","Odd Mushroom","Nunchaku","Philosopher\u0027s Stone","Strawberry","MawBank","Pen Nib","Ancient Tea Set","Snake Skull","Black Star","Lizard Tail","Membership Card","Blood Vial","Dream Catcher","Potion Belt","Vajra","Orichalcum","Oddly Smooth Stone","Toy Ornithopter","Pantograph","Mummified Hand","Ninja Scroll"],"acts_visited":["Exordium","TheCity","TheBeyond"],"potions_floor_usage":[37,40,50],"damage_taken":[{"damage":6.0,"enemies":"Jaw Worm","floor":1.0,"turns":6.0},{"damage":10.0,"enemies":"2 Louse","floor":4.0,"turns":3.0},{"damage":12.0,"enemies":"Lagavulin","floor":6.0,"turns":6.0},{"damage":19.0,"enemies":"3 Sentries","floor":8.0,"turns":11.0},{"damage":8.0,"enemies":"Small Slimes","floor":11.0,"turns":2.0},{"damage":10.0,"enemies":"Lagavulin","floor":12.0,"turns":5.0},{"damage":3.0,"enemies":"The Mushroom Lair","floor":13.0,"turns":3.0},{"damage":2.0,"enemies":"3 Sentries","floor":14.0,"turns":5.0},{"damage":24.0,"enemies":"The Guardian","floor":16.0,"turns":10.0},{"damage":12.0,"enemies":"2 Thieves","floor":18.0,"turns":3.0},{"damage":16.0,"enemies":"3 Byrds","floor":21.0,"turns":4.0},{"damage":4.0,"enemies":"Book of Stabbing","floor":23.0,"turns":4.0},{"damage":3.0,"enemies":"Slavers","floor":25.0,"turns":6.0},{"damage":3.0,"enemies":"Book of Stabbing","floor":29.0,"turns":4.0},{"damage":8.0,"enemies":"3 Cultists","floor":30.0,"turns":5.0},{"damage":22.0,"enemies":"Slavers","floor":31.0,"turns":5.0},{"damage":16.0,"enemies":"Collector","floor":33.0,"turns":6.0},{"damage":14,"enemies":"3 Shapes","floor":35,"turns":3},{"damage":17,"enemies":"2 Orb Walkers","floor":36,"turns":5},{"damage":3,"enemies":"3 Darklings","floor":37,"turns":4},{"damage":3,"enemies":"Writhing Mass","floor":39,"turns":7},{"damage":12,"enemies":"Giant Head","floor":40,"turns":7},{"damage":53,"enemies":"Reptomancer","floor":42,"turns":6},{"damage":5,"enemies":"Giant Head","floor":44,"turns":7},{"damage":92,"enemies":"Time Eater","floor":50,"turns":9}],"seed_played":"8112299807443132038","potions_obtained":[{"floor":4.0,"key":"FearPotion"},{"floor":8.0,"key":"BlessingOfTheForge"},{"floor":11.0,"key":"Explosive Potion"},{"floor":12.0,"key":"SkillPotion"},{"floor":14.0,"key":"EssenceOfSteel"},{"floor":21.0,"key":"EntropicBrew"},{"floor":23.0,"key":"Ancient Potion"},{"floor":29.0,"key":"FearPotion"},{"floor":33.0,"key":"Regen Potion"},{"floor":36,"key":"Block Potion"},{"floor":37,"key":"Ancient Potion"},{"floor":42,"key":"LiquidBronze"},{"floor":44,"key":"ColorlessPotion"}],"is_trial":false,"path_per_floor":["M","?","?","M","$","E","R","E","T","?","M","E","?","E","R","B",null,"M","$","?","M","?","E","R","E","T","R","?","E","M","E","R","B",null,"M","?","M","$","M","E","?","E","T","E","$","R","$","?","R","B"],"character_chosen":"THE_SILENT","items_purchased":["Flash of Steel","Dash","Panache","Cloak And Dagger","Membership Card","Blood Vial","Dodge and Roll","Well Laid Plans","Reflex","Mummified Hand","Ninja Scroll","Accuracy","Panache","Well Laid Plans"],"campfire_rested":3,"item_purchase_floors":[5,5,19,19,38,38,38,38,38,45,45,45,45,47],"current_hp_per_floor":[57,54,43,33,33,21,42,23,23,46,38,42,39,37,37,13,66,54,54,54,38,38,41,41,38,38,38,38,35,27,5,32,16,72,58,41,38,38,37,42,42,41,41,38,38,63,63,63,63,0,0],"gold":24,"neow_bonus":"BOSS_RELIC","is_daily":false,"chose_seed":false,"campfire_upgraded":3,"win_rate":0.0,"timestamp":1611917356,"path_taken":["M","?","?","M","$","E","R","E","T","?","?","E","?","E","R","BOSS","M","$","?","M","?","E","R","E","T","R","?","E","M","E","R","BOSS","M","?","M","$","M","E","?","E","T","E","$","R","?","?","R","BOSS"],"items_purchased_type":["Card","Card","Card","Card","Relic","Relic","Card","Card","Card","Relic","Relic","Card","Card","Card"],"build_version":"2020-12-18","purchased_purges":2,"victory":false,"max_hp_per_floor":[70,70,70,70,70,70,70,70,70,70,70,84,84,84,84,84,84,84,84,84,84,84,91,91,91,91,91,91,91,91,91,91,91,91,91,91,91,91,91,91,86,86,86,86,86,86,86,86,86,86,86],"relic_stats":{"counters":[25,136],"HoveringKite":[43],"Pen Nib":[22],"Snake Skull":[6],"Orichalcum":[48],"Question Card":21,"MawBank":156,"Blood Vial":8,"Centennial Puzzle":[66],"Nunchaku":[31],"Lizard Tail":43,"Dream Catcher":1,"Shuriken":[92],"Mummified Hand":[9],"Pantograph":23,"Black Star":3,"obtain_stats":[{"HoveringKite":0,"Vajra":42,"Mango":12,"Snake Skull":31,"Ancient Tea Set":29,"Blood Vial":38,"Centennial Puzzle":6,"Nunchaku":14,"Lizard Tail":36,"Dream Catcher":40,"Mummified Hand":45,"Ninja Scroll":45,"Strawberry":23,"Pantograph":44,"Philosopher\u0027s Stone":17,"Ring of the Snake":0,"Potion Belt":40,"Oddly Smooth Stone":43,"Pen Nib":26,"Odd Mushroom":13,"Orichalcum":42,"Question Card":8,"MawBank":25,"Shuriken":2,"Black Star":34,"Membership Card":38,"Toy Ornithopter":44},{"HoveringKite":0,"Vajra":23,"Mango":6,"Snake Skull":16,"Ancient Tea Set":14,"Blood Vial":20,"Centennial Puzzle":3,"Nunchaku":8,"Lizard Tail":19,"Dream Catcher":22,"Mummified Hand":24,"Ninja Scroll":24,"Strawberry":12,"Pantograph":24,"Philosopher\u0027s Stone":9,"Ring of the Snake":0,"Potion Belt":22,"Oddly Smooth Stone":23,"Pen Nib":13,"Odd Mushroom":7,"Orichalcum":23,"Question Card":4,"MawBank":13,"Shuriken":1,"Black Star":17,"Membership Card":20,"Toy Ornithopter":24},{"HoveringKite":0,"Vajra":120,"Mango":33,"Snake Skull":82,"Ancient Tea Set":72,"Blood Vial":100,"Centennial Puzzle":15,"Nunchaku":41,"Lizard Tail":96,"Dream Catcher":114,"Mummified Hand":127,"Ninja Scroll":127,"Strawberry":62,"Pantograph":127,"Philosopher\u0027s Stone":51,"Ring of the Snake":0,"Potion Belt":114,"Oddly Smooth Stone":120,"Pen Nib":68,"Odd Mushroom":36,"Orichalcum":120,"Question Card":26,"MawBank":68,"Shuriken":6,"Black Star":88,"Membership Card":100,"Toy Ornithopter":127}],"Toy Ornithopter":0},"card_choices":[{"not_picked":["PiercingWail","Skewer"],"picked":"Crippling Poison","floor":1.0},{"not_picked":["Poisoned Stab","Catalyst"],"picked":"Backstab","floor":4.0},{"not_picked":["Setup","Finisher","Slice"],"picked":"SKIP","floor":6.0},{"not_picked":["Crippling Poison","Accuracy"],"picked":"Acrobatics","floor":8.0},{"not_picked":["Dodge and Roll","PiercingWail","Deadly Poison"],"picked":"Slice","floor":11.0},{"not_picked":["Escape Plan","Flying Knee","Skewer"],"picked":"Blade Dance","floor":12.0},{"not_picked":["Corpse Explosion","Deadly Poison","Outmaneuver"],"picked":"Skewer","floor":13.0},{"not_picked":["Dagger Throw","Quick Slash","Accuracy"],"picked":"Leg Sweep","floor":14.0},{"not_picked":["Storm of Steel","Bullet Time","Grand Finale"],"picked":"Phantasmal Killer","floor":16.0},{"not_picked":["All Out Attack+1","Riddle With Holes","Poisoned Stab+1"],"picked":"Blade Dance","floor":18.0},{"not_picked":["Infinite Blades+1","Slice","Blade Dance+1"],"picked":"Acrobatics","floor":21.0},{"not_picked":["Expertise","Distraction","Deadly Poison+1"],"picked":"Wraith Form v2","floor":23.0},{"not_picked":["Deadly Poison","Outmaneuver","Cloak And Dagger","Flying Knee+1"],"picked":"SKIP","floor":25.0},{"not_picked":["Endless Agony","Slice","Blade Dance"],"picked":"Quick Slash+1","floor":29.0},{"not_picked":["PiercingWail","Well Laid Plans","Blade Dance"],"picked":"Backflip+1","floor":30.0},{"not_picked":["Quick Slash","Acrobatics","Choke"],"picked":"Wraith Form v2","floor":31.0},{"not_picked":["Burst","Storm of Steel","Glass Knife"],"picked":"Night Terror","floor":33.0},{"not_picked":["Dagger Throw+1","Dash+1","Outmaneuver+1"],"picked":"Terror","floor":35},{"not_picked":["Cloak And Dagger","Sucker Punch+1","Grand Finale"],"picked":"Tactician","floor":37},{"not_picked":["Setup","Blade Dance","Deflect"],"picked":"Backstab+1","floor":39},{"not_picked":["Setup","Footwork+1","Crippling Poison+1"],"picked":"Blade Dance+1","floor":40},{"not_picked":["Dodge and Roll","Flying Knee","Dash"],"picked":"Crippling Poison+1","floor":42},{"not_picked":["Expertise+1","Poisoned Stab+1","Skewer+1"],"picked":"Blur+1","floor":44}],"player_experience":468019,"relics_obtained":[{"floor":6.0,"key":"Centennial Puzzle"},{"floor":8.0,"key":"Question Card"},{"floor":12.0,"key":"Mango"},{"floor":13.0,"key":"Odd Mushroom"},{"floor":14.0,"key":"Nunchaku"},{"floor":23.0,"key":"Strawberry"},{"floor":25.0,"key":"MawBank"},{"floor":26.0,"key":"Pen Nib"},{"floor":29.0,"key":"Ancient Tea Set"},{"floor":31.0,"key":"Snake Skull"},{"floor":36,"key":"Lizard Tail"},{"floor":40,"key":"Dream Catcher"},{"floor":40,"key":"Potion Belt"},{"floor":42,"key":"Vajra"},{"floor":42,"key":"Orichalcum"},{"floor":43,"key":"Oddly Smooth Stone"},{"floor":44,"key":"Toy Ornithopter"},{"floor":44,"key":"Pantograph"}],"event_choices":[{"damage_healed":0.0,"max_hp_gain":0.0,"max_hp_loss":0.0,"gold_gain":0.0,"event_name":"Scrap Ooze","player_choice":"Success","floor":2.0,"gold_loss":0.0,"damage_taken":3.0,"relics_obtained":["Shuriken"]},{"damage_healed":0.0,"max_hp_gain":0.0,"max_hp_loss":0.0,"gold_gain":75.0,"event_name":"World of Goop","player_choice":"Gather Gold","floor":3.0,"gold_loss":0.0,"damage_taken":11.0},{"damage_healed":23.0,"max_hp_gain":0.0,"max_hp_loss":0.0,"gold_gain":0.0,"event_name":"Big Fish","player_choice":"Banana","floor":10.0,"gold_loss":0.0,"damage_taken":0.0},{"damage_healed":0.0,"max_hp_gain":0.0,"max_hp_loss":0.0,"gold_gain":0.0,"event_name":"Mushrooms","player_choice":"Fought Mushrooms","floor":13.0,"gold_loss":0.0,"damage_taken":0.0},{"damage_healed":0.0,"max_hp_gain":0.0,"max_hp_loss":0.0,"gold_gain":0.0,"event_name":"Back to Basics","player_choice":"Simplicity","floor":20.0,"gold_loss":0.0,"damage_taken":0.0,"cards_upgraded":["Strike_G","Strike_G","Strike_G","Strike_G","Strike_G","Defend_G","Defend_G","Defend_G","Defend_G","Defend_G"]},{"damage_healed":0.0,"max_hp_gain":0.0,"max_hp_loss":0.0,"gold_gain":0.0,"event_name":"Forgotten Altar","player_choice":"Smashed Altar","floor":22.0,"gold_loss":0.0,"damage_taken":0.0,"cards_obtained":["Decay"]},{"damage_healed":0.0,"max_hp_gain":0.0,"max_hp_loss":0.0,"gold_gain":99.0,"event_name":"Nest","player_choice":"Stole From Cult","floor":28.0,"gold_loss":0.0,"damage_taken":0.0},{"damage_healed":0,"gold_gain":0,"player_choice":"Fight","damage_taken":0,"max_hp_gain":0,"max_hp_loss":0,"event_name":"Mysterious Sphere","floor":36,"gold_loss":0},{"damage_healed":0,"gold_gain":0,"player_choice":"Max HP","damage_taken":0,"max_hp_gain":0,"max_hp_loss":5,"event_name":"Winding Halls","floor":41,"gold_loss":0},{"cards_removed":["Defend_G"],"damage_healed":0,"gold_gain":0,"player_choice":"Removed Skill","damage_taken":0,"max_hp_gain":0,"max_hp_loss":0,"event_name":"Falling","floor":48,"gold_loss":0}],"is_beta":true,"boss_relics":[{"not_picked":["Fusion Hammer","Velvet Choker"],"picked":"Philosopher\u0027s Stone"},{"not_picked":["Coffee Dripper","Pandora\u0027s Box"],"picked":"Black Star"}],"items_purged_floors":[38,45],"is_endless":false,"potions_floor_spawned":[4,8,11,12,14,21,23,29,33,36,37,42,44],"killed_by":"Time Eater","ascension_level":11}}