{"host":"iph0xvuia0glosgr","time":1611949805,"event":{"mods":["AchievementEnabler","BaseMod","Minty Spire (QoL Compilation)"],"gold_per_floor":[115,128,141,3,20,20,36,36,36,311,323,498,498,526,526,630,630,600,699,717,735,15,15,15,15,15,15,15,25,25,36,36,134,134,153,153,153,169,169,199,199,230,230,256,256,271,283,299,299,299,299,299,48,74,74,74],"floor_reached":55,"language":"ENG","playtime":3766,"items_purged":["Regret","Parasite"],"score":844,"play_id":"641ad38c-3776-46fb-88e1-5a18f44d02eb","local_time":"20210129195005","is_ascension_mode":true,"campfire_choices":[{"floor":6,"key":"RECALL"},{"floor":15,"key":"REST"},{"floor":23,"key":"REST"},{"floor":25,"key":"REST"},{"floor":27,"key":"REST"},{"data":"Infinite Blades","floor":30,"key":"SMITH"},{"floor":32,"key":"REST"},{"data":"Night Terror","floor":41,"key":"SMITH"},{"floor":45,"key":"REST"},{"data":"Accuracy","floor":49,"key":"SMITH"},{"data":"After Image","floor":52,"key":"SMITH"}],"circlet_count":0,"master_deck":["Strike_G","Strike_G","Strike_G","Strike_G","Strike_G","Defend_G","Defend_G","Defend_G","Defend_G","Defend_G","Survivor","Neutralize","Infinite Blades+1","Accuracy+1","Sucker Punch","Blade Dance","Noxious Fumes","Backflip","Flying Knee","Phantasmal Killer","Doubt","PiercingWail","After Image+1","Accuracy+1","Deflect","Infinite Blades+1","Expertise+1","Night Terror+1","Blade Dance","Dramatic Entrance","Slice+1","Endless Agony","Blade Dance+1","Cloak And Dagger+1","Blade Dance+1"],"relics":["Ring of the Snake","Vajra","Omamori","Calling Bell","PreservedInsect","Frozen Egg 2","Torii","Ninja Scroll","Matryoshka","Mummified Hand","WristBlade","Tough Bandages","Pen Nib","Toxic Egg 2","Ornamental Fan","Pantograph","FossilizedHelix"],"acts_visited":["Exordium","TheCity","TheBeyond","TheEnding"],"potions_floor_usage":[3,7,11,14,14,16,21,31,31,33,38,44,50,55,55,55],"damage_taken":[{"damage":6,"enemies":"2 Louse","floor":1,"turns":3},{"damage":1,"enemies":"Cultist","floor":2,"turns":4},{"damage":2,"enemies":"Jaw Worm","floor":3,"turns":4},{"damage":7,"enemies":"Looter","floor":5,"turns":3},{"damage":0,"enemies":"2 Fungi Beasts","floor":7,"turns":3},{"damage":0,"enemies":"Exordium Wildlife","floor":11,"turns":2},{"damage":5,"enemies":"Gremlin Nob","floor":14,"turns":5},{"damage":33,"enemies":"Slime Boss","floor":16,"turns":11},{"damage":26,"enemies":"2 Thieves","floor":18,"turns":5},{"damage":15,"enemies":"Shell Parasite","floor":20,"turns":8},{"damage":26,"enemies":"Snake Plant","floor":21,"turns":7},{"damage":1,"enemies":"3 Cultists","floor":29,"turns":5},{"damage":8,"enemies":"Centurion and Healer","floor":31,"turns":4},{"damage":37,"enemies":"Automaton","floor":33,"turns":8},{"damage":0,"enemies":"Orb Walker","floor":35,"turns":3},{"damage":3,"enemies":"3 Shapes","floor":38,"turns":2},{"damage":1,"enemies":"Nemesis","floor":40,"turns":3},{"damage":2,"enemies":"Giant Head","floor":42,"turns":5},{"damage":25,"enemies":"Nemesis","floor":44,"turns":5},{"damage":0,"enemies":"3 Darklings","floor":46,"turns":2},{"damage":0,"enemies":"Spire Growth","floor":47,"turns":2},{"damage":0,"enemies":"Writhing Mass","floor":48,"turns":5},{"damage":64,"enemies":"Time Eater","floor":50,"turns":6},{"damage":0,"enemies":"Shield and Spear","floor":54,"turns":3},{"damage":77,"enemies":"The Heart","floor":55,"turns":5}],"seed_played":"-4995268214702006928","potions_obtained":[{"floor":0,"key":"SpeedPotion"},{"floor":0,"key":"Block Potion"},{"floor":0,"key":"DistilledChaos"},{"floor":5,"key":"Explosive Potion"},{"floor":7,"key":"EssenceOfSteel"},{"floor":11,"key":"ColorlessPotion"},{"floor":20,"key":"AttackPotion"},{"floor":21,"key":"LiquidMemories"},{"floor":31,"key":"Energy Potion"},{"floor":42,"key":"EssenceOfSteel"},{"floor":44,"key":"Weak Potion"},{"floor":54,"key":"Poison Potion"}],"is_trial":false,"path_per_floor":["M","M","M","$","M","R","M","$","T","?","M","?","?","E","R","B",null,"M","?","M","M","$","R","?","R","T","R","?","M","R","M","R","B",null,"M","?","?","M","?","E","R","E","T","E","R","M","M","M","R","B",null,"R","$","E","B"],"character_chosen":"THE_SILENT","items_purchased":["Blade Dance","Noxious Fumes","Backflip","Ninja Scroll","Regen Potion","EssenceOfSteel","Matryoshka","Blade Dance+1","Block Potion","Fire Potion"],"campfire_rested":6,"item_purchase_floors":[4,4,4,22,22,22,22,53,53,53],"current_hp_per_floor":[64,63,61,61,54,54,54,54,54,54,54,54,54,49,70,37,70,44,44,29,3,3,24,24,45,45,66,66,65,65,57,70,33,70,70,70,65,67,67,66,66,64,64,39,60,60,60,60,60,6,70,70,67,67,0,0],"gold":74,"neow_bonus":"THREE_SMALL_POTIONS","is_daily":false,"chose_seed":false,"campfire_upgraded":4,"win_rate":0.0,"timestamp":1611949805,"path_taken":["M","M","M","$","M","R","M","$","T","?","?","?","?","E","R","BOSS","M","?","M","M","$","R","?","R","T","R","?","?","R","M","R","BOSS","M","?","?","M","?","E","R","E","T","E","R","M","M","?","R","BOSS","R","$","E","BOSS"],"items_purchased_type":["Card","Card","Card","Relic","Potion","Potion","Relic","Card","Potion","Potion"],"build_version":"2020-12-22","purchased_purges":2,"victory":false,"max_hp_per_floor":[70,70,70,70,70,70,70,70,70,70,70,70,70,70,70,70,70,70,70,70,70,70,70,70,70,70,70,70,70,70,70,70,70,70,70,70,70,70,70,70,70,70,70,70,70,70,70,70,70,70,70,70,67,67,67,67],"card_choices":[{"not_picked":["Quick Slash","Acrobatics"],"picked":"Infinite Blades","floor":1},{"not_picked":["Dagger Spray","Dagger Throw"],"picked":"Accuracy","floor":2},{"not_picked":["Dagger Throw","Underhanded Strike"],"picked":"Sucker Punch","floor":3},{"not_picked":["Quick Slash","Deadly Poison"],"picked":"Flying Knee","floor":5},{"not_picked":["Flying Knee","Heel Hook","Dagger Throw"],"picked":"SKIP","floor":7},{"not_picked":["Backflip","Concentrate"],"picked":"Phantasmal Killer","floor":11},{"not_picked":["Well Laid Plans","Dagger Spray"],"picked":"PiercingWail","floor":14},{"not_picked":["Die Die Die","Storm of Steel"],"picked":"After Image","floor":16},{"not_picked":["Masterful Stab","Outmaneuver"],"picked":"Accuracy+1","floor":18},{"not_picked":["Riddle With Holes","Distraction+1"],"picked":"Deflect","floor":20},{"not_picked":["Backflip","Predator","Terror"],"picked":"SKIP","floor":21},{"not_picked":["Sucker Punch","Reflex+1"],"picked":"Infinite Blades+1","floor":29},{"not_picked":["Prepared","Dagger Spray+1"],"picked":"Expertise+1","floor":31},{"not_picked":["Bullet Time","Adrenaline"],"picked":"Night Terror","floor":33},{"not_picked":["Underhanded Strike","Infinite Blades+1"],"picked":"Blade Dance","floor":35},{"not_picked":["Violence","Jack Of All Trades"],"picked":"Dramatic Entrance","floor":37},{"not_picked":["Deflect+1","Prepared"],"picked":"Slice+1","floor":38},{"not_picked":["Calculated Gamble+1","Expertise","Leg Sweep+1"],"picked":"SKIP","floor":40},{"not_picked":["Sucker Punch+1","Acrobatics+1"],"picked":"Endless Agony","floor":42},{"not_picked":["Noxious Fumes+1","Masterful Stab+1","Deflect+1"],"picked":"SKIP","floor":44},{"not_picked":["Cloak And Dagger+1","Backflip+1"],"picked":"Blade Dance+1","floor":46},{"not_picked":["Backflip+1","Terror+1"],"picked":"Cloak And Dagger+1","floor":47},{"not_picked":["Acrobatics+1","Dagger Spray+1","Bouncing Flask+1"],"picked":"SKIP","floor":48},{"not_picked":["Dash","Bouncing Flask+1","Dagger Throw"],"picked":"SKIP","floor":54}],"player_experience":300583,"relics_obtained":[{"floor":9,"key":"Vajra"},{"floor":14,"key":"Omamori"},{"floor":17,"key":"PreservedInsect"},{"floor":17,"key":"Frozen Egg 2"},{"floor":17,"key":"Torii"},{"floor":26,"key":"Mummified Hand"},{"floor":40,"key":"Tough Bandages"},{"floor":42,"key":"Pen Nib"},{"floor":43,"key":"Toxic Egg 2"},{"floor":43,"key":"Ornamental Fan"},{"floor":44,"key":"Pantograph"},{"floor":54,"key":"FossilizedHelix"}],"event_choices":[{"damage_healed":0,"gold_gain":275,"player_choice":"Desecrate","damage_taken":0,"max_hp_gain":0,"max_hp_loss":0,"event_name":"Golden Shrine","floor":10,"gold_loss":0,"cards_obtained":["Regret"]},{"damage_healed":0,"gold_gain":175,"player_choice":"AGREE","damage_taken":0,"max_hp_gain":0,"max_hp_loss":0,"event_name":"Liars Game","floor":12,"gold_loss":0,"cards_obtained":["Doubt"]},{"damage_healed":0,"gold_gain":0,"player_choice":"Ignored","damage_taken":0,"max_hp_gain":0,"max_hp_loss":0,"event_name":"Shining Light","floor":13,"gold_loss":0},{"damage_healed":0,"gold_gain":99,"player_choice":"Stole From Cult","damage_taken":0,"max_hp_gain":0,"max_hp_loss":0,"event_name":"Nest","floor":19,"gold_loss":0},{"damage_healed":0,"gold_gain":0,"player_choice":"Ignored","damage_taken":0,"max_hp_gain":0,"max_hp_loss":0,"event_name":"Vampires","floor":24,"gold_loss":0},{"damage_healed":0,"gold_gain":0,"player_choice":"Smashed Altar","damage_taken":0,"max_hp_gain":0,"max_hp_loss":0,"event_name":"Forgotten Altar","floor":28,"gold_loss":0,"cards_obtained":["Decay"]},{"damage_healed":0,"gold_gain":0,"player_choice":"Ignored","damage_taken":0,"max_hp_gain":0,"max_hp_loss":0,"event_name":"Tomb of Lord Red Mask","floor":36,"gold_loss":0},{"damage_healed":0,"gold_gain":0,"player_choice":"Memory 2","damage_taken":5,"max_hp_gain":0,"max_hp_loss":0,"event_name":"SensoryStone","floor":37,"gold_loss":0},{"damage_healed":0,"gold_gain":0,"player_choice":"Ignored","damage_taken":0,"max_hp_gain":0,"max_hp_loss":0,"event_name":"NoteForYourself","floor":39,"gold_loss":0}],"is_beta":false,"boss_relics":[{"not_picked":["Coffee Dripper","Fusion Hammer"],"picked":"Calling Bell"},{"not_picked":["Snecko Eye","Ring of the Serpent"],"picked":"WristBlade"}],"items_purged_floors":[22,53],"is_endless":false,"potions_floor_spawned":[1,5,7,11,20,21,31,42,44,54],"killed_by":"The Heart","ascension_level":1}}