{"host":"vqd8yewason9t24a","time":1611957235,"event":{"mods":["AchievementEnabler","Act Like it!","Aspiration","BaseMod","Better Match","Better Note","BetterRewards","Block Reminder","Card Forge","Colored Map","Colored Powertips","Conspire","DeckTracker","Downfall","Energized Spire","Friendly Minions","Highlight Path","Hubris","Infinite Spire","Minty Spire (QoL Compilation)","Quick Restart","READ ME - Guardian Mod","Rare Cards Sparkle","Relic Stats","Replay The Spire","Spikes Relics","StSLib","SuperFastMode","Waifu the Spire"],"gold_per_floor":[99,111,121,121,121,121,121,156,170,181,81,98,98,113,129,224,224,124,143,155,155,167,167,167,182,182,209,209,222,138,138,138,138],"floor_reached":31,"language":"ENG","playtime":3570,"items_purged":[],"score":284,"play_id":"890a709f-af67-407d-926a-957bf2002815","local_time":"20210129135355","is_ascension_mode":false,"campfire_choices":[{"floor":1,"key":"RECALL"},{"floor":6,"key":"REST"},{"floor":11,"key":"REST"},{"floor":13,"key":"REST"},{"floor":18,"key":"REST"},{"floor":23,"key":"REST"}],"circlet_count":0,"master_deck":["Guardian:Strike_Guardian+1","Guardian:Strike_Guardian+1","Guardian:Strike_Guardian+1","Guardian:Defend_Guardian+1","Guardian:Defend_Guardian+1","Guardian:Defend_Guardian+1","Guardian:Defend_Guardian+1","Guardian:CurlUp+1","Guardian:TwinSlam+1","Guardian:MultiBeam+1","Guardian:GatlingBeam+1","Guardian:EvasiveProtocol+1","Guardian:DecasProtection+1","Guardian:Suspension+1","Guardian:StasisField+1","Guardian:StasisStrike+1","Guardian:TemporalStrike+1","Guardian:TimeCapacitor+1","Guardian:Incinerate+1","Guardian:TimeCapacitor+1","Pot Of Greed+1","Pot Of Greed+1","Guardian:Gem_Cyan","hubris:Fate+1","CurseOfTheBell","Guardian:FierceBash+1","Pot Of Greed+1","Guardian:Suspension+1","Guardian:SentryBeam+1"],"relics":["Guardian:ModeShifter","Hammer of Thor","Seething Fire","Anvil of the Gods","conspire:GlowingRock","downfall:HeartBlessingRed","SacredBark","downfall:HeartBlessingBlue","Pear","Grinning Jar","Calling Bell","aspiration:ChemicalBlood","infinitespire:BottledMercury","BicycleWheel"],"acts_visited":["Exordium","TheCity"],"potions_floor_usage":[16],"damage_taken":[{"damage":7,"enemies":"2 Louse","floor":2,"turns":2},{"damage":11,"enemies":"Jaw Worm","floor":3,"turns":3},{"damage":18,"enemies":"3 Sentries","floor":8,"turns":6},{"damage":8,"enemies":"conspire:RoseBush","floor":9,"turns":3},{"damage":10,"enemies":"Blue Slaver","floor":10,"turns":3},{"damage":16,"enemies":"Large Slime","floor":12,"turns":4},{"damage":19,"enemies":"Red Slaver","floor":14,"turns":3},{"damage":0,"enemies":"3 Louse","floor":15,"turns":1},{"damage":12,"enemies":"IC_STATUS_ARCHETYPE","floor":16,"turns":9},{"damage":2,"enemies":"3 Byrds","floor":19,"turns":4},{"damage":10,"enemies":"Chosen","floor":20,"turns":4},{"damage":27,"enemies":"Shelled Parasite and Fungi","floor":22,"turns":6},{"damage":6,"enemies":"Chosen and Byrds","floor":25,"turns":7},{"damage":56,"enemies":"Nightmare","floor":27,"turns":9},{"damage":15,"enemies":"Snecko","floor":29,"turns":5},{"damage":10,"enemies":"downfall:FleeingMerchant","floor":30,"turns":4},{"damage":27,"enemies":"Slavers","floor":31,"turns":1}],"seed_played":"-5336848504401455668","potions_obtained":[{"floor":2,"key":"EssenceOfSteel"},{"floor":15,"key":"hexamod:SoulburnPotion"},{"floor":19,"key":"Ancient Potion"},{"floor":22,"key":"SpeedPotion"}],"is_trial":false,"path_per_floor":["R","M","M","?","?","R","T","E","M","M","R","M","R","M","M","B",null,"R","M","M","?","M","R","T","M","?","NM","AVR","M","$","E"],"character_chosen":"GUARDIAN","items_purchased":["Guardian:SentryBeam"],"campfire_rested":5,"item_purchase_floors":[30],"current_hp_per_floor":[88,81,70,70,70,88,88,70,62,52,78,62,88,69,69,57,88,98,96,86,86,59,88,98,92,92,36,36,21,26,0,0,0],"gold":138,"neow_bonus":"TEN_PERCENT_HP_BONUS","is_daily":false,"chose_seed":false,"campfire_upgraded":0,"win_rate":0.0,"timestamp":1611957235,"path_taken":["R","M","M","?","?","R","T","E","?","M","R","M","R","M","M","BOSS","R","M","M","?","M","R","T","M","?","NM","AVR","M","$","E"],"items_purchased_type":["Card"],"build_version":"2020-12-22","purchased_purges":0,"victory":false,"max_hp_per_floor":[88,88,88,88,88,88,88,88,88,88,88,88,88,88,88,88,88,98,98,98,98,98,98,108,108,108,108,108,108,108,108,108,108],"relic_stats":{"counters":[17,71],"obtain_stats":[{"infinitespire:BottledMercury":28,"Pear":24,"downfall:HeartBlessingRed":11,"SacredBark":17,"Guardian:ModeShifter":0,"Hammer of Thor":0,"Seething Fire":0,"Calling Bell":28,"conspire:GlowingRock":8,"Anvil of the Gods":0,"downfall:HeartBlessingBlue":18,"Grinning Jar":27,"BicycleWheel":28,"aspiration:ChemicalBlood":28},{"infinitespire:BottledMercury":14,"Pear":12,"downfall:HeartBlessingRed":5,"SacredBark":9,"Guardian:ModeShifter":0,"Hammer of Thor":0,"Seething Fire":0,"Calling Bell":14,"conspire:GlowingRock":3,"Anvil of the Gods":0,"downfall:HeartBlessingBlue":9,"Grinning Jar":14,"BicycleWheel":14,"aspiration:ChemicalBlood":14},{"infinitespire:BottledMercury":61,"Pear":45,"downfall:HeartBlessingRed":17,"SacredBark":32,"Guardian:ModeShifter":0,"Hammer of Thor":0,"Seething Fire":0,"Calling Bell":61,"conspire:GlowingRock":11,"Anvil of the Gods":0,"downfall:HeartBlessingBlue":32,"Grinning Jar":61,"BicycleWheel":61,"aspiration:ChemicalBlood":61}]},"card_choices":[{"not_picked":["Guardian:ShieldCharger","Guardian:RollAttack"],"picked":"Guardian:Gem_Red","floor":2},{"not_picked":["Guardian:BronzeArmor","Guardian:WalkerClaw"],"picked":"Guardian:MultiBeam","floor":3},{"not_picked":["Guardian:ArmoredProtocol","Guardian:WalkerClaw"],"picked":"Guardian:Gem_Yellow","floor":8},{"not_picked":["Guardian:TemporalShield","Guardian:Gem_Green"],"picked":"Guardian:GatlingBeam","floor":9},{"not_picked":["Guardian:WalkerClaw","Guardian:Gem_Purple"],"picked":"Guardian:EvasiveProtocol","floor":10},{"not_picked":["Guardian:Reroute","Guardian:Orbwalk"],"picked":"Guardian:DecasProtection","floor":12},{"not_picked":["Guardian:Gem_Cyan","Guardian:WalkerClaw"],"picked":"Guardian:Suspension","floor":14},{"not_picked":["Guardian:Gem_Crimson","Guardian:Recover"],"picked":"Guardian:StasisField","floor":15},{"not_picked":["Guardian:Gem_Synthetic","Guardian:TimeSifter"],"picked":"Guardian:StasisStrike","floor":16},{"not_picked":["Guardian:ArmoredProtocol","Guardian:RefractedBeam+1"],"picked":"Guardian:TemporalStrike","floor":19},{"not_picked":["Guardian:VentSteam","Guardian:WalkerClaw+1"],"picked":"Guardian:TimeCapacitor","floor":20},{"not_picked":["Guardian:Repulse","Guardian:CrystalBeam"],"picked":"Guardian:Incinerate+1","floor":22},{"not_picked":["Guardian:Reroute+1","Guardian:Gem_Yellow"],"picked":"Guardian:TimeCapacitor","floor":25},{"not_picked":["Guardian:Repulse","Guardian:PrimingBeam"],"picked":"Guardian:Gem_Cyan","floor":27},{"not_picked":["Guardian:Recover+1","Guardian:VentSteam"],"picked":"Guardian:FierceBash","floor":29},{"not_picked":["Guardian:DonusPower+1","Guardian:ConstructionForm"],"picked":"Guardian:Suspension","floor":30}],"player_experience":553043,"relics_obtained":[{"floor":8,"key":"conspire:GlowingRock"},{"floor":24,"key":"Pear"},{"floor":27,"key":"Grinning Jar"},{"floor":28,"key":"aspiration:ChemicalBlood"},{"floor":28,"key":"infinitespire:BottledMercury"},{"floor":28,"key":"BicycleWheel"}],"event_choices":[{"damage_healed":0,"gold_gain":0,"player_choice":"Ignored","damage_taken":0,"max_hp_gain":0,"max_hp_loss":0,"event_name":"betterNote:BetterNote","floor":26,"gold_loss":0,"cards_obtained":["Slimebound:SlimeSpikes"]}],"is_beta":false,"boss_relics":[{"not_picked":["Coffee Dripper","Ring of Chaos"],"picked":"SacredBark"}],"items_purged_floors":[],"is_endless":true,"potions_floor_spawned":[2,15,16,19,22],"killed_by":"Slavers","ascension_level":0}}