{"host":"jm9833yuloeli2yd","time":1611929899,"event":{"mods":["BaseMod","Better Altar","Better Match","Better Note","Better Sensory Stone","Better Skull","Better Third Choice","Better Vampires","BetterRewards","Colored Map","Colored Powertips","DeckTracker","Minty Spire (QoL Compilation)","Permanent Neow","Quick Restart","Slay-I","StSLib","SuperFastMode"],"gold_per_floor":[117,117,192,3,3,3,16,28,51,82,82,108,108,123,123,195,195,215,215,235,235,235],"floor_reached":21,"language":"ENG","playtime":494,"items_purged":[],"score":374,"play_id":"30cff021-409b-452a-bb14-4b1df9b90162","local_time":"20210129091819","is_ascension_mode":true,"campfire_choices":[{"data":"Defragment","floor":6.0,"key":"SMITH"},{"floor":11,"key":"REST"},{"data":"Hyperbeam","floor":13,"key":"SMITH"},{"data":"Recycle","floor":15,"key":"SMITH"}],"circlet_count":0,"master_deck":["AscendersBane","Strike_B","Strike_B","Strike_B","Strike_B","Defend_B+1","Defend_B","Defend_B+1","Defend_B","Zap","Dualcast","Recycle+1","Defragment+1","Ball Lightning","Compile Driver","Static Discharge","Go for the Eyes","Hyperbeam+1","Cold Snap","Fission","Conserve Battery","White Noise"],"relics":["Runic Pyramid","War Paint","Dream Catcher","Ornamental Fan","Philosopher\u0027s Stone","Gambling Chip"],"acts_visited":["Exordium","TheCity"],"potions_floor_usage":[10,16],"damage_taken":[{"damage":1.0,"enemies":"Small Slimes","floor":1.0,"turns":4.0},{"damage":11.0,"enemies":"2 Louse","floor":7.0,"turns":3.0},{"damage":2.0,"enemies":"Jaw Worm","floor":8.0,"turns":4.0},{"damage":29,"enemies":"3 Sentries","floor":10,"turns":6},{"damage":2,"enemies":"Lagavulin","floor":12,"turns":7},{"damage":0,"enemies":"Exordium Wildlife","floor":14,"turns":1},{"damage":8,"enemies":"Slime Boss","floor":16,"turns":7},{"damage":41,"enemies":"2 Thieves","floor":18,"turns":4},{"damage":0,"enemies":"Chosen","floor":20,"turns":5},{"damage":24,"enemies":"Shelled Parasite and Fungi","floor":21,"turns":4}],"seed_played":"-1662093876226028502","potions_obtained":[{"floor":12,"key":"Dexterity Potion"},{"floor":20,"key":"PowerPotion"}],"is_trial":false,"path_per_floor":["M","?","?","$","$","R","M","M","T","E","R","E","R","M","R","B",null,"M","?","M","M"],"character_chosen":"DEFECT","items_purchased":["Defragment","AttackPotion","Explosive Potion"],"campfire_rested":1,"item_purchase_floors":[4,4,4],"current_hp_per_floor":[63,68,57,57,57,57,46,44,44,15,37,35,35,35,35,27,64,23,23,23,0,0],"gold":235,"neow_bonus":"BOSS_RELIC","is_daily":false,"chose_seed":false,"campfire_upgraded":3,"win_rate":0.0,"timestamp":1611929899,"path_taken":["M","?","?","?","$","R","?","M","T","E","R","E","R","M","R","BOSS","M","?","M","?"],"items_purchased_type":["Card","Potion","Potion"],"build_version":"2020-12-22","purchased_purges":0,"victory":false,"max_hp_per_floor":[71,76,76,76,76,76,76,76,76,76,76,76,76,76,76,76,76,76,76,76,76,76],"card_choices":[{"not_picked":["Conserve Battery","Hello World"],"picked":"Recycle","floor":1.0},{"not_picked":["Cold Snap","Steam"],"picked":"Ball Lightning","floor":7.0},{"not_picked":["Leap","Steam"],"picked":"Compile Driver","floor":8.0},{"not_picked":["Coolheaded","Reprogram"],"picked":"Static Discharge","floor":10},{"not_picked":["Beam Cell","Blizzard"],"picked":"Go for the Eyes","floor":11},{"not_picked":["Barrage","Stack"],"picked":"Hyperbeam","floor":12},{"not_picked":["Genetic Algorithm","Ball Lightning"],"picked":"Cold Snap","floor":14},{"not_picked":["Creative AI","Multi-Cast"],"picked":"Fission","floor":16},{"not_picked":["Compile Driver","Barrage"],"picked":"Conserve Battery","floor":18},{"not_picked":["Gash","Conserve Battery"],"picked":"White Noise","floor":20}],"player_experience":1337686,"relics_obtained":[{"floor":9.0,"key":"War Paint"},{"floor":10,"key":"Dream Catcher"},{"floor":12,"key":"Ornamental Fan"}],"event_choices":[{"damage_healed":0.0,"max_hp_gain":5.0,"max_hp_loss":0.0,"gold_gain":0.0,"event_name":"Big Fish","player_choice":"Donut","floor":2.0,"gold_loss":0.0,"damage_taken":0.0},{"damage_healed":0.0,"max_hp_gain":0.0,"max_hp_loss":0.0,"gold_gain":75.0,"event_name":"betterThird:BetterGoop","player_choice":"Gold","floor":3.0,"gold_loss":0.0,"damage_taken":11.0},{"damage_healed":0,"gold_gain":0,"player_choice":"Gave Potion","damage_taken":0,"relics_obtained":["Gambling Chip"],"max_hp_gain":0,"max_hp_loss":0,"event_name":"WeMeetAgain","floor":19,"gold_loss":0}],"is_beta":false,"boss_relics":[{"not_picked":["Fusion Hammer","Runic Dome"],"picked":"Philosopher\u0027s Stone"}],"items_purged_floors":[],"is_endless":false,"potions_floor_spawned":[8,12,14,20],"killed_by":"Shelled Parasite and Fungi","ascension_level":20}}