{"host":"n605f8gctjc87d7h","time":1611904444,"event":{"mods":["Aspiration","Bard","BaseMod","Better Match","Better Note","Better Skull","Better Third Choice","Conspire","Downfall","Halation","Hermit","Infinite Spire","Minty Spire (QoL Compilation)","Replay The Spire","Retaliation","Shade Mod","Spicy Shops","StSLib","The IronCluck","The Jungle"],"gold_per_floor":[99,99,119,131,131,145,145,157,157,173,3,14,14,14,27,27,27,27],"floor_reached":16,"language":"ENG","playtime":835,"items_purged":[],"score":94,"play_id":"0894c3c3-a71a-4fd8-a718-66634ba17688","local_time":"20210128231404","is_ascension_mode":false,"campfire_choices":[{"floor":13,"key":"REST"}],"circlet_count":0,"master_deck":["sneckomod:Strike","sneckomod:Strike","sneckomod:Strike","sneckomod:Defend","sneckomod:Defend","sneckomod:TailWhip","sneckomod:SnekBite","sneckomod:Unknown","Replay:BasicMightCard","Seeing Red","sneckomod:SoulDraw","sneckomod:CheapStock","sneckomod:SlitherStrike+1","sneckomod:UnknownClassDEFAULT_GRAY_COLOR+1","sneckomod:UnknownClassRED","sneckomod:UnendingSupply","sneckomod:TrashToTreasure"],"relics":["m_DevilBlood","infinitespire:Cubic Diamond","Ornamental Fan","halation:PromiseList"],"acts_visited":["Exordium"],"potions_floor_usage":[8,12],"damage_taken":[{"damage":0,"enemies":"Small Slimes","floor":3,"turns":3},{"damage":0,"enemies":"2 Louse","floor":4,"turns":2},{"damage":1,"enemies":"Cultist","floor":6,"turns":3},{"damage":17,"enemies":"3 Louse","floor":8,"turns":3},{"damage":15,"enemies":"2 Fungi Beasts","floor":10,"turns":3},{"damage":0,"enemies":"downfall:FleeingMerchant","floor":11,"turns":4},{"damage":23,"enemies":"Exordium Thugs","floor":12,"turns":4},{"damage":23,"enemies":"3 Louse","floor":15,"turns":4},{"damage":41,"enemies":"SI_SHIV_ARCHETYPE","floor":16,"turns":6}],"seed_played":"7537832732351820615","potions_obtained":[{"floor":3,"key":"Weak Potion"},{"floor":10,"key":"SkillPotion"}],"is_trial":false,"path_per_floor":["R","?","M","M","?","M","T","M","?","M","$","M","R","?","M","B"],"character_chosen":"THE_SNECKO","items_purchased":["halation:PromiseList"],"campfire_rested":1,"item_purchase_floors":[11],"current_hp_per_floor":[90,90,90,90,90,89,89,72,72,57,57,34,61,61,38,0,0,0],"gold":27,"neow_bonus":"RANDOM_COLORLESS","is_daily":false,"chose_seed":false,"campfire_upgraded":0,"win_rate":0.0,"timestamp":1611904444,"path_taken":["R","?","M","M","?","M","T","M","?","M","?","?","R","?","M","BOSS"],"items_purchased_type":["Relic"],"build_version":"2020-12-22","purchased_purges":0,"victory":false,"max_hp_per_floor":[90,90,90,90,90,90,90,90,90,90,90,90,90,90,90,90,90,90],"card_choices":[{"not_picked":["Jack Of All Trades","Mind Blast"],"picked":"Replay:BasicMightCard","floor":0},{"not_picked":["Ghostly Armor","hexamod:SpectersWail"],"picked":"sneckomod:SoulDraw","floor":3},{"not_picked":["sneckomod:UnknownClassPURPLE","sneckomod:SlitherStrike"],"picked":"sneckomod:CheapStock","floor":4},{"not_picked":["sneckomod:UnknownStrength","sneckomod:PureSnecko","sneckomod:UnknownClassSLIMEBOUND"],"picked":"SKIP","floor":6},{"not_picked":["sneckomod:DefensiveFlair","sneckomod:UnknownClassGUARDIAN"],"picked":"sneckomod:UnknownClassDEFAULT_GRAY_COLOR","floor":8},{"not_picked":["Warcry","sneckomod:UnknownCommonSkill"],"picked":"sneckomod:UnknownClassRED","floor":10},{"not_picked":["sneckomod:WideSting","sneckomod:UnknownClassDEFAULT_GRAY_COLOR"],"picked":"sneckomod:UnendingSupply","floor":11},{"not_picked":["sneckomod:UnknownClassSLIMEBOUND","sneckomod:UnlimitedRolls","sneckomod:IronFang"],"picked":"SKIP","floor":12},{"not_picked":["sneckomod:SoulCleanse","Warcry"],"picked":"sneckomod:TrashToTreasure","floor":15}],"player_experience":788364,"relics_obtained":[{"floor":7,"key":"Ornamental Fan"}],"event_choices":[{"damage_healed":0,"gold_gain":0,"player_choice":"Grow","damage_taken":0,"max_hp_gain":0,"max_hp_loss":0,"event_name":"Living Wall","floor":9,"gold_loss":0,"cards_upgraded":["sneckomod:UnknownClassDEFAULT_GRAY_COLOR"]}],"is_beta":false,"boss_relics":[],"items_purged_floors":[],"is_endless":false,"potions_floor_spawned":[3,10],"killed_by":"SI_SHIV_ARCHETYPE","ascension_level":0}}