{"host":"lte3xujvwediduij","time":1611927501,"event":{"mods":["Aspiration","BaseMod","Better-Laid Plans","BetterRewards","Colored Map","Colored Powertips","Downfall","Energized Spire","GifTheSpireLib","Minty Spire (QoL Compilation)","Permanent Neow","Replay The Spire","Robot Space Explorer","Spicy Shops","StSLib","The Gatherer","The Hayseed","The Runesmith","The Servant 0.9.4","¡¾ÒÅÎï¿¨ÅÆ¡¿REMEMod","óô»ðÖ¸ÄÏ"],"gold_per_floor":[112,187,36,36,55,55,91,123,184,196,227,239,239],"floor_reached":12,"language":"ZHS","playtime":725,"items_purged":["RobotSpaceExplorer:Strike"],"score":78,"play_id":"4934d511-e861-4cb2-b88b-4eb749c20de7","local_time":"20210129213821","is_ascension_mode":false,"campfire_choices":[{"data":"RobotSpaceExplorer:PlasmaMissile","floor":6.0,"key":"SMITH"}],"circlet_count":0,"master_deck":["RobotSpaceExplorer:Strike","RobotSpaceExplorer:Strike","RobotSpaceExplorer:Strike","RobotSpaceExplorer:Defend","RobotSpaceExplorer:Defend","RobotSpaceExplorer:Defend","RobotSpaceExplorer:Defend","RobotSpaceExplorer:Scan","RobotSpaceExplorer:MiniLasers","RobotSpaceExplorer:Discharger","RobotSpaceExplorer:ShockKick","RobotSpaceExplorer:Pulsar","RobotSpaceExplorer:Discharger+1","RobotSpaceExplorer:PlasmaMissile+1","Injury","RobotSpaceExplorer:SurgingStrike","RobotSpaceExplorer:ShovelStrike","RobotSpaceExplorer:ShockKick","RobotSpaceExplorer:Pulsar"],"relics":["RobotSpaceExplorer:RoboCore","REME_ComplimentaryCards","ClockworkSouvenir","Blue Doll","Pondfish Scales","Letter Opener","PreservedInsect","Golden Idol","MawBank","Replay:Wax Seal"],"acts_visited":["Exordium"],"potions_floor_usage":[12,12],"damage_taken":[{"damage":12.0,"enemies":"Small Slimes","floor":1.0,"turns":2.0},{"damage":0.0,"enemies":"Cultist","floor":5.0,"turns":3.0},{"damage":10.0,"enemies":"3 Sentries","floor":7.0,"turns":4.0},{"damage":6.0,"enemies":"Jaw Worm","floor":8.0,"turns":3.0},{"damage":0.0,"enemies":"Exordium Wildlife","floor":11.0,"turns":2.0},{"damage":5,"enemies":"Gremlin Nob","floor":12,"turns":2}],"seed_played":"2918512003462719909","potions_obtained":[{"floor":7.0,"key":"DistilledChaos"},{"floor":8.0,"key":"PowerPotion"}],"is_trial":false,"path_per_floor":["M","?","$","?","M","R","E","M","T","$","M","E"],"character_chosen":"RobotSpaceExplorer","items_purchased":["ClockworkSouvenir","Blue Doll","Pondfish Scales","RobotSpaceExplorer:Discharger","RobotSpaceExplorer:ShockKick","RobotSpaceExplorer:Pulsar","RobotSpaceExplorer:Discharger+1","PreservedInsect"],"campfire_rested":0,"item_purchase_floors":[0,0,0,0,0,0,0,3],"current_hp_per_floor":[28,21,21,21,21,21,11,5,5,5,5,0,0],"gold":239,"neow_bonus":"","is_daily":false,"chose_seed":false,"campfire_upgraded":1,"win_rate":0.0,"timestamp":1611927501,"path_taken":["M","?","?","?","M","R","E","?","T","$","M","E"],"items_purchased_type":["Relic","Relic","Relic","Card","Card","Card","Card","Relic"],"build_version":"2020-12-22","purchased_purges":1,"victory":false,"max_hp_per_floor":[75,75,75,75,75,75,75,75,75,75,75,75,75],"card_choices":[{"not_picked":["RobotSpaceExplorer:ScrapShield","RobotSpaceExplorer:RigExplosive"],"picked":"RobotSpaceExplorer:PlasmaMissile","floor":1.0},{"not_picked":["RobotSpaceExplorer:FranticSearch","RobotSpaceExplorer:DoubleBlock"],"picked":"RobotSpaceExplorer:SurgingStrike","floor":5.0},{"not_picked":["RobotSpaceExplorer:ScrapShield","RobotSpaceExplorer:SurgingStrike"],"picked":"RobotSpaceExplorer:ShovelStrike","floor":7.0},{"not_picked":["RobotSpaceExplorer:FranticSearch","RobotSpaceExplorer:SurgingShield"],"picked":"RobotSpaceExplorer:ShockKick","floor":8.0},{"not_picked":["RobotSpaceExplorer:GlueSpray","RobotSpaceExplorer:PlasmaMissile"],"picked":"RobotSpaceExplorer:Pulsar","floor":11.0}],"player_experience":144160,"relics_obtained":[{"floor":7.0,"key":"MawBank"},{"floor":9.0,"key":"Replay:Wax Seal"}],"event_choices":[{"damage_healed":0.0,"max_hp_gain":0.0,"max_hp_loss":0.0,"gold_gain":75.0,"event_name":"FaceTrader","player_choice":"Touch","floor":2.0,"gold_loss":0.0,"damage_taken":7.0},{"damage_healed":0.0,"max_hp_gain":0.0,"max_hp_loss":0.0,"gold_gain":0.0,"event_name":"Golden Idol","player_choice":"Take Wound","floor":4.0,"gold_loss":0.0,"damage_taken":0.0,"relics_obtained":["Golden Idol"],"cards_obtained":["Injury"]}],"is_beta":false,"boss_relics":[],"items_purged_floors":[0],"is_endless":false,"potions_floor_spawned":[7,8],"killed_by":"Gremlin Nob","ascension_level":0}}