{"host":"mai03x2ekbjy4059","time":1611960622,"event":{"mods":["2.2 Compatiblity","BaseMod","Colored Map","DeckTracker","Keyboard Shortcuts","Minty Spire (QoL Compilation)","Permanent Neow","Quick Restart","SuperFastMode","everything is the same but u backflip on backflip"],"gold_per_floor":[111,111,111,186,186,211,225,254,254,254,288,288,288,300,300,401,401,416,431,443,454,471,471,499,499,499,424,424,449,449,476,476,579,579,589,111,111,0,15,40,40,71,71,91,118,118,173,187,187,187,187,187,24,54,54],"floor_reached":56,"language":"KOR","playtime":1295,"items_purged":["Strike_G+1","Strike_G+1"],"score":1567,"play_id":"bf26469f-5479-4af8-a4a1-7db3453e1438","local_time":"20210130075022","is_ascension_mode":true,"campfire_choices":[{"floor":10.0,"key":"REST"},{"data":"Blade Dance","floor":13.0,"key":"SMITH"},{"data":"Night Terror","floor":15.0,"key":"SMITH"},{"data":"Finisher","floor":23.0,"key":"SMITH"},{"data":"Footwork","floor":25.0,"key":"SMITH"},{"data":"Neutralize","floor":28.0,"key":"SMITH"},{"data":"Adrenaline","floor":30.0,"key":"SMITH"},{"data":"Adrenaline","floor":32.0,"key":"SMITH"},{"data":"Blade Dance","floor":41,"key":"SMITH"},{"floor":49,"key":"RECALL"},{"data":"Master of Strategy","floor":52,"key":"SMITH"}],"circlet_count":0,"master_deck":["Defend_G","Defend_G","Defend_G","Defend_G","Survivor","Neutralize+1","Night Terror+1","Blade Dance+1","Accuracy+1","Adrenaline+1","Finisher+1","Deflect","Footwork+1","Adrenaline+1","Deflect+1","Infinite Blades+1","Blade Dance+1","Master of Strategy+1","Escape Plan+1","Cloak And Dagger+1","Cloak And Dagger+1","Blur+1"],"relics":["Ring of the Snake","Pantograph","Bag of Marbles","Meat on the Bone","Ninja Scroll","Empty Cage","Molten Egg 2","Vajra","Prayer Wheel","Singing Bowl","SlaversCollar","Membership Card","Shuriken","HornCleat","Red Mask","Bronze Scales","Regal Pillow","Bottled Flame","Mummified Hand","Turnip","Art of War","Pen Nib"],"acts_visited":["Exordium","TheCity","TheBeyond","TheEnding"],"potions_floor_usage":[48,55,55,55,55,55,55],"damage_taken":[{"damage":0.0,"enemies":"Cultist","floor":1.0,"turns":4.0},{"damage":36.0,"enemies":"3 Sentries","floor":6.0,"turns":9.0},{"damage":3.0,"enemies":"Jaw Worm","floor":7.0,"turns":2.0},{"damage":13.0,"enemies":"Gremlin Nob","floor":8.0,"turns":4.0},{"damage":3.0,"enemies":"Lagavulin","floor":11.0,"turns":3.0},{"damage":0.0,"enemies":"Small Slimes","floor":14.0,"turns":1.0},{"damage":20.0,"enemies":"Hexaghost","floor":16.0,"turns":4.0},{"damage":0.0,"enemies":"Shell Parasite","floor":18.0,"turns":1.0},{"damage":18.0,"enemies":"Spheric Guardian","floor":19.0,"turns":5.0},{"damage":0.0,"enemies":"Cultist and Chosen","floor":20.0,"turns":3.0},{"damage":0.0,"enemies":"Snake Plant","floor":21.0,"turns":1.0},{"damage":0.0,"enemies":"Shelled Parasite and Fungi","floor":22.0,"turns":1.0},{"damage":0.0,"enemies":"Gremlin Leader","floor":24.0,"turns":6.0},{"damage":0.0,"enemies":"Slavers","floor":29.0,"turns":1.0},{"damage":1.0,"enemies":"Book of Stabbing","floor":31.0,"turns":6.0},{"damage":35,"enemies":"Collector","floor":33,"turns":12},{"damage":0,"enemies":"3 Shapes","floor":35,"turns":1},{"damage":0,"enemies":"Orb Walker","floor":39,"turns":1},{"damage":0,"enemies":"Reptomancer","floor":40,"turns":4},{"damage":0,"enemies":"Giant Head","floor":42,"turns":2},{"damage":0,"enemies":"3 Darklings","floor":44,"turns":1},{"damage":0,"enemies":"Reptomancer","floor":45,"turns":3},{"damage":0,"enemies":"2 Orb Walkers","floor":47,"turns":3},{"damage":0,"enemies":"Writhing Mass","floor":48,"turns":1},{"damage":74,"enemies":"Time Eater","floor":50,"turns":8},{"damage":0,"enemies":"Shield and Spear","floor":54,"turns":3},{"damage":2,"enemies":"The Heart","floor":55,"turns":5}],"seed_played":"6320856217094766066","potions_obtained":[{"floor":6.0,"key":"Fruit Juice"},{"floor":14.0,"key":"Fire Potion"},{"floor":16.0,"key":"FearPotion"},{"floor":20.0,"key":"Fruit Juice"},{"floor":21.0,"key":"EntropicBrew"},{"floor":29.0,"key":"SpeedPotion"},{"floor":31.0,"key":"Fire Potion"},{"floor":33,"key":"CunningPotion"},{"floor":39,"key":"Energy Potion"},{"floor":44,"key":"Swift Potion"},{"floor":48,"key":"GamblersBrew"}],"is_trial":false,"path_per_floor":["M","?","?","?","T","E","M","E","T","R","E","?","R","M","R","B",null,"M","M","M","M","M","R","E","R","T","?","R","E","R","E","R","B",null,"M","$","?","?","M","E","R","E","T","M","E","?","?","M","R","B",null,"R","$","E","B",null],"character_chosen":"THE_SILENT","items_purchased":["Membership Card","Shuriken","HornCleat","Blade Dance","Art of War","CunningPotion"],"campfire_rested":1,"item_purchase_floors":[36,36,36,36,53,53],"current_hp_per_floor":[70,56,61,50,50,14,16,3,3,27,36,36,36,48,48,53,80,80,62,67,67,67,67,67,67,67,67,67,67,67,68,68,54,89,93,93,87,87,91,93,93,95,95,95,97,97,97,99,99,42,104,104,104,106,104],"gold":54,"neow_bonus":"TRANSFORM_TWO_CARDS","is_daily":false,"chose_seed":false,"campfire_upgraded":9,"win_rate":0.0,"timestamp":1611960622,"path_taken":["M","?","?","?","?","E","?","E","T","R","E","?","R","M","R","BOSS","M","?","M","M","M","R","E","R","T","?","R","E","R","E","R","BOSS","M","$","?","?","M","E","R","E","T","M","E","?","?","M","R","BOSS","R","$","E","BOSS"],"items_purchased_type":["Relic","Relic","Relic","Card","Relic","Potion"],"build_version":"2020-12-22","purchased_purges":2,"victory":true,"max_hp_per_floor":[70,70,75,75,75,75,80,80,80,80,80,80,80,80,80,80,80,80,80,85,85,85,85,85,85,85,85,85,85,85,87,87,89,89,93,93,97,97,101,103,103,105,105,105,107,102,102,104,104,104,104,104,104,106,106],"card_choices":[{"not_picked":["PiercingWail","Prepared"],"picked":"Accuracy","floor":1.0},{"not_picked":["Sucker Punch","Backstab"],"picked":"Adrenaline","floor":6.0},{"not_picked":["Catalyst","Acrobatics","Slice"],"picked":"SKIP","floor":7.0},{"not_picked":["Dagger Throw","Leg Sweep"],"picked":"Finisher","floor":8.0},{"not_picked":["Setup","Dagger Spray"],"picked":"Deflect","floor":11.0},{"not_picked":["Quick Slash","Dagger Spray","Deflect"],"picked":"SKIP","floor":14.0},{"not_picked":["PiercingWail","Dagger Throw","Deflect"],"picked":"SKIP","floor":18.0},{"not_picked":["Slice","Underhanded Strike"],"picked":"Footwork","floor":19.0},{"not_picked":["Heel Hook","Deflect"],"picked":"Adrenaline","floor":20.0},{"not_picked":["Outmaneuver","Poisoned Stab+1"],"picked":"Deflect+1","floor":21.0},{"not_picked":["Sucker Punch","Prepared","Acrobatics"],"picked":"SKIP","floor":22.0},{"not_picked":["Concentrate","PiercingWail","Finisher+1"],"picked":"SKIP","floor":24.0},{"not_picked":["Reflex","Unload+1"],"picked":"Infinite Blades+1","floor":29.0},{"not_picked":["Backflip","Corpse Explosion","Leg Sweep+1"],"picked":"Singing Bowl","floor":31.0},{"not_picked":["Grand Finale+1","Phantasmal Killer","Tools of the Trade"],"picked":"Singing Bowl","floor":33},{"not_picked":["Deadly Poison+1","Masterful Stab+1","Dodge and Roll+1"],"picked":"Singing Bowl","floor":35},{"not_picked":["Quick Slash+1","Expertise+1","Concentrate+1"],"picked":"Singing Bowl","floor":35},{"not_picked":["Dark Shackles","Enlightenment"],"picked":"Master of Strategy","floor":37},{"not_picked":["Forethought","Panacea","Bandage Up"],"picked":"Singing Bowl","floor":37},{"not_picked":["Forethought","Panacea","Mayhem"],"picked":"Singing Bowl","floor":37},{"not_picked":["Poisoned Stab+1","Crippling Poison","Catalyst"],"picked":"Singing Bowl","floor":39},{"not_picked":["Dodge and Roll","Flying Knee+1","PiercingWail"],"picked":"Singing Bowl","floor":39},{"not_picked":["PiercingWail","Well Laid Plans+1","Leg Sweep"],"picked":"Singing Bowl","floor":40},{"not_picked":["Catalyst","Bouncing Flask+1","Bullet Time"],"picked":"Singing Bowl","floor":42},{"not_picked":["Outmaneuver","Expertise+1"],"picked":"Escape Plan+1","floor":44},{"not_picked":["Flechettes+1","Dash+1"],"picked":"Cloak And Dagger+1","floor":44},{"not_picked":["Flechettes+1","Backstab+1","Unload+1"],"picked":"Singing Bowl","floor":45},{"not_picked":["PiercingWail","Catalyst+1"],"picked":"Cloak And Dagger+1","floor":47},{"not_picked":["Catalyst","Slice+1","Deadly Poison+1"],"picked":"Singing Bowl","floor":48},{"not_picked":["Bane+1","Crippling Poison+1"],"picked":"Blur+1","floor":48},{"not_picked":["Underhanded Strike+1","Slice+1","Dagger Throw+1"],"picked":"Singing Bowl","floor":54}],"player_experience":1157677,"relics_obtained":[{"floor":5.0,"key":"Pantograph"},{"floor":6.0,"key":"Bag of Marbles"},{"floor":8.0,"key":"Meat on the Bone"},{"floor":11.0,"key":"Ninja Scroll"},{"floor":24.0,"key":"Molten Egg 2"},{"floor":26.0,"key":"Vajra"},{"floor":29.0,"key":"Prayer Wheel"},{"floor":31.0,"key":"Singing Bowl"},{"floor":40,"key":"Bronze Scales"},{"floor":42,"key":"Regal Pillow"},{"floor":43,"key":"Bottled Flame"},{"floor":45,"key":"Mummified Hand"},{"floor":47,"key":"Turnip"},{"floor":54,"key":"Pen Nib"}],"event_choices":[{"damage_healed":0.0,"max_hp_gain":0.0,"max_hp_loss":0.0,"gold_gain":0.0,"event_name":"Shining Light","player_choice":"Entered Light","floor":2.0,"gold_loss":0.0,"damage_taken":14.0,"cards_upgraded":["Strike_G","Strike_G"]},{"damage_healed":0.0,"max_hp_gain":5.0,"max_hp_loss":0.0,"gold_gain":0.0,"event_name":"Big Fish","player_choice":"Donut","floor":3.0,"gold_loss":0.0,"damage_taken":0.0},{"damage_healed":0.0,"max_hp_gain":0.0,"max_hp_loss":0.0,"gold_gain":75.0,"event_name":"World of Goop","player_choice":"Gather Gold","floor":4.0,"gold_loss":0.0,"damage_taken":11.0},{"damage_healed":0.0,"max_hp_gain":0.0,"max_hp_loss":0.0,"gold_gain":0.0,"event_name":"Upgrade Shrine","player_choice":"Upgraded","floor":12.0,"gold_loss":0.0,"damage_taken":0.0,"cards_upgraded":["Accuracy"]},{"cards_removed":["Clumsy"],"damage_healed":0.0,"max_hp_gain":0.0,"max_hp_loss":0.0,"gold_gain":0.0,"event_name":"Beggar","player_choice":"Gave Gold","floor":27.0,"gold_loss":75.0,"damage_taken":0.0},{"damage_healed":0,"gold_gain":0,"player_choice":"Memory 3","damage_taken":10,"max_hp_gain":0,"max_hp_loss":0,"event_name":"SensoryStone","floor":37,"gold_loss":0},{"damage_healed":0,"gold_gain":0,"player_choice":"Paid","damage_taken":0,"relics_obtained":["Red Mask"],"max_hp_gain":0,"max_hp_loss":0,"event_name":"Tomb of Lord Red Mask","floor":38,"gold_loss":111},{"damage_healed":0,"gold_gain":0,"player_choice":"Max HP","damage_taken":0,"max_hp_gain":0,"max_hp_loss":5,"event_name":"Winding Halls","floor":46,"gold_loss":0},{"damage_healed":0,"gold_gain":0,"player_choice":"Fight","damage_taken":0,"max_hp_gain":0,"max_hp_loss":0,"event_name":"Mysterious Sphere","floor":47,"gold_loss":0}],"is_beta":false,"boss_relics":[{"not_picked":["Snecko Eye","Cursed Key"],"picked":"Empty Cage"},{"not_picked":["Runic Pyramid","Velvet Choker"],"picked":"SlaversCollar"}],"items_purged_floors":[36,53],"is_endless":false,"potions_floor_spawned":[6,14,16,20,21,29,31,33,39,44,45,48],"ascension_level":1}}