{"host":"89iuq2p5kwriuwfq","time":1611952055,"event":{"mods":["BaseMod","Curses Come First","Minty Spire (QoL Compilation)","Permanent Neow","StSLib"],"gold_per_floor":[119,178,193,205,36,67,67,101,128,141,172,172,203,203,203,327,327,351,276,94,108,108,108,108],"floor_reached":23,"language":"ENG","playtime":1183,"items_purged":["Defend_B"],"score":387,"play_id":"a89cc608-9938-4169-872a-936feea1a27e","local_time":"20210129202735","is_ascension_mode":true,"campfire_choices":[{"floor":7,"key":"REST"},{"data":"Dualcast","floor":12,"key":"SMITH"},{"data":"Loop","floor":15,"key":"SMITH"}],"circlet_count":0,"master_deck":["Strike_B+1","Strike_B+1","Defend_B+1","Defend_B+1","Zap","Dualcast+1","Skim","Loop+1","Doom and Gloom","Cold Snap","Ball Lightning","Leap","Machine Learning","Rebound","Cold Snap","Meteor Strike","Creative AI","Conserve Battery","Defragment","Leap","Defragment"],"relics":["Cracked Core","OrangePellets","Lantern","Bag of Preparation","Toy Ornithopter","WingedGreaves","Blood Vial","Golden Idol","SacredBark"],"acts_visited":["Exordium","TheCity"],"potions_floor_usage":[6,8,11],"damage_taken":[{"damage":13,"enemies":"Jaw Worm","floor":1,"turns":7},{"damage":12,"enemies":"Small Slimes","floor":3,"turns":2},{"damage":1,"enemies":"2 Louse","floor":4,"turns":3},{"damage":16,"enemies":"Gremlin Nob","floor":6,"turns":4},{"damage":9,"enemies":"3 Sentries","floor":8,"turns":4},{"damage":8,"enemies":"Exordium Wildlife","floor":10,"turns":4},{"damage":6,"enemies":"Gremlin Nob","floor":11,"turns":3},{"damage":7,"enemies":"3 Sentries","floor":13,"turns":5},{"damage":0,"enemies":"Hexaghost","floor":16,"turns":9},{"damage":26,"enemies":"2 Thieves","floor":18,"turns":5},{"damage":30,"enemies":"Shell Parasite","floor":21,"turns":5},{"damage":0,"enemies":"Slavers","floor":23,"turns":1}],"seed_played":"-8624377017644186259","potions_obtained":[{"floor":3,"key":"SpeedPotion"},{"floor":4,"key":"Fire Potion"},{"floor":10,"key":"SneckoOil"},{"floor":21,"key":"SpeedPotion"}],"is_trial":false,"path_per_floor":["M","?","M","M","$","E","R","E","T","M","E","R","E","?","R","B",null,"M","?","$","M","?","E"],"character_chosen":"DEFECT","items_purchased":["OrangePellets","Leap","Defragment","Leap"],"campfire_rested":1,"item_purchase_floors":[5,5,20,20],"current_hp_per_floor":[55,55,43,42,42,26,46,37,37,29,28,28,21,4,4,6,53,29,29,29,1,1,3,3],"gold":108,"neow_bonus":"TRANSFORM_TWO_CARDS","is_daily":false,"chose_seed":false,"campfire_upgraded":2,"win_rate":0.0,"timestamp":1611952055,"path_taken":["M","?","M","M","$","E","R","E","T","M","E","R","E","?","R","BOSS","M","?","$","M","?","E"],"items_purchased_type":["Relic","Card","Card","Card"],"build_version":"2020-12-22","purchased_purges":1,"victory":false,"max_hp_per_floor":[68,68,68,68,68,68,68,68,68,68,68,68,68,68,68,68,68,68,68,68,68,68,68,68],"card_choices":[{"not_picked":["Hologram","Storm"],"picked":"Doom and Gloom","floor":1},{"not_picked":["BootSequence","Streamline"],"picked":"Cold Snap","floor":3},{"not_picked":["Cold Snap","Scrape"],"picked":"Ball Lightning","floor":4},{"not_picked":["Streamline","Scrape","Skim"],"picked":"SKIP","floor":6},{"not_picked":["Conserve Battery","Sweeping Beam"],"picked":"Machine Learning","floor":8},{"not_picked":["Reprogram","Tempest"],"picked":"Rebound","floor":10},{"not_picked":["Coolheaded","Reprogram"],"picked":"Cold Snap","floor":11},{"not_picked":["Gash","Steam"],"picked":"Meteor Strike","floor":13},{"not_picked":["Echo Form","Amplify"],"picked":"Creative AI","floor":16},{"not_picked":["Stack+1","Compile Driver+1"],"picked":"Conserve Battery","floor":18},{"not_picked":["Aggregate","Storm+1"],"picked":"Defragment","floor":21}],"player_experience":592883,"relics_obtained":[{"floor":6,"key":"Lantern"},{"floor":8,"key":"Bag of Preparation"},{"floor":9,"key":"Toy Ornithopter"},{"floor":11,"key":"WingedGreaves"},{"floor":13,"key":"Blood Vial"}],"event_choices":[{"damage_healed":0,"gold_gain":59,"player_choice":"Gained Gold","damage_taken":0,"max_hp_gain":0,"max_hp_loss":0,"event_name":"Golden Wing","floor":2,"gold_loss":0},{"damage_healed":0,"gold_gain":0,"player_choice":"Take Damage","damage_taken":17,"relics_obtained":["Golden Idol"],"max_hp_gain":0,"max_hp_loss":0,"event_name":"Golden Idol","floor":14,"gold_loss":0},{"cards_removed":["Strike_B"],"damage_healed":0,"gold_gain":0,"player_choice":"Gave Gold","damage_taken":0,"max_hp_gain":0,"max_hp_loss":0,"event_name":"Beggar","floor":19,"gold_loss":75},{"damage_healed":0,"gold_gain":0,"player_choice":"Simplicity","damage_taken":0,"max_hp_gain":0,"max_hp_loss":0,"event_name":"Back to Basics","floor":22,"gold_loss":0,"cards_upgraded":["Strike_B","Strike_B","Defend_B","Defend_B"]}],"is_beta":false,"boss_relics":[{"not_picked":["Tiny House","Runic Dome"],"picked":"SacredBark"}],"items_purged_floors":[20],"is_endless":false,"potions_floor_spawned":[3,4,10,21],"killed_by":"Slavers","ascension_level":9}}