{"host":"ecaj4hn004xnnrw9","time":1611876032,"event":{"mods":["AchievementEnabler","BaseMod","Better Third Choice","Hermit","Hubris","Infinite Spire","Jorbs\u0027s Wanderer Trilogy","Minty Spire (QoL Compilation)","Quick Restart","Relic Stats","Shop Mod","StSLib","The Construct","The Jungle","The Runesmith"],"gold_per_floor":[17,17,31,31,47,82,96,111,111,124,35,35,67,67,67,146,146,162,173,173,173,173],"floor_reached":21,"language":"ENG","playtime":849,"items_purged":[],"score":432,"play_id":"e1e89253-9cb8-48fc-b7c6-34f251db823a","local_time":"20210128232032","is_ascension_mode":true,"campfire_choices":[{"data":"Inflame","floor":12.0,"key":"SMITH"},{"data":"Fiend Fire","floor":15.0,"key":"SMITH"}],"circlet_count":0,"master_deck":["AscendersBane","Strike_R","Strike_R","Strike_R","Strike_R","Strike_R","Defend_R","Defend_R","Defend_R","Defend_R","Bash","hubris:EnhanceAbility","Dropkick","Juggernaut","infinitespire:FinalStrike","Pommel Strike","Battle Trance","Feel No Pain","Battle Trance","Inflame+1","Fiend Fire+1","Headbutt"],"relics":["Burning Blood","hubris:Towel","Runesmith:Nanobots","MealTicket","Lantern","SacredBark","Enchiridion"],"acts_visited":["Exordium","TheCity"],"potions_floor_usage":[],"damage_taken":[{"damage":16.0,"enemies":"Jaw Worm","floor":1.0,"turns":5.0},{"damage":2.0,"enemies":"Small Slimes","floor":3.0,"turns":4.0},{"damage":0.0,"enemies":"Cultist","floor":5.0,"turns":3.0},{"damage":0.0,"enemies":"Gremlin Nob","floor":6.0,"turns":3.0},{"damage":7.0,"enemies":"Red Slaver","floor":7.0,"turns":2.0},{"damage":28.0,"enemies":"Lots of Slimes","floor":8.0,"turns":6.0},{"damage":5.0,"enemies":"Gremlin Gang","floor":10.0,"turns":5.0},{"damage":13.0,"enemies":"Lagavulin","floor":13.0,"turns":5.0},{"damage":6.0,"enemies":"Hexaghost","floor":16.0,"turns":6.0},{"damage":1,"enemies":"2 Thieves","floor":18,"turns":2},{"damage":35,"enemies":"Shell Parasite","floor":19,"turns":4},{"damage":30,"enemies":"3 Cultists","floor":21,"turns":4}],"seed_played":"-143495894510780683","potions_obtained":[{"floor":1.0,"key":"BlessingOfTheForge"},{"floor":6.0,"key":"Strength Potion"}],"is_trial":false,"path_per_floor":["M","?","M","?","M","E","M","M","T","M","$","R","E","$","R","B",null,"M","M","?","M"],"character_chosen":"IRONCLAD","items_purchased":["Inflame"],"campfire_rested":0,"item_purchase_floors":[11],"current_hp_per_floor":[58,58,62,44,50,56,55,33,33,34,49,49,42,57,57,57,71,75,46,25,0,0],"gold":173,"neow_bonus":"RANDOM_COLORLESS_2","is_daily":false,"chose_seed":false,"campfire_upgraded":2,"win_rate":0.0,"timestamp":1611876032,"path_taken":["M","?","M","?","M","E","?","?","T","M","$","R","E","?","R","BOSS","M","?","?","M"],"items_purchased_type":["Card"],"build_version":"2020-12-22","purchased_purges":0,"victory":false,"max_hp_per_floor":[75,75,75,75,75,75,75,75,75,75,75,75,75,75,75,75,75,75,75,75,75,75],"relic_stats":{"counters":[12,49],"MealTicket":30,"obtain_stats":[{"Runesmith:Nanobots":6,"Lantern":13,"SacredBark":17,"Enchiridion":20,"MealTicket":9,"hubris:Towel":2,"Burning Blood":0},{"Runesmith:Nanobots":4,"Lantern":8,"SacredBark":9,"Enchiridion":11,"MealTicket":6,"hubris:Towel":1,"Burning Blood":0},{"Runesmith:Nanobots":15,"Lantern":33,"SacredBark":39,"Enchiridion":45,"MealTicket":23,"hubris:Towel":5,"Burning Blood":0}],"Burning Blood":65},"card_choices":[{"not_picked":["Thinking Ahead","The Bomb"],"picked":"hubris:EnhanceAbility","floor":0.0},{"not_picked":["Rage","Warcry"],"picked":"Dropkick","floor":1.0},{"not_picked":["Warcry","Burning Pact"],"picked":"Juggernaut","floor":3.0},{"not_picked":["infinitespire:TheBestDefense","infinitespire:SealOfDarkness+"],"picked":"infinitespire:FinalStrike","floor":4.0},{"not_picked":["Shrug It Off","Wild Strike"],"picked":"Pommel Strike","floor":5.0},{"not_picked":["Sentinel","Headbutt"],"picked":"Battle Trance","floor":6.0},{"not_picked":["Armaments","Rupture"],"picked":"Feel No Pain","floor":7.0},{"not_picked":["Heavy Blade","Rampage"],"picked":"Battle Trance","floor":8.0},{"not_picked":["hubris:ReadiedAction","Body Slam","Clash"],"picked":"SKIP","floor":10.0},{"not_picked":["Dropkick","Sever Soul"],"picked":"Fiend Fire","floor":13.0},{"not_picked":["Wild Strike","infinitespire:OneForAll"],"picked":"Headbutt","floor":18},{"not_picked":["Headbutt","Carnage","Blood for Blood"],"picked":"SKIP","floor":19}],"player_experience":424369,"relics_obtained":[{"floor":6.0,"key":"Runesmith:Nanobots"},{"floor":9.0,"key":"MealTicket"},{"floor":13.0,"key":"Lantern"},{"floor":20,"key":"Enchiridion"}],"event_choices":[{"damage_healed":0,"gold_gain":0,"player_choice":"Obtained Book","damage_taken":21,"max_hp_gain":0,"max_hp_loss":0,"event_name":"Cursed Tome","floor":20,"gold_loss":0}],"is_beta":false,"boss_relics":[{"not_picked":["Empty Cage","Pandora\u0027s Box"],"picked":"SacredBark"}],"items_purged_floors":[],"is_endless":false,"potions_floor_spawned":[1,6,13],"killed_by":"3 Cultists","ascension_level":20}}