{"host":"grblgsn3zizbz04e","time":1611955283,"event":{"mods":["BaseMod","BetterRewards","Colored Map","Colored Powertips","Googly Eyes","Minty Spire (QoL Compilation)","Rare Cards Sparkle","Reliquary","Shop Mod","StSLib"],"gold_per_floor":[366,383,383,399,16,46,46,46,46],"floor_reached":8,"language":"ENG","playtime":548,"items_purged":[],"score":112,"play_id":"9de7edd5-233f-4bac-84ca-ea15c247eced","local_time":"20210129212123","is_ascension_mode":true,"campfire_choices":[{"floor":7,"key":"REST"}],"circlet_count":0,"master_deck":["AscendersBane","Strike_G","Strike_G","Strike_G","Strike_G","Strike_G","Defend_G","Defend_G","Defend_G","Defend_G","Defend_G","Survivor","Neutralize","Underhanded Strike","Leg Sweep","Injury","All Out Attack","Footwork","Blade Dance","Cloak And Dagger"],"relics":["Ring of the Snake","Membership Card","Eternal Feather","reliquary:Stiletto"],"acts_visited":["Exordium"],"potions_floor_usage":[2,6,6],"damage_taken":[{"damage":7,"enemies":"2 Louse","floor":1,"turns":4},{"damage":1,"enemies":"Cultist","floor":2,"turns":4},{"damage":10,"enemies":"Jaw Worm","floor":4,"turns":7},{"damage":34,"enemies":"Lagavulin","floor":6,"turns":7},{"damage":51,"enemies":"Gremlin Nob","floor":8,"turns":5}],"seed_played":"7671583027095176940","potions_obtained":[{"floor":1,"key":"Explosive Potion"},{"floor":2,"key":"SteroidPotion"}],"is_trial":false,"path_per_floor":["M","M","?","M","$","E","R","E"],"character_chosen":"THE_SILENT","items_purchased":["Membership Card","Footwork","SteroidPotion","Eternal Feather","Blade Dance"],"campfire_rested":1,"item_purchase_floors":[5,5,5,5,5],"current_hp_per_floor":[52,51,51,41,41,7,38,0,0],"gold":46,"neow_bonus":"TWO_FIFTY_GOLD","is_daily":false,"chose_seed":false,"campfire_upgraded":0,"win_rate":0.0,"timestamp":1611955283,"path_taken":["M","M","?","M","$","E","R","E"],"items_purchased_type":["Relic","Card","Potion","Relic","Card"],"build_version":"2020-12-22","purchased_purges":0,"victory":false,"max_hp_per_floor":[66,66,66,66,66,66,66,66,66],"card_choices":[{"not_picked":["Deflect","Distraction"],"picked":"Underhanded Strike","floor":1},{"not_picked":["Prepared","Dodge and Roll"],"picked":"Leg Sweep","floor":2},{"not_picked":["Caltrops","Crippling Poison"],"picked":"All Out Attack","floor":4},{"not_picked":["Distraction","Flying Knee"],"picked":"Cloak And Dagger","floor":6}],"player_experience":815271,"relics_obtained":[{"floor":6,"key":"reliquary:Stiletto"}],"event_choices":[{"damage_healed":0,"gold_gain":0,"cards_transformed":["Normality"],"player_choice":"Transformed","damage_taken":0,"max_hp_gain":0,"max_hp_loss":0,"event_name":"Transmorgrifier","floor":3,"gold_loss":0,"cards_obtained":["Injury"]}],"is_beta":false,"boss_relics":[],"items_purged_floors":[],"is_endless":false,"potions_floor_spawned":[1,2],"killed_by":"Gremlin Nob","ascension_level":20}}