{"host":"56d873i5r3uhle0q","time":1611898868,"event":{"mods":["100% Spire Juice","Act Like it!","Aspiration","BaseMod","Block Reminder","Conspire","Dota2Spire","Downfall","Gensokyo","Hermit","Hubris","Infinite Spire","Jedi Mod","Lobotomy","LobotomyExtend","Marisa????????","Marked Mod","Minty Spire (QoL Compilation)","Reliquary","Replay The Spire","StSLib","The Animator","The Bug Knight","The Cursed","The Marked","The Servant 0.9.4","everything is the same but u backflip on backflip","??????REMEMod"],"gold_per_floor":[109,109,121,121,139,139,139,139,165,183,193,193,210,223,223,326,326,326,326,326,74,74,74,86,105,130,143,143,157,157,157,157,259,309,327,327,345,345,345,345,345,345],"floor_reached":41,"language":"ENG","playtime":1416,"items_purged":[],"score":381,"play_id":"b6357240-275e-4e5b-8311-1680e8d17a89","local_time":"20210128224108","is_ascension_mode":false,"campfire_choices":[{"data":"Wild Strike","floor":6.0,"key":"SMITH"},{"data":"Gensokyo:HouraiInAPot","floor":8.0,"key":"SMITH"},{"data":"Power Through","floor":12.0,"key":"SMITH"},{"data":"Bash","floor":15.0,"key":"SMITH"},{"data":"Strike_G","floor":23.0,"key":"SMITH"},{"data":"Strike_R","floor":28.0,"key":"SMITH"},{"data":"Defend_R","floor":30.0,"key":"SMITH"},{"floor":32.0,"key":"DIG"},{"data":"Defend_R","floor":40,"key":"SMITH"}],"circlet_count":0,"master_deck":["Strike_R+1","Defend_R+1","Defend_R+1","Defend_R+1","Defend_R","Bash+1","Gensokyo:HouraiInAPot+1","Battle Trance+1","Glass Knife+1","Strike_G+1","Wellcheers","Wild Strike+1","Power Through+1","ReplayReversal+1"],"relics":["Burning Blood","REME_ComplimentaryCards","CogitoBucket","LetterFromLob","reliquary:Buckler","AdjustmentMirror","Mark of Pain","REME_HourglassOfDeath","Dota2Spire:MagicBottle","Happy Flower","infinitespire:PuzzleCube","Tiny House"],"acts_visited":["Gensokyo:Gensokyo","Gensokyo:Gensokyoer","Gensokyo:Gensokyoest"],"potions_floor_usage":[41],"damage_taken":[{"damage":4.0,"enemies":"Gensokyo:3_Fairies","floor":1.0,"turns":4.0},{"damage":4.0,"enemies":"Gensokyo:2_Kodama","floor":3.0,"turns":3.0},{"damage":0.0,"enemies":"Gensokyo:Python","floor":5.0,"turns":2.0},{"damage":16.0,"enemies":"Gensokyo:5_Fairies","floor":10.0,"turns":5.0},{"damage":0.0,"enemies":"Gensokyo:VengefulSpirit","floor":11.0,"turns":2.0},{"damage":4.0,"enemies":"Gensokyo:LivingMonolith","floor":13.0,"turns":4.0},{"damage":0.0,"enemies":"Gensokyo:3_Kodama","floor":14.0,"turns":2.0},{"damage":48.0,"enemies":"Gensokyo:Yukari","floor":16.0,"turns":13.0},{"damage":5.0,"enemies":"Gensokyo:CosmicMonolith","floor":24.0,"turns":5.0},{"damage":4.0,"enemies":"Gensokyo:AngelMirror","floor":25.0,"turns":3.0},{"damage":42.0,"enemies":"Gensokyo:Chomper_and_Gloop","floor":27.0,"turns":4.0},{"damage":0.0,"enemies":"Gensokyo:Swordslinger","floor":29.0,"turns":3.0},{"damage":78.0,"enemies":"Gensokyo:Eiki","floor":33.0,"turns":9.0},{"damage":0,"enemies":"Gensokyo:3_Bats","floor":35,"turns":4},{"damage":0,"enemies":"Gensokyo:AncientGuardian","floor":37,"turns":6},{"damage":93,"enemies":"Gensokyo:Marisa","floor":41,"turns":8}],"seed_played":"-924914487234693455","potions_obtained":[{"floor":10.0,"key":"Dota2Spire:Clarity"},{"floor":11.0,"key":"REME_GoldPotion"},{"floor":14.0,"key":"Energy Potion"},{"floor":25.0,"key":"Toxic Potion"},{"floor":33.0,"key":"AttackPotion"}],"is_trial":false,"path_per_floor":["M","?","M","?","M","R","?","R","T","M","M","R","M","M","R","B",null,"M","?","?","$","?","R","M","M","T","M","R","M","R","T","R","B",null,"M","$","M","?","?","R","E"],"character_chosen":"IRONCLAD","items_purchased":["REME_HourglassOfDeath"],"campfire_rested":0,"item_purchase_floors":[21],"current_hp_per_floor":[80,80,80,80,80,80,80,80,80,73,80,80,80,80,80,38,80,80,80,80,80,80,80,80,80,80,53,53,68,68,68,68,8,85,85,85,85,85,85,85,0,0],"gold":345,"neow_bonus":"","is_daily":false,"chose_seed":false,"campfire_upgraded":8,"win_rate":0.0,"timestamp":1611898868,"path_taken":["M","?","?","?","M","R","?","R","T","M","M","R","M","?","R","BOSS","M","?","?","$","?","R","M","?","T","M","R","M","R","?","R","BOSS","M","$","M","?","?","R","E"],"items_purchased_type":["Relic"],"build_version":"2020-12-22","purchased_purges":0,"victory":false,"max_hp_per_floor":[80,80,80,80,80,80,80,80,80,80,80,80,80,80,80,80,80,80,80,80,80,80,80,80,80,80,80,80,80,80,80,80,80,85,85,85,85,85,85,85,85,85],"card_choices":[{"not_picked":["Warcry","Infernal Blade"],"picked":"Battle Trance","floor":1.0},{"not_picked":["MHz","ShyLook"],"picked":"Wellcheers","floor":3.0},{"not_picked":["Wild Strike","Armaments","Clash"],"picked":"SKIP","floor":3.0},{"not_picked":["Armaments","Clash"],"picked":"Wild Strike","floor":3.0},{"not_picked":["conspire:ExplosiveBarrier","ReplayTheSpireMod:Strike From Hell","Wild Strike"],"picked":"SKIP","floor":5.0},{"not_picked":["Thunderclap","Clash","Havoc"],"picked":"SKIP","floor":10.0},{"not_picked":["Eclipse","Run Through","Havoc"],"picked":"SKIP","floor":11.0},{"not_picked":["Life Link","Iron Wave","Thunderclap"],"picked":"SKIP","floor":13.0},{"not_picked":["jedi:collectorstrike","Warcry","Sentinel"],"picked":"SKIP","floor":14.0},{"not_picked":["Flex","Cleave","Havoc"],"picked":"SKIP","floor":24.0},{"not_picked":["Cleave","Heavy Blade","Defy Death"],"picked":"SKIP","floor":25.0},{"not_picked":["ReplayTheSpireMod:Strike From Hell","Run Through+1","Anger+1"],"picked":"SKIP","floor":27.0},{"not_picked":["Body Slam+1","Headbutt","Heavy Blade"],"picked":"SKIP","floor":29.0},{"not_picked":["Clash","Disarm"],"picked":"ReplayReversal+1","floor":34},{"not_picked":["Burning Pact+1","Replay:Undeath\u0027s Touch","Dual Wield+1"],"picked":"SKIP","floor":35},{"not_picked":["Disarm+1","ReplayTheSpireMod:Limb From Limb+1","Brutality"],"picked":"SKIP","floor":37}],"player_experience":684254,"relics_obtained":[{"floor":1.0,"key":"LetterFromLob"},{"floor":9.0,"key":"reliquary:Buckler"},{"floor":26.0,"key":"Dota2Spire:MagicBottle"},{"floor":31.0,"key":"Happy Flower"},{"floor":32.0,"key":"infinitespire:PuzzleCube"}],"event_choices":[],"is_beta":false,"boss_relics":[{"not_picked":["Velvet Choker","REME_ChargedStone"],"picked":"Mark of Pain"},{"not_picked":["ReplayTheSpireMod:SealedPack","conspire:SlowCooker"],"picked":"Tiny House"}],"items_purged_floors":[],"is_endless":false,"potions_floor_spawned":[10,11,14,25,33,37],"killed_by":"Gensokyo:Marisa","ascension_level":0}}