{"host":"p62uqwu04pp7leh9","time":1611895054,"event":{"mods":["BaseMod","Block Reminder","Colored Map","Colored Powertips","Minty Spire (QoL Compilation)","Relic Stats"],"gold_per_floor":[109,128,203,68,81,81,110,110,110,128,128,159,176,191,191,296,296,306,323,323,222,250,250,250],"floor_reached":23,"language":"ENG","playtime":1675,"items_purged":["Strike_G"],"score":221,"play_id":"411d4f85-11c9-4ac6-808f-86d12f4de5a2","local_time":"20210128223734","is_ascension_mode":true,"campfire_choices":[{"data":"Night Terror","floor":6,"key":"SMITH"},{"data":"Endless Agony","floor":8,"key":"SMITH"},{"data":"Night Terror","floor":15,"key":"SMITH"}],"circlet_count":0,"master_deck":["Strike_G","Strike_G","Strike_G","Defend_G","Defend_G","Survivor","Neutralize","Dagger Throw+1","Choke+1","Dodge and Roll+1","Quick Slash","Endless Agony+1","Night Terror+1","Tools of the Trade","Footwork+1","Underhanded Strike"],"relics":["Astrolabe","Art of War","Gremlin Horn","Sundial","Runic Pyramid","Red Mask"],"acts_visited":["Exordium","TheCity"],"potions_floor_usage":[10,16,16,22,23],"damage_taken":[{"damage":0,"enemies":"Small Slimes","floor":1,"turns":3},{"damage":7,"enemies":"Jaw Worm","floor":2,"turns":3},{"damage":0,"enemies":"Cultist","floor":5,"turns":3},{"damage":14,"enemies":"Lagavulin","floor":7,"turns":6},{"damage":4,"enemies":"Gremlin Gang","floor":10,"turns":4},{"damage":32,"enemies":"3 Sentries","floor":12,"turns":11},{"damage":2,"enemies":"Looter","floor":13,"turns":2},{"damage":0,"enemies":"Large Slime","floor":14,"turns":5},{"damage":21,"enemies":"The Guardian","floor":16,"turns":12},{"damage":46,"enemies":"3 Byrds","floor":18,"turns":8},{"damage":15,"enemies":"Shell Parasite","floor":19,"turns":6},{"damage":4,"enemies":"Masked Bandits","floor":22,"turns":3},{"damage":16,"enemies":"3 Cultists","floor":23,"turns":4}],"seed_played":"-1219295472708280290","potions_obtained":[{"floor":2,"key":"Dexterity Potion"},{"floor":7,"key":"FearPotion"},{"floor":10,"key":"FearPotion"},{"floor":14,"key":"LiquidBronze"},{"floor":19,"key":"DistilledChaos"}],"is_trial":false,"path_per_floor":["M","M","?","$","M","R","E","R","T","M","?","E","M","M","R","B",null,"M","M","?","$","?","M"],"character_chosen":"THE_SILENT","items_purchased":["Night Terror","Underhanded Strike"],"campfire_rested":0,"item_purchase_floors":[4,21],"current_hp_per_floor":[70,63,52,52,52,52,38,38,38,34,80,48,46,46,46,25,80,34,19,19,19,15,0,0],"gold":250,"neow_bonus":"BOSS_RELIC","is_daily":false,"chose_seed":false,"campfire_upgraded":3,"win_rate":0.0,"timestamp":1611895054,"path_taken":["M","M","?","$","M","R","E","R","T","M","?","E","?","?","R","BOSS","M","M","?","$","?","M"],"items_purchased_type":["Card","Card"],"build_version":"2020-12-22","purchased_purges":1,"victory":false,"max_hp_per_floor":[70,70,70,70,70,70,70,70,70,70,80,80,80,80,80,80,80,80,80,80,80,80,80,80],"relic_stats":{"Gremlin Horn":[12,12],"counters":[13,70],"Sundial":[8],"Astrolabe":["Dagger Throw","Choke","Dodge and Roll"],"Art of War":[8],"obtain_stats":[{"Gremlin Horn":9,"Sundial":12,"Astrolabe":0,"Art of War":7,"Red Mask":22,"Ring of the Snake":0,"Runic Pyramid":17},{"Gremlin Horn":4,"Sundial":6,"Astrolabe":0,"Art of War":4,"Red Mask":12,"Ring of the Snake":0,"Runic Pyramid":9},{"Gremlin Horn":15,"Sundial":30,"Astrolabe":0,"Art of War":15,"Red Mask":66,"Ring of the Snake":0,"Runic Pyramid":49}]},"card_choices":[{"not_picked":["Prepared","Bane"],"picked":"Quick Slash","floor":1},{"not_picked":["Dodge and Roll","Catalyst"],"picked":"Endless Agony","floor":2},{"not_picked":["Setup","Dodge and Roll","Flying Knee"],"picked":"SKIP","floor":5},{"not_picked":["Dodge and Roll","Blur","Backflip"],"picked":"SKIP","floor":7},{"not_picked":["Dash","Underhanded Strike","Eviscerate"],"picked":"SKIP","floor":10},{"not_picked":["Bane","Prepared","Slice"],"picked":"SKIP","floor":12},{"not_picked":["Eviscerate","Deflect"],"picked":"Night Terror","floor":13},{"not_picked":["Blade Dance","Flechettes","Cloak And Dagger"],"picked":"SKIP","floor":14},{"not_picked":["Phantasmal Killer","Corpse Explosion"],"picked":"Tools of the Trade","floor":16},{"not_picked":["Outmaneuver","Expertise"],"picked":"Footwork+1","floor":18},{"not_picked":["Acrobatics","Cloak And Dagger+1","Choke"],"picked":"SKIP","floor":19}],"player_experience":386389,"relics_obtained":[{"floor":7,"key":"Art of War"},{"floor":9,"key":"Gremlin Horn"},{"floor":12,"key":"Sundial"},{"floor":22,"key":"Red Mask"}],"event_choices":[{"damage_healed":0,"gold_gain":75,"player_choice":"Gather Gold","damage_taken":11,"max_hp_gain":0,"max_hp_loss":0,"event_name":"World of Goop","floor":3,"gold_loss":0},{"cards_removed":["Night Terror"],"damage_healed":36,"gold_gain":0,"player_choice":"Offered Rare","damage_taken":0,"max_hp_gain":10,"max_hp_loss":0,"event_name":"Bonfire Elementals","floor":11,"gold_loss":0},{"cards_removed":["Strike_G"],"damage_healed":0,"gold_gain":0,"player_choice":"Elegance","damage_taken":0,"max_hp_gain":0,"max_hp_loss":0,"event_name":"Back to Basics","floor":20,"gold_loss":0},{"damage_healed":0,"gold_gain":0,"player_choice":"Fought Bandits","damage_taken":0,"max_hp_gain":0,"max_hp_loss":0,"event_name":"Masked Bandits","floor":22,"gold_loss":0}],"is_beta":false,"boss_relics":[{"not_picked":["Tiny House","Sozu"],"picked":"Runic Pyramid"}],"items_purged_floors":[21],"is_endless":false,"potions_floor_spawned":[2,7,10,14,19],"killed_by":"3 Cultists","ascension_level":2}}