{"host":"xhu7ghy3w6l0eaqz","time":1611941436,"event":{"mods":["Act Like it!","Arknights The Spire","BaseMod","Gensokyo","Minty Spire (QoL Compilation)","MostiFishMod","Pale of the Ancients","RumiaBox-露米娅的神秘盒子","StSLib","Waifu the Spire","WarShipGirlsR/战舰少女R mod","【功能Mod】混沌之环修复补丁","【功能Mod】聪明的最终Boss"],"gold_per_floor":[113,131,147,163,4352,4385,4705,4705,4705,4705,4938,4954,4954,4980,4980,5077,5077,5097,4698,4698,4708,4144,4144,3101,3120,3144,3157,3174,3174,3194,3209,3209,3310,3310,3321,3321,3333,3349,3349,3349,3362,3389,3389,3415,3428,3442,2838,2856,2856,2856,2869,2887,2887,2220,2220,2239,2239,689,689,689],"floor_reached":61,"language":"ZHS","playtime":6015,"items_purged":["Clumsy","ats:Strike V","ats:Defend","ats:Strike S"],"score":1731,"play_id":"db7aab2d-33e1-44b4-b268-c61552374fd5","local_time":"20210130013036","is_ascension_mode":false,"campfire_choices":[{"floor":10,"key":"RECALL"},{"data":"ats:Roar Of Ursus","floor":15,"key":"SMITH"},{"data":"ats:Composite Medical Shells","floor":23,"key":"SMITH"},{"data":"ats:Emotion Absorption","floor":32,"key":"SMITH"},{"data":"Secret Technique","floor":40,"key":"SMITH"},{"data":"ats:Rat Pack","floor":49,"key":"SMITH"},{"data":"ats:Dogmatic Field","floor":55,"key":"SMITH"},{"data":"ats:Closed Bolt Burst Fire","floor":57,"key":"SMITH"}],"circlet_count":0,"master_deck":["ats:Strike C","ats:Strike G","ats:Armor Crushing Shot","ats:Defend","ats:Defend","ats:Emotion Absorption+1","MostiFishMod:SephirahHod+1","ats:Healing Drone+1","ats:Song Of Battle+1","ats:Roar Of Ursus+1","ats:Closed Bolt Burst Fire+1","ats:Hook Shot","ats:Composite Medical Shells+1","ats:Sunburst","ats:Dogmatic Field+1","ats:Defend Order","Secret Technique+1","ats:Sword Rain","ats:Song Of Battle+1","ats:Soul Absorption","ats:Defend Order","ats:Hook Shot","ats:Disruption Kick","ats:Rat Pack+1","Gensokyo:LifeSpringInfinity+1","ats:Echo Reverb","ats:Literary Storm+1","ats:Dogmatic Field+1","ats:Composite Medical Shells+1"],"relics":["ats:Sanity","DaveBox","NeowsBlessing","MostiFishMod:Hod","SynthV:TestCard","Dodecahedron","Frozen Eye","TimeFreeze","BirthdayGift-Tetrahedron","ats:Originium","War Paint","Gensokyo:NagashiBinaDoll","OriginationStaff","Mango","Happy Flower","TungstenRod","FossilizedHelix","xbg","Vajra","Gensokyo:MosesMiracle","ats:Defend","MetatronsCube","Strange Spoon","ats:Industrial Water Cannon","Torii","OrangePellets","Lizard Tail","MagicDraw2","SecretRecord","Art of War","Pantograph","Singing Bowl","ats:Snipe","Civilization","Technique","ChiLing","Chi","Ling","paleoftheancients:Timepiece","paleoftheancients:KeyRelic","CultistMask","paleoftheancients:SoulOfTheWatcher","GodSword6","Centennial Puzzle","TheAbacus","SynthV:MejaisSoulstealer"],"acts_visited":["Gensokyo:Gensokyo","Gensokyo:Gensokyoer","Gensokyo:Gensokyoest","paleoftheancients:PaleOfTheAncients"],"potions_floor_usage":[19],"damage_taken":[{"damage":0,"enemies":"Gensokyo:3_Fairies","floor":1,"turns":1},{"damage":0,"enemies":"Gensokyo:Gryphon","floor":2,"turns":1},{"damage":0,"enemies":"Gensokyo:2_Kodama","floor":3,"turns":1},{"damage":0,"enemies":"Gensokyo:Kitsune","floor":4,"turns":3},{"damage":9,"enemies":"Gensokyo:Cirno","floor":6,"turns":5},{"damage":2,"enemies":"Gensokyo:3_Kodama","floor":7,"turns":2},{"damage":3,"enemies":"Gensokyo:Aya","floor":11,"turns":2},{"damage":2,"enemies":"Gensokyo:Python_and_Kodama","floor":12,"turns":2},{"damage":6,"enemies":"Gensokyo:Mamizou","floor":14,"turns":4},{"damage":0,"enemies":"Gensokyo:Reimu","floor":16,"turns":5},{"damage":9,"enemies":"Gensokyo:AngelMirror","floor":18,"turns":2},{"damage":0,"enemies":"Gensokyo:3_Dogs","floor":21,"turns":2},{"damage":0,"enemies":"Gensokyo:Wraith","floor":25,"turns":3},{"damage":0,"enemies":"Gensokyo:Chomper_and_Gloop","floor":27,"turns":2},{"damage":11,"enemies":"Gensokyo:Slime_Group","floor":28,"turns":3},{"damage":0,"enemies":"Gensokyo:Wraith","floor":30,"turns":3},{"damage":0,"enemies":"Gensokyo:3_Gloops","floor":31,"turns":2},{"damage":0,"enemies":"Gensokyo:Eternal_Rivals","floor":33,"turns":4},{"damage":0,"enemies":"Gensokyo:3_Boulders","floor":35,"turns":3},{"damage":0,"enemies":"Gensokyo:3_Bats","floor":37,"turns":2},{"damage":0,"enemies":"Gensokyo:AtlasGolem","floor":38,"turns":2},{"damage":0,"enemies":"Gensokyo:AtlasGolem","floor":39,"turns":2},{"damage":0,"enemies":"Gensokyo:Sharpion","floor":41,"turns":3},{"damage":0,"enemies":"Gensokyo:Kasen","floor":44,"turns":3},{"damage":0,"enemies":"Gensokyo:4_Bats","floor":45,"turns":1},{"damage":0,"enemies":"Gensokyo:SeedOfUnknown","floor":46,"turns":2},{"damage":0,"enemies":"Gensokyo:3_Boulders","floor":48,"turns":1},{"damage":0,"enemies":"Gensokyo:Yuyuko","floor":50,"turns":2},{"damage":0,"enemies":"Gensokyo:Yuyuko","floor":51,"turns":2},{"damage":0,"enemies":"Gensokyo:Yuyuko","floor":52,"turns":3},{"damage":0,"enemies":"Gensokyo:Yuyuko","floor":56,"turns":2},{"damage":0,"enemies":"paleoftheancients:N","floor":60,"turns":3}],"seed_played":"-470784245149358103","potions_obtained":[{"floor":3,"key":"SpeedPotion"},{"floor":4,"key":"SmokeBomb"},{"floor":11,"key":"Weak Potion"},{"floor":12,"key":"Explosive Potion"},{"floor":16,"key":"Swift Potion"},{"floor":25,"key":"Dexterity Potion"}],"is_trial":false,"path_per_floor":["M","M","M","M","COS","E","M","?","T","R","E","M","?","E","R","B",null,"M","$","?","M","COS","R","$","M","T","M","M","T","M","M","R","B",null,"M","?","M","M","?","R","M","T","T","E","M","M","COS","M","R","B","M","M","?","$","R","M","R","$","?","B",null],"character_chosen":"DOCTOR_CLASS","items_purchased":["Vajra","ats:Defend Order","Fruit Juice","ats:Industrial Water Cannon","Torii","OrangePellets","Secret Technique","ats:Sword Rain","GodSword6","Centennial Puzzle","TheAbacus","SynthV:MejaisSoulstealer"],"campfire_rested":0,"item_purchase_floors":[19,19,19,24,24,24,24,24,54,54,54,58],"current_hp_per_floor":[72,72,72,72,72,72,71,71,71,71,84,85,85,83,83,86,86,81,86,86,91,91,91,91,91,91,91,91,91,91,91,91,91,91,91,79,91,91,91,91,91,91,91,91,93,95,95,100,100,105,112,119,119,119,119,124,124,124,124,129],"gold":689,"neow_bonus":"THREE_ENEMY_KILL","is_daily":false,"chose_seed":false,"campfire_upgraded":7,"win_rate":0.0,"timestamp":1611941436,"path_taken":["M","?","M","M","COS","E","M","?","T","R","E","M","?","E","R","BOSS","M","$","?","M","COS","R","?","M","T","?","?","?","M","?","R","BOSS","M","?","M","M","?","R","?","?","T","E","?","?","COS","M","R","BOSS","M","M","?","$","R","M","R","$","?","BOSS"],"items_purchased_type":["Relic","Card","Potion","Relic","Relic","Relic","Card","Card","Relic","Relic","Relic","Relic"],"build_version":"2020-12-22","purchased_purges":4,"victory":true,"max_hp_per_floor":[72,72,72,72,72,72,72,72,72,72,86,86,86,86,86,86,86,86,91,91,91,91,91,91,91,91,91,91,91,91,91,91,91,91,91,91,91,91,91,91,91,91,91,91,93,95,95,100,100,105,112,119,119,119,119,124,124,124,124,129],"card_choices":[{"not_picked":["ats:Consecutive Shot Auto","ats:Soul Absorption"],"picked":"ats:Very Hot Blade","floor":1},{"not_picked":["ats:Closed Bolt Burst Fire","ats:Flexible Camouflage","ats:Thermite Blade","ats:Guard Mode"],"picked":"ats:Healing Drone","floor":2},{"not_picked":["ats:Thermite Blade","ats:Assault Order","ats:Leaping Hammer","ats:Red Shift"],"picked":"ats:Song Of Battle","floor":3},{"not_picked":["ats:Poison Spread","ats:Rapid Magazine","ats:Blood Oath","ats:Absolute Focus"],"picked":"ats:Roar Of Ursus","floor":4},{"not_picked":["ats:Leaping Hammer","ats:Flexible Camouflage","ats:Very Hot Blade","ats:Revitalization"],"picked":"ats:Closed Bolt Burst Fire","floor":6},{"not_picked":["ats:Thorns","ats:Curse Doll","ats:Flexible Camouflage","ats:Shell Defense"],"picked":"ats:Hook Shot","floor":7},{"not_picked":["ats:Flame Of Heaven","ats:Song Of Battle","ats:Sashimi Platter","ats:Thermite Blade"],"picked":"ats:Composite Medical Shells","floor":11},{"not_picked":["ats:Sashimi Platter","ats:Cat Scratch","ats:Closed Bolt Burst Fire","ats:Collapsing Strike","ats:Very Hot Blade"],"picked":"SKIP","floor":12},{"not_picked":["ats:Powerful Strike","ats:Sashimi Platter","ats:Wolf Pack","ats:Blood Oath"],"picked":"ats:Sunburst","floor":14},{"not_picked":["ats:Ambush","ats:Nebulous Foxfire","ats:Volcano","ats:Durian"],"picked":"ats:Dogmatic Field","floor":16},{"not_picked":["ats:Poison Spread","ats:Revitalization+1","ats:Consecutive Shot Auto","ats:Ignite","ats:Powerful Strike"],"picked":"SKIP","floor":18},{"not_picked":["ats:Leaping Hammer","ats:Cat Scratch","ats:Revitalization+1","ats:Blood Oath","ats:Closed Bolt Burst Fire"],"picked":"SKIP","floor":21},{"not_picked":["ats:Powerful Strike+1","ats:Apocalypse","ats:Consecutive Shot Auto+1","ats:Revitalization","ats:Guard Mode"],"picked":"SKIP","floor":25},{"not_picked":["ats:Powerful Strike+1","ats:Leaping Hammer","ats:Poison Spread","ats:Curse Doll"],"picked":"ats:Song Of Battle+1","floor":27},{"not_picked":["ats:Dogmatic Field","ats:Blood Oath","ats:Flexible Camouflage+1","ats:Shell Defense"],"picked":"ats:Soul Absorption","floor":28},{"not_picked":["ats:Consecutive Shot Auto+1","ats:Flexible Camouflage","ats:Blood Oath","ats:Encircling Forest"],"picked":"ats:Defend Order","floor":30},{"not_picked":["ats:Thorns","ats:Guard Mode","ats:Very Hot Blade","ats:LN2 Cannon"],"picked":"ats:Hook Shot","floor":31},{"not_picked":["ats:Durian","ats:Echo Reverb","ats:Soul Rend","ats:Volcano"],"picked":"ats:Disruption Kick","floor":33},{"not_picked":["ats:Powerful Strike","ats:Revitalization","ats:Very Hot Blade","ats:Ignite","ats:Defend Order+1"],"picked":"SKIP","floor":35},{"not_picked":["ats:Consecutive Shot Auto+1","ats:Very Hot Blade+1","ats:Revitalization","ats:Encircling Forest+1"],"picked":"ats:Rat Pack","floor":37},{"not_picked":["ats:Soul Absorption","ats:Very Hot Blade+1","ats:Guard Mode","ats:Absolute Focus+1","ats:Poison Spread+1"],"picked":"SKIP","floor":38},{"not_picked":["Gensokyo:RisingWorld+1","Gensokyo:HouraiInAPot+1"],"picked":"Gensokyo:LifeSpringInfinity+1","floor":39},{"not_picked":["ats:Shell Defense","ats:Apocalypse","ats:Spore Proliferation","ats:Blood Oath"],"picked":"ats:Echo Reverb","floor":41},{"not_picked":["ats:Powerful Strike","ats:Apocalypse","ats:Explosion Area Strengthen","ats:LN2 Cannon"],"picked":"ats:Literary Storm+1","floor":44},{"not_picked":["ats:Song Of Battle","ats:Ignite+1","ats:Magnetic Hammer","ats:Leaping Hammer+1","ats:Curse Doll+1"],"picked":"Singing Bowl","floor":45},{"not_picked":["ats:Overload","ats:Absolute Focus","ats:Curse Doll+1","ats:Shadow Raid","ats:Directed Diagnosis"],"picked":"Singing Bowl","floor":46},{"not_picked":["ats:Cat Scratch+1","ats:Hook Shot+1","ats:Revitalization+1","ats:Shell Defense+1","ats:Soul Rend"],"picked":"Singing Bowl","floor":48},{"not_picked":["ats:Thermite Blade","ats:Composite Medical Shells","ats:Guard Mode+1","ats:Apocalypse+1","ats:Ignite"],"picked":"Singing Bowl","floor":51},{"not_picked":["ats:Guard Mode+1","ats:Sunburst+1","ats:Powerful Strike+1","ats:Revitalization","ats:Hammer On"],"picked":"Singing Bowl","floor":52},{"not_picked":["ats:Poison Spread+1","ats:Soul Absorption","ats:Sword Rain+1","ats:Ignite+1"],"picked":"ats:Composite Medical Shells+1","floor":56}],"player_experience":115115,"relics_obtained":[{"floor":1,"key":"SynthV:TestCard"},{"floor":6,"key":"ats:Originium"},{"floor":6,"key":"War Paint"},{"floor":9,"key":"OriginationStaff"},{"floor":11,"key":"ats:Originium"},{"floor":11,"key":"Mango"},{"floor":14,"key":"ats:Originium"},{"floor":14,"key":"TungstenRod"},{"floor":27,"key":"Gensokyo:MosesMiracle"},{"floor":29,"key":"MagicDraw2"},{"floor":42,"key":"Art of War"},{"floor":43,"key":"Pantograph"},{"floor":44,"key":"ats:Originium"},{"floor":44,"key":"Singing Bowl"},{"floor":52,"key":"paleoftheancients:SoulOfTheWatcher"}],"event_choices":[{"damage_healed":0,"gold_gain":0,"cards_transformed":["ats:Defend"],"player_choice":"Transformed","damage_taken":0,"max_hp_gain":0,"max_hp_loss":0,"event_name":"Transmorgrifier","floor":53,"gold_loss":0,"cards_obtained":["ats:Dogmatic Field"]}],"is_beta":false,"boss_relics":[{"not_picked":["NightmareShop","Snecko Eye"],"picked":"xbg"},{"not_picked":["Runic Dome","Cursed Key","Busted Crown"]}],"items_purged_floors":[19,24,54,58],"is_endless":false,"potions_floor_spawned":[3,4,11,12,16,18,25,30,31,37,44,51],"ascension_level":0}}