{"host":"o3b7ow6d1xe49css","time":1611912982,"event":{"mods":["Act Like it!","Aspiration","BaseMod","Bestiary","Better Altar","Better Match","Better Note","Better Sensory Stone","Better Skull","Better Third Choice","Colored Powertips","Conspire","Energized Spire","Force Act Four","GifTheSpireLib","Halation","Hermit","Hubris","Infinite Spire","Lobotomy","Minty Spire (QoL Compilation)","Quick Restart","Relic Filter Mod","Reliquary","Replay The Spire","Spicy Shops","Spikes Relics","Spire Arcade","StSLib","Stuff the Spire","The Blue Laboratory","Wandering Minibosses"],"gold_per_floor":[112,125,142,159,334,334,368,368,368,368,368],"floor_reached":10,"language":"ENG","playtime":167,"items_purged":[],"score":85,"play_id":"06d62f9d-40eb-48fb-b7c5-fc1bcf23050a","local_time":"20210129003622","daily_mods":["Heirloom","Flight"],"is_ascension_mode":true,"campfire_choices":[{"data":"Zap","floor":6,"key":"SMITH"},{"data":"Dualcast","floor":8,"key":"SMITH"}],"circlet_count":0,"master_deck":["Strike_B","Strike_B","Strike_B","Strike_B","Defend_B","Defend_B","Defend_B","Defend_B","Zap+1","Dualcast+1","Scorched","Leap","OldLady","Coolheaded","Doubt","OSAHOGD"],"relics":["Cracked Core","Ring of Chaos","Du-Vu Doll","CogitoBucket","Centennial Puzzle","aspiration:HummingbirdHeart"],"acts_visited":["Exordium"],"potions_floor_usage":[7,7],"damage_taken":[{"damage":0,"enemies":"2 Louse","floor":1,"turns":2},{"damage":0,"enemies":"Small Slimes","floor":2,"turns":2},{"damage":0,"enemies":"Cultist","floor":3,"turns":2},{"damage":0,"enemies":"3 Louse","floor":4,"turns":1},{"damage":13,"enemies":"Gremlin Nob","floor":7,"turns":4},{"damage":23,"enemies":"Replay:BlueRogue","floor":10,"turns":3}],"seed_played":"4930799720769962928","potions_obtained":[{"floor":1,"key":"Languid Potion"},{"floor":3,"key":"Block Potion"}],"is_trial":true,"path_per_floor":["M","M","M","M","?","R","E","R","T","E"],"character_chosen":"DEFECT","items_purchased":[],"campfire_rested":0,"item_purchase_floors":[],"current_hp_per_floor":[75,75,75,75,75,75,62,62,62,39,39],"gold":368,"neow_bonus":"","is_daily":false,"chose_seed":false,"campfire_upgraded":2,"win_rate":0.0,"timestamp":1611912982,"path_taken":["M","M","M","M","?","R","E","R","T","E"],"items_purchased_type":[],"build_version":"2020-12-22","purchased_purges":0,"victory":false,"max_hp_per_floor":[75,75,75,75,75,75,75,75,75,75,75],"card_choices":[{"not_picked":["Wellcheers","Mercenary"],"picked":"Scorched","floor":1},{"not_picked":["Undo","Turbo","Compile Driver"],"picked":"SKIP","floor":1},{"not_picked":["BeautyBeast","Yin","CherryBlossoms"],"picked":"Singing Bowl","floor":2},{"not_picked":["Barrage","Ball Lightning"],"picked":"Leap","floor":2},{"not_picked":["FieryBird","BeautyBeast"],"picked":"OldLady","floor":3},{"not_picked":["BasicCrystalCard","Reprogram"],"picked":"Coolheaded","floor":3},{"not_picked":["Murderer","MHz","SnowQueen"],"picked":"Singing Bowl","floor":4},{"not_picked":["DiskWipe","Sweeping Beam","Steam"],"picked":"SKIP","floor":4},{"not_picked":["Mercenary","CherryBlossoms"],"picked":"OSAHOGD","floor":7},{"not_picked":["Leap","Panic Button","Hologram"],"picked":"SKIP","floor":7}],"player_experience":1890610,"relics_obtained":[{"floor":7,"key":"Centennial Puzzle"},{"floor":9,"key":"aspiration:HummingbirdHeart"}],"event_choices":[{"damage_healed":0,"gold_gain":175,"player_choice":"AGREE","damage_taken":159,"max_hp_gain":0,"max_hp_loss":0,"event_name":"betterThird:BetterSerpent","floor":5,"gold_loss":0}],"is_beta":false,"boss_relics":[],"items_purged_floors":[],"is_endless":false,"potions_floor_spawned":[1,3],"killed_by":"Replay:BlueRogue","ascension_level":5}}