{"host":"mku5fdaoqz3qihec","time":1611922821,"event":{"mods":["100% Spire Juice","2.2 Compatiblity","AchievementEnabler","Arknights The Spire","BaseMod","CapriCore","Colored Map","Colored Powertips","Hermit","Koishi","Minty Spire (QoL Compilation)","Rare Cards Sparkle","StSLib","SuperFastMode","The Dragon Tamer","The Immortal","The Servant 0.9.4"],"gold_per_floor":[112,126,126,51,51,94,94,94,146,167,181,28,71,96,96,216,216,229,144,157,157,157,157],"floor_reached":21,"language":"KOR","playtime":658,"items_purged":["MokouMod:Defend"],"score":289,"play_id":"f0097aac-d26a-4773-aaa7-a687ae0830d9","local_time":"20210129212021","is_ascension_mode":false,"campfire_choices":[{"data":"MokouMod:Wildfire","floor":7.0,"key":"SMITH"},{"floor":15.0,"key":"REST"}],"circlet_count":0,"master_deck":["MokouMod:Strike","MokouMod:Strike","MokouMod:Strike","MokouMod:Strike","MokouMod:Strike+1","MokouMod:Defend","MokouMod:Defend","MokouMod:Defend+1","MokouMod:HeatSpark","MokouMod:Overheat","MokouMod:Sear","MokouMod:Wildfire+1","MokouMod:Sear","MokouMod:Firecracker","MokouMod:Wildfire","MokouMod:ResoluteFlare","MokouMod:Ventilation"],"relics":["MokouMod:PhoenixFeather","NeowsBlessing","Golden Idol","Singing Bowl","CaptainsWheel","Potion Belt","Tiny Chest","Smiling Mask","SacredBark","Strawberry"],"acts_visited":["Exordium","TheCity"],"potions_floor_usage":[],"damage_taken":[{"damage":0.0,"enemies":"Small Slimes","floor":1.0,"turns":1.0},{"damage":0.0,"enemies":"Jaw Worm","floor":2.0,"turns":1.0},{"damage":0.0,"enemies":"3 Sentries","floor":6.0,"turns":1.0},{"damage":6.0,"enemies":"2 Louse","floor":10.0,"turns":2.0},{"damage":11.0,"enemies":"Large Slime","floor":11.0,"turns":3.0},{"damage":5.0,"enemies":"Lagavulin","floor":13.0,"turns":5.0},{"damage":12.0,"enemies":"Exordium Wildlife","floor":14.0,"turns":3.0},{"damage":0.0,"enemies":"Slime Boss","floor":16.0,"turns":4.0},{"damage":5.0,"enemies":"3 Byrds","floor":18.0,"turns":3.0},{"damage":20.0,"enemies":"2 Thieves","floor":20.0,"turns":4.0},{"damage":0,"enemies":"Centurion and Healer","floor":21,"turns":1}],"seed_played":"-7522437422090575382","potions_obtained":[{"floor":1.0,"key":"EntropicBrew"},{"floor":6.0,"key":"Fruit Juice"},{"floor":10.0,"key":"Ancient Potion"},{"floor":16.0,"key":"Fire Potion"},{"floor":18.0,"key":"Weak Potion"}],"is_trial":false,"path_per_floor":["M","M","?","$","?","E","R","T","T","M","M","$","E","M","R","B",null,"M","?","M","M"],"character_chosen":"MKU","items_purchased":["Tiny Chest"],"campfire_rested":1,"item_purchase_floors":[12],"current_hp_per_floor":[75,75,57,57,42,42,42,42,42,36,25,25,20,8,30,30,85,82,89,71,71,71,71],"gold":157,"neow_bonus":"THREE_ENEMY_KILL","is_daily":false,"chose_seed":false,"campfire_upgraded":1,"win_rate":0.0,"timestamp":1611922821,"path_taken":["M","M","?","$","?","E","R","?","T","M","M","$","E","M","R","BOSS","M","?","M","M"],"items_purchased_type":["Relic"],"build_version":"2020-12-22","purchased_purges":1,"victory":false,"max_hp_per_floor":[75,75,75,75,75,75,75,75,75,75,75,75,75,75,75,75,85,87,94,96,96,96,96],"card_choices":[{"not_picked":["MokouMod:ThermalPressure","MokouMod:FlickeringFlame"],"picked":"MokouMod:Overheat","floor":1.0},{"not_picked":["MokouMod:ScorchingColumn","MokouMod:RisingSunBarrier"],"picked":"MokouMod:Sear","floor":2.0},{"not_picked":["MokouMod:IgnitionBarrier","MokouMod:Extinguish"],"picked":"MokouMod:Wildfire","floor":6.0},{"not_picked":["MokouMod:IndiscriminateIgnition","MokouMod:ScorchedEarth"],"picked":"MokouMod:Sear","floor":10.0},{"not_picked":["MokouMod:CrimsonFlare","MokouMod:FlareStarter"],"picked":"MokouMod:Firecracker","floor":11.0},{"not_picked":["MokouMod:IndiscriminateIgnition","MokouMod:Overheat"],"picked":"MokouMod:Wildfire","floor":13.0},{"not_picked":["MokouMod:FusionFlare","MokouMod:FlareStarter"],"picked":"MokouMod:ResoluteFlare","floor":14.0},{"not_picked":["MokouMod:EnchantingBambooForest","MokouMod:PhoenixForm"],"picked":"MokouMod:Ventilation","floor":16.0},{"not_picked":["MokouMod:GuidingSmoke","MokouMod:Firecracker+1","MokouMod:RoaringFlare"],"picked":"Singing Bowl","floor":18.0},{"not_picked":["MokouMod:Overheat","MokouMod:UncontrollableSolarReaction","MokouMod:GuidingSmoke"],"picked":"Singing Bowl","floor":20.0}],"player_experience":288830,"relics_obtained":[{"floor":6.0,"key":"Singing Bowl"},{"floor":8.0,"key":"CaptainsWheel"},{"floor":9.0,"key":"Potion Belt"},{"floor":13.0,"key":"Smiling Mask"}],"event_choices":[{"damage_healed":0.0,"max_hp_gain":0.0,"max_hp_loss":0.0,"gold_gain":0.0,"event_name":"Golden Idol","player_choice":"Take Damage","floor":3.0,"gold_loss":0.0,"damage_taken":18.0,"relics_obtained":["Golden Idol"]},{"damage_healed":0.0,"max_hp_gain":0.0,"max_hp_loss":0.0,"gold_gain":0.0,"event_name":"Shining Light","player_choice":"Entered Light","floor":5.0,"gold_loss":0.0,"damage_taken":15.0,"cards_upgraded":["MokouMod:Strike","MokouMod:Defend"]},{"damage_healed":0.0,"max_hp_gain":0.0,"max_hp_loss":0.0,"gold_gain":0.0,"event_name":"Addict","player_choice":"Obtained Relic","floor":19.0,"gold_loss":85.0,"damage_taken":0.0,"relics_obtained":["Strawberry"]}],"is_beta":false,"boss_relics":[{"not_picked":["Fusion Hammer","Snecko Eye"],"picked":"SacredBark"}],"items_purged_floors":[4],"is_endless":false,"potions_floor_spawned":[1,6,10,16,18],"killed_by":"Centurion and Healer","ascension_level":0}}