{"host":"dlre6nluqh4zuhws","time":1611948526,"event":{"mods":["BaseMod","Downfall","Minty Spire (QoL Compilation)","StSLib"],"gold_per_floor":[99,118,31,44,44,44,44,44,74,90,265,257,257,282,310,415,415,415,442,495,515,537,26,26,11,11,38,79,43,62,78,97,97,97,97],"floor_reached":33,"language":"ENG","playtime":3700,"items_purged":["downfall:Bewildered","Injury"],"score":319,"play_id":"54749613-1b89-4aeb-a4a2-15010c5e63c3","local_time":"20210130022846","is_ascension_mode":false,"campfire_choices":[{"data":"hexamod:Float","floor":1,"key":"SMITH"},{"data":"hexamod:RetreatToShadows","floor":6,"key":"SMITH"},{"floor":13,"key":"REST"},{"data":"hexamod:BurningTouch","floor":18,"key":"SMITH"},{"data":"hexamod:WildfireWeapon","floor":26,"key":"SMITH"}],"circlet_count":0,"master_deck":["hexamod:Strike","hexamod:Strike","hexamod:Strike","hexamod:Strike","hexamod:Defend","hexamod:Defend","hexamod:Defend","hexamod:Defend","hexamod:Sear","hexamod:Float+1","hexamod:HauntingEcho","hexamod:RetreatToShadows+1","hexamod:StepThrough","hexamod:ThirdSeal","hexamod:BurningTouch+1","hexamod:ShieldOfDarkness","hexamod:NecessarySacrifice","Doubt","hexamod:FirstSeal","hexamod:SecondSeal","hexamod:FourthSeal","hexamod:Firestarter","hexamod:DynamicBlow","hexamod:InspiringFlames","hexamod:RetreatToShadows","hexamod:WildfireWeapon+1","hexamod:AdvancingGuard+1","hexamod:SoulSteal","hexamod:PhantomFireball+1","hexamod:RainOfEmbers+1","hexamod:HeatShield","Mind Blast","Panache","hexamod:RetreatToShadows","hexamod:EtherealExpedition+1","hexamod:FastForward","hexamod:VolcanoVisage","hexamod:EmpoweredFlame","expansioncontent:DashGenerateEvil","Bandage Up","hexamod:HeatCrush","hexamod:Firestarter+1"],"relics":["hexamod:SpiritBrand","Question Card","downfall:ExtraCursedKey","hexamod:MatchstickCase","Coffee Dripper","Nunchaku","Anchor","Mercury Hourglass"],"acts_visited":["Exordium","TheCity"],"potions_floor_usage":[16,16,22,22,28,29,29,29,33,33],"damage_taken":[{"damage":3,"enemies":"2 Louse","floor":2,"turns":4},{"damage":0,"enemies":"downfall:FleeingMerchant","floor":3,"turns":4},{"damage":6,"enemies":"Jaw Worm","floor":4,"turns":3},{"damage":19,"enemies":"Lagavulin","floor":9,"turns":6},{"damage":0,"enemies":"Cultist","floor":10,"turns":3},{"damage":5,"enemies":"Exordium Thugs","floor":14,"turns":5},{"damage":6,"enemies":"Gremlin Gang","floor":15,"turns":4},{"damage":24,"enemies":"IC_STATUS_ARCHETYPE","floor":16,"turns":7},{"damage":3,"enemies":"Shell Parasite","floor":19,"turns":6},{"damage":20,"enemies":"Spheric Guardian","floor":21,"turns":10},{"damage":18,"enemies":"Cultist and Chosen","floor":22,"turns":9},{"damage":2,"enemies":"downfall:FleeingMerchant","floor":23,"turns":4},{"damage":3,"enemies":"downfall:FleeingMerchant","floor":25,"turns":4},{"damage":6,"enemies":"Snake Plant","floor":27,"turns":3},{"damage":20,"enemies":"Book of Stabbing","floor":28,"turns":6},{"damage":18,"enemies":"downfall:FleeingMerchant","floor":29,"turns":4},{"damage":0,"enemies":"Snecko","floor":30,"turns":3},{"damage":3,"enemies":"Cultist and Chosen","floor":31,"turns":3},{"damage":0,"enemies":"Centurion and Healer","floor":32,"turns":4},{"damage":36,"enemies":"SI_MIRROR_ARCHETYPE","floor":33,"turns":8}],"seed_played":"587635761469383921","potions_obtained":[{"floor":9,"key":"Explosive Potion"},{"floor":14,"key":"SpeedPotion"},{"floor":15,"key":"hexamod:DoubleChargePotion"},{"floor":15,"key":"Swift Potion"},{"floor":16,"key":"bronze:BurnAndBuffPotion"},{"floor":16,"key":"Strength Potion"},{"floor":19,"key":"hexamod:EctoCoolerPotion"},{"floor":19,"key":"Block Potion"},{"floor":22,"key":"Energy Potion"},{"floor":23,"key":"Explosive Potion"},{"floor":27,"key":"Slimebound:ThreeZeroPotion"},{"floor":28,"key":"ColorlessPotion"},{"floor":30,"key":"FearPotion"},{"floor":31,"key":"GamblersBrew"}],"is_trial":false,"path_per_floor":["R","M","$","M","?","R","T","?","E","M","?","?","R","M","M","B",null,"R","M","T","M","M","$","T","$","R","M","E","$","M","M","M","B"],"character_chosen":"THE_SPIRIT","items_purchased":["hexamod:StepThrough","Anchor","Mind Blast","Panache","expansioncontent:DashGenerateEvil","Bandage Up"],"campfire_rested":1,"item_purchase_floors":[3,23,23,23,29,29],"current_hp_per_floor":[77,74,74,68,73,73,73,73,54,54,54,47,71,73,74,57,82,82,82,82,69,58,63,63,60,60,54,41,23,27,24,28,0,0,0],"gold":97,"neow_bonus":"TEN_PERCENT_HP_BONUS","is_daily":false,"chose_seed":false,"campfire_upgraded":4,"win_rate":0.0,"timestamp":1611948526,"path_taken":["R","M","$","M","?","R","T","?","E","M","?","?","R","?","M","BOSS","R","M","?","M","M","$","T","?","R","M","E","$","M","?","M","BOSS"],"items_purchased_type":["Card","Relic","Card","Card","Card","Card"],"build_version":"2020-12-13","purchased_purges":2,"victory":false,"max_hp_per_floor":[77,77,77,77,82,82,82,82,82,82,82,82,82,82,82,82,82,82,82,82,82,82,82,82,82,82,82,82,82,82,82,82,82,82,82],"card_choices":[{"not_picked":["hexamod:GhostLash","hexamod:GhostflameBarrier"],"picked":"hexamod:HauntingEcho","floor":2},{"not_picked":["hexamod:ThermalTransfer","hexamod:BacktrackSmack"],"picked":"hexamod:RetreatToShadows","floor":3},{"not_picked":["hexamod:FirstSeal","hexamod:HeatMetal"],"picked":"hexamod:ThirdSeal","floor":4},{"not_picked":["hexamod:SecondSeal","hexamod:PhantomCloak","hexamod:GhostOfSpireFuture"],"picked":"hexamod:BurningTouch","floor":9},{"not_picked":["hexamod:EmpoweredFlame","hexamod:HeatShield","hexamod:HeatMetal"],"picked":"hexamod:ShieldOfDarkness","floor":10},{"not_picked":["hexamod:GhostLash","hexamod:GhostShield","hexamod:SecondSeal"],"picked":"hexamod:NecessarySacrifice","floor":10},{"not_picked":["hexamod:FastForward","hexamod:NecessarySacrifice","hexamod:ThermalTransfer"],"picked":"hexamod:Firestarter","floor":14},{"not_picked":["hexamod:BurningTouch","hexamod:UnlimitedPower","hexamod:GhostLash"],"picked":"hexamod:DynamicBlow","floor":14},{"not_picked":["hexamod:SpectersWail","hexamod:NightmareStrike","hexamod:BurningTouch"],"picked":"hexamod:InspiringFlames","floor":15},{"not_picked":["hexamod:SoulSteal","hexamod:FirstSeal","hexamod:GhostOfSpireFuture"],"picked":"hexamod:RetreatToShadows","floor":15},{"not_picked":["hexamod:GhostOfSpirePresent","hexamod:TimeOfNeed","hexamod:GhostflameInferno"],"picked":"hexamod:WildfireWeapon","floor":16},{"not_picked":["hexamod:ThermalTransfer","hexamod:SpectersWail","hexamod:PhantomCloak+1"],"picked":"hexamod:AdvancingGuard+1","floor":19},{"not_picked":["hexamod:SpectralAdrenaline","hexamod:ThirdSeal","hexamod:SpectersWail","hexamod:FirstSeal"],"picked":"SKIP","floor":19},{"not_picked":["hexamod:SpectersWail+1","hexamod:HeatMetal","hexamod:BacktrackSmack"],"picked":"hexamod:SoulSteal","floor":21},{"not_picked":["hexamod:Haunt","hexamod:GhostShield","hexamod:GhostLash","hexamod:StepThrough"],"picked":"SKIP","floor":21},{"not_picked":["hexamod:SwordOfDarkness","hexamod:ThermalTransfer","hexamod:GhostOfSpirePresent"],"picked":"hexamod:PhantomFireball+1","floor":22},{"not_picked":["hexamod:ThermalTransfer","hexamod:SoulSteal","hexamod:SpectersWail"],"picked":"hexamod:RainOfEmbers+1","floor":22},{"not_picked":["hexamod:Firestarter+1","hexamod:SpectersWail","hexamod:Incineration"],"picked":"hexamod:HeatShield","floor":23},{"not_picked":["hexamod:TimeWarp","hexamod:FirstSeal","hexamod:AdvancingGuard"],"picked":"hexamod:RetreatToShadows","floor":25},{"not_picked":["hexamod:InspiringFlames","hexamod:NightmareStrike","hexamod:RetreatToShadows"],"picked":"hexamod:EtherealExpedition+1","floor":25},{"not_picked":["hexamod:Again","hexamod:PhantomCloak","hexamod:BacktrackSmack+1"],"picked":"hexamod:FastForward","floor":27},{"not_picked":["hexamod:GhostLash","hexamod:SkipABeat","hexamod:SpectralAdrenaline"],"picked":"hexamod:VolcanoVisage","floor":28},{"not_picked":["hexamod:SpectersWail","hexamod:AdvancingGuard+1","hexamod:ThermalTransfer"],"picked":"hexamod:EmpoweredFlame","floor":29},{"not_picked":["hexamod:NightmareStrike","hexamod:RainOfEmbers","hexamod:AdvancingGuard","hexamod:BacktrackSmack"],"picked":"SKIP","floor":30},{"not_picked":["hexamod:Firestarter","hexamod:ShieldOfDarkness","hexamod:RadiantFlame","hexamod:NightmareStrike+1"],"picked":"SKIP","floor":30},{"not_picked":["hexamod:DynamicBlow","hexamod:WildfireWeapon","hexamod:HeatMetal"],"picked":"hexamod:HeatCrush","floor":31},{"not_picked":["hexamod:SpectersWail","hexamod:Rewind","hexamod:NightmareGuise"],"picked":"hexamod:Firestarter+1","floor":32}],"player_experience":33075,"relics_obtained":[{"floor":7,"key":"Question Card"},{"floor":9,"key":"hexamod:MatchstickCase"},{"floor":20,"key":"Nunchaku"},{"floor":28,"key":"Mercury Hourglass"}],"event_choices":[{"damage_healed":0,"gold_gain":0,"player_choice":"Donut","damage_taken":0,"max_hp_gain":5,"max_hp_loss":0,"event_name":"Big Fish","floor":5,"gold_loss":0}],"is_beta":false,"boss_relics":[{"not_picked":["Astrolabe","Pandora\u0027s Box"],"picked":"Coffee Dripper"}],"items_purged_floors":[23,29],"is_endless":false,"potions_floor_spawned":[9,15,16,19,21,27,30,31],"killed_by":"SI_MIRROR_ARCHETYPE","ascension_level":0}}