{"host":"5jdby9iqu3ct6557","time":1611949740,"event":{"mods":["BaseMod","DeckTracker","Highlight Path","Minty Spire (QoL Compilation)","Relic Stats","StSLib"],"gold_per_floor":[118,118,131,150,163,163,177,187,187,203,203,232,250,280,280,357,357,373,390,305,6,22,22,49,49,97,122,141,141,170,170,170,242,242,256,46,46,46,46,46,75,87,87,118,118,132,148,174,174,174,174],"floor_reached":50,"language":"ENG","playtime":9776,"items_purged":["Strike_R","Strike_R"],"score":1404,"play_id":"1eb44a3e-a442-4b3c-b87e-b4388cd175db","local_time":"20210129144900","is_ascension_mode":true,"campfire_choices":[{"data":"Wild Strike","floor":6,"key":"SMITH"},{"data":"Clothesline","floor":11,"key":"SMITH"},{"data":"True Grit","floor":15,"key":"SMITH"},{"data":"Dark Embrace","floor":23,"key":"SMITH"},{"floor":25,"key":"REST"},{"floor":29,"key":"RECALL"},{"data":"J.A.X.","floor":32,"key":"SMITH"},{"data":"Juggernaut","floor":40,"key":"SMITH"},{"floor":45,"key":"REST"},{"floor":49,"key":"REST"}],"circlet_count":0,"master_deck":["AscendersBane","Defend_R","Defend_R","Defend_R","Defend_R","Bash+1","Headbutt","Iron Wave","True Grit+1","Wild Strike+1","Clothesline+1","Brutality","Dark Embrace+1","Pummel+1","Uppercut+1","Corruption+1","Havoc","Exhume","J.A.X.+1","Juggernaut+1","Second Wind+1","Intimidate+1"],"relics":["Busted Crown","Eternal Feather","Dead Branch","Pantograph","Astrolabe","Meat on the Bone","Omamori","Red Skull","The Courier","Nunchaku","Cursed Key","Strange Spoon","Bag of Preparation","Mummified Hand","Letter Opener"],"acts_visited":["Exordium","TheCity","TheBeyond"],"potions_floor_usage":[5,13,16,22,24,33],"damage_taken":[{"damage":5,"enemies":"2 Louse","floor":1,"turns":3},{"damage":1,"enemies":"Cultist","floor":3,"turns":3},{"damage":7,"enemies":"Jaw Worm","floor":4,"turns":2},{"damage":4,"enemies":"Large Slime","floor":5,"turns":5},{"damage":1,"enemies":"3 Louse","floor":7,"turns":3},{"damage":9,"enemies":"Gremlin Gang","floor":8,"turns":7},{"damage":0,"enemies":"Exordium Thugs","floor":10,"turns":3},{"damage":20,"enemies":"Lagavulin","floor":12,"turns":6},{"damage":11,"enemies":"Exordium Wildlife","floor":13,"turns":4},{"damage":7,"enemies":"Gremlin Nob","floor":14,"turns":3},{"damage":24,"enemies":"The Guardian","floor":16,"turns":11},{"damage":22,"enemies":"Spheric Guardian","floor":18,"turns":4},{"damage":11,"enemies":"3 Byrds","floor":19,"turns":5},{"damage":0,"enemies":"Sentry and Sphere","floor":22,"turns":3},{"damage":43,"enemies":"Slavers","floor":24,"turns":5},{"damage":15,"enemies":"Gremlin Leader","floor":27,"turns":5},{"damage":6,"enemies":"Cultist and Chosen","floor":28,"turns":5},{"damage":14,"enemies":"Book of Stabbing","floor":30,"turns":3},{"damage":62,"enemies":"Automaton","floor":33,"turns":8},{"damage":10,"enemies":"3 Darklings","floor":35,"turns":3},{"damage":9,"enemies":"Nemesis","floor":41,"turns":5},{"damage":14,"enemies":"Orb Walker","floor":42,"turns":2},{"damage":21,"enemies":"Giant Head","floor":44,"turns":3},{"damage":45,"enemies":"4 Shapes","floor":46,"turns":5},{"damage":14,"enemies":"Jaw Worm Horde","floor":47,"turns":4},{"damage":32,"enemies":"Nemesis","floor":48,"turns":3},{"damage":71,"enemies":"Time Eater","floor":50,"turns":7}],"seed_played":"-1652032868803420795","potions_obtained":[{"floor":3,"key":"FairyPotion"},{"floor":4,"key":"SpeedPotion"},{"floor":8,"key":"BloodPotion"},{"floor":13,"key":"SpeedPotion"},{"floor":19,"key":"Regen Potion"},{"floor":22,"key":"Strength Potion"},{"floor":30,"key":"Swift Potion"},{"floor":33,"key":"FearPotion"},{"floor":35,"key":"GamblersBrew"}],"is_trial":false,"path_per_floor":["M","?","M","M","M","R","M","M","T","M","R","E","M","E","R","B",null,"M","M","?","$","M","R","E","R","T","E","M","R","E","?","R","B",null,"M","$","?","?","?","R","E","M","T","E","R","M","M","E","R","B"],"character_chosen":"IRONCLAD","items_purchased":["Omamori","Havoc","Strange Spoon"],"campfire_rested":3,"item_purchase_floors":[21,21,36],"current_hp_per_floor":[63,63,62,55,51,51,50,41,41,41,50,30,34,27,36,37,66,44,33,33,33,42,51,20,51,51,48,42,51,49,49,61,25,63,53,53,53,53,53,65,56,42,42,33,66,33,31,32,65,0,0],"gold":174,"neow_bonus":"BOSS_RELIC","is_daily":false,"chose_seed":false,"campfire_upgraded":6,"win_rate":0.0,"timestamp":1611949740,"path_taken":["M","?","M","M","M","R","M","M","T","M","R","E","M","E","R","BOSS","M","M","?","$","M","R","E","R","T","E","M","R","E","?","R","BOSS","M","$","?","?","?","R","E","M","T","E","R","?","M","E","R","BOSS"],"items_purchased_type":["Relic","Card","Relic"],"build_version":"2020-12-22","purchased_purges":2,"victory":false,"max_hp_per_floor":[75,75,75,75,75,75,75,75,75,75,75,75,75,75,75,75,75,75,75,75,75,75,75,75,75,75,75,75,75,75,75,75,75,75,75,75,71,71,71,71,71,71,71,71,71,71,71,71,71,71,71],"relic_stats":{"counters":[27,119],"Dead Branch":[318],"Astrolabe":["Pummel","Uppercut","Corruption"],"Eternal Feather":93,"Bag of Preparation":[12],"Letter Opener":[15],"Cursed Key":0,"Strange Spoon":[48],"Nunchaku":[8],"Busted Crown":54,"Mummified Hand":[20],"Pantograph":45,"obtain_stats":[{"Dead Branch":12,"Astrolabe":17,"Eternal Feather":9,"The Courier":27,"Omamori":21,"Bag of Preparation":41,"Letter Opener":48,"Cursed Key":34,"Burning Blood":0,"Strange Spoon":36,"Nunchaku":30,"Busted Crown":0,"Mummified Hand":44,"Pantograph":14,"Red Skull":24,"Meat on the Bone":20},{"Dead Branch":8,"Astrolabe":11,"Eternal Feather":6,"The Courier":16,"Omamori":13,"Bag of Preparation":21,"Letter Opener":26,"Cursed Key":19,"Burning Blood":0,"Strange Spoon":20,"Nunchaku":18,"Busted Crown":0,"Mummified Hand":23,"Pantograph":10,"Red Skull":15,"Meat on the Bone":13},{"Dead Branch":32,"Astrolabe":50,"Eternal Feather":23,"The Courier":72,"Omamori":59,"Bag of Preparation":96,"Letter Opener":113,"Cursed Key":88,"Burning Blood":0,"Strange Spoon":91,"Nunchaku":80,"Busted Crown":0,"Mummified Hand":101,"Pantograph":39,"Red Skull":67,"Meat on the Bone":59}],"Meat on the Bone":96},"card_choices":[{"not_picked":[],"picked":"Headbutt","floor":1},{"not_picked":[],"picked":"Iron Wave","floor":3},{"not_picked":[],"picked":"True Grit","floor":4},{"not_picked":[],"picked":"Wild Strike","floor":5},{"not_picked":[],"picked":"Clothesline","floor":8},{"not_picked":[],"picked":"Brutality","floor":10},{"not_picked":[],"picked":"Dark Embrace","floor":14},{"not_picked":[],"picked":"Exhume","floor":24},{"not_picked":[],"picked":"Juggernaut","floor":33},{"not_picked":[],"picked":"Second Wind+1","floor":35},{"not_picked":[],"picked":"Intimidate+1","floor":44}],"player_experience":2417969,"relics_obtained":[{"floor":9,"key":"Eternal Feather"},{"floor":12,"key":"Dead Branch"},{"floor":14,"key":"Pantograph"},{"floor":24,"key":"Red Skull"},{"floor":27,"key":"The Courier"},{"floor":30,"key":"Nunchaku"},{"floor":41,"key":"Bag of Preparation"},{"floor":44,"key":"Mummified Hand"},{"floor":48,"key":"Letter Opener"}],"event_choices":[{"damage_healed":0,"gold_gain":0,"player_choice":"Forge","damage_taken":0,"max_hp_gain":0,"max_hp_loss":0,"event_name":"Accursed Blacksmith","floor":2,"gold_loss":0,"cards_upgraded":["Bash"]},{"damage_healed":0,"gold_gain":0,"player_choice":"Obtained Relic","damage_taken":0,"relics_obtained":["Meat on the Bone"],"max_hp_gain":0,"max_hp_loss":0,"event_name":"Addict","floor":20,"gold_loss":85},{"damage_healed":0,"gold_gain":0,"player_choice":"Obtain J.A.X.","damage_taken":0,"max_hp_gain":0,"max_hp_loss":0,"event_name":"Drug Dealer","floor":31,"gold_loss":0,"cards_obtained":["J.A.X."]},{"damage_healed":0,"gold_gain":0,"player_choice":"Max HP","damage_taken":0,"max_hp_gain":0,"max_hp_loss":4,"event_name":"Winding Halls","floor":37,"gold_loss":0},{"damage_healed":0,"gold_gain":0,"player_choice":"Memory 1","damage_taken":0,"max_hp_gain":0,"max_hp_loss":0,"event_name":"SensoryStone","floor":38,"gold_loss":0},{"damage_healed":0,"gold_gain":0,"player_choice":"Got Potions","damage_taken":0,"max_hp_gain":0,"max_hp_loss":0,"event_name":"Lab","floor":39,"gold_loss":0}],"is_beta":false,"boss_relics":[{"not_picked":["Ectoplasm","Black Star"],"picked":"Astrolabe"},{"not_picked":["Sozu","Philosopher\u0027s Stone"],"picked":"Cursed Key"}],"items_purged_floors":[21,36],"is_endless":false,"potions_floor_spawned":[3,4,8,12,13,19,22,30,33,35,44,46,47],"killed_by":"Time Eater","ascension_level":20}}