{"host":"nwd160me4iqdtr8u","time":1611933025,"event":{"mods":["AchievementEnabler","Act Like it!","BaseMod","Colored Map","DeckTracker","Keyboard Shortcuts","Minty Spire (QoL Compilation)","Quick Restart","Rare Cards Sparkle","StSLib","SuperFastMode","everything is the same but u backflip on backflip"],"gold_per_floor":[110,110,0,0,14,14,57,81,160,185,185,204,235,74,74,170,170,186,205,205,33,49,49,49,49,127,208,227,2,2,2],"floor_reached":30,"language":"KOR","playtime":955,"items_purged":["Strike_G","Strike_G"],"score":460,"play_id":"b377a6e3-315a-46bf-8e5b-a4667c58bca1","local_time":"20210130001025","is_ascension_mode":true,"campfire_choices":[{"data":"Bouncing Flask","floor":6.0,"key":"SMITH"},{"data":"Tactician","floor":11.0,"key":"SMITH"},{"floor":15.0,"key":"REST"},{"data":"Ghostly","floor":23.0,"key":"SMITH"},{"data":"Ghostly","floor":25.0,"key":"SMITH"}],"circlet_count":0,"master_deck":["AscendersBane","Strike_G","Defend_G","Defend_G","Defend_G","Defend_G","Defend_G","Survivor","Neutralize","Acrobatics","Tactician+1","Bouncing Flask+1","Footwork","Sucker Punch","Dagger Throw","Corpse Explosion","Adrenaline","Acrobatics+1","Blade Dance+1","Ghostly+1","Ghostly","Ghostly+1","Choke","PiercingWail","Prepared","Tactician"],"relics":["Ring of the Snake","NeowsBlessing","Golden Idol","Tiny Chest","Pear","Paper Crane","HoveringKite","Kunai","HornCleat","Bag of Preparation"],"acts_visited":["Exordium","TheCity"],"potions_floor_usage":[30],"damage_taken":[{"damage":0.0,"enemies":"Jaw Worm","floor":1.0,"turns":1.0},{"damage":0.0,"enemies":"2 Louse","floor":5.0,"turns":1.0},{"damage":0.0,"enemies":"Gremlin Nob","floor":7.0,"turns":1.0},{"damage":1.0,"enemies":"Cultist","floor":8.0,"turns":5.0},{"damage":12.0,"enemies":"Exordium Thugs","floor":10.0,"turns":6.0},{"damage":0.0,"enemies":"Large Slime","floor":12.0,"turns":4.0},{"damage":25.0,"enemies":"3 Sentries","floor":13.0,"turns":11.0},{"damage":16.0,"enemies":"Hexaghost","floor":16.0,"turns":12.0},{"damage":27.0,"enemies":"Chosen","floor":18.0,"turns":8.0},{"damage":8.0,"enemies":"2 Thieves","floor":19.0,"turns":4.0},{"damage":2.0,"enemies":"Centurion and Healer","floor":22.0,"turns":6.0},{"damage":0.0,"enemies":"Snake Plant","floor":28.0,"turns":5.0},{"damage":25,"enemies":"Cultist and Chosen","floor":30,"turns":4}],"seed_played":"5457422356826597778","potions_obtained":[{"floor":1.0,"key":"Strength Potion"},{"floor":4.0,"key":"SneckoOil"},{"floor":4.0,"key":"CultistPotion"},{"floor":18.0,"key":"LiquidBronze"}],"is_trial":false,"path_per_floor":["M","?","$","?","M","R","E","M","T","M","R","M","E","$","R","B",null,"M","M","?","$","M","R","?","R","T","T","M","$","M"],"character_chosen":"THE_SILENT","items_purchased":["Tactician","Corpse Explosion","LiquidBronze","Tactician","Bag of Preparation"],"campfire_rested":1,"item_purchase_floors":[3,14,21,29,29],"current_hp_per_floor":[59,36,36,36,36,36,36,35,45,33,33,33,8,8,30,14,61,34,26,26,26,24,24,24,24,24,24,24,24,0,0],"gold":2,"neow_bonus":"THREE_ENEMY_KILL","is_daily":false,"chose_seed":false,"campfire_upgraded":4,"win_rate":0.0,"timestamp":1611933025,"path_taken":["M","?","$","?","?","R","E","M","T","M","R","M","E","?","R","BOSS","M","M","?","$","M","R","?","R","T","?","M","?","?"],"items_purchased_type":["Card","Card","Potion","Card","Relic"],"build_version":"2020-12-22","purchased_purges":2,"victory":false,"max_hp_per_floor":[66,66,66,66,66,66,66,66,76,76,76,76,76,76,76,76,76,76,76,38,38,38,38,38,38,38,38,38,38,38,38],"card_choices":[{"not_picked":["Leg Sweep","Cloak And Dagger"],"picked":"Acrobatics","floor":1.0},{"not_picked":["Backflip","Dagger Throw"],"picked":"Bouncing Flask","floor":5.0},{"not_picked":["Acrobatics","Tactician","PiercingWail"],"picked":"SKIP","floor":7.0},{"not_picked":["Tactician","Dagger Spray"],"picked":"Footwork","floor":8.0},{"not_picked":["Concentrate","Finisher","Tactician"],"picked":"SKIP","floor":10.0},{"not_picked":["Concentrate","Finisher","Tactician"],"picked":"SKIP","floor":10.0},{"not_picked":["Deflect","Acrobatics"],"picked":"Sucker Punch","floor":12.0},{"not_picked":["Bane","Infinite Blades"],"picked":"Dagger Throw","floor":13.0},{"not_picked":["Venomology","Envenom"],"picked":"Adrenaline","floor":16.0},{"not_picked":["Blur","Concentrate"],"picked":"Acrobatics+1","floor":18.0},{"not_picked":["Outmaneuver","Expertise+1"],"picked":"Blade Dance+1","floor":19.0},{"not_picked":["Slice","Blade Dance","Poisoned Stab"],"picked":"SKIP","floor":22.0},{"not_picked":["Footwork","Poisoned Stab"],"picked":"Prepared","floor":28.0}],"player_experience":314640,"relics_obtained":[{"floor":7.0,"key":"Tiny Chest"},{"floor":9.0,"key":"Pear"},{"floor":13.0,"key":"Paper Crane"},{"floor":26.0,"key":"Kunai"},{"floor":27.0,"key":"HornCleat"}],"event_choices":[{"damage_healed":0.0,"max_hp_gain":0.0,"max_hp_loss":0.0,"gold_gain":0.0,"event_name":"Golden Idol","player_choice":"Take Damage","floor":2.0,"gold_loss":0.0,"damage_taken":23.0,"relics_obtained":["Golden Idol"]},{"damage_healed":0.0,"max_hp_gain":0.0,"max_hp_loss":0.0,"gold_gain":0.0,"event_name":"Lab","player_choice":"Got Potions","floor":4.0,"gold_loss":0.0,"damage_taken":0.0},{"damage_healed":0.0,"max_hp_gain":0.0,"max_hp_loss":38.0,"gold_gain":0.0,"event_name":"Ghosts","player_choice":"Became a Ghost","floor":20.0,"gold_loss":0.0,"damage_taken":0.0,"cards_obtained":["Ghostly","Ghostly","Ghostly"]},{"damage_healed":0.0,"max_hp_gain":0.0,"max_hp_loss":0.0,"gold_gain":0.0,"cards_transformed":["Strike_G","Strike_G"],"event_name":"Drug Dealer","player_choice":"Became Test Subject","floor":24.0,"gold_loss":0.0,"damage_taken":0.0,"cards_obtained":["Choke","PiercingWail"]}],"is_beta":false,"boss_relics":[{"not_picked":["Empty Cage","Sozu"],"picked":"HoveringKite"}],"items_purged_floors":[3,21],"is_endless":false,"potions_floor_spawned":[1,7,10,18],"killed_by":"Cultist and Chosen","ascension_level":15}}