{"host":"vh33hu3wddwn6yt6","time":1611950476,"event":{"mods":["AchievementEnabler","Act Like it!","Aspiration","BaseMod","Better Altar","Better Match","Better Note","Better Sensory Stone","Better Skull","Better Third Choice","BetterRewards","Downfall","Hermit","Hubris","Infinite Spire","Minty Spire (QoL Compilation)","Permanent Neow","Replay The Spire","Shade Mod","Shop Mod","Spicy Shops","StSLib","SuperFastMode","The Blackbeard","The Necromancer","The Runesmith","The Servant 0.9.4","TheBandit","Wandering Minibosses"],"gold_per_floor":[118,118,134,134,134,164,164,191,218,318,330,341,370,387,387,490,490,509,55,55,55,68,95,95,120,147,147,167,167,9,9,9,107,107,126,334,371,27,42,42,76,100,154,178,178,29,43,43,43,43],"floor_reached":51,"language":"DEU","playtime":1360,"items_purged":["Strike_G","ReplayTheSpireMod:Doomed"],"score":838,"play_id":"56c33b38-437d-439b-b55d-0d70178b4c9b","local_time":"20210129210116","is_ascension_mode":true,"campfire_choices":[{"data":"Bouncing Flask","floor":7,"key":"SMITH"},{"floor":15,"key":"REST"},{"floor":32,"key":"REST"},{"data":"Deadly Poison","floor":40,"key":"SMITH"},{"floor":45,"key":"REST"},{"data":"Deadly Poison","floor":49,"key":"SMITH"}],"circlet_count":0,"master_deck":["Strike_G+1","Strike_G+1","Strike_G+1","Defend_G+1","Defend_G+1","Defend_G+1","Defend_G+1","Defend_G+1","Survivor","Neutralize+1","Bouncing Flask+1","Bane","Tools of the Trade+1","Backstab","A Thousand Cuts+1","CurseOfTheBell","Noxious Fumes+1","Deadly Poison+1","Bouncing Flask+1","Reflex","Sadistic Nature+1","Poisoned Stab","Sadistic Nature+1","Deadly Poison+1"],"relics":["Ring of the Snake","NeowsBlessing","Slimebound:PreparedRelic","Frozen Egg 2","Bag of Marbles","Question Card","PreservedInsect","Singing Bowl","Replay:Towering Pillar of Hats","Membership Card","hubris:AncientText","Meat on the Bone","Lantern","Ice Cream","Ancient Tea Set","hubris:Towel","MerchantsRug","infinitespire:EvilPickle","Busted Crown","hubris:Potato","Replay:Baseball","Runesmith:AutoHammer","HornCleat","ReplayTheSpireMod:CursedCoin","Quantum Egg","Orrery"],"acts_visited":["Exordium","TheCity","TheBeyond"],"potions_floor_usage":[13,16,16,18,23,23,28,33,35,39],"damage_taken":[{"damage":0,"enemies":"Cultist","floor":1,"turns":1},{"damage":0,"enemies":"2 Louse","floor":3,"turns":2},{"damage":0,"enemies":"3 Sentries","floor":6,"turns":2},{"damage":17,"enemies":"Lagavulin","floor":8,"turns":6},{"damage":10,"enemies":"Small Slimes","floor":11,"turns":3},{"damage":0,"enemies":"2 Fungi Beasts","floor":12,"turns":2},{"damage":16,"enemies":"Gremlin Nob","floor":13,"turns":4},{"damage":6,"enemies":"3 Louse","floor":14,"turns":4},{"damage":53,"enemies":"Fading Forest","floor":16,"turns":11},{"damage":2,"enemies":"3 Byrds","floor":18,"turns":4},{"damage":15,"enemies":"Shell Parasite","floor":22,"turns":3},{"damage":31,"enemies":"Gremlin Leader","floor":23,"turns":5},{"damage":19,"enemies":"Slavers","floor":25,"turns":4},{"damage":25,"enemies":"Shelled Parasite and Fungi","floor":28,"turns":5},{"damage":0,"enemies":"Pondfish","floor":33,"turns":4},{"damage":0,"enemies":"Orb Walker","floor":35,"turns":1},{"damage":2,"enemies":"3 Shapes","floor":37,"turns":3},{"damage":0,"enemies":"3 Darklings","floor":39,"turns":3},{"damage":17,"enemies":"R_Hoarder","floor":41,"turns":3},{"damage":16,"enemies":"Sphere and 2 Shapes","floor":42,"turns":4},{"damage":0,"enemies":"4 Shapes","floor":44,"turns":3},{"damage":0,"enemies":"Spire Growth","floor":47,"turns":3},{"damage":17,"enemies":"Replay:Hell Engine","floor":50,"turns":5}],"seed_played":"1231816080543362110","potions_obtained":[{"floor":1,"key":"Energy Potion"},{"floor":12,"key":"Languid Potion"},{"floor":13,"key":"Swift Potion"},{"floor":16,"key":"Languid Potion"},{"floor":20,"key":"SmokeBomb"},{"floor":20,"key":"Regen Potion"},{"floor":25,"key":"Weak Potion"},{"floor":28,"key":"Energy Potion"},{"floor":35,"key":"Energy Potion"},{"floor":37,"key":"sneckomod:MuddlingPotion"},{"floor":47,"key":"SteroidPotion"}],"is_trial":false,"path_per_floor":["M","?","M","?","?","E","R","E","T","?","M","M","E","M","R","B",null,"M","$","?","AVR","M","E","?","E","T","?","M","?","$","?","R","B",null,"M","?","M","$","M","R","E","M","T","M","R","$","M","$","R","B",null],"character_chosen":"THE_SILENT","items_purchased":["Noxious Fumes+1","Deadly Poison","Membership Card","hubris:AncientText","Meat on the Bone","DistilledChaos","MerchantsRug","Sadistic Nature+1","Sadistic Nature+1","hubris:Potato","HornCleat","ReplayTheSpireMod:CursedCoin","Quantum Egg","Orrery"],"campfire_rested":3,"item_purchase_floors":[19,19,19,19,19,19,30,30,38,38,46,46,46,46],"current_hp_per_floor":[70,70,70,70,70,70,70,53,53,53,43,43,27,21,42,11,70,70,70,70,70,57,40,40,35,35,35,24,24,24,24,47,49,80,82,82,82,82,84,84,69,55,55,55,82,92,94,94,94,77],"gold":43,"neow_bonus":"THREE_ENEMY_KILL","is_daily":false,"chose_seed":false,"campfire_upgraded":3,"win_rate":0.0,"timestamp":1611950476,"path_taken":["M","?","?","?","?","E","R","E","T","?","M","M","E","M","R","BOSS","M","$","?","AVR","M","E","?","E","T","?","?","?","?","?","R","BOSS","M","?","M","$","M","R","E","?","T","M","R","$","?","?","R","BOSS"],"items_purchased_type":["Card","Card","Relic","Relic","Relic","Potion","Relic","Card","Card","Relic","Relic","Relic","Relic","Relic"],"build_version":"2020-12-22","purchased_purges":2,"victory":true,"max_hp_per_floor":[70,70,70,70,70,70,70,70,70,70,70,70,70,70,70,70,70,72,72,72,72,74,74,74,76,76,76,78,78,78,78,78,80,80,82,82,84,84,86,86,88,90,90,90,90,100,102,102,102,102],"card_choices":[{"not_picked":["Hidden Blade","Endless Agony","Leg Sweep"],"picked":"SKIP","floor":1},{"not_picked":["PiercingWail","hubris:SlightOfHand","Sneak Up"],"picked":"SKIP","floor":3},{"not_picked":["Masterful Stab","ReplayTheSpireMod:From All Sides"],"picked":"Bouncing Flask","floor":6},{"not_picked":["Fluid Movement+1","Underhanded Strike"],"picked":"Bane","floor":8},{"not_picked":["Terror","Underhanded Strike","Outmaneuver"],"picked":"SKIP","floor":11},{"not_picked":["Acrobatics","Bane","Dodge and Roll"],"picked":"SKIP","floor":12},{"not_picked":["Bane","Dash"],"picked":"Tools of the Trade+1","floor":13},{"not_picked":["Blade Dance","PiercingWail","Eviscerate"],"picked":"Backstab","floor":14},{"not_picked":["Doppelganger","Atom Bomb","Malaise"],"picked":"A Thousand Cuts+1","floor":16},{"not_picked":["Eviscerate+1","ReplayTheSpireMod:Scrap Shanks+1","Dagger Spray","ReplayTheSpireMod:The Works+1"],"picked":"Singing Bowl","floor":18},{"not_picked":["Acrobatics","Underhanded Strike+1","hubris:Counter","Hidden Blade"],"picked":"Singing Bowl","floor":22},{"not_picked":["Dagger Throw","Deadly Poison+1","Concentrate"],"picked":"Bouncing Flask","floor":23},{"not_picked":["Choke","ReplayTheSpireMod:From All Sides","Dagger Spray","hubris:Counter+1"],"picked":"Singing Bowl","floor":25},{"not_picked":["Distraction","Blade Dance","Backflip","Acrobatics+1"],"picked":"Singing Bowl","floor":28},{"not_picked":["Venomology","Storm of Steel","aspiration:Lunge","ReplayTheSpireMod:Necrosis"],"picked":"Singing Bowl","floor":33},{"not_picked":["Dodge and Roll","Eviscerate+1"],"picked":"Singing Bowl","floor":35},{"not_picked":["PiercingWail"],"picked":"Poisoned Stab","floor":36},{"not_picked":["Escape Plan","Slice+1"],"picked":"Singing Bowl","floor":37},{"not_picked":["Dodge and Roll+1","Slice"],"picked":"Singing Bowl","floor":39},{"not_picked":["Predator+1","Poisoned Stab"],"picked":"Singing Bowl","floor":41},{"not_picked":["Blade Dance","Escape Plan"],"picked":"Singing Bowl","floor":42},{"not_picked":["hubris:TrickCloak"],"picked":"Deadly Poison","floor":44},{"not_picked":["Dagger Spray+1","Calculated Gamble+1"],"picked":"Singing Bowl","floor":46},{"not_picked":["PiercingWail+1","Skewer+1"],"picked":"Singing Bowl","floor":46},{"not_picked":["Finisher+1","Deflect+1"],"picked":"Singing Bowl","floor":46},{"not_picked":["Deflect+1","Dagger Spray+1"],"picked":"Singing Bowl","floor":46},{"not_picked":["Terror+1","ReplayTheSpireMod:Tripwire+1"],"picked":"Singing Bowl","floor":46},{"not_picked":["Distraction+1","Deadly Poison"],"picked":"Singing Bowl","floor":47}],"player_experience":645586,"relics_obtained":[{"floor":6,"key":"Slimebound:PreparedRelic"},{"floor":8,"key":"Frozen Egg 2"},{"floor":9,"key":"Bag of Marbles"},{"floor":13,"key":"Question Card"},{"floor":17,"key":"PreservedInsect"},{"floor":17,"key":"Singing Bowl"},{"floor":17,"key":"Replay:Towering Pillar of Hats"},{"floor":23,"key":"aspiration:SeaSaltIceCream"},{"floor":25,"key":"Peace Pipe"},{"floor":26,"key":"Ancient Tea Set"},{"floor":41,"key":"Replay:Baseball"},{"floor":43,"key":"Runesmith:AutoHammer"}],"event_choices":[{"damage_healed":0,"gold_gain":0,"player_choice":"Ignored","damage_taken":0,"max_hp_gain":0,"max_hp_loss":0,"event_name":"Transmorgrifier","floor":2,"gold_loss":0},{"damage_healed":70,"gold_gain":0,"player_choice":"Leave","damage_taken":0,"max_hp_gain":0,"max_hp_loss":70,"event_name":"betterThird:BetterShining","floor":4,"gold_loss":0},{"damage_healed":0,"gold_gain":0,"player_choice":"Grow","damage_taken":0,"max_hp_gain":0,"max_hp_loss":0,"event_name":"Living Wall","floor":5,"gold_loss":0,"cards_upgraded":["Neutralize"]},{"damage_healed":0,"gold_gain":100,"player_choice":"Pray","damage_taken":0,"max_hp_gain":0,"max_hp_loss":0,"event_name":"Golden Shrine","floor":10,"gold_loss":0},{"damage_healed":0,"gold_gain":0,"player_choice":"Got Potions","damage_taken":0,"max_hp_gain":0,"max_hp_loss":0,"event_name":"Lab","floor":20,"gold_loss":0},{"damage_healed":0,"gold_gain":0,"player_choice":"Upgraded","damage_taken":0,"max_hp_gain":0,"max_hp_loss":0,"event_name":"Upgrade Shrine","floor":24,"gold_loss":0,"cards_upgraded":["Bouncing Flask"]},{"damage_healed":0,"gold_gain":0,"cards_transformed":["Strike_G"],"player_choice":"Transformed","damage_taken":0,"max_hp_gain":0,"max_hp_loss":0,"event_name":"Transmorgrifier","floor":27,"gold_loss":0,"cards_obtained":["Reflex"]},{"damage_healed":0,"gold_gain":0,"player_choice":"Simplicity","damage_taken":0,"max_hp_gain":0,"max_hp_loss":8,"event_name":"betterThird:BetterWriting","floor":31,"gold_loss":0}],"is_beta":false,"boss_relics":[{"not_picked":["ReplayTheSpireMod:SealedPack","aspiration:WatcherSkillbook"],"picked":"Calling Bell"},{"not_picked":["Replay:Grab Bag","hubris:Stopwatch"],"picked":"Busted Crown"}],"items_purged_floors":[21,46],"is_endless":false,"potions_floor_spawned":[1,12,13,16,25,28,35,37,47],"ascension_level":1}}