{"host":"pi8b3ffzwvxqztac","time":1611949040,"event":{"mods":["BaseMod","Colored Map","Downfall","Minty Spire (QoL Compilation)","StSLib"],"gold_per_floor":[12,12,187,199,199,228,2,14,14,45,59,69,69,84,84,181,181,200,218,317,317,70,96,113,113,163,197,217,217,243,260,260,361,411,430,430,446,458,508,533,533,544,544,544,544,558,558,202,202,202],"floor_reached":51,"language":"ENG","playtime":2665,"items_purged":["Doubt","downfall:Bewildered","Strike_B"],"score":936,"play_id":"74a3faee-7bd0-4090-b102-bbfcfbe2ac77","local_time":"20210130083720","is_ascension_mode":true,"campfire_choices":[{"data":"Hologram","floor":13,"key":"SMITH"},{"data":"Go for the Eyes","floor":15,"key":"SMITH"},{"data":"Mind Blast","floor":25,"key":"SMITH"},{"data":"All For One","floor":29,"key":"SMITH"},{"data":"Seek","floor":32,"key":"SMITH"},{"data":"Self Repair","floor":41,"key":"SMITH"},{"data":"Glacier","floor":47,"key":"SMITH"},{"floor":49,"key":"REST"}],"circlet_count":0,"master_deck":["Strike_B","Strike_B+1","Strike_B","Defend_B+1","Defend_B","Defend_B","Defend_B","Zap+1","Dualcast+1","Melter+1","Self Repair","Self Repair+1","Hologram+1","Ball Lightning","Go for the Eyes+1","All For One+1","CurseOfTheBell","Leap","Mind Blast+1","Cold Snap+1","Capacitor","Coolheaded+1","Conserve Battery+1","Glacier+1","Seek+1","Coolheaded+1","Doom and Gloom","Core Surge","Chaos+1","Redo+1","Loop"],"relics":["Cracked Core","Gambling Chip","Happy Flower","Bronze Scales","Bottled Tornado","Boot","Calling Bell","Guardian:PocketSentry","Calipers","Gremlin Horn","sneckomod:BabySnecko","Bottled Lightning","Whetstone","Pear","War Paint","Tiny House","hexamod:Sixitude","Strawberry","sneckomod:BlankCard","Regal Pillow","HandDrill"],"acts_visited":["Exordium","TheCity","TheBeyond"],"potions_floor_usage":[6,10,19,30,31,31,39,50,50,50],"damage_taken":[{"damage":0,"enemies":"2 Louse","floor":1,"turns":2},{"damage":4,"enemies":"Jaw Worm","floor":4,"turns":4},{"damage":25,"enemies":"3 Sentries","floor":6,"turns":5},{"damage":0,"enemies":"Cultist","floor":8,"turns":2},{"damage":40,"enemies":"Gremlin Nob","floor":10,"turns":4},{"damage":1,"enemies":"2 Fungi Beasts","floor":11,"turns":2},{"damage":3,"enemies":"3 Louse","floor":12,"turns":2},{"damage":11,"enemies":"Looter","floor":14,"turns":2},{"damage":24,"enemies":"Hexaghost","floor":16,"turns":8},{"damage":0,"enemies":"Spheric Guardian","floor":18,"turns":1},{"damage":1,"enemies":"3 Byrds","floor":19,"turns":2},{"damage":38,"enemies":"Book of Stabbing","floor":23,"turns":5},{"damage":4,"enemies":"Centurion and Healer","floor":24,"turns":6},{"damage":19,"enemies":"Gremlin Leader","floor":27,"turns":6},{"damage":3,"enemies":"Chosen and Byrds","floor":28,"turns":4},{"damage":23,"enemies":"Slavers","floor":30,"turns":5},{"damage":0,"enemies":"Snecko","floor":31,"turns":4},{"damage":39,"enemies":"Collector","floor":33,"turns":11},{"damage":8,"enemies":"Orb Walker","floor":35,"turns":3},{"damage":22,"enemies":"3 Shapes","floor":37,"turns":2},{"damage":12,"enemies":"Spire Growth","floor":38,"turns":5},{"damage":11,"enemies":"Mind Bloom Boss Battle","floor":39,"turns":5},{"damage":58,"enemies":"Nemesis","floor":40,"turns":6},{"damage":16,"enemies":"Maw","floor":42,"turns":8},{"damage":13,"enemies":"3 Darklings","floor":46,"turns":4},{"damage":31,"enemies":"Donu and Deca","floor":50,"turns":11}],"seed_played":"-2682214777967331235","potions_obtained":[{"floor":1,"key":"Strength Potion"},{"floor":4,"key":"sneckomod:MuddlingPotion"},{"floor":8,"key":"DuplicationPotion"},{"floor":14,"key":"DuplicationPotion"},{"floor":16,"key":"Energy Potion"},{"floor":24,"key":"SpeedPotion"},{"floor":27,"key":"Weak Potion"},{"floor":34,"key":"EssenceOfDarkness"},{"floor":37,"key":"FocusPotion"},{"floor":38,"key":"SteroidPotion"},{"floor":39,"key":"Dexterity Potion"},{"floor":46,"key":"DuplicationPotion"}],"is_trial":false,"path_per_floor":["M","?","?","M","?","E","$","M","T","E","M","M","R","M","R","B",null,"M","M","?","?","$","E","M","R","T","E","M","R","E","M","R","B",null,"M","?","M","M","?","E","R","M","T","?","T","M","R","$","R","B",null],"character_chosen":"DEFECT","items_purchased":["Bronze Scales","Mind Blast","Cold Snap","HandDrill","Loop"],"campfire_rested":1,"item_purchase_floors":[7,22,22,48,48],"current_hp_per_floor":[75,75,75,71,71,46,46,53,53,34,40,44,44,47,47,37,75,75,75,75,75,75,51,61,61,61,59,70,70,61,75,75,50,90,89,89,67,69,72,35,35,36,36,36,36,33,33,33,77,63],"gold":202,"neow_bonus":"ONE_RARE_RELIC","is_daily":false,"chose_seed":false,"campfire_upgraded":7,"win_rate":0.0,"timestamp":1611949040,"path_taken":["M","?","?","M","?","E","$","M","T","E","M","M","R","?","R","BOSS","M","M","?","?","$","E","M","R","T","E","M","R","E","M","R","BOSS","M","?","M","M","?","E","R","M","T","?","?","M","R","$","R","BOSS"],"items_purchased_type":["Relic","Card","Card","Relic","Card"],"build_version":"2020-12-22","purchased_purges":3,"victory":true,"max_hp_per_floor":[75,75,75,75,75,75,75,75,75,75,75,75,75,75,75,75,75,75,75,75,75,75,75,75,75,75,85,85,85,85,85,85,85,90,90,90,90,90,90,97,97,97,97,97,97,97,97,97,97,97],"card_choices":[{"not_picked":["Ball Lightning","Stack"],"picked":"Melter","floor":1},{"not_picked":["Beam Cell","Streamline","Redo"],"picked":"SKIP","floor":4},{"not_picked":["Stack","Turbo"],"picked":"Self Repair","floor":6},{"not_picked":["Compile Driver","Steam"],"picked":"Self Repair","floor":8},{"not_picked":["FTL","Auto Shields"],"picked":"Hologram","floor":10},{"not_picked":["Double Energy","Beam Cell"],"picked":"Ball Lightning","floor":11},{"not_picked":["Self Repair","Turbo","Beam Cell"],"picked":"SKIP","floor":12},{"not_picked":["Hyperbeam","Barrage"],"picked":"Go for the Eyes","floor":14},{"not_picked":["Multi-Cast","Biased Cognition"],"picked":"All For One","floor":16},{"not_picked":["Compile Driver","Stack+1","Ball Lightning"],"picked":"SKIP","floor":18},{"not_picked":["Doom and Gloom","Stack"],"picked":"Leap","floor":19},{"not_picked":["Loop","Ball Lightning"],"picked":"Capacitor","floor":23},{"not_picked":["Streamline","Hologram"],"picked":"Coolheaded+1","floor":24},{"not_picked":["Turbo","Sweeping Beam"],"picked":"Conserve Battery","floor":27},{"not_picked":["Hologram","Sweeping Beam+1"],"picked":"Glacier","floor":28},{"not_picked":["Sweeping Beam","Rebound+1"],"picked":"Seek","floor":30},{"not_picked":["Steam","Gash","Melter"],"picked":"SKIP","floor":31},{"not_picked":["Streamline","Steam+1"],"picked":"Coolheaded+1","floor":35},{"not_picked":["FTL","Sweeping Beam","Heatsinks+1"],"picked":"SKIP","floor":37},{"not_picked":["Cold Snap+1","Rebound+1","Streamline+1"],"picked":"SKIP","floor":38},{"not_picked":["Rebound+1","Auto Shields"],"picked":"Doom and Gloom","floor":39},{"not_picked":["Conserve Battery","Capacitor+1"],"picked":"Core Surge","floor":40},{"not_picked":["Sweeping Beam","Redo"],"picked":"Chaos+1","floor":42},{"not_picked":["Hologram+1","Scrape+1"],"picked":"Redo+1","floor":46}],"player_experience":660860,"relics_obtained":[{"floor":6,"key":"Happy Flower"},{"floor":9,"key":"Bottled Tornado"},{"floor":10,"key":"Boot"},{"floor":17,"key":"Guardian:PocketSentry"},{"floor":17,"key":"Calipers"},{"floor":17,"key":"Gremlin Horn"},{"floor":23,"key":"Bottled Lightning"},{"floor":26,"key":"Whetstone"},{"floor":27,"key":"Pear"},{"floor":30,"key":"War Paint"},{"floor":39,"key":"hexamod:Sixitude"},{"floor":40,"key":"Strawberry"},{"floor":43,"key":"sneckomod:BlankCard"},{"floor":45,"key":"Regal Pillow"}],"event_choices":[{"damage_healed":0,"gold_gain":0,"player_choice":"Grow","damage_taken":0,"max_hp_gain":0,"max_hp_loss":0,"event_name":"Living Wall","floor":2,"gold_loss":0,"cards_upgraded":["Zap"]},{"damage_healed":0,"gold_gain":175,"player_choice":"AGREE","damage_taken":0,"max_hp_gain":0,"max_hp_loss":0,"event_name":"Liars Game","floor":3,"gold_loss":0,"cards_obtained":["Doubt"]},{"damage_healed":0,"gold_gain":0,"player_choice":"Upgraded","damage_taken":0,"max_hp_gain":0,"max_hp_loss":0,"event_name":"Upgrade Shrine","floor":5,"gold_loss":0,"cards_upgraded":["Dualcast"]},{"damage_healed":0,"gold_gain":99,"player_choice":"Stole From Cult","damage_taken":0,"max_hp_gain":0,"max_hp_loss":0,"event_name":"Nest","floor":20,"gold_loss":0},{"damage_healed":0,"gold_gain":0,"player_choice":"Ignored","damage_taken":0,"max_hp_gain":0,"max_hp_loss":0,"event_name":"Tomb of Lord Red Mask","floor":36,"gold_loss":0},{"damage_healed":0,"gold_gain":0,"player_choice":"Fight","damage_taken":0,"max_hp_gain":0,"max_hp_loss":0,"event_name":"MindBloom","floor":39,"gold_loss":0},{"damage_healed":0,"gold_gain":0,"player_choice":"Memory 1","damage_taken":0,"max_hp_gain":0,"max_hp_loss":0,"event_name":"SensoryStone","floor":44,"gold_loss":0}],"is_beta":false,"boss_relics":[{"not_picked":["Runic Dome","Snecko Eye"],"picked":"Calling Bell"},{"not_picked":["Astrolabe","Sozu"],"picked":"Tiny House"}],"items_purged_floors":[7,22,48],"is_endless":false,"potions_floor_spawned":[1,4,8,14,16,24,27,37,38,39,46],"ascension_level":4}}