{"host":"d61fcf2p3sjwe6yo","time":1611952880,"event":{"mods":["AchievementEnabler","BaseMod","Colored Map","Minty Spire (QoL Compilation)","StSLib","SuperFastMode"],"gold_per_floor":[114,134,134,146,157,157,186,205,205,205,90,90,90,90,90],"floor_reached":14,"language":"ENG","playtime":511,"items_purged":["Strike_G"],"score":171,"play_id":"ee638d52-edd0-4472-a3e7-0fbe747f1a81","local_time":"20210129234120","is_ascension_mode":true,"campfire_choices":[{"floor":6,"key":"REST"},{"floor":12,"key":"REST"}],"circlet_count":0,"master_deck":["AscendersBane","Strike_G+1","Strike_G","Strike_G","Defend_G","Defend_G","Defend_G","Survivor","Neutralize","Dagger Throw","Prepared","Reflex","Deflect+1","Poisoned Stab","Leg Sweep","Escape Plan","Reflex"],"relics":["Ring of the Snake","CaptainsWheel","Happy Flower","Singing Bowl"],"acts_visited":["Exordium"],"potions_floor_usage":[7,14],"damage_taken":[{"damage":2,"enemies":"Small Slimes","floor":1,"turns":4},{"damage":7,"enemies":"Jaw Worm","floor":2,"turns":4},{"damage":0,"enemies":"Cultist","floor":4,"turns":3},{"damage":6,"enemies":"3 Louse","floor":5,"turns":4},{"damage":27,"enemies":"Gremlin Nob","floor":7,"turns":4},{"damage":0,"enemies":"Blue Slaver","floor":8,"turns":4},{"damage":21,"enemies":"3 Sentries","floor":14,"turns":10}],"seed_played":"-3936529697475786993","potions_obtained":[{"floor":5,"key":"Weak Potion"},{"floor":8,"key":"BlessingOfTheForge"}],"is_trial":false,"path_per_floor":["M","M","?","M","M","R","E","M","T","?","$","R","T","E"],"character_chosen":"THE_SILENT","items_purchased":["Reflex"],"campfire_rested":2,"item_purchase_floors":[11],"current_hp_per_floor":[42,35,15,15,9,28,1,1,1,1,1,20,20,0,0],"gold":90,"neow_bonus":"TRANSFORM_TWO_CARDS","is_daily":false,"chose_seed":false,"campfire_upgraded":0,"win_rate":0.0,"timestamp":1611952880,"path_taken":["M","M","?","M","M","R","E","M","T","?","$","R","?","E"],"items_purchased_type":["Card"],"build_version":"2020-12-22","purchased_purges":1,"victory":false,"max_hp_per_floor":[66,66,66,66,66,66,66,66,66,66,66,66,66,66,66],"card_choices":[{"not_picked":["Flying Knee","Outmaneuver"],"picked":"Reflex","floor":1},{"not_picked":["Sucker Punch","Dodge and Roll","Deflect"],"picked":"SKIP","floor":2},{"not_picked":["Sucker Punch","Dodge and Roll"],"picked":"Deflect","floor":2},{"not_picked":["Blade Dance","Quick Slash"],"picked":"Poisoned Stab","floor":4},{"not_picked":["Deflect","Escape Plan"],"picked":"Leg Sweep","floor":5},{"not_picked":["Flying Knee","Poisoned Stab"],"picked":"Escape Plan","floor":7},{"not_picked":["Catalyst","Sucker Punch","Prepared"],"picked":"SKIP","floor":8}],"player_experience":224403,"relics_obtained":[{"floor":7,"key":"CaptainsWheel"},{"floor":9,"key":"Happy Flower"},{"floor":13,"key":"Singing Bowl"}],"event_choices":[{"damage_healed":0,"gold_gain":0,"player_choice":"Entered Light","damage_taken":20,"max_hp_gain":0,"max_hp_loss":0,"event_name":"Shining Light","floor":3,"gold_loss":0,"cards_upgraded":["Strike_G","Deflect"]},{"cards_removed":["Strike_G"],"damage_healed":0,"gold_gain":0,"player_choice":"Forget","damage_taken":0,"max_hp_gain":0,"max_hp_loss":0,"event_name":"Living Wall","floor":10,"gold_loss":0}],"is_beta":false,"boss_relics":[],"items_purged_floors":[11],"is_endless":false,"potions_floor_spawned":[5,8],"killed_by":"3 Sentries","ascension_level":18}}