{"host":"mmro3auxcbu5pwad","time":1611919832,"event":{"mods":["Aspiration","BaseMod","Conspire","Energized Spire","Halation","Hubris","Infinite Spire","Minty Spire (QoL Compilation)","Permanent Neow","Replay The Spire","StSLib"],"gold_per_floor":[111,121,71,83,100,100,113,138,138,149,149,149,149,160,160,259,259,274,214,63,73,73,73,73,86,86,96,96,96],"floor_reached":28,"language":"ENG","playtime":819,"items_purged":[],"score":233,"play_id":"44697c36-49ec-4fc5-bce9-dee0c3a7ef58","local_time":"20210129123032","is_ascension_mode":true,"campfire_choices":[{"data":"BattleHymn","floor":6,"key":"SMITH"},{"data":"Prostrate","floor":11,"key":"SMITH"},{"floor":15,"key":"REST"},{"data":"Ragnarok","floor":23,"key":"SMITH"}],"circlet_count":0,"master_deck":["Strike_P","Strike_P","Strike_P","Strike_P","Defend_P","Defend_P","Defend_P","Defend_P","Eruption+1","Vigilance","Prostrate+1","BattleHymn+1","Prostrate+1","Vengeance","ThirdEye","Ragnarok+1","Vengeance","Replay:Battleflow","Evaluate"],"relics":["PureWater","Kunai","hubris:GlazedTorus","conspire:RoyalGoblet","aspiration:Nostalgia","Ring of the Snake","aspiration:RitualStick","Sundial"],"acts_visited":["Exordium","TheCity"],"potions_floor_usage":[8,27,28],"damage_taken":[{"damage":0,"enemies":"Cultist","floor":1,"turns":2},{"damage":0,"enemies":"Small Slimes","floor":2,"turns":2},{"damage":10,"enemies":"Jaw Worm","floor":4,"turns":5},{"damage":0,"enemies":"Blue Slaver","floor":5,"turns":3},{"damage":7,"enemies":"Looter","floor":7,"turns":3},{"damage":2,"enemies":"conspire:MimicChest","floor":8,"turns":3},{"damage":17,"enemies":"Exordium Thugs","floor":10,"turns":3},{"damage":0,"enemies":"Red Slaver","floor":14,"turns":3},{"damage":19,"enemies":"Hexaghost","floor":16,"turns":6},{"damage":0,"enemies":"Chosen","floor":18,"turns":2},{"damage":2,"enemies":"Shell Parasite","floor":21,"turns":2},{"damage":16,"enemies":"Centurion and Healer","floor":25,"turns":3},{"damage":45,"enemies":"Shelled Parasite and Fungi","floor":27,"turns":6},{"damage":21,"enemies":"Snecko","floor":28,"turns":2}],"seed_played":"6506823984964891182","potions_obtained":[{"floor":5,"key":"Languid Potion"},{"floor":7,"key":"AttackPotion"},{"floor":16,"key":"Explosive Potion"},{"floor":24,"key":"conspire:TimeTravelPotion"},{"floor":24,"key":"Explosive Potion"},{"floor":25,"key":"PowerPotion"}],"is_trial":false,"path_per_floor":["M","M","$","M","M","R","M","?","T","M","R","T","?","M","R","B",null,"M","?","$","M","?","R","?","M","T","M","M"],"character_chosen":"WATCHER","items_purchased":["Prostrate","aspiration:Nostalgia"],"campfire_rested":1,"item_purchase_floors":[3,20],"current_hp_per_floor":[72,72,72,62,62,62,55,53,53,36,36,36,36,36,57,38,72,72,72,72,70,56,56,56,40,40,19,0,0],"gold":96,"neow_bonus":"UPGRADE_CARD","is_daily":false,"chose_seed":false,"campfire_upgraded":3,"win_rate":0.0,"timestamp":1611919832,"path_taken":["M","M","$","M","M","R","M","?","T","M","R","?","?","M","R","BOSS","M","?","?","?","?","R","?","M","T","M","?"],"items_purchased_type":["Card","Relic"],"build_version":"2020-12-22","purchased_purges":0,"victory":false,"max_hp_per_floor":[72,72,72,72,72,72,72,72,72,72,72,72,72,72,72,72,72,72,72,72,72,72,72,72,72,72,72,72,72],"card_choices":[{"not_picked":["Sanctity","Consecrate"],"picked":"Prostrate","floor":1},{"not_picked":["ThirdEye","LessonLearned"],"picked":"BattleHymn","floor":2},{"not_picked":["ThirdEye","SashWhip","CutThroughFate"],"picked":"SKIP","floor":4},{"not_picked":["Halt","InnerPeace"],"picked":"Vengeance","floor":5},{"not_picked":["Replay:BluntJabs","SignatureMove","Replay:AtTheReady"],"picked":"SKIP","floor":7},{"not_picked":["Nirvana","SashWhip"],"picked":"ThirdEye","floor":10},{"not_picked":["Replay:ManipulateFuture","DeceiveReality","Replay:BluntJabs"],"picked":"SKIP","floor":14},{"not_picked":["Blasphemy","Wish"],"picked":"Ragnarok","floor":16},{"not_picked":["FlurryOfBlows","Crescendo"],"picked":"Vengeance","floor":18},{"not_picked":["Replay:BluntJabs","FlurryOfBlows"],"picked":"Replay:Battleflow","floor":21},{"not_picked":["FlurryOfBlows","Fasting2"],"picked":"Evaluate","floor":25},{"not_picked":["SpiritShield","MentalFortress","Protect"],"picked":"SKIP","floor":27}],"player_experience":85418,"relics_obtained":[{"floor":8,"key":"Kunai"},{"floor":9,"key":"hubris:GlazedTorus"},{"floor":26,"key":"Sundial"}],"event_choices":[{"damage_healed":0,"gold_gain":0,"player_choice":"Grow","damage_taken":0,"max_hp_gain":0,"max_hp_loss":0,"event_name":"Living Wall","floor":13,"gold_loss":0,"cards_upgraded":["Prostrate"]},{"damage_healed":0,"gold_gain":0,"player_choice":"Got Potions","damage_taken":0,"max_hp_gain":0,"max_hp_loss":0,"event_name":"Lab","floor":24,"gold_loss":0}],"is_beta":false,"boss_relics":[{"not_picked":["ChewingGum","Runic Dome"],"picked":"conspire:RoyalGoblet"}],"items_purged_floors":[],"is_endless":false,"potions_floor_spawned":[5,7,16,25],"killed_by":"Snecko","ascension_level":2}}