{"host":"dvdvdvm357cut69v","time":1611939086,"event":{"mods":["BaseMod","Downfall","Minty Spire (QoL Compilation)","StSLib"],"gold_per_floor":[112,112,130,130,80,80,115,190,238,238,238,271,294,26,26,26,26],"floor_reached":16,"language":"ENG","playtime":388,"items_purged":[],"score":175,"play_id":"af70bb2c-ff6d-42ab-9d4f-045b4fcd226b","local_time":"20210129195126","is_ascension_mode":true,"campfire_choices":[{"data":"Auto Shields","floor":6,"key":"SMITH"},{"floor":10,"key":"REST"},{"floor":15,"key":"REST"}],"circlet_count":0,"master_deck":["AscendersBane","Strike_B","Strike_B","Strike_B","Strike_B","Defend_B","Defend_B+1","Defend_B","Zap","Dualcast","FTL","Chaos+1","Auto Shields+1","Genetic Algorithm+1","Conserve Battery","Go for the Eyes","Beam Cell"],"relics":["Cracked Core","Golden Idol","Potion Belt","War Paint","Incense Burner","Pear","Frozen Egg 2"],"acts_visited":["Exordium"],"potions_floor_usage":[12,16],"damage_taken":[{"damage":1,"enemies":"2 Louse","floor":1,"turns":2},{"damage":7,"enemies":"Jaw Worm","floor":3,"turns":3},{"damage":15,"enemies":"Lagavulin","floor":7,"turns":5},{"damage":24,"enemies":"3 Sentries","floor":12,"turns":5},{"damage":0,"enemies":"Small Slimes","floor":13,"turns":3},{"damage":69,"enemies":"Slime Boss","floor":16,"turns":12}],"seed_played":"-5121842215219103481","potions_obtained":[{"floor":1,"key":"Strength Potion"},{"floor":7,"key":"FocusPotion"}],"is_trial":false,"path_per_floor":["M","?","M","?","?","R","E","?","T","R","T","E","M","$","R","B"],"character_chosen":"DEFECT","items_purchased":["Frozen Egg 2","Beam Cell"],"campfire_rested":2,"item_purchase_floors":[14,14],"current_hp_per_floor":[67,67,60,60,60,60,45,34,34,56,56,42,42,42,67,0,0],"gold":26,"neow_bonus":"TRANSFORM_CARD","is_daily":false,"chose_seed":false,"campfire_upgraded":1,"win_rate":0.0,"timestamp":1611939086,"path_taken":["M","?","M","?","?","R","E","?","T","R","?","E","?","$","R","BOSS"],"items_purchased_type":["Relic","Card"],"build_version":"2020-12-13","purchased_purges":0,"victory":false,"max_hp_per_floor":[75,75,75,75,75,75,75,75,75,75,75,85,85,85,85,85,85],"card_choices":[{"not_picked":["Reprogram","FTL"],"picked":"Chaos","floor":1},{"not_picked":["Loop","Hologram"],"picked":"Auto Shields","floor":3},{"not_picked":["Turbo","Meteor Strike"],"picked":"Genetic Algorithm","floor":7},{"not_picked":["All For One","Auto Shields"],"picked":"Conserve Battery","floor":12},{"not_picked":["Conserve Battery","Aggregate"],"picked":"Go for the Eyes","floor":13}],"player_experience":105583,"relics_obtained":[{"floor":7,"key":"Potion Belt"},{"floor":9,"key":"War Paint"},{"floor":11,"key":"Incense Burner"},{"floor":12,"key":"Pear"}],"event_choices":[{"damage_healed":0,"gold_gain":0,"player_choice":"Take Wound","damage_taken":0,"relics_obtained":["Golden Idol"],"max_hp_gain":0,"max_hp_loss":0,"event_name":"Golden Idol","floor":2,"gold_loss":0,"cards_obtained":["Injury"]},{"damage_healed":0,"gold_gain":0,"player_choice":"Grow","damage_taken":0,"max_hp_gain":0,"max_hp_loss":0,"event_name":"Living Wall","floor":4,"gold_loss":0,"cards_upgraded":["Chaos"]},{"cards_removed":["Injury"],"damage_healed":0,"gold_gain":0,"player_choice":"Card Removal","damage_taken":0,"max_hp_gain":0,"max_hp_loss":0,"event_name":"The Cleric","floor":5,"gold_loss":50},{"damage_healed":0,"gold_gain":75,"player_choice":"Gather Gold","damage_taken":11,"max_hp_gain":0,"max_hp_loss":0,"event_name":"World of Goop","floor":8,"gold_loss":0}],"is_beta":false,"boss_relics":[],"items_purged_floors":[],"is_endless":false,"potions_floor_spawned":[1,7],"killed_by":"Slime Boss","ascension_level":13}}