{"host":"8f5cu9y0fpol72qs","time":1611907168,"event":{"mods":["AlwaysNeverKeys","BaseMod","Colored Map","Colored Powertips","Curses Come First","Highlight Path","Key Reminder","Minty Spire (QoL Compilation)","StSLib"],"gold_per_floor":[115,132,132,149,149,31,44,75,99,129,129,144,169,187,187,261,261,242,242,242,254,254,289,289,300,300,320,348,398,398,416,416,489,489,506,524,524,535,535,535,555,586,664,664,664],"floor_reached":44,"language":"ENG","playtime":11256,"items_purged":["Pain"],"score":932,"play_id":"8b38fe48-6cd0-4167-b75c-bcfc4826235e","local_time":"20210128235928","is_ascension_mode":true,"campfire_choices":[{"floor":11.0,"key":"REST"},{"data":"Self Repair","floor":15.0,"key":"SMITH"},{"data":"Chill","floor":24.0,"key":"SMITH"},{"data":"Coolheaded","floor":32.0,"key":"SMITH"},{"floor":40.0,"key":"RECALL"}],"circlet_count":0,"master_deck":["AscendersBane","Defend_B","Zap","Dualcast","Chill+1","Ball Lightning+1","Hologram","Self Repair+1","Conserve Battery","Static Discharge+1","Multi-Cast","Rainbow","Coolheaded+1","Undo+1","Bite","Bite","Bite","Bite","Bite","Recycle+1","Reboot","Loop","Fusion+1"],"relics":["Cracked Core","DataDisk","WarpedTongs","Whetstone","Art of War","Anchor","Turnip","Coffee Dripper","Boot","Symbiotic Virus","Kunai","Unceasing Top","Empty Cage","PreservedInsect","Happy Flower"],"acts_visited":["Exordium","TheCity","TheBeyond"],"potions_floor_usage":[44,44],"damage_taken":[{"damage":6.0,"enemies":"2 Louse","floor":1.0,"turns":3.0},{"damage":0.0,"enemies":"Cultist","floor":2.0,"turns":3.0},{"damage":7.0,"enemies":"Jaw Worm","floor":4.0,"turns":3.0},{"damage":14.0,"enemies":"Exordium Thugs","floor":7.0,"turns":4.0},{"damage":26.0,"enemies":"Gremlin Nob","floor":8.0,"turns":4.0},{"damage":0.0,"enemies":"3 Louse","floor":12.0,"turns":2.0},{"damage":5.0,"enemies":"3 Sentries","floor":13.0,"turns":5.0},{"damage":0.0,"enemies":"Exordium Wildlife","floor":14.0,"turns":3.0},{"damage":32.0,"enemies":"Hexaghost","floor":16.0,"turns":7.0},{"damage":14.0,"enemies":"2 Thieves","floor":18.0,"turns":4.0},{"damage":3.0,"enemies":"Shell Parasite","floor":21.0,"turns":4.0},{"damage":42.0,"enemies":"Gremlin Leader","floor":23.0,"turns":9.0},{"damage":11.0,"enemies":"3 Cultists","floor":25.0,"turns":4.0},{"damage":7.0,"enemies":"Centurion and Healer","floor":27.0,"turns":6.0},{"damage":42.0,"enemies":"Slavers","floor":28.0,"turns":6.0},{"damage":9.0,"enemies":"Sentry and Sphere","floor":31.0,"turns":4.0},{"damage":51.0,"enemies":"Automaton","floor":33.0,"turns":12.0},{"damage":19.0,"enemies":"3 Shapes","floor":35.0,"turns":4.0},{"damage":19.0,"enemies":"3 Darklings","floor":36.0,"turns":8.0},{"damage":11.0,"enemies":"Maw","floor":38.0,"turns":8.0},{"damage":4.0,"enemies":"4 Shapes","floor":41.0,"turns":4.0},{"damage":52.0,"enemies":"Reptomancer","floor":42.0,"turns":6.0},{"damage":64,"enemies":"Writhing Mass","floor":44,"turns":4}],"seed_played":"1990077355706027432","potions_obtained":[{"floor":2.0,"key":"SkillPotion"},{"floor":7.0,"key":"BlessingOfTheForge"},{"floor":13.0,"key":"Regen Potion"},{"floor":27.0,"key":"SkillPotion"},{"floor":28.0,"key":"Regen Potion"},{"floor":35.0,"key":"AttackPotion"},{"floor":36.0,"key":"Regen Potion"},{"floor":42.0,"key":"PowerPotion"}],"is_trial":false,"path_per_floor":["M","M","?","M","?","$","M","E","T","?","R","M","E","M","R","B",null,"M","?","?","M","?","E","R","M","T","M","E","?","?","M","R","B",null,"M","M","?","M","T","R","M","E","T","M"],"character_chosen":"DEFECT","items_purchased":["Self Repair"],"campfire_rested":1,"item_purchase_floors":[6],"current_hp_per_floor":[58,58,58,51,51,51,44,25,25,25,46,46,48,55,55,33,62,58,58,58,65,65,33,33,32,32,35,18,18,18,30,30,34,45,40,49,49,49,49,49,49,20,20,0,0],"gold":664,"neow_bonus":"RANDOM_COMMON_RELIC","is_daily":false,"chose_seed":false,"campfire_upgraded":3,"win_rate":0.0,"timestamp":1611907168,"path_taken":["M","M","?","?","?","?","M","E","T","?","R","M","E","M","R","BOSS","M","?","?","?","?","E","R","M","T","?","E","?","?","M","R","BOSS","M","M","?","?","?","R","M","E","T","M"],"items_purchased_type":["Card"],"build_version":"2020-12-22","purchased_purges":1,"victory":false,"max_hp_per_floor":[71,71,71,71,71,71,71,71,71,71,71,71,71,71,71,71,71,71,71,71,71,71,71,71,71,71,71,71,71,49,49,49,49,49,49,49,49,49,49,49,49,49,49,49,49],"card_choices":[{"not_picked":["Beam Cell","Lockon"],"picked":"Chill","floor":1.0},{"not_picked":["Aggregate","Skim"],"picked":"Ball Lightning","floor":2.0},{"not_picked":["Tempest","Double Energy"],"picked":"Hologram","floor":4.0},{"not_picked":["Streamline","Darkness"],"picked":"Conserve Battery","floor":7.0},{"not_picked":["Steam","Coolheaded"],"picked":"Capacitor","floor":8.0},{"not_picked":["Turbo","Chill","Streamline"],"picked":"SKIP","floor":12.0},{"not_picked":["Tempest","Steam"],"picked":"Static Discharge","floor":13.0},{"not_picked":["White Noise","Sweeping Beam"],"picked":"Multi-Cast","floor":14.0},{"not_picked":["All For One","Multi-Cast"],"picked":"Rainbow","floor":16.0},{"not_picked":["Steam Power","Gash","Stack"],"picked":"SKIP","floor":18.0},{"not_picked":["Conserve Battery","Doom and Gloom"],"picked":"Coolheaded","floor":21.0},{"not_picked":["Redo+1","Stack"],"picked":"Undo+1","floor":23.0},{"not_picked":["Steam","Sunder","Redo"],"picked":"SKIP","floor":25.0},{"not_picked":["Storm","Blizzard","Gash"],"picked":"SKIP","floor":27.0},{"not_picked":["Double Energy","Storm","Barrage"],"picked":"SKIP","floor":28.0},{"not_picked":["Steam+1","Turbo"],"picked":"Recycle+1","floor":31.0},{"not_picked":["All For One","Amplify"],"picked":"Reboot","floor":33.0},{"not_picked":["Doom and Gloom","Fusion","Coolheaded"],"picked":"SKIP","floor":35.0},{"not_picked":["White Noise","Coolheaded","Steam"],"picked":"SKIP","floor":36.0},{"not_picked":["Gash","Barrage+1"],"picked":"Loop","floor":38.0},{"not_picked":["Storm+1","Leap"],"picked":"Fusion+1","floor":41.0},{"not_picked":["Turbo","Compile Driver","Hello World"],"picked":"SKIP","floor":42.0},{"not_picked":["Turbo","Compile Driver","Hello World"],"picked":"SKIP","floor":42.0}],"player_experience":926590,"relics_obtained":[{"floor":8.0,"key":"Whetstone"},{"floor":9.0,"key":"Art of War"},{"floor":13.0,"key":"Turnip"},{"floor":23.0,"key":"Symbiotic Virus"},{"floor":26.0,"key":"Kunai"},{"floor":28.0,"key":"Unceasing Top"},{"floor":39.0,"key":"PreservedInsect"},{"floor":42.0,"key":"Happy Flower"}],"event_choices":[{"cards_removed":["Strike_B"],"damage_healed":0.0,"max_hp_gain":0.0,"max_hp_loss":0.0,"gold_gain":0.0,"event_name":"Bonfire Elementals","player_choice":"Offered Basic","floor":3.0,"gold_loss":0.0,"damage_taken":0.0},{"damage_healed":0.0,"max_hp_gain":0.0,"max_hp_loss":0.0,"gold_gain":0.0,"event_name":"Accursed Blacksmith","player_choice":"Rummage","floor":5.0,"gold_loss":0.0,"damage_taken":0.0,"relics_obtained":["WarpedTongs"],"cards_obtained":["Pain"]},{"damage_healed":0.0,"max_hp_gain":0.0,"max_hp_loss":0.0,"gold_gain":30.0,"event_name":"Dead Adventurer","player_choice":"Searched \u00273\u0027 times","floor":10.0,"gold_loss":0.0,"damage_taken":0.0,"relics_obtained":["Anchor"]},{"damage_healed":0.0,"max_hp_gain":0.0,"max_hp_loss":0.0,"gold_gain":0.0,"event_name":"Cursed Tome","player_choice":"Ignored","floor":19.0,"gold_loss":0.0,"damage_taken":0.0},{"cards_removed":["Capacitor"],"damage_healed":0.0,"max_hp_gain":0.0,"max_hp_loss":0.0,"gold_gain":0.0,"event_name":"WeMeetAgain","player_choice":"Gave Card","floor":20.0,"gold_loss":0.0,"damage_taken":0.0,"relics_obtained":["Boot"]},{"damage_healed":0.0,"max_hp_gain":0.0,"max_hp_loss":0.0,"gold_gain":0.0,"event_name":"Upgrade Shrine","player_choice":"Upgraded","floor":22.0,"gold_loss":0.0,"damage_taken":0.0,"cards_upgraded":["Static Discharge"]},{"damage_healed":0.0,"max_hp_gain":0.0,"max_hp_loss":0.0,"gold_gain":50.0,"event_name":"Nest","player_choice":"Stole From Cult","floor":29.0,"gold_loss":0.0,"damage_taken":0.0},{"damage_healed":0.0,"max_hp_gain":0.0,"max_hp_loss":22.0,"gold_gain":0.0,"event_name":"Vampires","player_choice":"Became a vampire","floor":30.0,"gold_loss":0.0,"damage_taken":0.0,"cards_obtained":["Bite","Bite","Bite","Bite","Bite"]},{"cards_removed":["Defend_B"],"damage_healed":0.0,"max_hp_gain":0.0,"max_hp_loss":0.0,"gold_gain":0.0,"event_name":"Wheel of Change","player_choice":"Card Removal","floor":37.0,"gold_loss":0.0,"damage_taken":0.0}],"is_beta":false,"boss_relics":[{"not_picked":["Busted Crown","Tiny House"],"picked":"Coffee Dripper"},{"not_picked":["FrozenCore","Velvet Choker"],"picked":"Empty Cage"}],"items_purged_floors":[6],"is_endless":false,"potions_floor_spawned":[2,7,13,14,27,28,35,36,42],"killed_by":"Writhing Mass","ascension_level":16}}