{"host":"121m0oxswv9tg9hk","time":1611956637,"event":{"mods":["AchievementEnabler","BaseMod","Better Third Choice","Downfall","Minty Spire (QoL Compilation)","StSLib"],"gold_per_floor":[99,117,127,192,208,208,208,218,118,218,238,258,258,273,293,293,293,293],"floor_reached":16,"language":"ENG","playtime":864,"items_purged":[],"score":149,"play_id":"817b684c-4db5-411f-be32-c25c2578741b","local_time":"20210129224357","is_ascension_mode":true,"campfire_choices":[{"data":"Slimebound:CorrosiveSpit","floor":1,"key":"SMITH"},{"floor":6,"key":"RECALL"},{"floor":9,"key":"REST"},{"floor":13,"key":"REST"}],"circlet_count":0,"master_deck":["AscendersBane","Slimebound:Strike_Slimebound","Slimebound:Strike_Slimebound","Slimebound:Strike_Slimebound","Slimebound:Tackle","Slimebound:Defend_Slimebound","Slimebound:Defend_Slimebound","Slimebound:Defend_Slimebound","Slimebound:Defend_Slimebound","Slimebound:Split","Slimebound:CorrosiveSpit+1","Slimebound:SplitBruiser","Slimebound:LeechEnergy","Slimebound:SlimeSpikes","Slimebound:GoopSpray","Slimebound:LivingWall","Slimebound:SlimeTap","Slimebound:Replication","Slimebound:FinishingTackle","Slimebound:SlimeSpikes"],"relics":["Slimebound:AbsorbEndCombat","StrikeDummy","hexamod:CandleOfCauterizing","downfall:HeartBlessingRed"],"acts_visited":["Exordium"],"potions_floor_usage":[4,11,16,16],"damage_taken":[{"damage":10,"enemies":"Jaw Worm","floor":2,"turns":3},{"damage":2,"enemies":"2 Louse","floor":3,"turns":2},{"damage":34,"enemies":"3 Sentries","floor":4,"turns":7},{"damage":0,"enemies":"Cultist","floor":5,"turns":2},{"damage":24,"enemies":"Gremlin Gang","floor":8,"turns":4},{"damage":7,"enemies":"Lots of Slimes","floor":11,"turns":3},{"damage":15,"enemies":"3 Louse","floor":12,"turns":4},{"damage":1,"enemies":"2 Fungi Beasts","floor":14,"turns":4},{"damage":8,"enemies":"Large Slime","floor":15,"turns":3},{"damage":58,"enemies":"DF_ARCHETYPE_STREAMLINE","floor":16,"turns":14}],"seed_played":"779169477267979495","potions_obtained":[{"floor":3,"key":"Guardian:BlockOnCardUsePotion"},{"floor":8,"key":"ColorlessPotion"},{"floor":14,"key":"Guardian:BlockOnCardUsePotion"},{"floor":15,"key":"Guardian:BlockOnCardUsePotion"}],"is_trial":false,"path_per_floor":["R","M","M","?","M","R","T","M","R","?","M","M","R","M","M","B"],"character_chosen":"SLIMEBOUND","items_purchased":[],"campfire_rested":2,"item_purchase_floors":[],"current_hp_per_floor":[65,61,61,27,31,31,31,15,36,36,35,22,43,44,40,0,0,0],"gold":293,"neow_bonus":"TEN_PERCENT_HP_BONUS","is_daily":false,"chose_seed":false,"campfire_upgraded":1,"win_rate":0.0,"timestamp":1611956637,"path_taken":["R","M","M","?","M","R","T","M","R","?","M","M","R","?","M","BOSS"],"items_purchased_type":[],"build_version":"2020-12-22","purchased_purges":0,"victory":false,"max_hp_per_floor":[71,71,71,71,71,71,71,71,71,71,71,71,71,71,71,71,71,71],"card_choices":[{"not_picked":["Slimebound:LivingWall","Slimebound:ItLooksTasty"],"picked":"Slimebound:SplitBruiser","floor":2},{"not_picked":["Slimebound:LivingWall","Slimebound:SplitMire"],"picked":"Slimebound:LeechEnergy","floor":3},{"not_picked":["Slimebound:HauntingLick","Slimebound:SplitBruiser"],"picked":"Slimebound:SlimeSpikes","floor":4},{"not_picked":["Slimebound:ForwardTackle","Slimebound:SlimeBarrage"],"picked":"Slimebound:GoopSpray","floor":5},{"not_picked":["Slimebound:PressTheAttack","Slimebound:Prepare"],"picked":"Slimebound:LivingWall","floor":8},{"not_picked":["Slimebound:SlimeBarrage","Slimebound:SplitMire"],"picked":"Slimebound:SlimeTap","floor":11},{"not_picked":["Slimebound:RejuvenatingLick","Slimebound:Dissolve"],"picked":"Slimebound:Replication","floor":12},{"not_picked":["Slimebound:HauntingLick","Slimebound:GoopSpray"],"picked":"Slimebound:FinishingTackle","floor":14},{"not_picked":["Slimebound:SpikyOuterGoop","Slimebound:GoopSpray"],"picked":"Slimebound:SlimeSpikes","floor":15}],"player_experience":2582140,"relics_obtained":[{"floor":4,"key":"StrikeDummy"},{"floor":7,"key":"hexamod:CandleOfCauterizing"}],"event_choices":[],"is_beta":false,"boss_relics":[],"items_purged_floors":[],"is_endless":false,"potions_floor_spawned":[3,8,14,15],"killed_by":"DF_ARCHETYPE_STREAMLINE","ascension_level":11}}