{"host":"fkig9nrckec4xsh0","time":1611894373,"event":{"mods":["Act Like it!","BaseMod","Colored Map","Gensokyo","Hermit","Marisa????????","Minty Spire (QoL Compilation)","Quick Restart","Replay The Spire","StSLib"],"gold_per_floor":[110,110,110,125,159,159,176,176,210,6,37,37,65,65,265,265],"floor_reached":16,"language":"ENG","playtime":700,"items_purged":[],"score":183,"play_id":"1c01ed7e-4e30-42e6-bf61-488a8eac36db","local_time":"20210128232613","is_ascension_mode":true,"campfire_choices":[{"data":"BigCrunch","floor":13,"key":"SMITH"},{"data":"OpenUniverse","floor":13,"key":"SMITH"},{"floor":15,"key":"REST"}],"circlet_count":0,"master_deck":["Strike_MRS","Strike_MRS","Strike_MRS","Strike_MRS","Defend_MRS","Defend_MRS","Defend_MRS","MasterSpark","UpSweep","OpenUniverse+1","WitchLeyline","IllusionStar","Acceleration","Gensokyo:RustyChest","Gensokyo:BlemishedSteel","Gensokyo:RPG","BigCrunch+1","ManaRampage"],"relics":["MiniHakkero","NeowsBlessing","Gensokyo:PortableGap","Strawberry","Du-Vu Doll","Replay:Arrowhead","Ancient Tea Set","Bird Faced Urn","Strawberry","Lantern"],"acts_visited":["Exordium"],"potions_floor_usage":[12,14],"damage_taken":[{"damage":0.0,"enemies":"Gensokyo:3_Fairies","floor":1.0,"turns":2.0},{"damage":0.0,"enemies":"Gensokyo:Gryphon","floor":4.0,"turns":1.0},{"damage":0.0,"enemies":"Gensokyo:Aya","floor":6.0,"turns":1.0},{"damage":0.0,"enemies":"Gensokyo:2_Kodama","floor":8.0,"turns":3.0},{"damage":2,"enemies":"Gensokyo:Mamizou","floor":10,"turns":5},{"damage":44,"enemies":"Gensokyo:Aya","floor":12,"turns":8},{"damage":2,"enemies":"Gensokyo:Cirno","floor":14,"turns":4},{"damage":54,"enemies":"Gensokyo:Reimu","floor":16,"turns":5}],"seed_played":"-8791130064847876816","potions_obtained":[{"floor":1.0,"key":"Milkshake"},{"floor":10,"key":"LiquidBronze"}],"is_trial":false,"path_per_floor":["M","?","?","M","E","?","M","T","E","COS","E","R","E","R","B"],"character_chosen":"MARISA","items_purchased":[],"campfire_rested":1,"item_purchase_floors":[],"current_hp_per_floor":[75,68,65,65,65,65,65,65,63,63,19,19,26,49,0,0],"gold":265,"neow_bonus":"THREE_ENEMY_KILL","is_daily":false,"chose_seed":false,"campfire_upgraded":2,"win_rate":0.0,"timestamp":1611894373,"path_taken":["M","?","?","M","E","?","?","T","E","COS","E","R","E","R","BOSS"],"items_purchased_type":[],"build_version":"2020-12-22","purchased_purges":0,"victory":false,"max_hp_per_floor":[75,68,75,72,72,72,72,72,72,72,72,72,79,79,79,79],"card_choices":[{"not_picked":["StarlightTyphoon","DoubleSpark"],"picked":"OpenUniverse","floor":1.0},{"not_picked":["DoubleSpark","NonDirectionalLaser"],"picked":"WitchLeyline","floor":4.0},{"not_picked":["EnergyFlow","DoubleSpark"],"picked":"IllusionStar","floor":6.0},{"not_picked":["AsteroidBelt","DoubleSpark"],"picked":"Acceleration","floor":8.0},{"not_picked":["LuminesStrike","MilkyWay","OneTimeOff"],"picked":"SKIP","floor":10},{"not_picked":["IllusionStar","Robbery"],"picked":"BigCrunch","floor":12},{"not_picked":["LuminesStrike","AsteroidBelt"],"picked":"ManaRampage","floor":14}],"player_experience":411185,"relics_obtained":[{"floor":6.0,"key":"Du-Vu Doll"},{"floor":9.0,"key":"Replay:Arrowhead"},{"floor":10,"key":"Ancient Tea Set"},{"floor":12,"key":"Bird Faced Urn"},{"floor":14,"key":"Lantern"}],"event_choices":[],"is_beta":false,"boss_relics":[],"items_purged_floors":[],"is_endless":false,"potions_floor_spawned":[1,10],"killed_by":"Gensokyo:Reimu","ascension_level":1}}