{"host":"ow66nzv2xecjoor3","time":1611879872,"event":{"mods":["BaseMod","Bestiary","Block Reminder","Colored Powertips","Curses Come First","Highlight Path","Keyboard Shortcuts","Minty Spire (QoL Compilation)","Permanent Neow","Relic Stats","StSLib","UnlockEverythingMod"],"gold_per_floor":[109,128,128,138,152,152,184,184,259,269,289,309,344,344,344,421,421,439,450,25,45,60,95,95,130,157,193,217,100,115,126,126,207,207,224,237,246,246,260,299,299,337,337,337,25,25,64,84,84,84,84,84,84,39,78,78,78],"floor_reached":56,"language":"ENG","playtime":3539,"items_purged":["Defend_P","Defend_P"],"score":2222,"play_id":"62ed7baf-3375-4370-a0c6-4f33d747b433","local_time":"20210128182432","is_ascension_mode":true,"campfire_choices":[{"data":"WheelKick","floor":6.0,"key":"SMITH"},{"data":"Scrawl","floor":15.0,"key":"SMITH"},{"data":"TalkToTheHand","floor":24.0,"key":"SMITH"},{"data":"MentalFortress","floor":32.0,"key":"SMITH"},{"data":"EmptyMind","floor":41.0,"key":"SMITH"},{"floor":44.0,"key":"RECALL"},{"data":"Scrawl","floor":49.0,"key":"SMITH"},{"data":"TalkToTheHand","floor":53.0,"key":"SMITH"}],"circlet_count":0,"master_deck":["AscendersBane","Strike_P","Strike_P","Strike_P","Defend_P","Defend_P","Eruption","Vigilance","EmptyFist","Consecrate","CarveReality","WheelKick+1","Establishment","Vengeance","CutThroughFate","Scrawl+1","DevaForm","Vault","FlyingSleeves","FlurryOfBlows+1","TalkToTheHand+1","Tantrum","Adaptation","MentalFortress+1","TalkToTheHand+1","DevaForm","Dark Shackles","EmptyMind+1","EmptyMind","Omniscience","Scrawl+1","Protect+1","CrushJoints"],"relics":["PureWater","Lantern","HornCleat","The Courier","Gremlin Horn","Meat on the Bone","Philosopher\u0027s Stone","Ornamental Fan","Mummified Hand","CaptainsWheel","CeramicFish","Singing Bowl","Black Star","Pantograph","Letter Opener","Eternal Feather","Smiling Mask","Juzu Bracelet","OrangePellets","Ice Cream","Potion Belt","Pear","Damaru"],"acts_visited":["Exordium","TheCity","TheBeyond","TheEnding"],"potions_floor_usage":[56],"damage_taken":[{"damage":0.0,"enemies":"2 Louse","floor":1.0,"turns":4.0},{"damage":2.0,"enemies":"Jaw Worm","floor":2.0,"turns":4.0},{"damage":0.0,"enemies":"Cultist","floor":4.0,"turns":3.0},{"damage":0.0,"enemies":"Lots of Slimes","floor":5.0,"turns":3.0},{"damage":5.0,"enemies":"3 Sentries","floor":7.0,"turns":5.0},{"damage":0.0,"enemies":"Looter","floor":10.0,"turns":1.0},{"damage":8.0,"enemies":"Blue Slaver","floor":11.0,"turns":2.0},{"damage":0.0,"enemies":"Exordium Thugs","floor":12.0,"turns":3.0},{"damage":0.0,"enemies":"Gremlin Nob","floor":13.0,"turns":2.0},{"damage":25.0,"enemies":"Slime Boss","floor":16.0,"turns":7.0},{"damage":0.0,"enemies":"2 Thieves","floor":18.0,"turns":4.0},{"damage":4.0,"enemies":"3 Byrds","floor":19.0,"turns":3.0},{"damage":0.0,"enemies":"Snecko","floor":21.0,"turns":3.0},{"damage":8.0,"enemies":"Snake Plant","floor":22.0,"turns":5.0},{"damage":8.0,"enemies":"Book of Stabbing","floor":23.0,"turns":4.0},{"damage":0.0,"enemies":"Gremlin Leader","floor":25.0,"turns":3.0},{"damage":2.0,"enemies":"Book of Stabbing","floor":27.0,"turns":4.0},{"damage":0.0,"enemies":"3 Cultists","floor":28.0,"turns":2.0},{"damage":0.0,"enemies":"Shelled Parasite and Fungi","floor":30.0,"turns":3.0},{"damage":0.0,"enemies":"Cultist and Chosen","floor":31.0,"turns":4.0},{"damage":0.0,"enemies":"Champ","floor":33.0,"turns":12.0},{"damage":2.0,"enemies":"3 Darklings","floor":35.0,"turns":4.0},{"damage":0.0,"enemies":"3 Shapes","floor":36.0,"turns":3.0},{"damage":0.0,"enemies":"Spire Growth","floor":39.0,"turns":4.0},{"damage":19.0,"enemies":"Nemesis","floor":40.0,"turns":8.0},{"damage":4.0,"enemies":"Giant Head","floor":42.0,"turns":7.0},{"damage":0.0,"enemies":"Reptomancer","floor":47.0,"turns":4.0},{"damage":27.0,"enemies":"Jaw Worm Horde","floor":48.0,"turns":6.0},{"damage":24.0,"enemies":"Donu and Deca","floor":50.0,"turns":6.0},{"damage":59.0,"enemies":"Time Eater","floor":51.0,"turns":14.0},{"damage":15.0,"enemies":"Shield and Spear","floor":55.0,"turns":7.0},{"damage":84,"enemies":"The Heart","floor":56,"turns":3}],"seed_played":"-8784572653555261895","potions_obtained":[{"floor":5.0,"key":"EntropicBrew"},{"floor":7.0,"key":"SkillPotion"},{"floor":11.0,"key":"BlessingOfTheForge"},{"floor":13.0,"key":"Fire Potion"},{"floor":18.0,"key":"FearPotion"},{"floor":21.0,"key":"Weak Potion"},{"floor":22.0,"key":"BlessingOfTheForge"},{"floor":25.0,"key":"SteroidPotion"},{"floor":33.0,"key":"BlessingOfTheForge"},{"floor":47.0,"key":"GamblersBrew"}],"is_trial":false,"path_per_floor":["M","M","?","M","M","R","E","T","T","M","M","M","E","?","R","B",null,"M","M","$","M","M","E","R","E","T","E","M","$","M","M","R","B",null,"M","M","?","?","M","E","R","E","T","R","$","?","E","M","R","B","B",null,"R","$","E","B"],"character_chosen":"WATCHER","items_purchased":["Ornamental Fan","Mummified Hand","TalkToTheHand","OrangePellets","Omniscience","BlessingOfTheForge"],"campfire_rested":0,"item_purchase_floors":[20,20,29,45,45,54],"current_hp_per_floor":[61,59,59,59,59,59,54,54,54,54,46,46,46,46,46,33,59,59,55,55,55,47,39,39,39,39,37,37,37,39,41,41,41,64,64,66,66,66,68,49,49,45,45,63,63,63,63,48,66,50,27,62,74,74,69,0,0],"gold":78,"neow_bonus":"RANDOM_COMMON_RELIC","is_daily":false,"chose_seed":false,"campfire_upgraded":7,"win_rate":0.0,"timestamp":1611879872,"path_taken":["M","M","?","M","M","R","E","?","T","M","M","M","E","?","R","BOSS","M","?","$","M","M","E","R","E","T","E","M","$","M","?","R","BOSS","M","M","?","?","M","E","R","E","T","R","$","?","E","M","R","BOSS","BOSS","R","$","E","BOSS"],"items_purchased_type":["Relic","Relic","Card","Relic","Card","Potion"],"build_version":"2020-12-22","purchased_purges":2,"victory":false,"max_hp_per_floor":[68,68,68,68,68,68,68,68,68,68,68,68,68,68,68,68,68,68,68,68,68,68,68,68,68,68,68,68,68,70,72,72,72,72,74,76,76,72,74,74,74,74,74,74,74,74,74,74,74,74,74,74,74,74,84,84,84],"relic_stats":{"Gremlin Horn":[27,27],"Singing Bowl":10,"counters":[32,147],"CeramicFish":108,"Eternal Feather":48,"Juzu Bracelet":0,"Letter Opener":[122],"Smiling Mask":30,"OrangePellets":[5],"Ornamental Fan":[400],"Mummified Hand":[92],"Pantograph":47,"Black Star":4,"obtain_stats":[{"Ice Cream":47,"Potion Belt":47,"Lantern":0,"Pear":55,"Gremlin Horn":9,"Singing Bowl":27,"CeramicFish":25,"Damaru":55,"Eternal Feather":42,"The Courier":8,"Juzu Bracelet":43,"Letter Opener":40,"Smiling Mask":42,"OrangePellets":45,"CaptainsWheel":23,"HornCleat":7,"Ornamental Fan":20,"Mummified Hand":20,"Pantograph":40,"Philosopher\u0027s Stone":17,"Black Star":34,"PureWater":0,"Meat on the Bone":13},{"Ice Cream":27,"Potion Belt":27,"Lantern":0,"Pear":31,"Gremlin Horn":5,"Singing Bowl":17,"CeramicFish":16,"Damaru":31,"Eternal Feather":26,"The Courier":5,"Juzu Bracelet":26,"Letter Opener":25,"Smiling Mask":26,"OrangePellets":26,"CaptainsWheel":15,"HornCleat":5,"Ornamental Fan":12,"Mummified Hand":12,"Pantograph":25,"Philosopher\u0027s Stone":10,"Black Star":21,"PureWater":0,"Meat on the Bone":9},{"Ice Cream":111,"Potion Belt":111,"Lantern":0,"Pear":144,"Gremlin Horn":19,"Singing Bowl":60,"CeramicFish":56,"Damaru":144,"Eternal Feather":107,"The Courier":19,"Juzu Bracelet":107,"Letter Opener":100,"Smiling Mask":107,"OrangePellets":107,"CaptainsWheel":53,"HornCleat":19,"Ornamental Fan":41,"Mummified Hand":41,"Pantograph":100,"Philosopher\u0027s Stone":34,"Black Star":81,"PureWater":0,"Meat on the Bone":27}],"Meat on the Bone":36},"card_choices":[{"not_picked":["Protect","ClearTheMind"],"picked":"EmptyFist","floor":1.0},{"not_picked":["CutThroughFate","Collect"],"picked":"Consecrate","floor":2.0},{"not_picked":["Consecrate","CrushJoints"],"picked":"CarveReality","floor":4.0},{"not_picked":["LikeWater","Prostrate"],"picked":"WheelKick","floor":5.0},{"not_picked":["MasterReality","Fasting2"],"picked":"Establishment","floor":7.0},{"not_picked":["Prostrate","CrushJoints"],"picked":"Vengeance","floor":10.0},{"not_picked":["EmptyBody","Consecrate"],"picked":"CutThroughFate","floor":11.0},{"not_picked":["Perseverance","Swivel"],"picked":"Scrawl","floor":12.0},{"not_picked":["ClearTheMind","BowlingBash"],"picked":"DevaForm","floor":13.0},{"not_picked":["DevaForm","ConjureBlade"],"picked":"Vault","floor":16.0},{"not_picked":["EmptyBody","PathToVictory"],"picked":"FlyingSleeves","floor":18.0},{"not_picked":["FearNoEvil","Crescendo+1"],"picked":"FlurryOfBlows+1","floor":19.0},{"not_picked":["FollowUp","Adaptation+1"],"picked":"TalkToTheHand","floor":21.0},{"not_picked":["Vengeance","FlurryOfBlows"],"picked":"Wallop","floor":22.0},{"not_picked":["FollowUp","Prostrate","WreathOfFlame"],"picked":"SKIP","floor":23.0},{"not_picked":["WindmillStrike","SignatureMove"],"picked":"Tantrum","floor":25.0},{"not_picked":["Fasting2","CutThroughFate"],"picked":"Adaptation","floor":27.0},{"not_picked":["ClearTheMind","Indignation"],"picked":"MentalFortress","floor":28.0},{"not_picked":["CarveReality","CutThroughFate","LikeWater"],"picked":"Singing Bowl","floor":30.0},{"not_picked":["BowlingBash","ThirdEye","EmptyBody"],"picked":"Singing Bowl","floor":31.0},{"not_picked":["Alpha","MasterReality"],"picked":"DevaForm","floor":33.0},{"not_picked":["Indignation","WindmillStrike+1","Prostrate"],"picked":"Singing Bowl","floor":35.0},{"not_picked":["WreathOfFlame","BowlingBash","Worship"],"picked":"Singing Bowl","floor":36.0},{"not_picked":["Bandage Up","Discovery"],"picked":"Dark Shackles","floor":37.0},{"not_picked":["FollowUp","Conclude","FlyingSleeves"],"picked":"Singing Bowl","floor":39.0},{"not_picked":["Swivel","DeceiveReality"],"picked":"EmptyMind","floor":40.0},{"not_picked":["DeceiveReality+1","FlyingSleeves+1"],"picked":"EmptyMind","floor":42.0},{"not_picked":["FlurryOfBlows","Perseverance+1"],"picked":"Scrawl","floor":47.0},{"not_picked":["Evaluate","BowlingBash"],"picked":"Protect+1","floor":48.0},{"not_picked":["Consecrate","ThirdEye"],"picked":"CrushJoints","floor":55.0}],"player_experience":2755162,"relics_obtained":[{"floor":7.0,"key":"HornCleat"},{"floor":8.0,"key":"The Courier"},{"floor":9.0,"key":"Gremlin Horn"},{"floor":13.0,"key":"Meat on the Bone"},{"floor":23.0,"key":"CaptainsWheel"},{"floor":25.0,"key":"CeramicFish"},{"floor":27.0,"key":"Singing Bowl"},{"floor":40.0,"key":"Pantograph"},{"floor":40.0,"key":"Letter Opener"},{"floor":42.0,"key":"Eternal Feather"},{"floor":42.0,"key":"Smiling Mask"},{"floor":43.0,"key":"Juzu Bracelet"},{"floor":47.0,"key":"Ice Cream"},{"floor":47.0,"key":"Potion Belt"},{"floor":55.0,"key":"Pear"},{"floor":55.0,"key":"Damaru"}],"event_choices":[{"damage_healed":0.0,"max_hp_gain":0.0,"max_hp_loss":0.0,"gold_gain":0.0,"event_name":"Liars Game","player_choice":"Ignored","floor":3.0,"gold_loss":0.0,"damage_taken":0.0},{"cards_removed":["Strike_P"],"damage_healed":0.0,"max_hp_gain":0.0,"max_hp_loss":0.0,"gold_gain":0.0,"event_name":"Purifier","player_choice":"Purged","floor":14.0,"gold_loss":0.0,"damage_taken":0.0},{"damage_healed":0.0,"max_hp_gain":0.0,"max_hp_loss":0.0,"gold_gain":0.0,"event_name":"SensoryStone","player_choice":"Memory 1","floor":37.0,"gold_loss":0.0,"damage_taken":0.0},{"damage_healed":0.0,"max_hp_gain":0.0,"max_hp_loss":4.0,"gold_gain":0.0,"event_name":"Winding Halls","player_choice":"Max HP","floor":38.0,"gold_loss":0.0,"damage_taken":0.0},{"cards_removed":["Wallop"],"damage_healed":0.0,"max_hp_gain":0.0,"max_hp_loss":0.0,"gold_gain":0.0,"event_name":"Falling","player_choice":"Removed Attack","floor":46.0,"gold_loss":0.0,"damage_taken":0.0}],"is_beta":false,"boss_relics":[{"not_picked":["Ectoplasm","Calling Bell"],"picked":"Philosopher\u0027s Stone"},{"not_picked":["SacredBark","Fusion Hammer"],"picked":"Black Star"}],"items_purged_floors":[29,45],"is_endless":false,"potions_floor_spawned":[5,7,11,13,16,18,21,22,25,33,35,36,40,47],"killed_by":"The Heart","ascension_level":20}}