{"host":"5h6e4l6hpn0p5lap","time":1611954773,"event":{"mods":["AchievementEnabler","BaseMod","Better Altar","Better Match","Better Sensory Stone","Better Skull","Better Third Choice","Filter the Spire","Highlight Path","Minty Spire (QoL Compilation)","StSLib"],"gold_per_floor":[116,133,208,226,226,226,245,245,245,245,42,62,90,90,90,195,195,214,227,227,238,38,38,70,88,88,88,132,151,177,203,203,311,311,311],"floor_reached":34,"language":"ENG","playtime":2270,"items_purged":["Strike_B","Strike_B"],"score":645,"play_id":"5298abb8-2e46-4893-9c8f-3dfe59cfcd81","local_time":"20210129161253","is_ascension_mode":true,"campfire_choices":[{"data":"Zap","floor":6,"key":"SMITH"},{"data":"Defragment","floor":8,"key":"SMITH"},{"data":"Creative AI","floor":15,"key":"SMITH"},{"data":"Fission","floor":23,"key":"SMITH"},{"data":"Loop","floor":32,"key":"SMITH"}],"circlet_count":0,"master_deck":["Strike_B","Strike_B","Defend_B","Defend_B","Defend_B","Defend_B","Zap+1","Dualcast","Cold Snap","Defragment+1","Chill","The Bomb","Storm","Loop+1","Conserve Battery","Go for the Eyes","Creative AI+1","Fission+1","Ball Lightning","Genetic Algorithm","Steam Power+1","Turbo","Aggregate","Skim+1","Seek","Coolheaded","Glacier","Redo+1","Leap+1","Thunder Strike+1"],"relics":["Cracked Core","FossilizedHelix","Mummified Hand","CaptainsWheel","Omamori","White Beast Statue","Nuclear Battery","Eternal Feather","CeramicFish","Molten Egg 2","Cursed Key"],"acts_visited":["Exordium","TheCity","TheBeyond"],"potions_floor_usage":[13,18,20,24,25,28,33],"damage_taken":[{"damage":0,"enemies":"Jaw Worm","floor":1,"turns":3},{"damage":0,"enemies":"Small Slimes","floor":2,"turns":4},{"damage":0,"enemies":"2 Louse","floor":4,"turns":2},{"damage":7,"enemies":"Looter","floor":7,"turns":4},{"damage":0,"enemies":"Exordium Wildlife","floor":12,"turns":3},{"damage":0,"enemies":"Gremlin Nob","floor":13,"turns":4},{"damage":0,"enemies":"The Guardian","floor":16,"turns":8},{"damage":0,"enemies":"3 Byrds","floor":18,"turns":4},{"damage":0,"enemies":"Shell Parasite","floor":19,"turns":4},{"damage":0,"enemies":"Snake Plant","floor":20,"turns":1},{"damage":0,"enemies":"Snecko","floor":21,"turns":4},{"damage":5,"enemies":"Book of Stabbing","floor":24,"turns":5},{"damage":12,"enemies":"3 Cultists","floor":25,"turns":4},{"damage":0,"enemies":"Slavers","floor":28,"turns":4},{"damage":0,"enemies":"Snake Plant","floor":29,"turns":4},{"damage":0,"enemies":"Snecko","floor":30,"turns":3},{"damage":1,"enemies":"Chosen and Byrds","floor":31,"turns":3},{"damage":22,"enemies":"Collector","floor":33,"turns":9}],"seed_played":"88491975006599177","potions_obtained":[{"floor":1,"key":"SmokeBomb"},{"floor":7,"key":"Strength Potion"},{"floor":12,"key":"SpeedPotion"},{"floor":13,"key":"AttackPotion"},{"floor":18,"key":"Energy Potion"},{"floor":19,"key":"Weak Potion"},{"floor":21,"key":"SteroidPotion"},{"floor":24,"key":"ColorlessPotion"},{"floor":25,"key":"SkillPotion"},{"floor":28,"key":"Swift Potion"},{"floor":30,"key":"BlessingOfTheForge"},{"floor":31,"key":"DuplicationPotion"},{"floor":33,"key":"Ancient Potion"}],"is_trial":false,"path_per_floor":["M","M","?","M","?","R","M","R","T","?","$","M","E","T","R","B",null,"M","M","M","M","$","R","E","M","T","?","E","M","M","M","R","B",null],"character_chosen":"DEFECT","items_purchased":["Loop","Conserve Battery","Turbo","Aggregate"],"campfire_rested":0,"item_purchase_floors":[11,11,22,22],"current_hp_per_floor":[68,68,57,57,57,57,50,50,50,43,43,43,43,43,43,43,62,62,62,62,62,62,62,57,45,45,67,67,67,67,66,68,46,63,63],"gold":311,"neow_bonus":"ONE_RARE_RELIC","is_daily":false,"chose_seed":false,"campfire_upgraded":5,"win_rate":0.0,"timestamp":1611954773,"path_taken":["M","M","?","M","?","R","M","R","T","?","$","M","E","?","R","BOSS","M","M","M","M","$","R","E","M","T","?","E","M","M","M","R","BOSS"],"items_purchased_type":["Card","Card","Card","Card"],"build_version":"2020-12-22","purchased_purges":2,"victory":false,"max_hp_per_floor":[68,68,68,68,68,68,68,68,68,68,68,68,68,68,68,68,68,68,68,68,68,68,68,68,68,68,68,68,68,68,68,68,68,68,68],"card_choices":[{"not_picked":["Auto Shields","Defragment"],"picked":"Cold Snap","floor":1},{"not_picked":["Hologram","Gash"],"picked":"Defragment","floor":2},{"not_picked":["Fusion","Static Discharge"],"picked":"Chill","floor":4},{"not_picked":["Jack Of All Trades","Mind Blast"],"picked":"The Bomb","floor":5},{"not_picked":["Rebound","Doom and Gloom"],"picked":"Storm","floor":7},{"not_picked":["Stack","Leap"],"picked":"Go for the Eyes","floor":12},{"not_picked":["Recycle","Blizzard"],"picked":"Creative AI","floor":13},{"not_picked":["Core Surge","Multi-Cast"],"picked":"Fission","floor":16},{"not_picked":["BootSequence","Blizzard"],"picked":"Ball Lightning","floor":18},{"not_picked":["Gash","Go for the Eyes+1"],"picked":"Genetic Algorithm","floor":19},{"not_picked":["Cold Snap","Barrage"],"picked":"Steam Power+1","floor":21},{"not_picked":["Fusion","Streamline"],"picked":"Skim+1","floor":24},{"not_picked":["Barrage+1","Undo"],"picked":"Seek","floor":25},{"not_picked":["Rebound+1","Gash+1"],"picked":"Coolheaded","floor":28},{"not_picked":["Hologram","Leap"],"picked":"Glacier","floor":29},{"not_picked":["Beam Cell+1","Cold Snap+1"],"picked":"Redo+1","floor":30},{"not_picked":["Aggregate","Steam Power"],"picked":"Leap+1","floor":31},{"not_picked":["Reboot","Seek"],"picked":"Thunder Strike+1","floor":33}],"player_experience":1021745,"relics_obtained":[{"floor":9,"key":"Mummified Hand"},{"floor":13,"key":"Omamori"},{"floor":14,"key":"White Beast Statue"},{"floor":24,"key":"Eternal Feather"},{"floor":26,"key":"CeramicFish"},{"floor":28,"key":"Molten Egg 2"}],"event_choices":[{"damage_healed":0,"gold_gain":75,"player_choice":"Gold","damage_taken":11,"max_hp_gain":0,"max_hp_loss":0,"event_name":"betterThird:BetterGoop","floor":3,"gold_loss":0},{"damage_healed":0,"gold_gain":1,"player_choice":"1","damage_taken":0,"max_hp_gain":0,"max_hp_loss":0,"event_name":"betterStone:BetterStone","floor":5,"gold_loss":0},{"damage_healed":0,"gold_gain":0,"player_choice":"Relic ","damage_taken":7,"max_hp_gain":0,"max_hp_loss":0,"event_name":"betterThird:BetterScrap","floor":10,"gold_loss":0,"cards_obtained":["Wraith Form v2"]},{"damage_healed":22,"gold_gain":0,"player_choice":"Heal","damage_taken":0,"max_hp_gain":0,"max_hp_loss":0,"event_name":"The Library","floor":27,"gold_loss":0}],"is_beta":false,"boss_relics":[{"not_picked":["Ectoplasm","Coffee Dripper"],"picked":"Nuclear Battery"},{"not_picked":["Runic Dome","Astrolabe"],"picked":"Cursed Key"}],"items_purged_floors":[11,22],"is_endless":false,"potions_floor_spawned":[1,7,12,13,16,18,19,20,21,24,25,28,29,30,31,33],"ascension_level":6}}