{"host":"Sean","time":1611923450,"event":{"mods":["BaseMod","Block Reminder","Colored Map","Colored Powertips","Highlight Path","Minty Spire (QoL Compilation)","Permanent Neow","Relic Stats"],"gold_per_floor":[363,382,382,7,7,7,41,41,41,76,44,62,62,75,75,179,179,194,119,119,134,10,44,44,72,72,86,86,118,118,135,135,135,135],"floor_reached":33,"language":"ENG","playtime":4205,"items_purged":["Writhe"],"score":451,"play_id":"50a02e41-749c-4ec0-a893-4e6cf1b6f5cb","local_time":"20210129123050","is_ascension_mode":true,"campfire_choices":[{"data":"Wild Strike","floor":6.0,"key":"SMITH"},{"data":"Pommel Strike","floor":15.0,"key":"SMITH"},{"data":"Fiend Fire","floor":24.0,"key":"SMITH"},{"data":"Clothesline","floor":28.0,"key":"SMITH"},{"floor":30.0,"key":"REST"},{"data":"Shrug It Off","floor":32,"key":"SMITH"}],"circlet_count":0,"master_deck":["Strike_R","Strike_R","Strike_R","Defend_R+1","Defend_R","Defend_R","Defend_R","Bash","Pommel Strike+1","Headbutt","Wild Strike+1","Clothesline+1","Spot Weakness+1","Fiend Fire+1","CurseOfTheBell","Shrug It Off+1","Iron Wave+1","Burning Pact+1","Shrug It Off+1","True Grit+1"],"relics":["Burning Blood","Tiny Chest","Sling","Singing Bowl","Charon\u0027s Ashes","Bag of Preparation","Peace Pipe","Centennial Puzzle","HornCleat","Calling Bell","Boot","Letter Opener","Prayer Wheel","Juzu Bracelet","InkBottle","Potion Belt","War Paint","Ornamental Fan"],"acts_visited":["Exordium","TheCity"],"potions_floor_usage":[33],"damage_taken":[{"damage":5.0,"enemies":"2 Louse","floor":1.0,"turns":3.0},{"damage":5.0,"enemies":"Small Slimes","floor":2.0,"turns":3.0},{"damage":40.0,"enemies":"3 Sentries","floor":7.0,"turns":7.0},{"damage":5.0,"enemies":"Gremlin Nob","floor":10.0,"turns":3.0},{"damage":4.0,"enemies":"Jaw Worm","floor":12.0,"turns":3.0},{"damage":1.0,"enemies":"Looter","floor":14.0,"turns":3.0},{"damage":27.0,"enemies":"Hexaghost","floor":16.0,"turns":8.0},{"damage":11.0,"enemies":"2 Thieves","floor":18.0,"turns":3.0},{"damage":18.0,"enemies":"Shell Parasite","floor":21.0,"turns":5.0},{"damage":1.0,"enemies":"Slavers","floor":23.0,"turns":5.0},{"damage":37.0,"enemies":"Gremlin Leader","floor":25.0,"turns":7.0},{"damage":6.0,"enemies":"Shelled Parasite and Fungi","floor":27.0,"turns":2.0},{"damage":15.0,"enemies":"Slavers","floor":29.0,"turns":5.0},{"damage":6.0,"enemies":"Centurion and Healer","floor":31.0,"turns":4.0},{"damage":65,"enemies":"Collector","floor":33,"turns":6}],"seed_played":"7854563929319484933","potions_obtained":[{"floor":2.0,"key":"Dexterity Potion"},{"floor":7.0,"key":"Weak Potion"},{"floor":16.0,"key":"Weak Potion"},{"floor":21.0,"key":"LiquidMemories"},{"floor":23.0,"key":"Weak Potion"}],"is_trial":false,"path_per_floor":["M","M","?","$","?","R","E","T","T","E","?","M","T","M","R","B",null,"M","?","?","M","$","E","R","E","T","M","R","E","R","M","R","B"],"character_chosen":"IRONCLAD","items_purchased":["Tiny Chest","Sling","Wild Strike","Clothesline","Block Potion"],"campfire_rested":1,"item_purchase_floors":[4,4,4,4,22],"current_hp_per_floor":[72,72,65,65,53,53,21,21,21,22,22,26,26,33,33,12,62,59,59,59,49,49,54,54,23,23,25,25,16,41,45,45,0,0],"gold":135,"neow_bonus":"TWO_FIFTY_GOLD","is_daily":false,"chose_seed":false,"campfire_upgraded":5,"win_rate":0.0,"timestamp":1611923450,"path_taken":["M","M","?","$","?","R","E","?","T","E","?","M","?","?","R","BOSS","M","?","?","M","$","E","R","E","T","M","R","E","R","M","R","BOSS"],"items_purchased_type":["Relic","Relic","Card","Card","Potion"],"build_version":"2020-12-18","purchased_purges":1,"victory":false,"max_hp_per_floor":[72,72,72,72,72,72,74,74,74,74,74,76,76,78,78,78,78,80,80,80,82,82,82,82,82,82,84,84,84,84,88,88,88,88],"relic_stats":{"Singing Bowl":16,"counters":[15,67],"Charon\u0027s Ashes":[276],"Bag of Preparation":[24],"Juzu Bracelet":0,"Letter Opener":[32],"War Paint":["Defend_R","Spot Weakness"],"Boot":[5],"Burning Blood":82,"Peace Pipe":0,"Centennial Puzzle":[33],"Ornamental Fan":[8],"Tiny Chest":1,"Prayer Wheel":5,"obtain_stats":[{"Potion Belt":25,"Singing Bowl":5,"Charon\u0027s Ashes":7,"Bag of Preparation":8,"Juzu Bracelet":20,"Letter Opener":17,"War Paint":26,"Sling":4,"Boot":17,"Burning Blood":0,"Peace Pipe":9,"Calling Bell":17,"Centennial Puzzle":10,"HornCleat":13,"Ornamental Fan":29,"Tiny Chest":4,"Prayer Wheel":17,"InkBottle":23},{"Potion Belt":11,"Singing Bowl":2,"Charon\u0027s Ashes":3,"Bag of Preparation":3,"Juzu Bracelet":8,"Letter Opener":7,"War Paint":11,"Sling":2,"Boot":7,"Burning Blood":0,"Peace Pipe":3,"Calling Bell":7,"Centennial Puzzle":4,"HornCleat":5,"Ornamental Fan":13,"Tiny Chest":2,"Prayer Wheel":7,"InkBottle":10},{"Potion Belt":50,"Singing Bowl":6,"Charon\u0027s Ashes":13,"Bag of Preparation":13,"Juzu Bracelet":33,"Letter Opener":30,"War Paint":50,"Sling":6,"Boot":30,"Burning Blood":0,"Peace Pipe":13,"Calling Bell":30,"Centennial Puzzle":16,"HornCleat":19,"Ornamental Fan":57,"Tiny Chest":6,"Prayer Wheel":30,"InkBottle":43}],"InkBottle":[5]},"card_choices":[{"not_picked":["Flex","Armaments"],"picked":"Pommel Strike","floor":1.0},{"not_picked":["Sword Boomerang","Ghostly Armor"],"picked":"Headbutt","floor":2.0},{"not_picked":["Blood for Blood","Headbutt","Body Slam"],"picked":"Singing Bowl","floor":7.0},{"not_picked":["Body Slam","Havoc"],"picked":"Spot Weakness","floor":10.0},{"not_picked":["Rupture","Perfected Strike","Thunderclap"],"picked":"Singing Bowl","floor":12.0},{"not_picked":["Searing Blow","Iron Wave","Brutality"],"picked":"Singing Bowl","floor":14.0},{"not_picked":["Immolate","Berserk"],"picked":"Fiend Fire","floor":16.0},{"not_picked":["Pummel","Sentinel"],"picked":"Shrug It Off","floor":18.0},{"not_picked":["Perfected Strike","Carnage","Pummel"],"picked":"Singing Bowl","floor":18.0},{"not_picked":["Clothesline","Sword Boomerang"],"picked":"Iron Wave+1","floor":21.0},{"not_picked":["Heavy Blade","Dropkick","Warcry"],"picked":"Singing Bowl","floor":21.0},{"not_picked":["Armaments","Demon Form"],"picked":"Burning Pact+1","floor":23.0},{"not_picked":["Seeing Red","Warcry"],"picked":"Shrug It Off+1","floor":25.0},{"not_picked":["Twin Strike+1","Body Slam","Searing Blow+1"],"picked":"Singing Bowl","floor":27.0},{"not_picked":["Anger+1","Juggernaut","Blood for Blood"],"picked":"SKIP","floor":27.0},{"not_picked":["Thunderclap","Corruption"],"picked":"True Grit+1","floor":29.0},{"not_picked":["Body Slam","Clothesline","Seeing Red"],"picked":"Singing Bowl","floor":31},{"not_picked":["Warcry","Evolve","Flex"],"picked":"Singing Bowl","floor":31}],"player_experience":486232,"relics_obtained":[{"floor":7.0,"key":"Charon\u0027s Ashes"},{"floor":8.0,"key":"Bag of Preparation"},{"floor":9.0,"key":"Peace Pipe"},{"floor":10.0,"key":"Centennial Puzzle"},{"floor":13.0,"key":"HornCleat"},{"floor":17.0,"key":"Boot"},{"floor":17.0,"key":"Letter Opener"},{"floor":17.0,"key":"Prayer Wheel"},{"floor":23.0,"key":"InkBottle"},{"floor":25.0,"key":"Potion Belt"},{"floor":26.0,"key":"War Paint"},{"floor":29.0,"key":"Ornamental Fan"}],"event_choices":[{"cards_removed":["Strike_R"],"damage_healed":0.0,"max_hp_gain":0.0,"max_hp_loss":0.0,"gold_gain":0.0,"event_name":"Golden Wing","player_choice":"Card Removal","floor":3.0,"gold_loss":0.0,"damage_taken":7.0},{"damage_healed":0.0,"max_hp_gain":0.0,"max_hp_loss":0.0,"gold_gain":0.0,"event_name":"Scrap Ooze","player_choice":"Success","floor":5.0,"gold_loss":0.0,"damage_taken":12.0,"relics_obtained":["Singing Bowl"]},{"damage_healed":0.0,"max_hp_gain":0.0,"max_hp_loss":0.0,"gold_gain":0.0,"event_name":"World of Goop","player_choice":"Left Gold","floor":11.0,"gold_loss":32.0,"damage_taken":0.0},{"cards_removed":["Strike_R"],"damage_healed":0.0,"max_hp_gain":0.0,"max_hp_loss":0.0,"gold_gain":0.0,"event_name":"Beggar","player_choice":"Gave Gold","floor":19.0,"gold_loss":75.0,"damage_taken":0.0},{"damage_healed":0.0,"max_hp_gain":0.0,"max_hp_loss":0.0,"gold_gain":0.0,"event_name":"The Mausoleum","player_choice":"Opened","floor":20.0,"gold_loss":0.0,"damage_taken":0.0,"relics_obtained":["Juzu Bracelet"],"cards_obtained":["Writhe"]}],"is_beta":true,"boss_relics":[{"not_picked":["SacredBark","Runic Pyramid"],"picked":"Calling Bell"}],"items_purged_floors":[22],"is_endless":false,"potions_floor_spawned":[2,7,16,21,23],"killed_by":"Collector","ascension_level":9}}