{"host":"684z1xpuwaoqmmh1","time":1611892313,"event":{"mods":["BaseMod","Downfall","Hermit","Jorbs\u0027s Wanderer Trilogy","Marisa????????","Minty Spire (QoL Compilation)","Robot Space Explorer","Shade Mod","StSLib","The Bug Knight","The Cursed","The Dragon Tamer","The Hayseed","The Hierophant","The Marked","The Mystic","The Runesmith","The Senshi"],"gold_per_floor":[119,135,150,425,445,445,71,100,100,132,150,168,195,222,234,246,246],"floor_reached":16,"language":"ENG","playtime":740,"items_purged":["Regret"],"score":180,"play_id":"56d54551-a825-42d3-bba2-92dd5f2cc986","local_time":"20210129055153","is_ascension_mode":true,"campfire_choices":[{"data":"TheSimpletonMod:SaltTheEarth","floor":6,"key":"SMITH"},{"data":"TheSimpletonMod:Sunseed","floor":15,"key":"SMITH"}],"circlet_count":0,"master_deck":["TheSimpletonMod:Strike_TheSimpleton","TheSimpletonMod:Strike_TheSimpleton","TheSimpletonMod:Strike_TheSimpleton","TheSimpletonMod:Defend_TheSimpleton","TheSimpletonMod:Defend_TheSimpleton","TheSimpletonMod:Defend_TheSimpleton","TheSimpletonMod:Defend_TheSimpleton","TheSimpletonMod:Haymaker","TheSimpletonMod:ReapAndSow","TheSimpletonMod:SaltTheEarth+1","TheSimpletonMod:SlashAndBurn","TheSimpletonMod:Pruning","TheSimpletonMod:OnionBloom","TheSimpletonMod:Sunseed+1","TheSimpletonMod:Turnips+1","TheSimpletonMod:DesperatePlunge","TheSimpletonMod:OnionBloom"],"relics":["TheSimpletonMod:SpudOfTheInnocent","TheSimpletonMod:NightSoil","TheSimpletonMod:TheHarvester","Bird Faced Urn","Frozen Egg 2","Pear","bronze:DecasWashers","MawBank"],"acts_visited":["Exordium"],"potions_floor_usage":[],"damage_taken":[{"damage":1,"enemies":"Cultist","floor":1,"turns":3},{"damage":0,"enemies":"Small Slimes","floor":2,"turns":3},{"damage":0,"enemies":"2 Louse","floor":3,"turns":2},{"damage":5,"enemies":"Exordium Wildlife","floor":5,"turns":4},{"damage":10,"enemies":"3 Sentries","floor":8,"turns":4},{"damage":16,"enemies":"Gremlin Nob","floor":10,"turns":3},{"damage":0,"enemies":"Blue Slaver","floor":11,"turns":1},{"damage":0,"enemies":"Lots of Slimes","floor":12,"turns":2},{"damage":39,"enemies":"HollowMod:MossKnight","floor":13,"turns":12},{"damage":2,"enemies":"Looter","floor":14,"turns":4},{"damage":33,"enemies":"Hexaghost","floor":16,"turns":7}],"seed_played":"-5733095850187508887","potions_obtained":[{"floor":1,"key":"champ:CounterPotion"},{"floor":8,"key":"TheSimpletonMod:KindlingPotion"},{"floor":11,"key":"LiquidBronze"},{"floor":13,"key":"LiquidMemories"}],"is_trial":false,"path_per_floor":["M","M","M","?","M","R","$","E","T","E","M","M","E","M","R","B"],"character_chosen":"THE_SIMPLETON","items_purchased":["Bird Faced Urn"],"campfire_rested":0,"item_purchase_floors":[7],"current_hp_per_floor":[71,75,75,75,74,74,74,68,78,66,66,70,41,45,45,18,18],"gold":246,"neow_bonus":"TRANSFORM_CARD","is_daily":false,"chose_seed":false,"campfire_upgraded":2,"win_rate":0.0,"timestamp":1611892313,"path_taken":["M","M","M","?","M","R","$","E","T","E","?","M","E","M","R","BOSS"],"items_purchased_type":["Relic"],"build_version":"2020-12-22","purchased_purges":1,"victory":false,"max_hp_per_floor":[75,75,75,75,75,75,75,75,85,85,85,85,85,85,85,85,85],"card_choices":[{"not_picked":["TheSimpletonMod:Thresh","TheSimpletonMod:CloseScrape"],"picked":"TheSimpletonMod:SlashAndBurn","floor":1},{"not_picked":["TheSimpletonMod:ToughenUp","TheSimpletonMod:Sunchoke","TheSimpletonMod:Ferment"],"picked":"SKIP","floor":2},{"not_picked":["TheSimpletonMod:Ferment","TheSimpletonMod:PestManagement"],"picked":"TheSimpletonMod:Pruning","floor":3},{"not_picked":["TheSimpletonMod:KeenEdge","TheSimpletonMod:DoubleBarrel"],"picked":"TheSimpletonMod:OnionBloom","floor":5},{"not_picked":["TheSimpletonMod:StockTheCellar","TheSimpletonMod:Ferment"],"picked":"TheSimpletonMod:Sunseed","floor":8},{"not_picked":["TheSimpletonMod:KeenEdge","TheSimpletonMod:ControlledBurn","TheSimpletonMod:SlashAndBurn"],"picked":"SKIP","floor":10},{"not_picked":["TheSimpletonMod:Onions+1","TheSimpletonMod:StockTheCellar"],"picked":"TheSimpletonMod:Turnips+1","floor":11},{"not_picked":["TheSimpletonMod:Polyculture","TheSimpletonMod:Ferment"],"picked":"TheSimpletonMod:DesperatePlunge","floor":12},{"not_picked":["TheSimpletonMod:CloseScrape","TheSimpletonMod:BumperCrop"],"picked":"TheSimpletonMod:OnionBloom","floor":13},{"not_picked":["TheSimpletonMod:Sunchoke","TheSimpletonMod:ToughenUp","TheSimpletonMod:VineRipen"],"picked":"SKIP","floor":14}],"player_experience":2989040,"relics_obtained":[{"floor":8,"key":"Frozen Egg 2"},{"floor":9,"key":"Pear"},{"floor":10,"key":"bronze:DecasWashers"},{"floor":13,"key":"MawBank"}],"event_choices":[{"damage_healed":0,"gold_gain":275,"player_choice":"Desecrate","damage_taken":0,"max_hp_gain":0,"max_hp_loss":0,"event_name":"Golden Shrine","floor":4,"gold_loss":0,"cards_obtained":["Regret"]}],"is_beta":false,"boss_relics":[],"items_purged_floors":[7],"is_endless":false,"potions_floor_spawned":[1,8,11,13,14],"killed_by":"Hexaghost","ascension_level":9}}