{"host":"e5u7qs1emxzejr12","time":1611945163,"event":{"mods":["100% Spire Juice","2.2 Compatiblity","Act Like it!","Arknights The Spire","BaseMod","CapriCore","Card Forge","Colored Powertips","Custom Start","GifTheSpireLib","Highlight Path","Marisa£¨ìFÓê¡¡Ä§ÀíÉ³£©","Minty Spire (QoL Compilation)","MostiFishMod","Quick Restart","Replay The Spire","StSLib","SuperFastMode","óô»ðÖ¸ÄÏ"],"gold_per_floor":[159,159,75,75,75,162,261,345,370,10,10,115,115,217,217,322,322,370,421,433,502,514,619,736,844,856,961,1003,1096,1183,1252,166,431,443,506,681,447,447,494,605,8,119,119,119,254,28,129,546,22,60,80,80,80,17,112,208],"floor_reached":57,"language":"ZHS","playtime":3192,"items_purged":[],"score":4246,"play_id":"4d758827-bc11-416f-8801-3aff2c5d57d1","local_time":"20210130023243","daily_mods":["Heirloom","Flight","DeadlyEvents","Elite Swarm","Midas"],"is_ascension_mode":true,"campfire_choices":[{"floor":10.0,"key":"REST"},{"floor":13.0,"key":"REST"},{"floor":15.0,"key":"RECALL"},{"floor":44.0,"key":"DIG"},{"data":"Moonworks:LulusLuckyEgg+1","floor":53,"key":"PURGE"}],"circlet_count":0,"master_deck":["AscendersBane","Moonworks:NicePresent+1","Moonworks:GoAway+1","Moonworks:AccelHyper+1","Moonworks:EvilSpyWorkPreparation+1","Moonworks:FinalBattle+1","Moonworks:NicePresent+1","Moonworks:AnotherUltimateWeapon+1","Moonworks:GoAway+1","Moonworks:AccelHyper+1","Moonworks:UnpaidWork+1","Moonworks:NicePresent+1","Moonworks:NicePresent+1","Moonworks:Accelerator+1","Moonworks:EvilSpyWorkPreparation+1","Moonworks:AnotherUltimateWeapon+1"],"relics":["Moonworks:BrokenBomb","Moonworks:Homemark","Hammer of Thor","Seething Fire","Anvil of the Gods","DaveBox","The Courier","Replay:Towering Pillar of Hats","SynthV:TestCard","Replay:Baseball","ReplayTheSpireMod:Lightbulb","Omamori","Lantern","Darkstone Periapt","ReplayFunnel","Bottled Tornado","Replay:Ancient Bell","MawBank","Snack Pack","Incense Burner","ReplayTheSpireMod:Shallot","Replay:Bottled Steam","Molten Egg 2","Gambling Chip","Bag of Preparation","BionicSphere","PreservedInsect","Membership Card","DianDianMeat","Ancient Tea Set","Onion Ring","Replay:Mystery Machine","Replay:Bandana","Letter Opener","Potion Belt","Anchor","Mirror","Turnip","Coffee Dripper","CatCart","Boot","Whetstone","Lizard Tail","InkBottle","TheAbacus","Nunchaku","ThornShield","Regal Pillow","Eternal Feather","Strawberry","Pen Nib","Bag of Marbles","Replay:Multitool","Ornamental Fan","Orichalcum","Smiling Mask","Strange Spoon","Quantum Egg","Dream Catcher","Replay:Bottled Snecko","Old Coin","Frozen Eye","Shuriken","Replay:Wax Seal","War Paint","Akabeko","HornCleat","Pondfish Scales","HandDrill","Pantograph"],"acts_visited":["Exordium","TheCity","TheBeyond","TheEnding"],"potions_floor_usage":[],"damage_taken":[{"damage":9.0,"enemies":"Jaw Worm","floor":1.0,"turns":4.0},{"damage":0.0,"enemies":"Cultist","floor":3.0,"turns":2.0},{"damage":11.0,"enemies":"Gremlin Nob","floor":6.0,"turns":3.0},{"damage":23.0,"enemies":"3 Sentries","floor":7.0,"turns":7.0},{"damage":4.0,"enemies":"Lagavulin","floor":8.0,"turns":5.0},{"damage":3.0,"enemies":"3 Sentries","floor":12.0,"turns":6.0},{"damage":0.0,"enemies":"Gremlin Nob","floor":14.0,"turns":3.0},{"damage":0.0,"enemies":"Hexaghost","floor":16.0,"turns":7.0},{"damage":0.0,"enemies":"Spheric Guardian","floor":18.0,"turns":3.0},{"damage":0.0,"enemies":"3 Byrds","floor":19.0,"turns":3.0},{"damage":13.0,"enemies":"Snake Plant","floor":21.0,"turns":4.0},{"damage":0.0,"enemies":"Gremlin Leader","floor":23.0,"turns":4.0},{"damage":18.0,"enemies":"Slavers","floor":24.0,"turns":5.0},{"damage":0.0,"enemies":"Book of Stabbing","floor":25.0,"turns":2.0},{"damage":19.0,"enemies":"Slavers","floor":27.0,"turns":3.0},{"damage":0.0,"enemies":"Cultist and Chosen","floor":28.0,"turns":2.0},{"damage":0.0,"enemies":"Gremlin Leader","floor":29.0,"turns":1.0},{"damage":0.0,"enemies":"Book of Stabbing","floor":30.0,"turns":2.0},{"damage":0.0,"enemies":"Snecko","floor":31.0,"turns":3.0},{"damage":8.0,"enemies":"Champ","floor":33.0,"turns":1.0},{"damage":0.0,"enemies":"3 Darklings","floor":35.0,"turns":1.0},{"damage":0.0,"enemies":"Orin","floor":36.0,"turns":3.0},{"damage":0.0,"enemies":"Orb Walker","floor":39.0,"turns":1.0},{"damage":0.0,"enemies":"R_Hoarder","floor":40.0,"turns":1.0},{"damage":0.0,"enemies":"Giant Head","floor":42.0,"turns":2.0},{"damage":0.0,"enemies":"Nemesis","floor":45.0,"turns":3.0},{"damage":0.0,"enemies":"R_Hoarder","floor":47.0,"turns":2.0},{"damage":0.0,"enemies":"Giant Head","floor":48.0,"turns":1.0},{"damage":0,"enemies":"Awakened One","floor":50,"turns":3},{"damage":0,"enemies":"Time Eater","floor":51,"turns":1},{"damage":0,"enemies":"Shield and Spear","floor":55,"turns":2},{"damage":96,"enemies":"The Heart","floor":56,"turns":5}],"seed_played":"4960688146899677989","potions_obtained":[{"floor":6.0,"key":"Block Potion"},{"floor":7.0,"key":"PowerPotion"},{"floor":12.0,"key":"Strength Potion"},{"floor":28.0,"key":"FairyPotion"},{"floor":40.0,"key":"Block Potion"},{"floor":45.0,"key":"Strength Potion"}],"is_trial":true,"path_per_floor":["M","?","M","T","?","E","E","E","T","R","T","E","R","E","R","B",null,"M","M","?","M","$","E","E","E","T","E","M","E","E","M","R","B",null,"M","?","$","?","M","E","R","E","T","R","E","R","E","E","R","B","B",null,"R","$","E","B",null],"character_chosen":"THE_STARBREAKER","items_purchased":["Membership Card","DianDianMeat","Ancient Tea Set","Onion Ring","Replay:Mystery Machine","Replay:Bandana","Letter Opener","MostiFishMod:StoryBook","Moonworks:NicePresent","Potion Belt","Anchor","Mirror","Turnip","Boot","Whetstone","Lizard Tail","TheAbacus","Nunchaku","ThornShield","Regal Pillow","Eternal Feather","Strawberry","Pen Nib","Bag of Marbles","Strange Spoon","Quantum Egg","Dream Catcher","Frozen Eye","Shuriken","Replay:Wax Seal","War Paint","Akabeko","HornCleat","Pondfish Scales","HandDrill"],"campfire_rested":2,"item_purchase_floors":[32,32,32,32,32,32,32,32,32,32,32,32,32,37,37,37,41,41,41,41,41,41,41,41,46,46,46,49,49,49,49,49,49,49,54],"current_hp_per_floor":[41,41,41,41,41,30,7,3,3,19,19,16,32,32,32,32,55,57,59,59,52,52,56,46,52,52,37,39,45,47,49,52,53,64,68,71,71,71,71,76,83,83,83,83,83,83,83,83,83,83,83,83,83,83,83,7],"gold":208,"neow_bonus":"","is_daily":false,"chose_seed":false,"campfire_upgraded":0,"win_rate":0.0,"timestamp":1611945163,"path_taken":["M","?","?","?","?","E","E","?","T","R","?","E","R","E","R","BOSS","M","M","?","M","?","E","E","E","T","E","M","E","?","?","R","BOSS","M","?","$","?","?","E","R","E","T","R","E","R","E","E","R","BOSS","BOSS","R","$","E","BOSS"],"items_purchased_type":["Relic","Relic","Relic","Relic","Relic","Relic","Relic","Card","Card","Relic","Relic","Relic","Relic","Relic","Relic","Relic","Relic","Relic","Relic","Relic","Relic","Relic","Relic","Relic","Relic","Relic","Relic","Relic","Relic","Relic","Relic","Relic","Relic","Relic","Relic"],"build_version":"2020-12-22","purchased_purges":0,"victory":true,"max_hp_per_floor":[55,55,55,55,55,55,55,55,55,55,55,55,55,55,55,55,61,61,61,61,61,61,61,61,61,61,61,61,61,61,61,64,67,67,71,71,71,71,71,76,83,83,83,83,83,83,83,83,83,83,83,83,83,83,83,83],"card_choices":[{"not_picked":["Moonworks:CastOff","Moonworks:BigMagnum"],"picked":"Moonworks:LulusLuckyEgg","floor":1.0},{"not_picked":["Moonworks:SakisCookie","Moonworks:IndiscriminateFireSupport","Moonworks:ImOnFire","Moonworks:AwakeningOfTalent"],"picked":"Moonworks:NicePresent","floor":3.0},{"not_picked":["Moonworks:Accelerator","Moonworks:LeapThroughSpace","Moonworks:Gamble","Moonworks:SubspaceTunnel"],"picked":"Moonworks:PlushieMaster","floor":6.0},{"not_picked":["Moonworks:FinalBattle","Moonworks:EvilMastermind","Moonworks:CrystalBarrier","Moonworks:PlushieMaster"],"picked":"Moonworks:MetallicMonocoque","floor":7.0},{"not_picked":["Moonworks:EvilMastermind","Moonworks:MeltingMemories","Moonworks:PlushieMaster","Moonworks:Wanted"],"picked":"Moonworks:GoAway","floor":8.0},{"not_picked":["Moonworks:ReflectiveShell","Moonworks:Gamble","Moonworks:ShieldCounter","Moonworks:Wanted"],"picked":"Moonworks:AccelHyper","floor":12.0},{"not_picked":["Moonworks:Gamble","Moonworks:Blazing","Moonworks:RocketCannon","Moonworks:WeAreWaruda"],"picked":"Moonworks:HolyNight","floor":14.0},{"not_picked":["Moonworks:CrystalBarrier","Moonworks:SinkOrSwim","Moonworks:MetallicMonocoque","Moonworks:Accelerator"],"picked":"Moonworks:FinalBattle","floor":16.0},{"not_picked":["Pain","Normality","Replay:Hysterical Blindness","CommonCold"],"picked":"Amnesia","floor":17.0},{"not_picked":["CurseOfTheBell","Replay:Hysterical Blindness","Parasite","Hallucinations"],"picked":"Replay:Sluggish","floor":17.0},{"not_picked":["CurseOfTheBell","Delirium","Looming Evil","ReplayTheSpireMod:Faulty Equipment"],"picked":"Languid","floor":17.0},{"not_picked":["Moonworks:RedAndBlue","Moonworks:DevilHand","Moonworks:ImOnFire","Moonworks:CloudOfSeagulls"],"picked":"Moonworks:LulusLuckyEgg","floor":18.0},{"not_picked":["Moonworks:Assault","Moonworks:BigMagnum","Moonworks:JonathanRush","Moonworks:CastOff"],"picked":"Moonworks:EvilSpyWorkPreparation","floor":19.0},{"not_picked":["Moonworks:JonathanRush","Moonworks:SakisCookie","Moonworks:TreasureThief","Moonworks:BigMagnum"],"picked":"Moonworks:NicePresent","floor":21.0},{"not_picked":["Moonworks:LeapThroughSpace","Moonworks:EvilMastermind","Moonworks:StarBlastingFuse","Moonworks:Encore","Moonworks:SinkOrSwim"],"picked":"SKIP","floor":23.0},{"not_picked":["Moonworks:FinalBattle","Moonworks:HolyNight","Moonworks:OutOfAmmo","Moonworks:EvilMastermind"],"picked":"Moonworks:AnotherUltimateWeapon","floor":24.0},{"not_picked":["Moonworks:StarBlastingFuse","Moonworks:FinalBattle","Moonworks:Gamble+1","Moonworks:PlushieMaster"],"picked":"Moonworks:GoAway","floor":25.0},{"not_picked":["Moonworks:WeAreWaruda","Moonworks:OutOfAmmo","Moonworks:FinalBattle","Moonworks:PlushieMaster"],"picked":"Moonworks:AccelHyper","floor":27.0},{"not_picked":["Moonworks:AngelHand","Moonworks:ImOnFire","Moonworks:Assault+1","Moonworks:BigMagnum"],"picked":"Moonworks:UnpaidWork","floor":28.0},{"not_picked":["Moonworks:MeltingMemories","Moonworks:LeapThroughSpace","Moonworks:WeAreWaruda","Moonworks:Wanted","Moonworks:Encore"],"picked":"SKIP","floor":29.0},{"not_picked":["Moonworks:FinalBattle","Moonworks:ShieldCounter","Moonworks:StarBlastingFuse","Moonworks:Blazing","Moonworks:OutOfAmmo"],"picked":"SKIP","floor":30.0},{"not_picked":["Moonworks:DeployBits","Moonworks:LulusLuckyEgg","Moonworks:IndiscriminateFireSupport+1","Moonworks:AwakeningOfTalent+1"],"picked":"Moonworks:NicePresent","floor":31.0},{"not_picked":["Moonworks:WeAreWaruda","Moonworks:LeapThroughSpace","Moonworks:RocketCannon+1","Moonworks:AnotherUltimateWeapon"],"picked":"Moonworks:Accelerator","floor":33.0},{"not_picked":["Moonworks:LuckyCharm","Moonworks:ImOnFire","Moonworks:FinalSurgery+1","Moonworks:Bloodlust"],"picked":"Moonworks:EvilSpyWorkPreparation","floor":35.0},{"not_picked":["Moonworks:SakisCookie","Moonworks:DeployBits","Moonworks:EvilSpyWorkPreparation+1","Moonworks:JonathanRush+1","Moonworks:Assault+1"],"picked":"SKIP","floor":39.0},{"not_picked":["Moonworks:ReflectiveShell","Moonworks:LeapThroughSpace","Moonworks:ShieldCounter","Moonworks:GoAway"],"picked":"Moonworks:AnotherUltimateWeapon","floor":40.0},{"not_picked":["Moonworks:WeAreWaruda","Moonworks:HolyNight","Moonworks:Wanted","Moonworks:StarBlastingFuse","Moonworks:ReflectiveShell"],"picked":"SKIP","floor":42.0},{"not_picked":["Moonworks:Gamble+1","Moonworks:FinalBattle","Moonworks:PlushieMaster","Moonworks:OutOfAmmo","Moonworks:AccelHyper"],"picked":"SKIP","floor":45.0},{"not_picked":["Moonworks:AnotherUltimateWeapon","Moonworks:StarBlastingFuse","Moonworks:MeltingMemories","Moonworks:GoAway","Moonworks:ShieldCounter"],"picked":"SKIP","floor":47.0},{"not_picked":["Moonworks:CrystalBarrier","Moonworks:AccelHyper","Moonworks:StarBlastingFuse","Moonworks:WeAreWaruda","Moonworks:Gamble+1"],"picked":"SKIP","floor":48.0},{"not_picked":["Moonworks:AccelHyper","Moonworks:ReflectiveShell","Moonworks:MeltingMemories","Moonworks:FinalBattle","Moonworks:StarBlastingFuse"],"picked":"SKIP","floor":55}],"player_experience":61150,"relics_obtained":[{"floor":1.0,"key":"SynthV:TestCard"},{"floor":6.0,"key":"Replay:Baseball"},{"floor":7.0,"key":"ReplayTheSpireMod:Lightbulb"},{"floor":8.0,"key":"Omamori"},{"floor":9.0,"key":"Lantern"},{"floor":11.0,"key":"Darkstone Periapt"},{"floor":12.0,"key":"ReplayFunnel"},{"floor":14.0,"key":"Bottled Tornado"},{"floor":23.0,"key":"ReplayTheSpireMod:Shallot"},{"floor":24.0,"key":"Replay:Bottled Steam"},{"floor":25.0,"key":"Molten Egg 2"},{"floor":26.0,"key":"Gambling Chip"},{"floor":27.0,"key":"Bag of Preparation"},{"floor":29.0,"key":"BionicSphere"},{"floor":30.0,"key":"PreservedInsect"},{"floor":36.0,"key":"CatCart"},{"floor":40.0,"key":"InkBottle"},{"floor":42.0,"key":"Replay:Multitool"},{"floor":43.0,"key":"Ornamental Fan"},{"floor":44.0,"key":"Orichalcum"},{"floor":45.0,"key":"Smiling Mask"},{"floor":47.0,"key":"Replay:Bottled Snecko"},{"floor":48.0,"key":"Old Coin"},{"floor":55,"key":"Pantograph"}],"event_choices":[{"cards_removed":["Moonworks:Defend"],"damage_healed":0.0,"max_hp_gain":0.0,"max_hp_loss":0.0,"gold_gain":0.0,"event_name":"Bonfire Elementals","player_choice":"Offered Basic","floor":2.0,"gold_loss":0.0,"damage_taken":0.0},{"damage_healed":0.0,"max_hp_gain":0.0,"max_hp_loss":0.0,"gold_gain":0.0,"event_name":"Golden Wing","player_choice":"Ignored","floor":5.0,"gold_loss":0.0,"damage_taken":0.0},{"damage_healed":0.0,"max_hp_gain":0.0,"max_hp_loss":0.0,"gold_gain":0.0,"cards_transformed":["Moonworks:Defend","Moonworks:Strike"],"event_name":"Drug Dealer","player_choice":"Became Test Subject","floor":20.0,"gold_loss":0.0,"damage_taken":0.0,"cards_obtained":["Moonworks:FinalBattle","Moonworks:RedAndBlue"]},{"damage_healed":0.0,"max_hp_gain":0.0,"max_hp_loss":0.0,"gold_gain":0.0,"event_name":"OrinTheCat","player_choice":"Fight","floor":36.0,"gold_loss":0.0,"damage_taken":0.0},{"cards_removed":["Moonworks:Strike"],"damage_healed":0.0,"max_hp_gain":0.0,"max_hp_loss":0.0,"gold_gain":0.0,"event_name":"Falling","player_choice":"Removed Attack","floor":38.0,"gold_loss":0.0,"damage_taken":0.0}],"is_beta":false,"boss_relics":[{"not_picked":["ExusiaiGun","ChewingGum"],"picked":"Replay:Ancient Bell"},{"not_picked":["Replay:Rubber Ducky","Blood Vial"],"picked":"MawBank"},{"not_picked":["Gremlin Horn","Meat on the Bone"],"picked":"Snack Pack"},{"not_picked":["Dead Branch","DaCapo"],"picked":"Incense Burner"},{"not_picked":["Replay:Bronze Core","xbg"],"picked":"Coffee Dripper"}],"items_purged_floors":[],"is_endless":false,"potions_floor_spawned":[6,7,12,14,18,23,25,27,28,29,30,40,45,47,55],"ascension_level":20}}