{"host":"farxtl2u8hmkbdo2","time":1611933038,"event":{"mods":["A Magickal Journey","BaseMod","Better Altar","Better Note","Better Sensory Stone","Better Skull","Better Third Choice","Challenge The Spire","Colored Map","Colored Powertips","Current Relic Mod","Energized Spire","Fox Events","Gremlin Mod","Hermit","Hubris","Mimic Mod","Minty Spire (QoL Compilation)","Quick Restart","READ ME - Guardian Mod","READ ME - Snecko Mod","Rare Cards Sparkle","StSLib","The Bladedancer","The Bug Knight","The Cursed","The Disciple","The Hierophant","The Marked","The Necromancer","The Runesmith","Transform Curses"],"gold_per_floor":[109,59,59,74,90,90,113,130,198,222,200,306,271,281,281,342,342,431,544,642,667,775,775,874,874,874,978,978,978,1126,1207,1207,1298,1298,1403,1403,770,872,148,262,262,252,252],"floor_reached":42,"language":"SPA","playtime":2750,"items_purged":["hierophant:Defend_Hierophant","hierophant:Strike_Hierophant"],"score":528,"play_id":"aa1fe825-6e94-418f-92ed-ca2468bb4538","local_time":"20210129121038","is_ascension_mode":false,"campfire_choices":[{"data":"hierophant:ChurchCoffers","floor":6,"key":"SMITH"},{"data":"hierophant:Doomsaying","floor":15,"key":"SMITH"},{"data":"hierophant:Dazzle","floor":23,"key":"SMITH"},{"data":"hierophant:Punish","floor":29,"key":"SMITH"},{"data":"hierophant:Kindle","floor":32,"key":"SMITH"},{"data":"Discovery","floor":41,"key":"SMITH"}],"circlet_count":0,"master_deck":["hierophant:DivineIntervention+1","hierophant:Punish+1","hierophant:Defend_Hierophant","hierophant:ChurchCoffers+1","hierophant:SolarFlare","hierophant:Flagellation+1","hierophant:Patience","hierophant:RepressedViolence","hierophant:Encroach+1","hierophant:Embezzle","hierophant:Doubloon+1","hierophant:ConvertCurrency+1","hierophant:Doomsaying+1","hierophant:OrnateJavelin","hierophant:Kindle+1","hierophant:Doubloon","hierophant:BulkyChest+1","hierophant:Generosity+1","hierophant:Encroach+1","hierophant:TollTheBells","hierophant:Doubloon","hierophant:Refuge+1","hierophant:SealAway","hierophant:Doubloon","hierophant:Dazzle+1","hierophant:Doubloon","hierophant:Refuge","hierophant:Community+1","hierophant:DisplayOfPower","hierophant:Batter","hierophant:Determination+1","CurseOfTheBell","hierophant:Endure+1","hierophant:ChurchCoffers+1","Panache+1","hierophant:Charity+1","hierophant:Doubloon+1","hierophant:RustyCrate","hierophant:Doubloon","hierophant:Doubloon","hierophant:HolyVerse","hierophant:Community+1","Discovery+1","hierophant:Determination+1"],"relics":["hierophant:PropheticMaskRelic","hubris:Towel","Bronze Scales","Meat on the Bone","War Paint","hubris:OldNail","Bag of Preparation","Astrolabe","Nunchaku","Letter Opener","Nloth\u0027s Gift","Frozen Egg 2","Toy Ornithopter","Calling Bell","Orichalcum","Runesmith:Nanobots","StoneCalendar","Lantern","PreservedInsect","Ornamental Fan","Juzu Bracelet"],"acts_visited":["Exordium","TheCity","TheBeyond"],"potions_floor_usage":[13,16,20,24,30,33,33,33,40,42],"damage_taken":[{"damage":1,"enemies":"Jaw Worm","floor":1,"turns":2},{"damage":0,"enemies":"2 Louse","floor":4,"turns":1},{"damage":0,"enemies":"Small Slimes","floor":5,"turns":2},{"damage":0,"enemies":"Gremlin Gang","floor":8,"turns":3},{"damage":4,"enemies":"3 Sentries","floor":10,"turns":2},{"damage":0,"enemies":"Red Slaver","floor":11,"turns":2},{"damage":0,"enemies":"Lagavulin","floor":13,"turns":3},{"damage":0,"enemies":"Looter","floor":14,"turns":2},{"damage":16,"enemies":"Slime Boss","floor":16,"turns":5},{"damage":2,"enemies":"Shell Parasite","floor":18,"turns":3},{"damage":0,"enemies":"Chosen","floor":19,"turns":2},{"damage":20,"enemies":"Snecko","floor":20,"turns":6},{"damage":0,"enemies":"Snake Plant","floor":22,"turns":2},{"damage":0,"enemies":"Gremlin Leader","floor":24,"turns":7},{"damage":1,"enemies":"Cultist and Chosen","floor":27,"turns":4},{"damage":10,"enemies":"Slavers","floor":30,"turns":1},{"damage":0,"enemies":"Centurion and Healer","floor":31,"turns":1},{"damage":46,"enemies":"hubris:MusketHawk","floor":33,"turns":9},{"damage":5,"enemies":"Orb Walker","floor":35,"turns":2},{"damage":20,"enemies":"3 Darklings","floor":38,"turns":4},{"damage":41,"enemies":"Reptomancer","floor":40,"turns":4},{"damage":78,"enemies":"Transient","floor":42,"turns":5}],"seed_played":"-488788337254105309","potions_obtained":[{"floor":1,"key":"SpeedPotion"},{"floor":4,"key":"Block Potion"},{"floor":10,"key":"BlessingOfTheForge"},{"floor":14,"key":"PowerPotion"},{"floor":16,"key":"SteroidPotion"},{"floor":18,"key":"Strength Potion"},{"floor":22,"key":"Strength Potion"},{"floor":27,"key":"AttackPotion"},{"floor":31,"key":"DuplicationPotion"},{"floor":38,"key":"DuplicationPotion"},{"floor":40,"key":"FearPotion"}],"is_trial":false,"path_per_floor":["M","?","?","M","M","R","T","M","T","E","M","?","E","M","R","B",null,"M","M","M","T","M","R","E","?","T","M","?","R","E","M","R","B",null,"M","?","$","M","$","E","R","M"],"character_chosen":"HIEROPHANT","items_purchased":["Panache+1","hierophant:Charity+1","Lantern","DuplicationPotion","Regen Potion","hierophant:RustyCrate","PreservedInsect","hierophant:HolyVerse","Ornamental Fan","hierophant:Community+1","Discovery"],"campfire_rested":0,"item_purchase_floors":[37,37,37,37,37,37,39,39,39,39,39],"current_hp_per_floor":[74,74,74,74,74,74,74,74,74,70,70,16,28,40,40,36,75,73,73,53,53,53,53,53,53,53,52,52,52,42,42,42,23,75,75,75,75,75,75,67,67,0,0],"gold":252,"neow_bonus":"TRANSFORM_CARD","is_daily":false,"chose_seed":false,"campfire_upgraded":6,"win_rate":0.0,"timestamp":1611933038,"path_taken":["M","?","?","M","M","R","?","M","T","E","M","?","E","M","R","BOSS","M","?","M","?","M","R","E","?","T","M","?","R","E","M","R","BOSS","M","?","$","?","$","E","R","M"],"items_purchased_type":["Card","Card","Relic","Potion","Potion","Card","Relic","Card","Relic","Card","Card"],"build_version":"2020-12-22","purchased_purges":2,"victory":false,"max_hp_per_floor":[75,75,75,75,75,75,75,75,75,75,75,75,75,75,75,75,75,75,75,75,75,75,75,75,75,75,75,75,75,75,75,75,75,75,75,75,75,75,75,75,75,75,75],"card_choices":[{"not_picked":["hierophant:Sermon","hierophant:FieryStrike"],"picked":"hierophant:Flagellation","floor":1},{"not_picked":["hierophant:Exaltation","hierophant:Zeal"],"picked":"hierophant:Patience","floor":4},{"not_picked":["hierophant:FlamingChariot","hierophant:Purify"],"picked":"hierophant:RepressedViolence","floor":5},{"not_picked":["hierophant:AuricBeam","hierophant:SecretStash"],"picked":"hierophant:Encroach","floor":8},{"not_picked":["hierophant:Zeal","hierophant:Patience"],"picked":"hierophant:Embezzle","floor":10},{"not_picked":["hierophant:Rebuild","hierophant:Remorse"],"picked":"hierophant:ConvertCurrency","floor":11},{"not_picked":["hierophant:OrnateBuckler","hierophant:AuricBeam"],"picked":"hierophant:Doomsaying","floor":13},{"not_picked":["hierophant:Encroach","hierophant:FieryStrike"],"picked":"hierophant:OrnateJavelin","floor":14},{"not_picked":["hierophant:Generosity","hierophant:MintersHammer"],"picked":"hierophant:Kindle","floor":16},{"not_picked":["hierophant:Flagellation","hierophant:Shelter"],"picked":"hierophant:TollTheBells","floor":18},{"not_picked":["hierophant:Mercenaries+1","hierophant:Alms+1"],"picked":"hierophant:Refuge+1","floor":19},{"not_picked":["hierophant:Community","hierophant:Shelter"],"picked":"hierophant:SealAway","floor":20},{"not_picked":["hierophant:CursedGold+1","hierophant:Shelter"],"picked":"hierophant:Dazzle","floor":22},{"not_picked":["hierophant:MirrorShield","hierophant:Shelter"],"picked":"hierophant:Refuge","floor":24},{"not_picked":["hierophant:ThreeLashes+1","hierophant:Encroach"],"picked":"hierophant:Community+1","floor":27},{"not_picked":["hierophant:AuricShield","hierophant:SolarFlare"],"picked":"hierophant:DisplayOfPower","floor":30},{"not_picked":["hierophant:Purify","hierophant:SealAway"],"picked":"hierophant:Batter","floor":31},{"not_picked":["hierophant:DivineIntervention","hierophant:WrathOfGod"],"picked":"hierophant:Determination+1","floor":33},{"not_picked":["hierophant:PassingBell","hierophant:MirrorShield"],"picked":"hierophant:Endure+1","floor":35},{"not_picked":["hierophant:MorningPrayer+1","hierophant:ArchangelShield+1","hierophant:Prophecy"],"picked":"SKIP","floor":38},{"not_picked":["hierophant:Martyrdom+1","hierophant:Invocation"],"picked":"hierophant:Determination+1","floor":40}],"player_experience":1949675,"relics_obtained":[{"floor":7,"key":"Bronze Scales"},{"floor":9,"key":"Meat on the Bone"},{"floor":10,"key":"Anchor"},{"floor":13,"key":"Bag of Preparation"},{"floor":21,"key":"Nunchaku"},{"floor":24,"key":"Letter Opener"},{"floor":26,"key":"Frozen Egg 2"},{"floor":30,"key":"Toy Ornithopter"},{"floor":34,"key":"Orichalcum"},{"floor":34,"key":"Runesmith:Nanobots"},{"floor":34,"key":"StoneCalendar"},{"floor":40,"key":"Juzu Bracelet"}],"event_choices":[{"cards_removed":["hierophant:Strike_Hierophant"],"damage_healed":0,"gold_gain":0,"player_choice":"Card Removal","damage_taken":0,"max_hp_gain":0,"max_hp_loss":0,"event_name":"The Cleric","floor":2,"gold_loss":50},{"damage_healed":0,"gold_gain":106,"player_choice":"GO RE RE UP ","damage_taken":61,"relics_obtained":["War Paint","hubris:OldNail"],"max_hp_gain":0,"max_hp_loss":0,"event_name":"betterSkull:BetterSkull","floor":12,"gold_loss":0,"cards_upgraded":["hierophant:Flagellation"]},{"damage_healed":0,"gold_gain":0,"player_choice":"Traded Relic","damage_taken":0,"relics_obtained":["Nloth\u0027s Gift"],"max_hp_gain":0,"max_hp_loss":0,"event_name":"N\u0027loth","floor":25,"relics_lost":["Anchor"],"gold_loss":0},{"cards_removed":["hierophant:DivineIntervention"],"damage_healed":0,"gold_gain":0,"player_choice":"Give","damage_taken":0,"max_hp_gain":0,"max_hp_loss":0,"event_name":"betterNote:BetterNote","floor":28,"gold_loss":0,"cards_obtained":["None"]},{"damage_healed":0,"gold_gain":0,"player_choice":"Copied","damage_taken":0,"max_hp_gain":0,"max_hp_loss":0,"event_name":"Duplicator","floor":36,"gold_loss":0,"cards_obtained":["hierophant:ChurchCoffers"]}],"is_beta":false,"boss_relics":[{"not_picked":["Runic Dome","Sozu"],"picked":"Astrolabe"},{"not_picked":["hubris:ScarierMask","Empty Cage"],"picked":"Calling Bell"}],"items_purged_floors":[37,39],"is_endless":false,"potions_floor_spawned":[1,4,10,14,16,18,22,27,31,38,40],"killed_by":"Transient","ascension_level":0}}