{"host":"c1oza4x7xlyuasvd","time":1611907533,"event":{"mods":["ATMod(°¢èªMod)","BaseMod","Better Vampires","Colored Powertips","Minty Spire (QoL Compilation)","MostiFishMod","StSLib","TestMod","Waifu the Spire","¡¾ÒÅÎï¿¨ÅÆ¡¿REMEMod"],"gold_per_floor":[113,113,113,126,136,161,161,194,194,219,219,234,234,184,184,909,909,925,950,860,959,1359,1390,1390,1431,1507,1531,1550,1550,1550,1550],"floor_reached":30,"language":"ZHS","playtime":903,"items_purged":["Strike_B"],"score":460,"play_id":"2fde5f22-5762-4bb0-841b-01da66fb93a9","local_time":"20210129160533","is_ascension_mode":true,"campfire_choices":[{"data":"Zap","floor":7.0,"key":"SMITH"},{"data":"Dualcast","floor":11.0,"key":"SMITH"},{"data":"AT_FamilyPortrait","floor":15.0,"key":"SMITH"},{"data":"AT_WarpDrive","floor":24.0,"key":"SMITH"},{"data":"MostiFishMod:LinkProtocol","floor":29.0,"key":"SMITH"}],"circlet_count":0,"master_deck":["Strike_B","Strike_B","Defend_B","Defend_B","Defend_B","Defend_B","Zap+1","Dualcast+1","AT_FamilyPortrait+1","Setup","MostiFishMod:LinkProtocol+1","White Noise","Machine Learning","Streamline","AT_EMC2","FTL+1","Biased Cognition","AT_WarpDrive+1","MostiFishMod:GatherIntelligence+1","Defragment","AT_StudyProgram","Reboot","Cold Snap+1"],"relics":["Cracked Core","AT_ATBox","DaveBox","REME_ComplimentaryCards","testmod-Brilliant","DianPoetry","NeowsBlessing","SynthV:TestCard","Molten Egg 2","The Courier","Sundial","Golden Idol","testmod-TimeTraveler","testmod-BalancedPeriapt","testmod-CyclicPeriapt"],"acts_visited":["Exordium","TheCity"],"potions_floor_usage":[30,30],"damage_taken":[{"damage":0.0,"enemies":"Jaw Worm","floor":1.0,"turns":1.0},{"damage":0.0,"enemies":"Cultist","floor":4.0,"turns":1.0},{"damage":0.0,"enemies":"2 Louse","floor":5.0,"turns":1.0},{"damage":25.0,"enemies":"3 Sentries","floor":6.0,"turns":4.0},{"damage":26.0,"enemies":"Gremlin Nob","floor":8.0,"turns":4.0},{"damage":30.0,"enemies":"Lagavulin","floor":10.0,"turns":4.0},{"damage":10.0,"enemies":"Looter","floor":12.0,"turns":3.0},{"damage":7.0,"enemies":"Hexaghost","floor":16.0,"turns":4.0},{"damage":20.0,"enemies":"Shell Parasite","floor":18.0,"turns":3.0},{"damage":12.0,"enemies":"Chosen","floor":19.0,"turns":3.0},{"damage":12.0,"enemies":"REME_1_Revenger","floor":23.0,"turns":3.0},{"damage":0.0,"enemies":"Slavers","floor":25.0,"turns":1.0},{"damage":0.0,"enemies":"Snecko","floor":27.0,"turns":3.0},{"damage":0.0,"enemies":"3 Cultists","floor":28.0,"turns":1.0},{"damage":18,"enemies":"REME_1_Revenger","floor":30,"turns":4}],"seed_played":"-3772395440206569014","potions_obtained":[{"floor":1.0,"key":"FairyPotion"},{"floor":4.0,"key":"testmod-TestPotion"},{"floor":16.0,"key":"Fire Potion"},{"floor":18.0,"key":"Block Potion"},{"floor":19.0,"key":"PowerPotion"},{"floor":28.0,"key":"LiquidMemories"}],"is_trial":false,"path_per_floor":["M","?","?","M","M","E","R","E","T","E","R","M","?","?","R","B",null,"M","M","$","?","?","E","R","E","T","M","M","R","E"],"character_chosen":"DEFECT","items_purchased":["Defragment"],"campfire_rested":0,"item_purchase_floors":[20],"current_hp_per_floor":[68,73,73,73,73,48,48,22,22,24,24,14,14,14,14,7,57,37,25,25,25,25,13,13,13,13,13,13,13,0,0],"gold":1550,"neow_bonus":"THREE_ENEMY_KILL","is_daily":false,"chose_seed":false,"campfire_upgraded":5,"win_rate":0.0,"timestamp":1611907533,"path_taken":["M","?","?","?","?","E","R","E","T","E","R","M","?","?","R","BOSS","M","M","$","?","?","E","R","E","T","M","M","R","E"],"items_purchased_type":["Card"],"build_version":"2020-12-22","purchased_purges":1,"victory":false,"max_hp_per_floor":[75,80,80,80,80,80,80,80,80,80,80,80,74,74,74,74,74,74,74,74,74,74,74,74,74,74,74,74,74,74,74],"card_choices":[{"not_picked":["Rebound","Leap"],"picked":"MostiFishMod:LinkProtocol","floor":1.0},{"not_picked":["Gash","Sweeping Beam","Steam","Reprogram","Hello World"],"picked":"SKIP","floor":4.0},{"not_picked":["Barrage","Sweeping Beam","Chaos","Go for the Eyes"],"picked":"Streamline","floor":5.0},{"not_picked":["MostiFishMod:PushDownKick+1","Beam Cell+1","Streamline+1","Leap","MostiFishMod:ReprogramOld"],"picked":"SKIP","floor":6.0},{"not_picked":["Steam Power","Reprogram","Auto Shields","AT_HeatAcrobatics"],"picked":"AT_EMC2","floor":8.0},{"not_picked":["Core Surge+1","Beam Cell+1","Reprogram","Barrage+1"],"picked":"FTL+1","floor":10.0},{"not_picked":["Conserve Battery","Tempest","Rebound+1","Streamline+1","Rip and Tear+1"],"picked":"SKIP","floor":12.0},{"not_picked":["Buffer","Seek","MostiFishMod:Hijack","MostiFishMod:IntelligentEquipment"],"picked":"Biased Cognition","floor":16.0},{"not_picked":["Hologram+1","Rebound+1","MostiFishMod:FluxCapactior","Reinforced Body"],"picked":"AT_WarpDrive","floor":18.0},{"not_picked":["Heatsinks","Coolheaded+1","Tempest","Sunder+1"],"picked":"MostiFishMod:GatherIntelligence+1","floor":19.0},{"not_picked":["AT_WarpDrive","Leap+1","Turbo","Coolheaded"],"picked":"AT_StudyProgram","floor":23.0},{"not_picked":["Barrage+1","Static Discharge+1","Turbo","AT_EMC2"],"picked":"Reboot","floor":25.0},{"not_picked":["Streamline+1","Beam Cell+1","Double Energy+1","Rebound+1","Steam Power"],"picked":"SKIP","floor":27.0},{"not_picked":["White Noise","Streamline+1","Chaos+1","Undo"],"picked":"Cold Snap+1","floor":28.0}],"player_experience":207927,"relics_obtained":[{"floor":1.0,"key":"SynthV:TestCard"},{"floor":6.0,"key":"Molten Egg 2"},{"floor":8.0,"key":"The Courier"},{"floor":10.0,"key":"Sundial"},{"floor":23.0,"key":"testmod-BalancedPeriapt"},{"floor":25.0,"key":"testmod-CyclicPeriapt"}],"event_choices":[{"damage_healed":0.0,"max_hp_gain":5.0,"max_hp_loss":0.0,"gold_gain":0.0,"event_name":"Big Fish","player_choice":"Donut","floor":2.0,"gold_loss":0.0,"damage_taken":0.0},{"damage_healed":0.0,"max_hp_gain":0.0,"max_hp_loss":0.0,"gold_gain":0.0,"event_name":"Match and Keep!","player_choice":"2 cards matched","floor":3.0,"gold_loss":0.0,"damage_taken":0.0,"cards_obtained":["White Noise","Machine Learning"]},{"damage_healed":0.0,"max_hp_gain":0.0,"max_hp_loss":6.0,"gold_gain":0.0,"event_name":"Golden Idol","player_choice":"Lose Max HP","floor":13.0,"gold_loss":0.0,"damage_taken":0.0,"relics_obtained":["Golden Idol"]},{"cards_removed":["Strike_B"],"damage_healed":0.0,"max_hp_gain":0.0,"max_hp_loss":0.0,"gold_gain":0.0,"event_name":"The Cleric","player_choice":"Card Removal","floor":14.0,"gold_loss":50.0,"damage_taken":0.0},{"damage_healed":0.0,"max_hp_gain":0.0,"max_hp_loss":0.0,"gold_gain":99.0,"event_name":"Nest","player_choice":"Stole From Cult","floor":21.0,"gold_loss":0.0,"damage_taken":0.0},{"damage_healed":0.0,"max_hp_gain":0.0,"max_hp_loss":0.0,"gold_gain":400.0,"event_name":"¶÷ÂåË¹µÄÅÌ×Ó","player_choice":"Sell","floor":22.0,"relics_lost":["testmod-TestBox"],"gold_loss":0.0,"damage_taken":0.0}],"is_beta":false,"boss_relics":[{"not_picked":["xbg","REME_ChargedStone"],"picked":"testmod-TimeTraveler"}],"items_purged_floors":[20],"is_endless":false,"potions_floor_spawned":[1,4,16,18,19,28],"killed_by":"REME_1_Revenger","ascension_level":8}}