{"host":"rzjc4nrqz5d54r3r","time":1611918735,"event":{"mods":["BaseMod","Colored Map","Keyboard Shortcuts","Minty Spire (QoL Compilation)","Quick Restart","StSLib","SuperFastMode","everything is the same but u backflip on backflip"],"gold_per_floor":[117,117,117,117,117,155,155,190,215,248,248,287,320,358,358,451,451,466,466,466,484,249,290,363,401,401,401,435,435,478,511,511,610,610,629,266,266,282,306,347,347,372,372,413,448,492,535,570,570,570,570,570],"floor_reached":51,"language":"KOR","playtime":1929,"items_purged":["CutThroughFate","BowlingBash"],"score":2683,"play_id":"77f3c6ac-0576-4d2e-881a-7bf23fc3b814","local_time":"20210129201215","daily_mods":["SealedDeck","Heirloom","Flight"],"is_ascension_mode":true,"campfire_choices":[{"floor":7.0,"key":"REST"},{"data":"Consecrate","floor":11.0,"key":"SMITH"},{"data":"WheelKick","floor":15.0,"key":"SMITH"},{"data":"Omniscience","floor":27.0,"key":"SMITH"},{"data":"Prostrate","floor":32.0,"key":"SMITH"},{"floor":41,"key":"REST"},{"data":"Vengeance","floor":49,"key":"SMITH"}],"circlet_count":0,"master_deck":["AscendersBane","CutThroughFate+1","Vengeance+1","ForeignInfluence+1","BowlingBash+1","Prostrate+1","FollowUp+1","EmptyFist+1","WheelKick+1","Consecrate+1","FearNoEvil+1","Halt","MentalFortress+1","Omniscience+1","Adaptation+1","EmptyMind+1","Adaptation+1","Establishment+1","DevaForm+1","LessonLearned+1","Ragnarok+1"],"relics":["HolyWater","Bird Faced Urn","Golden Idol","Mummified Hand","Dead Branch","Akabeko","Potion Belt","Omamori","Mango","Frozen Egg 2","White Beast Statue","SlaversCollar","ClockworkSouvenir","Damaru","Happy Flower","Molten Egg 2","StrikeDummy","Mercury Hourglass","Regal Pillow","Question Card","Bottled Lightning","Lantern","Orichalcum","CloakClasp","Calipers","Strawberry","Ornamental Fan"],"acts_visited":["Exordium","TheCity","TheBeyond"],"potions_floor_usage":[40,40,42,50,50,50,50,50,50],"damage_taken":[{"damage":0.0,"enemies":"Small Slimes","floor":1.0,"turns":2.0},{"damage":22.0,"enemies":"3 Sentries","floor":6.0,"turns":4.0},{"damage":0.0,"enemies":"Gremlin Nob","floor":8.0,"turns":2.0},{"damage":0.0,"enemies":"Lagavulin","floor":10.0,"turns":3.0},{"damage":0.0,"enemies":"Gremlin Nob","floor":12.0,"turns":2.0},{"damage":2.0,"enemies":"3 Sentries","floor":13.0,"turns":3.0},{"damage":0.0,"enemies":"Gremlin Nob","floor":14.0,"turns":2.0},{"damage":41.0,"enemies":"The Guardian","floor":16.0,"turns":7.0},{"damage":8.0,"enemies":"Spheric Guardian","floor":18.0,"turns":3.0},{"damage":6.0,"enemies":"3 Byrds","floor":21.0,"turns":3.0},{"damage":0.0,"enemies":"Gremlin Leader","floor":23.0,"turns":3.0},{"damage":0.0,"enemies":"Slavers","floor":24.0,"turns":4.0},{"damage":0.0,"enemies":"Gremlin Leader","floor":25.0,"turns":3.0},{"damage":11.0,"enemies":"Book of Stabbing","floor":28.0,"turns":2.0},{"damage":0.0,"enemies":"Slavers","floor":30.0,"turns":2.0},{"damage":0.0,"enemies":"Gremlin Leader","floor":31.0,"turns":3.0},{"damage":22.0,"enemies":"Collector","floor":33.0,"turns":4.0},{"damage":23.0,"enemies":"3 Shapes","floor":35.0,"turns":2.0},{"damage":0.0,"enemies":"Orb Walker","floor":38.0,"turns":1.0},{"damage":4.0,"enemies":"Sphere and 2 Shapes","floor":39.0,"turns":3.0},{"damage":37,"enemies":"Nemesis","floor":40,"turns":3},{"damage":0,"enemies":"3 Darklings","floor":42,"turns":2},{"damage":9,"enemies":"Reptomancer","floor":44,"turns":3},{"damage":0,"enemies":"Nemesis","floor":45,"turns":3},{"damage":0,"enemies":"Giant Head","floor":46,"turns":4},{"damage":2,"enemies":"Nemesis","floor":47,"turns":4},{"damage":3,"enemies":"Giant Head","floor":48,"turns":3},{"damage":0,"enemies":"Donu and Deca","floor":50,"turns":3},{"damage":108,"enemies":"Awakened One","floor":51,"turns":3}],"seed_played":"7880746914842520668","potions_obtained":[{"floor":1.0,"key":"PowerPotion"},{"floor":8.0,"key":"AttackPotion"},{"floor":12.0,"key":"Ambrosia"},{"floor":16.0,"key":"Energy Potion"},{"floor":18.0,"key":"Weak Potion"},{"floor":21.0,"key":"EssenceOfSteel"},{"floor":24.0,"key":"DistilledChaos"},{"floor":28.0,"key":"DistilledChaos"},{"floor":30.0,"key":"BottledMiracle"},{"floor":31.0,"key":"Fire Potion"},{"floor":33.0,"key":"PowerPotion"},{"floor":35.0,"key":"SkillPotion"},{"floor":37.0,"key":"SkillPotion"},{"floor":40,"key":"SmokeBomb"},{"floor":42,"key":"Weak Potion"},{"floor":44,"key":"Explosive Potion"},{"floor":46,"key":"EntropicBrew"},{"floor":47,"key":"Ambrosia"}],"is_trial":true,"path_per_floor":["M","?","?","?","?","E","R","E","T","E","R","E","E","E","R","B",null,"M","?","?","M","$","E","E","E","T","R","E","?","E","E","R","B",null,"M","$","?","M","M","E","R","M","T","E","E","E","E","E","R","B","B"],"character_chosen":"WATCHER","items_purchased":["ClockworkSouvenir","Question Card"],"campfire_rested":2,"item_purchase_floors":[22,36],"current_hp_per_floor":[61,61,61,35,35,13,31,31,31,31,31,45,43,43,43,10,60,58,58,58,60,60,64,72,76,76,76,65,65,73,76,76,58,72,53,53,53,61,71,39,76,76,76,71,76,76,83,82,82,83,0,0],"gold":570,"neow_bonus":"","is_daily":false,"chose_seed":false,"campfire_upgraded":5,"win_rate":0.0,"timestamp":1611918735,"path_taken":["M","?","?","?","?","E","R","E","T","E","R","E","E","E","R","BOSS","M","?","?","?","$","E","E","E","T","R","E","?","E","E","R","BOSS","M","$","?","?","?","E","R","M","T","E","E","E","E","E","R","BOSS","BOSS"],"items_purchased_type":["Relic","Relic"],"build_version":"2020-12-22","purchased_purges":2,"victory":false,"max_hp_per_floor":[68,68,62,62,62,62,62,62,62,62,62,76,76,76,76,76,76,76,76,76,76,76,76,76,76,76,76,76,76,76,76,76,76,76,76,76,76,76,76,76,76,76,76,76,76,76,83,83,83,83,83,83],"card_choices":[{"not_picked":["BowlingBash","CarveReality"],"picked":"Consecrate","floor":1.0},{"not_picked":["Judgement","ClearTheMind"],"picked":"FearNoEvil","floor":6.0},{"not_picked":["FlyingSleeves","SignatureMove","FearNoEvil"],"picked":"SKIP","floor":8.0},{"not_picked":["PathToVictory","Study"],"picked":"Halt","floor":10.0},{"not_picked":["Meditate","Consecrate","SashWhip"],"picked":"SKIP","floor":12.0},{"not_picked":["JustLucky","Fasting2+1"],"picked":"MentalFortress+1","floor":13.0},{"not_picked":["Sanctity","Halt","Alpha"],"picked":"SKIP","floor":14.0},{"not_picked":["Brilliance","Alpha"],"picked":"Omniscience","floor":16.0},{"not_picked":["Nirvana+1","ClearTheMind","CutThroughFate"],"picked":"SKIP","floor":18.0},{"not_picked":["Sanctity","CrushJoints","Protect"],"picked":"SKIP","floor":21.0},{"not_picked":["EmptyFist","ThirdEye+1"],"picked":"EmptyMind+1","floor":23.0},{"not_picked":["FlurryOfBlows+1","EmptyFist","Evaluate"],"picked":"SKIP","floor":24.0},{"not_picked":["Protect","ThirdEye","Judgement"],"picked":"SKIP","floor":25.0},{"not_picked":["Consecrate+1","Wallop+1","Conclude+1"],"picked":"SKIP","floor":28.0},{"not_picked":["PathToVictory","EmptyMind+1","FlyingSleeves+1"],"picked":"SKIP","floor":30.0},{"not_picked":["FlurryOfBlows+1","Wireheading+1","Vengeance"],"picked":"SKIP","floor":31.0},{"not_picked":["Alpha","Scrawl"],"picked":"Establishment+1","floor":33.0},{"not_picked":["EmptyMind","Protect","Conclude+1"],"picked":"SKIP","floor":35.0},{"not_picked":["ClearTheMind","Evaluate","SashWhip+1","Halt"],"picked":"SKIP","floor":38.0},{"not_picked":["Evaluate","Halt","BowlingBash+1"],"picked":"DevaForm+1","floor":39.0},{"not_picked":["ClearTheMind","Meditate","EmptyBody+1"],"picked":"LessonLearned+1","floor":40},{"not_picked":["EmptyFist+1","Consecrate+1","Wallop+1","Halt"],"picked":"SKIP","floor":42},{"not_picked":["Evaluate","Omniscience","BowlingBash+1","JustLucky+1"],"picked":"SKIP","floor":44},{"not_picked":["DevaForm+1","Evaluate","Adaptation+1","CutThroughFate+1"],"picked":"SKIP","floor":45},{"not_picked":["Evaluate","JustLucky+1","FlurryOfBlows+1"],"picked":"Ragnarok+1","floor":46},{"not_picked":["Weave+1","CrushJoints+1","DeceiveReality+1","LikeWater+1"],"picked":"SKIP","floor":47},{"not_picked":["EmptyFist+1","Blasphemy","ClearTheMind+1","FlyingSleeves+1"],"picked":"SKIP","floor":48}],"player_experience":39998,"relics_obtained":[{"floor":6.0,"key":"Dead Branch"},{"floor":8.0,"key":"Akabeko"},{"floor":9.0,"key":"Potion Belt"},{"floor":10.0,"key":"Omamori"},{"floor":12.0,"key":"Mango"},{"floor":13.0,"key":"Frozen Egg 2"},{"floor":14.0,"key":"White Beast Statue"},{"floor":23.0,"key":"Damaru"},{"floor":24.0,"key":"Happy Flower"},{"floor":25.0,"key":"Molten Egg 2"},{"floor":28.0,"key":"StrikeDummy"},{"floor":30.0,"key":"Mercury Hourglass"},{"floor":31.0,"key":"Regal Pillow"},{"floor":40,"key":"Bottled Lightning"},{"floor":43,"key":"Lantern"},{"floor":44,"key":"Orichalcum"},{"floor":45,"key":"CloakClasp"},{"floor":46,"key":"Calipers"},{"floor":47,"key":"Strawberry"},{"floor":48,"key":"Ornamental Fan"}],"event_choices":[{"damage_healed":0.0,"max_hp_gain":0.0,"max_hp_loss":0.0,"gold_gain":0.0,"event_name":"Liars Game","player_choice":"Ignored","floor":2.0,"gold_loss":0.0,"damage_taken":0.0},{"damage_healed":0.0,"max_hp_gain":0.0,"max_hp_loss":6.0,"gold_gain":0.0,"event_name":"Golden Idol","player_choice":"Lose Max HP","floor":3.0,"gold_loss":0.0,"damage_taken":0.0,"relics_obtained":["Golden Idol"]},{"damage_healed":0.0,"max_hp_gain":0.0,"max_hp_loss":0.0,"gold_gain":0.0,"event_name":"Scrap Ooze","player_choice":"Success","floor":4.0,"gold_loss":0.0,"damage_taken":26.0,"relics_obtained":["Mummified Hand"]},{"damage_healed":0.0,"max_hp_gain":0.0,"max_hp_loss":0.0,"gold_gain":0.0,"event_name":"Living Wall","player_choice":"Grow","floor":5.0,"gold_loss":0.0,"damage_taken":0.0,"cards_upgraded":["ForeignInfluence"]},{"damage_healed":0.0,"max_hp_gain":0.0,"max_hp_loss":0.0,"gold_gain":0.0,"event_name":"The Library","player_choice":"Read","floor":19.0,"gold_loss":0.0,"damage_taken":0.0,"cards_obtained":["Adaptation"]},{"damage_healed":0.0,"max_hp_gain":0.0,"max_hp_loss":0.0,"gold_gain":0.0,"event_name":"Wheel of Change","player_choice":"Cursed","floor":20.0,"gold_loss":0.0,"damage_taken":0.0,"cards_obtained":["Decay"]},{"damage_healed":0.0,"max_hp_gain":0.0,"max_hp_loss":0.0,"gold_gain":0.0,"event_name":"Duplicator","player_choice":"Copied","floor":29.0,"gold_loss":0.0,"damage_taken":0.0,"cards_obtained":["Adaptation"]},{"damage_healed":0.0,"max_hp_gain":0.0,"max_hp_loss":0.0,"gold_gain":0.0,"event_name":"Lab","player_choice":"Got Potions","floor":37.0,"gold_loss":0.0,"damage_taken":0.0}],"is_beta":false,"boss_relics":[{"not_picked":["Astrolabe","Calling Bell"],"picked":"SlaversCollar"},{"not_picked":["Runic Pyramid","Philosopher\u0027s Stone"],"picked":"HolyWater"}],"items_purged_floors":[22,36],"is_endless":false,"potions_floor_spawned":[1,8,12,16,18,21,23,24,25,28,30,31,33,35,38,39,40,42,44,45,46,47,48],"killed_by":"Awakened One","ascension_level":20}}