{"host":"Kdaddybrian","time":1611963051,"event":{"mods":["AchievementEnabler","BaseMod","Bestiary","Colored Powertips","Minty Spire (QoL Compilation)","Potion Indicator Mod","Quick Restart","Rare Cards Sparkle","Relic Stats","StSLib","Uncapped"],"gold_per_floor":[109,109,119,129,129,129,148,182,207,207,231,231,258,278,278,376,376,387,406,422,49,49,49,49,49],"floor_reached":24,"language":"ENG","playtime":1239,"items_purged":["Strike_P"],"score":237,"play_id":"6f1c61b7-6376-4afc-bc83-617cef123d57","local_time":"20210129183051","is_ascension_mode":true,"campfire_choices":[{"data":"SashWhip","floor":6,"key":"SMITH"},{"floor":10,"key":"REST"},{"data":"DeceiveReality","floor":15,"key":"SMITH"},{"floor":23,"key":"REST"}],"circlet_count":0,"master_deck":["Strike_P","Strike_P","Strike_P","Defend_P","Defend_P","Defend_P+1","Defend_P","Eruption+1","Vigilance+1","ThirdEye+1","Conclude","SashWhip+1","Adaptation","FollowUp","DeceiveReality","DeceiveReality+1","ClearTheMind","Blasphemy","Evaluate+1","Devotion","FearNoEvil+1"],"relics":["PureWater","Happy Flower","Toy Ornithopter","Centennial Puzzle","War Paint","Odd Mushroom","CultistMask","Pantograph","Cursed Key","FossilizedHelix","Enchiridion"],"acts_visited":["Exordium","TheCity"],"potions_floor_usage":[13,13,20],"damage_taken":[{"damage":9,"enemies":"2 Louse","floor":1,"turns":3},{"damage":4,"enemies":"Jaw Worm","floor":3,"turns":3},{"damage":0,"enemies":"Cultist","floor":4,"turns":4},{"damage":7,"enemies":"3 Louse","floor":7,"turns":3},{"damage":19,"enemies":"3 Sentries","floor":8,"turns":5},{"damage":13,"enemies":"The Mushroom Lair","floor":11,"turns":3},{"damage":2,"enemies":"Lagavulin","floor":13,"turns":3},{"damage":0,"enemies":"Large Slime","floor":14,"turns":4},{"damage":26,"enemies":"Hexaghost","floor":16,"turns":14},{"damage":1,"enemies":"Shell Parasite","floor":18,"turns":6},{"damage":19,"enemies":"2 Thieves","floor":19,"turns":4},{"damage":34,"enemies":"Chosen and Byrds","floor":20,"turns":10},{"damage":34,"enemies":"Gremlin Leader","floor":24,"turns":4}],"seed_played":"1652265364842626568","potions_obtained":[{"floor":7,"key":"DistilledChaos"},{"floor":8,"key":"StancePotion"},{"floor":11,"key":"BottledMiracle"},{"floor":14,"key":"Energy Potion"},{"floor":18,"key":"SkillPotion"}],"is_trial":false,"path_per_floor":["M","?","M","M","?","R","M","E","T","R","?","?","E","M","R","B",null,"M","M","M","$","?","R","E"],"character_chosen":"WATCHER","items_purchased":["FossilizedHelix"],"campfire_rested":2,"item_purchase_floors":[21],"current_hp_per_floor":[63,49,45,45,45,45,38,19,19,40,27,27,35,35,35,34,72,71,52,23,23,7,28,0,0],"gold":49,"neow_bonus":"RANDOM_COMMON_RELIC","is_daily":false,"chose_seed":false,"campfire_upgraded":2,"win_rate":0.0,"timestamp":1611963051,"path_taken":["M","?","M","M","?","R","?","E","T","R","?","?","E","M","R","BOSS","M","M","?","$","?","R","E"],"items_purchased_type":["Relic"],"build_version":"2020-12-18","purchased_purges":1,"victory":false,"max_hp_per_floor":[72,72,72,72,72,72,72,72,72,72,72,72,72,72,72,72,72,72,72,72,72,72,72,72,72],"relic_stats":{"Centennial Puzzle":[21],"Happy Flower":[22],"counters":[13,66],"Pantograph":25,"War Paint":["Vigilance","Defend_P"],"Cursed Key":0,"obtain_stats":[{"Centennial Puzzle":8,"Happy Flower":0,"Pantograph":13,"Enchiridion":22,"CultistMask":12,"PureWater":0,"War Paint":9,"Odd Mushroom":11,"Cursed Key":17,"Toy Ornithopter":5,"FossilizedHelix":21},{"Centennial Puzzle":5,"Happy Flower":0,"Pantograph":7,"Enchiridion":12,"CultistMask":6,"PureWater":0,"War Paint":5,"Odd Mushroom":6,"Cursed Key":9,"Toy Ornithopter":3,"FossilizedHelix":12},{"Centennial Puzzle":18,"Happy Flower":0,"Pantograph":24,"Enchiridion":62,"CultistMask":21,"PureWater":0,"War Paint":18,"Odd Mushroom":21,"Cursed Key":42,"Toy Ornithopter":10,"FossilizedHelix":62}],"Toy Ornithopter":15},"card_choices":[{"not_picked":["FlurryOfBlows","Evaluate"],"picked":"ThirdEye","floor":1},{"not_picked":["SashWhip","CrushJoints"],"picked":"Conclude","floor":3},{"not_picked":["SignatureMove","Evaluate"],"picked":"SashWhip","floor":4},{"not_picked":["MentalFortress","WaveOfTheHand"],"picked":"Adaptation","floor":7},{"not_picked":["Protect","Halt"],"picked":"FollowUp","floor":8},{"not_picked":["WindmillStrike","Collect"],"picked":"DeceiveReality","floor":11},{"not_picked":["SashWhip","PathToVictory"],"picked":"DeceiveReality","floor":13},{"not_picked":["Conclude","FollowUp"],"picked":"ClearTheMind","floor":14},{"not_picked":["Vault","Omniscience"],"picked":"Blasphemy","floor":16},{"not_picked":["FlyingSleeves","Consecrate"],"picked":"Evaluate+1","floor":18},{"not_picked":["WheelKick","Evaluate"],"picked":"Devotion","floor":19},{"not_picked":["Conclude+1","Halt"],"picked":"FearNoEvil+1","floor":20}],"player_experience":2980268,"relics_obtained":[{"floor":5,"key":"Toy Ornithopter"},{"floor":8,"key":"Centennial Puzzle"},{"floor":9,"key":"War Paint"},{"floor":11,"key":"Odd Mushroom"},{"floor":13,"key":"Pantograph"},{"floor":22,"key":"Enchiridion"}],"event_choices":[{"damage_healed":0,"gold_gain":0,"player_choice":"Entered Light","damage_taken":14,"max_hp_gain":0,"max_hp_loss":0,"event_name":"Shining Light","floor":2,"gold_loss":0,"cards_upgraded":["ThirdEye","Eruption"]},{"damage_healed":0,"gold_gain":0,"player_choice":"Relic","damage_taken":0,"max_hp_gain":0,"max_hp_loss":0,"event_name":"Wheel of Change","floor":5,"gold_loss":0},{"damage_healed":0,"gold_gain":0,"player_choice":"Fought Mushrooms","damage_taken":0,"max_hp_gain":0,"max_hp_loss":0,"event_name":"Mushrooms","floor":11,"gold_loss":0},{"damage_healed":0,"gold_gain":0,"player_choice":"Trade","damage_taken":0,"relics_obtained":["CultistMask"],"max_hp_gain":0,"max_hp_loss":0,"event_name":"FaceTrader","floor":12,"gold_loss":0},{"damage_healed":0,"gold_gain":0,"player_choice":"Obtained Book","damage_taken":16,"max_hp_gain":0,"max_hp_loss":0,"event_name":"Cursed Tome","floor":22,"gold_loss":0}],"is_beta":true,"boss_relics":[{"not_picked":["Sozu","Ectoplasm"],"picked":"Cursed Key"}],"items_purged_floors":[21],"is_endless":false,"potions_floor_spawned":[7,8,11,14,18],"killed_by":"Gremlin Leader","ascension_level":3}}