{"host":"r53pw7z744tg3fxg","time":1611936988,"event":{"mods":["AchievementEnabler","BaseMod","Colored Map","Colored Powertips","Highlight Path","Minty Spire (QoL Compilation)","Quick Restart","Transform Curses"],"gold_per_floor":[118,135,135,146,146,181,181,181,181,181,191,210,210,244,244,315,315,325,340,2,2,76,76,0,0,81,81,81,81],"floor_reached":28,"language":"ENG","playtime":855,"items_purged":[],"score":414,"play_id":"485b3a55-8ea1-450d-9e67-fd2e1cefed85","local_time":"20210129091628","is_ascension_mode":true,"campfire_choices":[{"floor":7,"key":"REST"},{"floor":10,"key":"REST"},{"floor":13,"key":"REST"},{"floor":15,"key":"REST"},{"floor":23,"key":"REST"},{"floor":27,"key":"REST"}],"circlet_count":0,"master_deck":["AscendersBane","Strike_P","Strike_P","Strike_P","Strike_P","Defend_P","Defend_P+1","Defend_P","Defend_P","Eruption+1","Vigilance","FearNoEvil","Perseverance","BowlingBash","FollowUp","Consecrate","Pray+1","Prostrate","Wish","Adaptation+1","SashWhip","Wallop","CarveReality","EmptyBody","Shame","Fasting2"],"relics":["PureWater","Gambling Chip","TeardropLocket","War Paint","Sozu","PrismaticShard","Bag of Preparation","HornCleat","MutagenicStrength","StrikeDummy"],"acts_visited":["Exordium","TheCity"],"potions_floor_usage":[18,19],"damage_taken":[{"damage":1.0,"enemies":"Cultist","floor":1.0,"turns":3.0},{"damage":0.0,"enemies":"Jaw Worm","floor":2.0,"turns":1.0},{"damage":3.0,"enemies":"2 Louse","floor":4.0,"turns":2.0},{"damage":48,"enemies":"Gremlin Nob","floor":6,"turns":5},{"damage":14,"enemies":"Lots of Slimes","floor":11,"turns":4},{"damage":0,"enemies":"2 Fungi Beasts","floor":12,"turns":1},{"damage":7,"enemies":"3 Sentries","floor":14,"turns":6},{"damage":54,"enemies":"Hexaghost","floor":16,"turns":10},{"damage":26,"enemies":"Shell Parasite","floor":18,"turns":6},{"damage":21,"enemies":"Spheric Guardian","floor":19,"turns":5},{"damage":51,"enemies":"Cultist and Chosen","floor":28,"turns":6}],"seed_played":"-1047363941357400143","potions_obtained":[{"floor":1.0,"key":"AttackPotion"},{"floor":11,"key":"Energy Potion"},{"floor":14,"key":"Fire Potion"}],"is_trial":false,"path_per_floor":["M","M","?","M","?","E","R","?","T","R","M","M","R","E","R","B",null,"M","M","$","?","T","R","$","?","T","R","M"],"character_chosen":"WATCHER","items_purchased":["PrismaticShard","Wallop","CarveReality","EmptyBody","Fasting2"],"campfire_rested":6,"item_purchase_floors":[20,20,20,20,24],"current_hp_per_floor":[60,60,60,57,57,9,29,29,29,49,35,35,55,48,68,14,55,29,8,8,8,8,28,28,28,28,48,0,0],"gold":81,"neow_bonus":"THREE_CARDS","is_daily":false,"chose_seed":false,"campfire_upgraded":0,"win_rate":0.0,"timestamp":1611936988,"path_taken":["M","M","?","M","?","E","R","?","T","R","?","M","R","E","R","BOSS","M","M","$","?","?","R","?","?","T","R","M"],"items_purchased_type":["Relic","Card","Card","Card","Card"],"build_version":"2020-12-22","purchased_purges":0,"victory":false,"max_hp_per_floor":[68,68,68,68,68,68,68,68,68,68,68,68,68,68,68,68,68,68,68,68,68,68,68,68,68,68,68,68,68],"card_choices":[{"not_picked":["EmptyBody","PathToVictory"],"picked":"FearNoEvil","floor":0.0},{"not_picked":["Tantrum","Protect"],"picked":"Perseverance","floor":1.0},{"not_picked":["CrushJoints","ClearTheMind","Protect"],"picked":"SKIP","floor":2.0},{"not_picked":["Consecrate","ThirdEye"],"picked":"BowlingBash","floor":4.0},{"not_picked":["Alpha","FlurryOfBlows"],"picked":"FollowUp","floor":6},{"not_picked":["Study","MentalFortress"],"picked":"Consecrate","floor":11},{"not_picked":["SashWhip","Consecrate"],"picked":"Pray","floor":12},{"not_picked":["Crescendo","Meditate"],"picked":"Prostrate","floor":14},{"not_picked":["Alpha","Blasphemy"],"picked":"Wish","floor":16},{"not_picked":["JustLucky","ThirdEye"],"picked":"Adaptation+1","floor":18},{"not_picked":["BowlingBash","FollowUp"],"picked":"SashWhip","floor":19}],"player_experience":1386681,"relics_obtained":[{"floor":6,"key":"Gambling Chip"},{"floor":9,"key":"TeardropLocket"},{"floor":14,"key":"War Paint"},{"floor":22,"key":"HornCleat"},{"floor":26,"key":"StrikeDummy"}],"event_choices":[{"damage_healed":0.0,"max_hp_gain":0.0,"max_hp_loss":0.0,"gold_gain":0.0,"event_name":"Golden Wing","player_choice":"Ignored","floor":3.0,"gold_loss":0.0,"damage_taken":0.0},{"damage_healed":0.0,"max_hp_gain":0.0,"max_hp_loss":0.0,"gold_gain":0.0,"event_name":"The Cleric","player_choice":"Leave","floor":5.0,"gold_loss":0.0,"damage_taken":0.0},{"damage_healed":0,"gold_gain":0,"player_choice":"Upgraded","damage_taken":0,"max_hp_gain":0,"max_hp_loss":0,"event_name":"Upgrade Shrine","floor":8,"gold_loss":0,"cards_upgraded":["Eruption"]},{"damage_healed":0,"gold_gain":0,"player_choice":"Stole Relic","damage_taken":0,"relics_obtained":["Bag of Preparation"],"max_hp_gain":0,"max_hp_loss":0,"event_name":"Addict","floor":21,"gold_loss":0,"cards_obtained":["Shame"]},{"damage_healed":0,"gold_gain":0,"player_choice":"Inject Mutagens","damage_taken":0,"relics_obtained":["MutagenicStrength"],"max_hp_gain":0,"max_hp_loss":0,"event_name":"Drug Dealer","floor":25,"gold_loss":0}],"is_beta":false,"boss_relics":[{"not_picked":["Fusion Hammer","Runic Pyramid"],"picked":"Sozu"}],"items_purged_floors":[],"is_endless":false,"potions_floor_spawned":[1,11,14,16,18],"killed_by":"Cultist and Chosen","ascension_level":17}}