{"host":"2hea6pl5vmah38iy","time":1611892901,"event":{"mods":["AchievementEnabler","BaseMod","Colored Map","DeckTracker","Keyboard Shortcuts","Minty Spire (QoL Compilation)","Rare Cards Sparkle","StSLib","SuperFastMode","everything is the same but u backflip on backflip"],"gold_per_floor":[111,126,142,217,67,67,87,87,87,87,102,122,141,157,157,235,235,253,265,279,229,247,247,272,272,272],"floor_reached":25,"language":"KOR","playtime":836,"items_purged":["Strike_B","Defend_B"],"score":498,"play_id":"815e7ccb-3536-4cfc-99d5-980e73aaa345","local_time":"20210129130141","is_ascension_mode":true,"campfire_choices":[{"data":"Sunder","floor":6.0,"key":"SMITH"},{"data":"Beam Cell","floor":8.0,"key":"SMITH"},{"floor":15,"key":"REST"},{"floor":23,"key":"REST"}],"circlet_count":0,"master_deck":["AscendersBane","Strike_B","Strike_B","Defend_B","Defend_B","Zap","Dualcast","BootSequence","Streamline","Sunder+1","Loop","Beam Cell+1","Electrodynamics","Zap","Ball Lightning","Hologram","All For One","Go for the Eyes+1","Defragment+1","Consume+1","Self Repair"],"relics":["Cracked Core","Smiling Mask","Philosopher\u0027s Stone","Eternal Feather"],"acts_visited":["Exordium","TheCity"],"potions_floor_usage":[16,22,24],"damage_taken":[{"damage":1.0,"enemies":"Cultist","floor":1.0,"turns":3.0},{"damage":0.0,"enemies":"Jaw Worm","floor":2.0,"turns":3.0},{"damage":0.0,"enemies":"2 Louse","floor":3.0,"turns":2.0},{"damage":10.0,"enemies":"Gremlin Gang","floor":7.0,"turns":3.0},{"damage":5,"enemies":"Lots of Slimes","floor":11,"turns":3},{"damage":0,"enemies":"3 Louse","floor":12,"turns":3},{"damage":0,"enemies":"Large Slime","floor":13,"turns":3},{"damage":5,"enemies":"Lots of Slimes","floor":14,"turns":2},{"damage":0,"enemies":"Slime Boss","floor":16,"turns":6},{"damage":9,"enemies":"2 Thieves","floor":18,"turns":4},{"damage":0,"enemies":"Chosen","floor":19,"turns":3},{"damage":22,"enemies":"Snecko","floor":20,"turns":4},{"damage":9,"enemies":"3 Cultists","floor":22,"turns":4},{"damage":33,"enemies":"Gremlin Leader","floor":24,"turns":5},{"damage":14,"enemies":"Centurion and Healer","floor":25,"turns":2}],"seed_played":"-4840297961118430681","potions_obtained":[{"floor":2.0,"key":"Energy Potion"},{"floor":7.0,"key":"Weak Potion"},{"floor":16,"key":"Swift Potion"}],"is_trial":false,"path_per_floor":["M","M","M","?","$","R","M","R","T","?","M","M","M","M","R","B",null,"M","M","M","$","M","R","E","M"],"character_chosen":"DEFECT","items_purchased":["Loop"],"campfire_rested":2,"item_purchase_floors":[5],"current_hp_per_floor":[45,45,45,34,34,34,24,24,24,24,19,19,19,14,35,35,62,53,53,31,31,22,43,10,0,0],"gold":272,"neow_bonus":"REMOVE_TWO","is_daily":false,"chose_seed":false,"campfire_upgraded":2,"win_rate":0.0,"timestamp":1611892901,"path_taken":["M","M","M","?","?","R","M","R","T","?","M","M","M","M","R","BOSS","M","M","?","$","M","R","E","M"],"items_purchased_type":["Card"],"build_version":"2020-12-22","purchased_purges":2,"victory":false,"max_hp_per_floor":[71,71,71,71,71,71,71,71,71,71,71,71,71,71,71,71,71,71,71,71,71,71,71,71,71,71],"card_choices":[{"not_picked":["Gash","Self Repair"],"picked":"BootSequence","floor":1.0},{"not_picked":["Steam Power","Stack"],"picked":"Streamline","floor":2.0},{"not_picked":["Reboot","Blizzard"],"picked":"Sunder","floor":3.0},{"not_picked":["Tempest","Sunder"],"picked":"Beam Cell","floor":7.0},{"not_picked":["Gash","Conserve Battery","Compile Driver"],"picked":"SKIP","floor":11},{"not_picked":["Leap","Barrage"],"picked":"Ball Lightning","floor":12},{"not_picked":["Leap","White Noise"],"picked":"Hologram","floor":13},{"not_picked":["Redo","Fission","Go for the Eyes"],"picked":"SKIP","floor":14},{"not_picked":["Rainbow","Fission"],"picked":"All For One","floor":16},{"not_picked":["Steam","Blizzard"],"picked":"Go for the Eyes+1","floor":18},{"not_picked":["Streamline","Steam","Go for the Eyes"],"picked":"SKIP","floor":19},{"not_picked":["Gash","Stack"],"picked":"Defragment+1","floor":20},{"not_picked":["Gash","Doom and Gloom"],"picked":"Consume+1","floor":22},{"not_picked":["Heatsinks","Turbo"],"picked":"Self Repair","floor":24}],"player_experience":527485,"relics_obtained":[{"floor":9.0,"key":"Smiling Mask"},{"floor":24,"key":"Eternal Feather"}],"event_choices":[{"damage_healed":0.0,"max_hp_gain":0.0,"max_hp_loss":0.0,"gold_gain":75.0,"event_name":"World of Goop","player_choice":"Gather Gold","floor":4.0,"gold_loss":0.0,"damage_taken":11.0},{"damage_healed":0,"gold_gain":0,"player_choice":"2 cards matched","damage_taken":0,"max_hp_gain":0,"max_hp_loss":0,"event_name":"Match and Keep!","floor":10,"gold_loss":0,"cards_obtained":["Electrodynamics","Zap"]}],"is_beta":false,"boss_relics":[{"not_picked":["Fusion Hammer","Cursed Key"],"picked":"Philosopher\u0027s Stone"}],"items_purged_floors":[5,21],"is_endless":false,"potions_floor_spawned":[2,7,12,16,18,20],"killed_by":"Centurion and Healer","ascension_level":17}}