{"host":"fortuna","time":1611949059,"event":{"mods":["100% Spire Juice","Act Like it!","Arknights The Spire","BaseMod","Downfall","Gensokyo","Hallownest","Luminous","Minty Spire (QoL Compilation)","Reimu£®≤©¿ˆ¡È√Œ£©","Relic Stats","StSLib","The Administrix","Waifu the Spire","WarShipGirlsR/’ΩΩ¢…Ÿ≈ÆR mod","Yakumo Yukari mod"],"gold_per_floor":[138,0,11,11,27,60,79,111,111,36,26,26,26,56,56,155,155,189,189,55,81,111,111,139,155,203,221,221,232,266,266,266,364,364,374,194,208,226,241,274,274,302,341,353,390,402,424,596,608,620,632,644,91,119,119],"floor_reached":56,"language":"ZHS","playtime":3627,"items_purged":["AT_purpleEX","AT_purpleEX"],"score":1389,"play_id":"0410fc1a-d9b4-4ed7-a671-263d7543eff0","local_time":"20210130033739","is_ascension_mode":true,"campfire_choices":[{"data":"SharpContractionReality_purple","floor":12.0,"key":"SMITH"},{"data":"WasteWire_Metro_purple","floor":15.0,"key":"SMITH"},{"data":"Monsters_DoubleDeathButterfly_purple","floor":23.0,"key":"SMITH"},{"data":"MonsterNeedle_purple","floor":28.0,"key":"SMITH"},{"data":"1","floor":32.0,"key":"LIFT"},{"data":"2","floor":41.0,"key":"LIFT"},{"data":"3","floor":44.0,"key":"LIFT"},{"floor":49.0,"key":"RECALL"},{"data":"CommonSense_AntiCommonSense_purple","floor":52.0,"key":"SMITH"}],"circlet_count":0,"master_deck":["AT_purpleEX","AT_purpleEX","Defend_purpleEX+1","Defend_purpleEX","Defend_purpleEX+1","Defend_purpleEX","Observe_purple_1","Observe_purple_2","OmniscientAndOmnipotent_Monster_purple","DimensionStaggered_purple","Boundary_DreamRealityDamnation_purple","Shallow_ocean_purpleEX","Mirror_FormAndEmptin_purple","PurpleNeedle_purple","WasteWire_Metro_purple+1","Anti_communist_purple","SharpContractionReality_purple+1","Mirror_Drifter_purple","MNeedle_purple","Monsters_DoubleDeathButterfly_purple+1","DimensionStaggered_purple","RuleDissolution_purple","Finesse","MonsterNeedle_purple+1","Nest_LightFlightworm_purple+1","Photoelasticity_Doppler_Effect_purple","Fantasy_PerpetualMotionMachine_purple+1","DarkRealmRedLine_purple+1","Hallownest:curseDreamersLament","Human_Monster_Realm_purple","WorldDissolvedintheRealm_purple","ExternalForce_HighSpeedFlying_purple+1","CommonSense_AntiCommonSense_purple+1","Shallow_ocean_purpleEX+1","EighthInstrument_OneDividesIntoTwo_purple","Worldmountain_purple+1"],"relics":["Boundary_crack","Memoryfragments_purpleEX","Akabeko","Hallownest:DreamNailRelic","Tea:ReiMu","Potion Belt","ThegodofHakurei_purpleEX","CrazyTorch:ReiMu","RedLine:ReiMu","War Paint","Girya","Hallownest:WatcherSealRelic","Coffee Dripper","Hallownest:StagBellRelic1","Vajra","MawBank","Bronze Scales","Oddly Smooth Stone","Hallownest:GodTamersBeastRelic","ClockworkSouvenir","Letter Opener","Shuriken"],"acts_visited":["Hallownest:Greenpath","Hallownest:CityofTears","Hallownest:KingdomsEdge","TheEnding"],"potions_floor_usage":[55,55,55,55],"damage_taken":[{"damage":0.0,"enemies":"Hallownest:2_MossCreeps","floor":1.0,"turns":6.0},{"damage":0.0,"enemies":"Hallownest:2_Baldur","floor":3.0,"turns":1.0},{"damage":0.0,"enemies":"Hallownest:2_Tiktiks_and_1_Crawlid","floor":5.0,"turns":1.0},{"damage":24.0,"enemies":"Hallownest:eliteVengeflyKing","floor":6.0,"turns":4.0},{"damage":0.0,"enemies":"Hallownest:1_Ooma_and_2_Uuma","floor":7.0,"turns":2.0},{"damage":31.0,"enemies":"Hallownest:eliteCrystalGuardian","floor":8.0,"turns":6.0},{"damage":0.0,"enemies":"Hallownest:monsterAspidMother","floor":13.0,"turns":2.0},{"damage":18.0,"enemies":"Hallownest:eliteVengeflyKing","floor":14.0,"turns":4.0},{"damage":15.0,"enemies":"Hallownest:BossBrokenVessel","floor":16.0,"turns":7.0},{"damage":32.0,"enemies":"Hallownest:3_Youths","floor":18.0,"turns":6.0},{"damage":3.0,"enemies":"Hallownest:Guard_and_Sentry","floor":21.0,"turns":3.0},{"damage":11.0,"enemies":"Hallownest:3_Mistakes","floor":22.0,"turns":6.0},{"damage":32.0,"enemies":"Hallownest:eliteWatcherKnight","floor":24.0,"turns":12.0},{"damage":0.0,"enemies":"Hallownest:monsterMisterMushroom","floor":25.0,"turns":5.0},{"damage":0.0,"enemies":"Hallownest:monsterShrumalOgre","floor":27.0,"turns":3.0},{"damage":0.0,"enemies":"Hallownest:3_Mistakes","floor":29.0,"turns":4.0},{"damage":15.0,"enemies":"Hallownest:eliteSoulWarrior","floor":30.0,"turns":6.0},{"damage":23.0,"enemies":"Hallownest:BossGrimm","floor":33.0,"turns":6.0},{"damage":5.0,"enemies":"Hallownest:Shield_Heavy","floor":35.0,"turns":3.0},{"damage":0.0,"enemies":"Hallownest:3_Siblings","floor":37.0,"turns":1.0},{"damage":4.0,"enemies":"Hallownest:2_Great","floor":38.0,"turns":2.0},{"damage":22.0,"enemies":"Hallownest:monsterPrimalAspid","floor":39.0,"turns":3.0},{"damage":0.0,"enemies":"Hallownest:StalkingDevout","floor":40.0,"turns":2.0},{"damage":7.0,"enemies":"Hallownest:eliteHiveKnight","floor":42.0,"turns":4.0},{"damage":1.0,"enemies":"Hallownest:StalkingDevout","floor":45.0,"turns":3.0},{"damage":0.0,"enemies":"Hallownest:Shield_Sturdy","floor":47.0,"turns":2.0},{"damage":0.0,"enemies":"Hallownest:Shield_Sturdy","floor":48.0,"turns":1.0},{"damage":0.0,"enemies":"Hallownest:Shield_Sturdy","floor":48.0,"turns":1.0},{"damage":0.0,"enemies":"Hallownest:Shield_Sturdy","floor":48.0,"turns":1.0},{"damage":0.0,"enemies":"Hallownest:Shield_Sturdy","floor":48.0,"turns":5.0},{"damage":1.0,"enemies":"Hallownest:BossGreyPrinceZote","floor":50.0,"turns":5.0},{"damage":3.0,"enemies":"Shield and Spear","floor":54.0,"turns":3.0},{"damage":56,"enemies":"The Heart","floor":55,"turns":5}],"seed_played":"-1051054285697515626","potions_obtained":[{"floor":1.0,"key":"LiquidBronze"},{"floor":7.0,"key":"Dexterity Potion"},{"floor":8.0,"key":"Regen Potion"},{"floor":14.0,"key":"DistilledChaos"},{"floor":16.0,"key":"GamblersBrew"},{"floor":47.0,"key":"Explosive Potion"}],"is_trial":false,"path_per_floor":["M","$","M","?","M","E","M","E","T","$","?","R","M","E","R","B",null,"M","?","$","M","M","R","E","M","T","M","R","M","E","?","R","B",null,"M","?","M","M","M","E","R","E","T","R","E","$","M","?","R","B",null,"R","$","E","B",null],"character_chosen":"Youkari","items_purchased":["DimensionStaggered_purple","Boundary_DreamRealityDamnation_purple","Shallow_ocean_purpleEX","RuleDissolution_purple","Finesse","ClockworkSouvenir","Letter Opener","EighthInstrument_OneDividesIntoTwo_purple"],"campfire_rested":0,"item_purchase_floors":[2,2,2,20,20,53,53,53],"current_hp_per_floor":[70,70,70,70,70,51,51,25,25,25,25,46,47,30,30,16,70,38,52,52,52,45,45,14,23,23,27,27,30,20,20,20,10,70,70,70,70,67,51,65,65,70,70,70,70,70,70,70,70,70,70,70,70,70,33],"gold":119,"neow_bonus":"RANDOM_COMMON_RELIC","is_daily":false,"chose_seed":false,"campfire_upgraded":5,"win_rate":0.0,"timestamp":1611949059,"path_taken":["M","?","M","?","M","E","M","E","T","$","?","R","?","E","R","BOSS","M","?","?","?","M","R","E","M","T","M","R","M","E","?","R","BOSS","M","?","?","M","M","E","R","E","T","R","E","$","M","?","R","BOSS","R","$","E","BOSS"],"items_purchased_type":["Card","Card","Card","Card","Card","Relic","Relic","Card"],"build_version":"2020-12-18","purchased_purges":2,"victory":true,"max_hp_per_floor":[70,70,70,70,70,70,70,70,70,70,70,70,70,70,70,70,70,70,70,70,70,70,70,70,70,70,70,70,70,70,70,70,70,70,70,70,70,70,70,70,70,70,70,70,70,70,70,70,70,70,70,70,70,70,70],"relic_stats":{"counters":[33,125],"Shuriken":[4],"Bronze Scales":[75],"Letter Opener":[15],"War Paint":["Defend_purpleEX","Defend_purpleEX"],"MawBank":132,"obtain_stats":[{"Potion Belt":8,"Girya":30,"Hallownest:StagBellRelic1":36,"ThegodofHakurei_purpleEX":9,"Tea:ReiMu":6,"Vajra":40,"Oddly Smooth Stone":45,"Hallownest:DreamNailRelic":4,"Boundary_crack":0,"Letter Opener":53,"War Paint":24,"MawBank":42,"Hallownest:GodTamersBeastRelic":48,"Akabeko":0,"RedLine:ReiMu":17,"ClockworkSouvenir":53,"Hallownest:WatcherSealRelic":31,"Shuriken":54,"Bronze Scales":43,"CrazyTorch:ReiMu":14,"Coffee Dripper":34,"Memoryfragments_purpleEX":0},{"Potion Belt":6,"Girya":17,"Hallownest:StagBellRelic1":19,"ThegodofHakurei_purpleEX":6,"Tea:ReiMu":4,"Vajra":23,"Oddly Smooth Stone":25,"Hallownest:DreamNailRelic":2,"Boundary_crack":0,"Letter Opener":31,"War Paint":13,"MawBank":24,"Hallownest:GodTamersBeastRelic":30,"Akabeko":0,"RedLine:ReiMu":9,"ClockworkSouvenir":31,"Hallownest:WatcherSealRelic":17,"Shuriken":32,"Bronze Scales":24,"CrazyTorch:ReiMu":8,"Coffee Dripper":18,"Memoryfragments_purpleEX":0},{"Potion Belt":20,"Girya":78,"Hallownest:StagBellRelic1":87,"ThegodofHakurei_purpleEX":20,"Tea:ReiMu":12,"Vajra":95,"Oddly Smooth Stone":102,"Hallownest:DreamNailRelic":7,"Boundary_crack":0,"Letter Opener":117,"War Paint":60,"MawBank":99,"Hallownest:GodTamersBeastRelic":112,"Akabeko":0,"RedLine:ReiMu":33,"ClockworkSouvenir":117,"Hallownest:WatcherSealRelic":78,"Shuriken":120,"Bronze Scales":99,"CrazyTorch:ReiMu":26,"Coffee Dripper":84,"Memoryfragments_purpleEX":0}]},"card_choices":[{"not_picked":["StateDuplicate_purple","Erosivefilter_purple"],"picked":"OmniscientAndOmnipotent_Monster_purple","floor":1.0},{"not_picked":["Shallow_ocean_purpleEX","SfantasyHide_purple"],"picked":"Mirror_FormAndEmptin_purple","floor":3.0},{"not_picked":["Mirror_Drifter_purple","OpenedBox_purple"],"picked":"PurpleNeedle_purple","floor":5.0},{"not_picked":["Fantasy_PerpetualMotionMachine_purple","SfantasyHide_purple"],"picked":"WasteWire_Metro_purple","floor":6.0},{"not_picked":["Worldmountain_purple","Realm_recovery_purpleEX"],"picked":"Anti_communist_purple","floor":7.0},{"not_picked":["Realm_recovery_purpleEX","WatchEChange_purple"],"picked":"SharpContractionReality_purple","floor":8.0},{"not_picked":["PurpleNeedle_purple","ButterflyHabitatTemple_purple"],"picked":"Mirror_Drifter_purple","floor":13.0},{"not_picked":["PositiveMatter_Antimatter_Universe_purple","RealityDreamConfluencek_purple"],"picked":"MNeedle_purple","floor":14.0},{"not_picked":["WangLiang_OokamiKakushi_purple","WangLiang_LineAndCurveDreams_purple"],"picked":"Monsters_DoubleDeathButterfly_purple","floor":16.0},{"not_picked":["Umbrella_purple","Shallow_ocean_purpleEX"],"picked":"DimensionStaggered_purple","floor":18.0},{"not_picked":["PositiveMatter_Antimatter_Universe_purple+1","StateErode_purple"],"picked":"MonsterNeedle_purple","floor":21.0},{"not_picked":["Extrememeaning_purpleEX","OpenedBox_purple+1"],"picked":"Nest_LightFlightworm_purple+1","floor":22.0},{"not_picked":["AdvanceAttack_purple","Price_of_realm_purpleEX","SharpContractionReality_purple+1"],"picked":"SKIP","floor":24.0},{"not_picked":["Line_surface_state_purple","Realm_recovery_purpleEX"],"picked":"Photoelasticity_Doppler_Effect_purple","floor":25.0},{"not_picked":["SfantasyHide_purple","Erosivefilter_purple","ExistenceContinue_purple"],"picked":"SKIP","floor":27.0},{"not_picked":["EighthInstrument_OneDividesIntoTwo_purple","Umbrella_purple+1"],"picked":"Fantasy_PerpetualMotionMachine_purple+1","floor":29.0},{"not_picked":["Worldmountain_purple","BarrageBoundary_PipeDream_purple"],"picked":"DarkRealmRedLine_purple+1","floor":30.0},{"not_picked":["Price_of_realm_purpleEX","Monsters_DoubleDeathButterfly_purple"],"picked":"Human_Monster_Realm_purple","floor":33.0},{"not_picked":["Extrememeaning_purpleEX+1","DimensionStaggered_purple+1"],"picked":"WorldDissolvedintheRealm_purple","floor":35.0},{"not_picked":["Umbrella_purple","Fantasy_PerpetualMotionMachine_purple+1","Yakumo_Ran_purple"],"picked":"SKIP","floor":37.0},{"not_picked":["DimensionStaggered_purple","WeekHit_purple"],"picked":"ExternalForce_HighSpeedFlying_purple+1","floor":38.0},{"not_picked":["ExistenceContinue_purple+1","SfantasyHide_purple+1"],"picked":"CommonSense_AntiCommonSense_purple","floor":39.0},{"not_picked":["Boundary_DynamicStaticEquilibrium_purple+1","ExistenceContinue_purple","Realm_recovery_purpleEX+1"],"picked":"SKIP","floor":40.0},{"not_picked":["StateDuplicate_purple+1","DimensionStaggered_purple+1","StateErode_purple+1"],"picked":"SKIP","floor":42.0},{"not_picked":["ButterflyHabitatTemple_purple","PositiveMatter_Antimatter_Universe_purple"],"picked":"Shallow_ocean_purpleEX+1","floor":45.0},{"not_picked":["ButterflyHabitatTemple_purple+1","StateDuplicate_purple","MetroBOOM_purple"],"picked":"SKIP","floor":47.0},{"not_picked":["CommonSense_AntiCommonSense_purple+1","GluttonyofRealm_purpleEX"],"picked":"Worldmountain_purple+1","floor":54.0}],"player_experience":290155,"relics_obtained":[{"floor":6.0,"key":"Tea:ReiMu"},{"floor":8.0,"key":"Potion Belt"},{"floor":9.0,"key":"ThegodofHakurei_purpleEX"},{"floor":14.0,"key":"CrazyTorch:ReiMu"},{"floor":24.0,"key":"War Paint"},{"floor":30.0,"key":"Girya"},{"floor":40.0,"key":"Vajra"},{"floor":42.0,"key":"MawBank"},{"floor":43.0,"key":"Bronze Scales"},{"floor":45.0,"key":"Oddly Smooth Stone"},{"floor":54.0,"key":"Shuriken"}],"event_choices":[],"is_beta":true,"boss_relics":[{"not_picked":["Tiny House","Runic Dome"],"picked":"RedLine:ReiMu"},{"not_picked":["Seventeenyearold_girl_Forever","Runic Pyramid"],"picked":"Coffee Dripper"}],"items_purged_floors":[10,53],"is_endless":false,"potions_floor_spawned":[1,7,8,14,16,18,27,29,33,37,42,45,47,48,48,54],"ascension_level":1}}