{"host":"y7b1p9nkx4idorr2","time":1611912982,"event":{"mods":["AchievementEnabler","Act Like it!","BaseMod","Colored Map","Downfall","GifTheSpireLib","Googly Eyes","Highlight Path","Mimic Mod","Minty Spire (QoL Compilation)","Shop Mod","Spicy Shops","StSLib","Unceasing Turn Reminder"],"gold_per_floor":[99,115,132,158,158,198,243,5,26,60,78,78,104,104,116,220,220,20,32,17,17,117,145,191,191,204,217,246,86,104,104,117,217,217,217,231,249,260,277,277,301,335,235,246,246,246,246,274,293,293,293,326,22,22,22,22,22,22],"floor_reached":56,"language":"ENG","playtime":4408,"items_purged":["Pride","Clumsy"],"score":1003,"play_id":"f223cb79-5925-47bb-b856-facf1a055376","local_time":"20210129033622","is_ascension_mode":true,"campfire_choices":[{"floor":1,"key":"RECALL"},{"floor":12,"key":"REST"},{"data":"hexamod:FastForward","floor":18,"key":"SMITH"},{"data":"expansioncontent:QuickStudy","floor":35,"key":"SMITH"},{"data":"hexamod:ForkedFlame","floor":40,"key":"SMITH"},{"data":"hexamod:GhostOfSpirePresent","floor":43,"key":"SMITH"},{"floor":45,"key":"REST"},{"floor":54,"key":"REST"}],"circlet_count":0,"master_deck":["hexamod:Strike","hexamod:Strike","hexamod:Strike","hexamod:Defend","hexamod:Defend","hexamod:Defend+1","hexamod:Defend","hexamod:Sear","hexamod:Float","hexamod:SwordOfDarkness","hexamod:FastForward+1","hexamod:StepThrough","hexamod:HauntingEcho","expansioncontent:Chronoboost","hexamod:Hexaguard","hexamod:FlamesFromBeyond","hexamod:SpectralSpark","hexamod:GhostflameBarrier","hexamod:RainOfEmbers","hexamod:RadiantFlame","hexamod:FastForward","hexamod:NightmareGuise","hexamod:ForkedFlame+1","hexamod:HauntingEcho+1","hexamod:EtherealExpedition+1","hexamod:TimeWarp","hexamod:Rewind","hexamod:SuperheatedStrike","hexamod:DynamicBlow+1","expansioncontent:QuickStudy+1","hexamod:GhostOfSpireFuture","hexamod:TimeOfNeed","hexamod:FastForward+1","hexamod:PowerFromBeyond+1","hexamod:GhostOfSpirePresent+1","hexamod:GhostShield","expansioncontent:QuickStudy","hexamod:EmpoweredFlame+1","hexamod:PhantomCloak+1","hexamod:ExtraCrispy"],"relics":["hexamod:SpiritBrand","HornCleat","Regal Pillow","Juzu Bracelet","Sling","PreservedInsect","hexamod:TheBrokenSeal","bronze:MakeshiftBattery","downfall:HeartBlessingRed","downfall:HeartBlessingGreen","Gambling Chip","Blue Candle","Ornamental Fan","Bag of Marbles","InkBottle","Happy Flower","Matryoshka","Sozu","Meat on the Bone","Strawberry","downfall:HeartBlessingBlue","Calipers","Torii","Oddly Smooth Stone","Cauldron"],"acts_visited":["Exordium","TheCity","TheBeyond","TheEnding"],"potions_floor_usage":[9,11,22,23,33,56,56],"damage_taken":[{"damage":10,"enemies":"2 Louse","floor":2,"turns":3},{"damage":6,"enemies":"Cultist","floor":3,"turns":4},{"damage":2,"enemies":"Small Slimes","floor":4,"turns":3},{"damage":12,"enemies":"Lagavulin","floor":6,"turns":7},{"damage":10,"enemies":"2 Fungi Beasts","floor":7,"turns":9},{"damage":0,"enemies":"downfall:FleeingMerchant","floor":8,"turns":4},{"damage":0,"enemies":"2 Fungi Beasts","floor":9,"turns":4},{"damage":37,"enemies":"3 Sentries","floor":10,"turns":10},{"damage":1,"enemies":"Large Slime","floor":11,"turns":5},{"damage":25,"enemies":"3 Louse","floor":13,"turns":6},{"damage":1,"enemies":"Lots of Slimes","floor":15,"turns":4},{"damage":0,"enemies":"SI_SHIV_ARCHETYPE","floor":16,"turns":6},{"damage":0,"enemies":"3 Byrds","floor":19,"turns":4},{"damage":0,"enemies":"downfall:FleeingMerchant","floor":20,"turns":4},{"damage":2,"enemies":"Colosseum Nobs","floor":22,"turns":3},{"damage":4,"enemies":"Slavers","floor":23,"turns":3},{"damage":0,"enemies":"Shell Parasite","floor":26,"turns":3},{"damage":0,"enemies":"Shelled Parasite and Fungi","floor":27,"turns":3},{"damage":0,"enemies":"Gremlin Leader","floor":28,"turns":4},{"damage":0,"enemies":"downfall:FleeingMerchant","floor":29,"turns":3},{"damage":0,"enemies":"Centurion and Healer","floor":30,"turns":4},{"damage":0,"enemies":"Cultist and Chosen","floor":32,"turns":3},{"damage":37,"enemies":"IC_MUSHROOM_ARCHETYPE","floor":33,"turns":6},{"damage":0,"enemies":"3 Shapes","floor":36,"turns":3},{"damage":0,"enemies":"Orb Walker","floor":37,"turns":2},{"damage":3,"enemies":"Maw","floor":38,"turns":5},{"damage":0,"enemies":"Transient","floor":39,"turns":5},{"damage":27,"enemies":"Giant Head","floor":42,"turns":6},{"damage":25,"enemies":"Jaw Worm Horde","floor":44,"turns":3},{"damage":7,"enemies":"Nemesis","floor":48,"turns":4},{"damage":0,"enemies":"Writhing Mass","floor":49,"turns":3},{"damage":88,"enemies":"DF_ARCHETYPE_ORBS","floor":50,"turns":9},{"damage":50,"enemies":"downfall:CharBossMerchant","floor":52,"turns":8},{"damage":7,"enemies":"downfall:NeowBoss","floor":55,"turns":13},{"damage":149,"enemies":"downfall:NeowBossFinal","floor":56,"turns":5}],"seed_played":"-7508387092298385923","potions_obtained":[{"floor":4,"key":"LiquidBronze"},{"floor":6,"key":"DistilledChaos"},{"floor":10,"key":"DistilledChaos"},{"floor":11,"key":"SpeedPotion"},{"floor":11,"key":"bronze:BurnAndBuffPotion"},{"floor":13,"key":"SkillPotion"},{"floor":16,"key":"AttackPotion"},{"floor":23,"key":"hexamod:SoulburnPotion"},{"floor":28,"key":"BlessingOfTheForge"},{"floor":30,"key":"Strength Potion"},{"floor":33,"key":"SpeedPotion"}],"is_trial":false,"path_per_floor":["R","M","M","M","?","E","MIM","$","M","E","M","R","M","?","M","B",null,"R","M","$","?","?","E","T","?","M","M","E","$","M","?","M","B",null,"R","M","M","M","M","R","T","E","R","M","R","?","?","E","M","B",null,"E","$","R","B","B"],"character_chosen":"THE_SPIRIT","items_purchased":["hexamod:HauntingEcho","expansioncontent:Chronoboost","Sling","Matryoshka","expansioncontent:QuickStudy","Oddly Smooth Stone","Cauldron","hexamod:ExtraCrispy"],"campfire_rested":3,"item_purchase_floors":[8,8,8,29,29,53,53,53],"current_hp_per_floor":[70,60,61,66,63,58,55,55,55,25,31,67,80,80,79,79,80,80,80,80,80,78,74,74,74,74,74,74,74,74,74,74,37,80,80,80,80,77,77,77,77,57,67,54,97,97,97,90,90,14,97,59,59,97,90,0,0,0],"gold":22,"neow_bonus":"ONE_RANDOM_RARE_CARD","is_daily":false,"chose_seed":false,"campfire_upgraded":4,"win_rate":0.0,"timestamp":1611912982,"path_taken":["R","M","M","M","?","E","MIM","$","M","E","M","R","M","?","M","BOSS","R","M","$","?","?","E","T","?","M","M","E","$","M","?","M","BOSS","R","M","M","M","M","R","T","E","R","M","R","?","?","E","M","BOSS","E","$","R","BOSS","BOSS"],"items_purchased_type":["Card","Card","Relic","Relic","Card","Relic","Relic","Card"],"build_version":"2020-12-22","purchased_purges":2,"victory":false,"max_hp_per_floor":[70,70,70,70,70,70,70,70,70,70,70,70,80,80,80,80,80,80,80,80,80,80,80,80,80,80,80,80,80,80,80,80,80,80,80,80,80,80,80,80,80,87,97,97,97,97,97,97,97,97,97,97,97,97,97,97,97,97],"card_choices":[{"not_picked":["hexamod:ThirdSeal","hexamod:FourthSeal"],"picked":"hexamod:FirstSeal","floor":2},{"not_picked":["hexamod:InspiringFlames","hexamod:HeatMetal"],"picked":"hexamod:SwordOfDarkness","floor":2},{"not_picked":["hexamod:FourthSeal","hexamod:FirstSeal"],"picked":"hexamod:SecondSeal","floor":3},{"not_picked":["hexamod:GhostShield","hexamod:PhantomFireball"],"picked":"hexamod:FastForward","floor":3},{"not_picked":["hexamod:SwordOfDarkness","hexamod:ThermalTransfer","hexamod:FlamesFromBeyond"],"picked":"SKIP","floor":4},{"not_picked":["hexamod:SecondSeal","hexamod:FirstSeal"],"picked":"hexamod:ThirdSeal","floor":6},{"not_picked":["hexamod:SearingWound","hexamod:FlamesFromBeyond","hexamod:InspiringFlames"],"picked":"SKIP","floor":6},{"not_picked":["hexamod:InspiringFlames","hexamod:HeatShield"],"picked":"hexamod:StepThrough","floor":7},{"not_picked":["hexamod:SecondSeal","hexamod:FirstSeal"],"picked":"hexamod:FourthSeal","floor":8},{"not_picked":["hexamod:FlamesFromBeyond","hexamod:SpectralAdrenaline","hexamod:Firestarter"],"picked":"SKIP","floor":8},{"not_picked":["hexamod:ShieldOfDarkness","hexamod:HauntingEcho"],"picked":"hexamod:Hexaguard","floor":9},{"not_picked":["hexamod:Again","hexamod:GhostOfSpireFuture"],"picked":"hexamod:FlamesFromBeyond","floor":9},{"not_picked":["hexamod:FourthSeal","hexamod:ThirdSeal"],"picked":"hexamod:SixthSeal","floor":10},{"not_picked":["hexamod:StepThrough","hexamod:HauntingEcho"],"picked":"hexamod:SpectralSpark","floor":10},{"not_picked":["hexamod:Again","hexamod:ShieldOfDarkness"],"picked":"hexamod:GhostflameBarrier","floor":11},{"not_picked":["hexamod:BurningTouch","hexamod:GhostLash"],"picked":"hexamod:RainOfEmbers","floor":11},{"not_picked":["hexamod:HeatMetal","hexamod:InspiringFlames"],"picked":"hexamod:RadiantFlame","floor":13},{"not_picked":["hexamod:FlamesFromBeyond","hexamod:Firestarter"],"picked":"hexamod:NightmareGuise","floor":15},{"not_picked":["hexamod:TimeWarp","hexamod:TurnItUp"],"picked":"hexamod:ForkedFlame","floor":16},{"not_picked":["hexamod:HeatMetal","hexamod:FourthSeal","hexamod:SuperheatedStrike+1"],"picked":"SKIP","floor":19},{"not_picked":["hexamod:GhostLash","hexamod:ShieldOfDarkness"],"picked":"hexamod:HauntingEcho+1","floor":20},{"not_picked":["hexamod:NightmareStrike+1","hexamod:GhostOfSpirePast"],"picked":"hexamod:EtherealExpedition+1","floor":22},{"not_picked":["hexamod:FourthSeal","hexamod:SecondSeal"],"picked":"hexamod:TimeWarp","floor":23},{"not_picked":["hexamod:ThirdSeal","hexamod:Firestarter","hexamod:BacktrackSmack"],"picked":"SKIP","floor":26},{"not_picked":["hexamod:PhantomFireball","hexamod:BacktrackSmack"],"picked":"hexamod:Rewind","floor":27},{"not_picked":["hexamod:Firestarter","hexamod:FifthSeal"],"picked":"hexamod:SuperheatedStrike","floor":28},{"not_picked":["hexamod:ChargedBarrage","hexamod:ThermalTransfer"],"picked":"hexamod:DynamicBlow+1","floor":29},{"not_picked":["hexamod:HeatMetal","hexamod:SwordOfDarkness"],"picked":"hexamod:GhostOfSpireFuture","floor":30},{"not_picked":["hexamod:HeatMetal+1","hexamod:FastForward","hexamod:SpectersWail"],"picked":"SKIP","floor":32},{"not_picked":["hexamod:UnleashSpirits","hexamod:GiftsFromTheDead"],"picked":"hexamod:TimeOfNeed","floor":33},{"not_picked":["hexamod:FirstSeal","hexamod:EtherealExpedition"],"picked":"hexamod:FastForward+1","floor":36},{"not_picked":["hexamod:FastForward+1","hexamod:FourthSeal"],"picked":"hexamod:PowerFromBeyond+1","floor":37},{"not_picked":["hexamod:SpectersWail","hexamod:HeatMetal","hexamod:AdvancingGuard"],"picked":"SKIP","floor":38},{"not_picked":["hexamod:SpectersWail+1","hexamod:SuperheatedStrike","hexamod:NightmareStrike"],"picked":"SKIP","floor":39},{"not_picked":["hexamod:NecessarySacrifice","hexamod:Rewind+1"],"picked":"hexamod:GhostOfSpirePresent","floor":42},{"not_picked":["hexamod:Firestarter+1","hexamod:PowerFromBeyond"],"picked":"hexamod:GhostShield","floor":44},{"not_picked":["expansioncontent:StudyTheSpire","expansioncontent:LastStand"],"picked":"expansioncontent:QuickStudy","floor":46},{"not_picked":["hexamod:BurningTouch+1","hexamod:FirstSeal"],"picked":"hexamod:EmpoweredFlame+1","floor":48},{"not_picked":["hexamod:DynamicBlow+1","hexamod:RecurringNightmare+1"],"picked":"hexamod:PhantomCloak+1","floor":49},{"not_picked":["hexamod:SpectersWail+1","hexamod:RainOfEmbers","hexamod:EtherealExpedition"],"picked":"SKIP","floor":52}],"player_experience":2223147,"relics_obtained":[{"floor":6,"key":"Regal Pillow"},{"floor":7,"key":"Juzu Bracelet"},{"floor":10,"key":"PreservedInsect"},{"floor":22,"key":"Gambling Chip"},{"floor":22,"key":"Blue Candle"},{"floor":23,"key":"Ornamental Fan"},{"floor":24,"key":"Bag of Marbles"},{"floor":28,"key":"Happy Flower"},{"floor":41,"key":"Meat on the Bone"},{"floor":42,"key":"Strawberry"},{"floor":48,"key":"Calipers"},{"floor":52,"key":"Torii"}],"event_choices":[{"damage_healed":0,"gold_gain":0,"player_choice":"Success","damage_taken":3,"relics_obtained":["HornCleat"],"max_hp_gain":0,"max_hp_loss":0,"event_name":"Scrap Ooze","floor":5,"gold_loss":0},{"damage_healed":0,"gold_gain":0,"player_choice":"Ignored","damage_taken":0,"max_hp_gain":0,"max_hp_loss":0,"event_name":"Vampires","floor":21,"gold_loss":0},{"damage_healed":0,"gold_gain":0,"player_choice":"Stole Relic","damage_taken":0,"relics_obtained":["InkBottle"],"max_hp_gain":0,"max_hp_loss":0,"event_name":"Addict","floor":25,"gold_loss":0,"cards_obtained":["Pride"]}],"is_beta":false,"boss_relics":[{"not_picked":["Pandora\u0027s Box","Tiny House"],"picked":"bronze:MakeshiftBattery"},{"not_picked":["Coffee Dripper","Calling Bell"],"picked":"Sozu"}],"items_purged_floors":[29,53],"is_endless":false,"potions_floor_spawned":[4,6,11,13,15,16,23,28,30,32,33,36,37,39],"killed_by":"downfall:NeowBossFinal","ascension_level":1}}