{"host":"pwjf0l6xyqjk5jnq","time":1611899104,"event":{"mods":["BaseMod","Hubris","Minty Spire (QoL Compilation)","Quarter Circle Forward PUNCH!","Replay The Spire","Spire Arcade","StSLib","The Construct","Wandering Minibosses"],"gold_per_floor":[113,113,128,141,141,141,141,141],"floor_reached":7,"language":"ENG","playtime":359,"items_purged":[],"score":66,"play_id":"50d52509-eea6-4b4f-9075-99b3fcc061bc","local_time":"20210129164504","is_ascension_mode":true,"campfire_choices":[{"data":"construct:GuardCore","floor":6,"key":"SMITH"}],"circlet_count":0,"master_deck":["AscendersBane","construct:Strike_Gold","construct:Strike_Gold","construct:Strike_Gold","construct:Strike_Gold","construct:Defend_Gold","construct:Defend_Gold","construct:Defend_Gold","construct:Defend_Gold","construct:AttackMode","construct:DefenseMode","construct:GuardCore+1","construct:ForceCore"],"relics":["construct:ClockworkPhoenix","MealTicket"],"acts_visited":["Exordium"],"potions_floor_usage":[4,7],"damage_taken":[{"damage":2,"enemies":"2 Louse","floor":1,"turns":4},{"damage":6,"enemies":"Cultist","floor":3,"turns":3},{"damage":5,"enemies":"Small Slimes","floor":4,"turns":3},{"damage":60,"enemies":"3 Sentries","floor":7,"turns":14}],"seed_played":"-7414971733830303330","potions_obtained":[{"floor":1,"key":"FearPotion"},{"floor":4,"key":"Venom Potion"}],"is_trial":false,"path_per_floor":["M","?","M","M","?","R","E"],"character_chosen":"THE_CONSTRUCT_MOD","items_purchased":[],"campfire_rested":0,"item_purchase_floors":[],"current_hp_per_floor":[75,75,69,64,64,64,4,4],"gold":141,"neow_bonus":"RANDOM_COMMON_RELIC","is_daily":false,"chose_seed":false,"campfire_upgraded":1,"win_rate":0.0,"timestamp":1611899104,"path_taken":["M","?","M","?","?","R","E"],"items_purchased_type":[],"build_version":"2020-12-22","purchased_purges":0,"victory":false,"max_hp_per_floor":[85,85,85,85,85,85,85,85],"card_choices":[{"not_picked":["construct:Backfire","construct:ShiftGuard"],"picked":"construct:GuardCore","floor":1},{"not_picked":["construct:FierceBash","construct:SuppressiveFire","construct:ElectricArmor"],"picked":"SKIP","floor":3},{"not_picked":["construct:SyphonStrike","construct:UnbalancingBlast"],"picked":"construct:ForceCore","floor":4}],"player_experience":1277973,"relics_obtained":[],"event_choices":[{"cards_removed":["construct:Strike_Gold"],"damage_healed":0,"gold_gain":0,"player_choice":"Purged","damage_taken":0,"max_hp_gain":0,"max_hp_loss":0,"event_name":"Purifier","floor":2,"gold_loss":0}],"is_beta":false,"boss_relics":[],"items_purged_floors":[],"is_endless":false,"potions_floor_spawned":[1,4],"killed_by":"3 Sentries","ascension_level":12}}