{"host":"6xsbn6ynqlzwllfm","time":1611936627,"event":{"mods":["2.2 Compatiblity","BaseMod","Bestiary","Colored Map","Colored Powertips","Curses Come First","Highlight Path","Keyboard Shortcuts","Minty Spire (QoL Compilation)","Relic Stats","Slay the Relics Exporter","StSLib","SuperFastMode"],"gold_per_floor":[110,110,60,75,75,118,132,176,176,176,190,190,190,228,228,354,354,373,424,442,466,21,21,55,55,136,150,50,50,15,15,15,140,140,165,180,203,10,29,67,67,67,67],"floor_reached":42,"language":"ENG","playtime":2142,"items_purged":["Strike_P","Strike_P","Defend_P"],"score":835,"play_id":"013466eb-e714-4f01-9bf3-6c3d3c73701e","local_time":"20210129111027","is_ascension_mode":true,"campfire_choices":[{"data":"BattleHymn","floor":13,"key":"SMITH"},{"data":"ReachHeaven","floor":15,"key":"SMITH"},{"data":"Vigilance","floor":23,"key":"SMITH"},{"data":"WheelKick","floor":25,"key":"SMITH"},{"data":"EmptyFist","floor":29,"key":"SMITH"},{"data":"Wallop","floor":32,"key":"SMITH"},{"data":"Establishment","floor":41,"key":"SMITH"}],"circlet_count":0,"master_deck":["AscendersBane","Defend_P","Defend_P+1","Eruption","Vigilance+1","CutThroughFate+1","ReachHeaven+1","EmptyFist+1","BattleHymn+1","DeceiveReality","Conclude","CutThroughFate","JustLucky","Establishment+1","InnerPeace+1","WheelKick+1","LikeWater+1","Protect+1","LessonLearned","Crescendo+1","Wallop+1","Blasphemy+1","FlurryOfBlows","Protect+1","WaveOfTheHand+1"],"relics":["HolyWater","Art of War","Golden Idol","Tiny Chest","Mango","Shuriken","Sundial","HornCleat","Coffee Dripper","Orichalcum","Toxic Egg 2","Centennial Puzzle","Bottled Flame","Kunai"],"acts_visited":["Exordium","TheCity","TheBeyond"],"potions_floor_usage":[16,16,24,33,40,40],"damage_taken":[{"damage":8,"enemies":"Small Slimes","floor":1,"turns":4},{"damage":2,"enemies":"Jaw Worm","floor":4,"turns":3},{"damage":9,"enemies":"3 Sentries","floor":6,"turns":6},{"damage":9,"enemies":"2 Louse","floor":7,"turns":2},{"damage":16,"enemies":"Gremlin Nob","floor":8,"turns":3},{"damage":6,"enemies":"Looter","floor":11,"turns":3},{"damage":0,"enemies":"Lagavulin","floor":14,"turns":7},{"damage":0,"enemies":"Hexaghost","floor":16,"turns":4},{"damage":4,"enemies":"Chosen","floor":18,"turns":3},{"damage":6,"enemies":"Shell Parasite","floor":20,"turns":3},{"damage":22,"enemies":"Snake Plant","floor":21,"turns":4},{"damage":10,"enemies":"Gremlin Leader","floor":24,"turns":6},{"damage":3,"enemies":"Shelled Parasite and Fungi","floor":27,"turns":4},{"damage":13,"enemies":"Automaton","floor":33,"turns":7},{"damage":0,"enemies":"3 Darklings","floor":35,"turns":4},{"damage":0,"enemies":"3 Shapes","floor":36,"turns":4},{"damage":0,"enemies":"Spire Growth","floor":37,"turns":4},{"damage":0,"enemies":"Maw","floor":39,"turns":5},{"damage":7,"enemies":"Reptomancer","floor":40,"turns":6},{"damage":64,"enemies":"Nemesis","floor":42,"turns":4}],"seed_played":"-2791192649587657035","potions_obtained":[{"floor":7,"key":"Weak Potion"},{"floor":11,"key":"LiquidMemories"},{"floor":14,"key":"Energy Potion"},{"floor":21,"key":"StancePotion"},{"floor":24,"key":"ColorlessPotion"},{"floor":36,"key":"Block Potion"},{"floor":39,"key":"StancePotion"}],"is_trial":false,"path_per_floor":["M","?","?","M","?","E","M","E","T","?","M","?","R","E","R","B",null,"M","T","M","M","$","R","E","R","T","M","$","R","$","?","R","B",null,"M","M","M","$","M","E","R","E"],"character_chosen":"WATCHER","items_purchased":["Toxic Egg 2","Protect+1","LessonLearned","Wallop","WaveOfTheHand+1"],"campfire_rested":0,"item_purchase_floors":[22,22,22,30,38],"current_hp_per_floor":[57,57,57,55,55,46,37,35,35,35,29,22,22,22,22,22,66,62,62,56,34,34,34,24,24,24,21,21,21,21,48,48,35,70,70,70,70,70,70,63,63,0,0],"gold":67,"neow_bonus":"RANDOM_COMMON_RELIC","is_daily":false,"chose_seed":false,"campfire_upgraded":7,"win_rate":0.0,"timestamp":1611936627,"path_taken":["M","?","?","M","?","E","M","E","T","?","?","?","R","E","R","BOSS","M","?","M","M","$","R","E","R","T","M","?","R","$","?","R","BOSS","M","M","M","$","M","E","R","E"],"items_purchased_type":["Relic","Card","Card","Card","Card"],"build_version":"2020-12-22","purchased_purges":3,"victory":false,"max_hp_per_floor":[72,67,67,67,67,67,67,81,81,81,81,81,81,81,81,81,81,81,81,81,81,81,81,81,81,81,81,81,81,81,81,81,81,81,81,81,81,81,81,81,81,81,81],"relic_stats":{"Centennial Puzzle":[12],"counters":[20,86],"Golden Idol":133,"Shuriken":[42],"Sundial":[8],"Tiny Chest":1,"Art of War":[7],"Kunai":[5],"Orichalcum":[42],"obtain_stats":[{"Golden Idol":2,"Mango":8,"Orichalcum":19,"Centennial Puzzle":24,"Bottled Flame":26,"HornCleat":14,"Shuriken":9,"Sundial":10,"HolyWater":34,"Tiny Chest":6,"Art of War":0,"Coffee Dripper":17,"Kunai":40,"PureWater":0,"Toxic Egg 2":22},{"Golden Idol":1,"Mango":5,"Orichalcum":9,"Centennial Puzzle":12,"Bottled Flame":12,"HornCleat":7,"Shuriken":5,"Sundial":5,"HolyWater":14,"Tiny Chest":3,"Art of War":0,"Coffee Dripper":8,"Kunai":19,"PureWater":0,"Toxic Egg 2":11},{"Golden Idol":4,"Mango":18,"Orichalcum":35,"Centennial Puzzle":48,"Bottled Flame":48,"HornCleat":28,"Shuriken":18,"Sundial":18,"HolyWater":59,"Tiny Chest":13,"Art of War":0,"Coffee Dripper":32,"Kunai":82,"PureWater":0,"Toxic Egg 2":42}]},"card_choices":[{"not_picked":["Crescendo","Protect"],"picked":"CutThroughFate","floor":1},{"not_picked":["Pray","SashWhip"],"picked":"ReachHeaven","floor":4},{"not_picked":["Protect","MasterReality"],"picked":"BattleHymn","floor":6},{"not_picked":["EmptyBody","WreathOfFlame"],"picked":"DeceiveReality","floor":7},{"not_picked":["FollowUp","EmptyBody"],"picked":"Conclude","floor":8},{"not_picked":["BowlingBash","DeceiveReality"],"picked":"CutThroughFate","floor":11},{"not_picked":["Swivel","Wish"],"picked":"JustLucky","floor":14},{"not_picked":["SpiritShield","Alpha"],"picked":"Establishment","floor":16},{"not_picked":["FlyingSleeves+1","Consecrate"],"picked":"InnerPeace+1","floor":18},{"not_picked":["Nirvana","EmptyBody"],"picked":"WheelKick","floor":20},{"not_picked":["CarveReality","ThirdEye+1"],"picked":"LikeWater+1","floor":21},{"not_picked":["ForeignInfluence+1","SandsOfTime"],"picked":"Crescendo+1","floor":24},{"not_picked":["Alpha+1","Omniscience+1"],"picked":"Blasphemy+1","floor":33},{"not_picked":["Evaluate+1","Vengeance+1"],"picked":"FlurryOfBlows","floor":35},{"not_picked":["CrushJoints+1","ThirdEye+1"],"picked":"Protect+1","floor":36}],"player_experience":1216978,"relics_obtained":[{"floor":6,"key":"Tiny Chest"},{"floor":8,"key":"Mango"},{"floor":9,"key":"Shuriken"},{"floor":14,"key":"HornCleat"},{"floor":19,"key":"Orichalcum"},{"floor":24,"key":"Centennial Puzzle"},{"floor":26,"key":"Bottled Flame"},{"floor":40,"key":"Kunai"}],"event_choices":[{"damage_healed":0,"gold_gain":0,"player_choice":"Lose Max HP","damage_taken":0,"relics_obtained":["Golden Idol"],"max_hp_gain":0,"max_hp_loss":5,"event_name":"Golden Idol","floor":2,"gold_loss":0},{"cards_removed":["Strike_P"],"damage_healed":0,"gold_gain":0,"player_choice":"Card Removal","damage_taken":0,"max_hp_gain":0,"max_hp_loss":0,"event_name":"The Cleric","floor":3,"gold_loss":50},{"damage_healed":0,"gold_gain":0,"cards_transformed":["Defend_P"],"player_choice":"Change","damage_taken":0,"max_hp_gain":0,"max_hp_loss":0,"event_name":"Living Wall","floor":5,"gold_loss":0,"cards_obtained":["EmptyFist"]},{"damage_healed":0,"gold_gain":0,"player_choice":"Gave Potion","damage_taken":0,"relics_obtained":["Sundial"],"max_hp_gain":0,"max_hp_loss":0,"event_name":"WeMeetAgain","floor":10,"gold_loss":0},{"cards_removed":["Strike_P"],"damage_healed":0,"gold_gain":0,"player_choice":"Card Removal","damage_taken":7,"max_hp_gain":0,"max_hp_loss":0,"event_name":"Golden Wing","floor":12,"gold_loss":0},{"damage_healed":27,"gold_gain":0,"player_choice":"Heal","damage_taken":0,"max_hp_gain":0,"max_hp_loss":0,"event_name":"The Library","floor":31,"gold_loss":0}],"is_beta":false,"boss_relics":[{"not_picked":["Empty Cage","Pandora\u0027s Box"],"picked":"Coffee Dripper"},{"not_picked":["VioletLotus","Cursed Key"],"picked":"HolyWater"}],"items_purged_floors":[22,28,38],"is_endless":false,"potions_floor_spawned":[7,11,14,21,24,36,39],"killed_by":"Nemesis","ascension_level":11}}