{"host":"2j7k79oxv8es4yqd","time":1611936073,"event":{"mods":["BaseMod","Minty Spire (QoL Compilation)","Permanent Neow","Reliquary","StSLib"],"gold_per_floor":[115,125,142,161,236,262,278,278,303,314,498,517,403,446,446,541,541,562,571,586,685,685,685,703,703,703,603,603,603],"floor_reached":28,"language":"ZHS","playtime":1341,"items_purged":["Doubt","Strike_G"],"score":253,"play_id":"55f22a69-3940-4976-aa7a-538f29c0e1ac","local_time":"20210130000113","is_ascension_mode":false,"campfire_choices":[{"floor":8.0,"key":"REST"},{"floor":15.0,"key":"RECALL"},{"data":"Flechettes","floor":23,"key":"SMITH"},{"data":"Backflip","floor":25,"key":"SMITH"}],"circlet_count":0,"master_deck":["Strike_G","Strike_G","Defend_G","Defend_G","Defend_G","Defend_G","Defend_G","Survivor","Neutralize","Backflip","Flechettes+1","PiercingWail","Dagger Throw","Quick Slash","Backflip+1","Dagger Throw","PiercingWail+1","Glass Knife","Neutralize","Dagger Throw"],"relics":["HoveringKite","Blue Candle","CeramicFish","Juzu Bracelet","Philosopher\u0027s Stone"],"acts_visited":["Exordium","TheCity"],"potions_floor_usage":[28],"damage_taken":[{"damage":0.0,"enemies":"Jaw Worm","floor":1.0,"turns":6.0},{"damage":0.0,"enemies":"Small Slimes","floor":2.0,"turns":4.0},{"damage":0.0,"enemies":"Cultist","floor":3.0,"turns":4.0},{"damage":2.0,"enemies":"Looter","floor":4.0,"turns":4.0},{"damage":38.0,"enemies":"Gremlin Nob","floor":6.0,"turns":6.0},{"damage":7.0,"enemies":"Gremlin Gang","floor":7.0,"turns":5.0},{"damage":4.0,"enemies":"Exordium Thugs","floor":10.0,"turns":6.0},{"damage":5.0,"enemies":"Blue Slaver","floor":12.0,"turns":4.0},{"damage":0.0,"enemies":"3 Sentries","floor":14.0,"turns":7.0},{"damage":11.0,"enemies":"Slime Boss","floor":16.0,"turns":12.0},{"damage":22.0,"enemies":"Spheric Guardian","floor":18.0,"turns":4.0},{"damage":5.0,"enemies":"Shell Parasite","floor":20.0,"turns":5.0},{"damage":48,"enemies":"Gremlin Leader","floor":28,"turns":6}],"seed_played":"-3690040754061675901","potions_obtained":[{"floor":4.0,"key":"EntropicBrew"},{"floor":7.0,"key":"DistilledChaos"},{"floor":10.0,"key":"BlessingOfTheForge"},{"floor":12.0,"key":"Strength Potion"},{"floor":14.0,"key":"BlessingOfTheForge"},{"floor":20.0,"key":"BlessingOfTheForge"}],"is_trial":false,"path_per_floor":["M","M","M","M","?","E","M","R","T","M","?","M","$","E","R","B",null,"M","?","M","?","?","R","?","R","T","$","E"],"character_chosen":"THE_SILENT","items_purchased":["Backflip"],"campfire_rested":1,"item_purchase_floors":[13],"current_hp_per_floor":[70,70,70,68,57,19,12,33,33,29,29,24,24,24,24,13,70,48,48,43,43,43,43,43,43,43,43,0,0],"gold":603,"neow_bonus":"BOSS_RELIC","is_daily":false,"chose_seed":false,"campfire_upgraded":2,"win_rate":0.0,"timestamp":1611936073,"path_taken":["M","M","M","M","?","E","M","R","T","M","?","M","$","E","R","BOSS","M","?","M","?","?","R","?","R","T","?","E"],"items_purchased_type":["Card"],"build_version":"2020-12-22","purchased_purges":2,"victory":false,"max_hp_per_floor":[70,70,70,70,70,70,70,70,70,70,70,70,70,70,70,70,70,70,70,70,70,70,70,70,70,70,70,70,70],"card_choices":[{"not_picked":["Cloak And Dagger","Bane"],"picked":"Backflip","floor":1.0},{"not_picked":["Noxious Fumes","Deadly Poison"],"picked":"Flechettes","floor":2.0},{"not_picked":["Prepared","Dagger Spray"],"picked":"PiercingWail","floor":3.0},{"not_picked":["Choke","Eviscerate"],"picked":"Dagger Throw","floor":4.0},{"not_picked":["Dagger Spray","Expertise"],"picked":"Quick Slash","floor":6.0},{"not_picked":["Storm of Steel","Well Laid Plans","Deadly Poison"],"picked":"SKIP","floor":7.0},{"not_picked":["Caltrops","Poisoned Stab","Calculated Gamble"],"picked":"SKIP","floor":10.0},{"not_picked":["Blade Dance","Sucker Punch","Slice"],"picked":"SKIP","floor":12.0},{"not_picked":["Calculated Gamble","Bane"],"picked":"Dagger Throw","floor":14.0},{"not_picked":["Sucker Punch","Well Laid Plans"],"picked":"PiercingWail+1","floor":18.0},{"not_picked":["PiercingWail+1","Infinite Blades","Slice"],"picked":"SKIP","floor":20.0}],"player_experience":521852,"relics_obtained":[{"floor":6.0,"key":"Blue Candle"},{"floor":9.0,"key":"CeramicFish"},{"floor":14.0,"key":"Juzu Bracelet"}],"event_choices":[{"damage_healed":0.0,"max_hp_gain":0.0,"max_hp_loss":0.0,"gold_gain":75.0,"event_name":"World of Goop","player_choice":"Gather Gold","floor":5.0,"gold_loss":0.0,"damage_taken":11.0},{"damage_healed":0.0,"max_hp_gain":0.0,"max_hp_loss":0.0,"gold_gain":175.0,"event_name":"Liars Game","player_choice":"AGREE","floor":11.0,"gold_loss":0.0,"damage_taken":0.0,"cards_obtained":["Doubt"]},{"damage_healed":0.0,"max_hp_gain":0.0,"max_hp_loss":0.0,"gold_gain":0.0,"cards_transformed":["Strike_G"],"event_name":"Transmorgrifier","player_choice":"Transformed","floor":19.0,"gold_loss":0.0,"damage_taken":0.0,"cards_obtained":["Glass Knife"]},{"damage_healed":0.0,"max_hp_gain":0.0,"max_hp_loss":0.0,"gold_gain":99.0,"event_name":"Nest","player_choice":"Stole From Cult","floor":21.0,"gold_loss":0.0,"damage_taken":0.0},{"cards_removed":["Strike_G"],"damage_healed":0,"gold_gain":0,"player_choice":"Purged","damage_taken":0,"max_hp_gain":0,"max_hp_loss":0,"event_name":"Purifier","floor":22,"gold_loss":0},{"damage_healed":0,"gold_gain":0,"player_choice":"2 cards matched","damage_taken":0,"max_hp_gain":0,"max_hp_loss":0,"event_name":"Match and Keep!","floor":24,"gold_loss":0,"cards_obtained":["Neutralize","Dagger Throw"]}],"is_beta":false,"boss_relics":[{"not_picked":["Snecko Eye","reliquary:Ember"],"picked":"Philosopher\u0027s Stone"}],"items_purged_floors":[13,27],"is_endless":false,"potions_floor_spawned":[4,7,10,12,14,20],"killed_by":"Gremlin Leader","ascension_level":0}}