{"host":"qc8p2flj7wsy3zpg","time":1611944570,"event":{"mods":["BaseMod","Highlight Path","Minty Spire (QoL Compilation)","Monster List Patch","Relic Stats","StSLib"],"gold_per_floor":[110,120,136,147,18,18,37,51,78,88,88,88,115,132,132,207,207,227,238,238,22,42,42,42,42],"floor_reached":24,"language":"ENG","playtime":666,"items_purged":[],"score":404,"play_id":"7ec49795-f749-4957-b403-2084979ab02a","local_time":"20210129122250","is_ascension_mode":true,"campfire_choices":[{"data":"Carnage","floor":6.0,"key":"SMITH"},{"floor":12.0,"key":"REST"},{"floor":15.0,"key":"REST"},{"floor":23,"key":"REST"}],"circlet_count":0,"master_deck":["AscendersBane","Strike_R","Strike_R","Strike_R","Strike_R","Defend_R","Defend_R","Defend_R","Defend_R","Bash","Disarm","Carnage+1","Headbutt","Anger","Battle Trance","Thunderclap","Perfected Strike","Double Tap","CurseOfTheBell","Sword Boomerang","Armaments+1","Writhe","Cleave","Exhume"],"relics":["Busted Crown","Nunchaku","Centennial Puzzle","Calling Bell","Toy Ornithopter","Question Card","Thread and Needle","Bronze Scales","Brimstone"],"acts_visited":["Exordium","TheCity"],"potions_floor_usage":[16,22,24],"damage_taken":[{"damage":7.0,"enemies":"Jaw Worm","floor":1.0,"turns":2.0},{"damage":7.0,"enemies":"Cultist","floor":2.0,"turns":4.0},{"damage":7.0,"enemies":"2 Louse","floor":3.0,"turns":3.0},{"damage":14.0,"enemies":"Large Slime","floor":4.0,"turns":6.0},{"damage":0.0,"enemies":"Exordium Thugs","floor":7.0,"turns":3.0},{"damage":24.0,"enemies":"Exordium Wildlife","floor":8.0,"turns":3.0},{"damage":0.0,"enemies":"3 Louse","floor":10.0,"turns":2.0},{"damage":13.0,"enemies":"Lagavulin","floor":13.0,"turns":4.0},{"damage":0.0,"enemies":"Red Slaver","floor":14.0,"turns":3.0},{"damage":34,"enemies":"The Guardian","floor":16,"turns":9},{"damage":21,"enemies":"Spheric Guardian","floor":18,"turns":4},{"damage":10,"enemies":"Chosen","floor":19,"turns":4},{"damage":14,"enemies":"Snake Plant","floor":22,"turns":3},{"damage":48,"enemies":"Slavers","floor":24,"turns":2}],"seed_played":"5144949521609909038","potions_obtained":[{"floor":4.0,"key":"SpeedPotion"},{"floor":10.0,"key":"SpeedPotion"},{"floor":14.0,"key":"Dexterity Potion"},{"floor":18,"key":"ElixirPotion"}],"is_trial":false,"path_per_floor":["M","M","M","M","$","R","M","M","T","M","?","R","E","M","R","B",null,"M","M","?","$","M","R","E"],"character_chosen":"IRONCLAD","items_purchased":["Carnage","Headbutt","Brimstone","Cleave"],"campfire_rested":3,"item_purchase_floors":[5,5,21,21],"current_hp_per_floor":[61,54,47,33,33,33,33,9,9,9,9,31,18,18,40,6,58,37,27,27,27,18,40,0,0],"gold":42,"neow_bonus":"BOSS_RELIC","is_daily":false,"chose_seed":false,"campfire_upgraded":1,"win_rate":0.0,"timestamp":1611944570,"path_taken":["M","M","M","M","$","R","M","M","T","M","?","R","E","M","R","BOSS","M","?","?","$","M","R","E"],"items_purchased_type":["Card","Card","Relic","Card"],"build_version":"2020-12-22","purchased_purges":0,"victory":false,"max_hp_per_floor":[75,75,75,75,75,75,75,75,75,75,75,75,75,75,75,75,75,75,75,75,75,75,75,75,75],"relic_stats":{"Nunchaku":[6],"Centennial Puzzle":[15],"Busted Crown":28,"counters":[14,52],"Bronze Scales":[21],"Question Card":3,"obtain_stats":[{"Calling Bell":17,"Nunchaku":9,"Centennial Puzzle":13,"Busted Crown":0,"Brimstone":21,"Bronze Scales":20,"Thread and Needle":17,"Question Card":17,"Burning Blood":0,"Toy Ornithopter":17},{"Calling Bell":10,"Nunchaku":6,"Centennial Puzzle":8,"Busted Crown":0,"Brimstone":12,"Bronze Scales":12,"Thread and Needle":10,"Question Card":10,"Burning Blood":0,"Toy Ornithopter":10},{"Calling Bell":39,"Nunchaku":21,"Centennial Puzzle":27,"Busted Crown":0,"Brimstone":47,"Bronze Scales":47,"Thread and Needle":39,"Question Card":39,"Burning Blood":0,"Toy Ornithopter":39}],"Toy Ornithopter":10},"card_choices":[{"not_picked":[],"picked":"Disarm","floor":3.0},{"not_picked":[],"picked":"Anger","floor":7.0},{"not_picked":[],"picked":"Battle Trance","floor":8.0},{"not_picked":[],"picked":"Thunderclap","floor":10.0},{"not_picked":[],"picked":"Perfected Strike","floor":13.0},{"not_picked":[],"picked":"Double Tap","floor":16},{"not_picked":["Wild Strike"],"picked":"Sword Boomerang","floor":18},{"not_picked":["True Grit"],"picked":"Armaments+1","floor":19},{"not_picked":["Twin Strike"],"picked":"Exhume","floor":22}],"player_experience":2295585,"relics_obtained":[{"floor":9.0,"key":"Nunchaku"},{"floor":13.0,"key":"Centennial Puzzle"},{"floor":17,"key":"Toy Ornithopter"},{"floor":17,"key":"Question Card"},{"floor":17,"key":"Thread and Needle"}],"event_choices":[{"cards_removed":["Strike_R"],"damage_healed":0.0,"max_hp_gain":0.0,"max_hp_loss":0.0,"gold_gain":0.0,"event_name":"Purifier","player_choice":"Purged","floor":11.0,"gold_loss":0.0,"damage_taken":0.0},{"damage_healed":0,"gold_gain":0,"player_choice":"Opened","damage_taken":0,"relics_obtained":["Bronze Scales"],"max_hp_gain":0,"max_hp_loss":0,"event_name":"The Mausoleum","floor":20,"gold_loss":0,"cards_obtained":["Writhe"]}],"is_beta":false,"boss_relics":[{"not_picked":["Runic Dome","Ectoplasm"],"picked":"Calling Bell"}],"items_purged_floors":[],"is_endless":false,"potions_floor_spawned":[4,10,14,18],"killed_by":"Slavers","ascension_level":20}}