{"host":"y89x8uui45kcjy42","time":1611924880,"event":{"mods":["2.2 Compatiblity","BaseMod","CapriCore","Colored Map","Colored Powertips","Custom Start","Friendly Minions","Keyboard Shortcuts","Marisa£¨Ùöéë¡¡Øª×âÞÞ£©","Minty Spire (QoL Compilation)","Relic Stats","Slay the Relics Exporter","StSLib","SuperFastMode","Uncapped"],"gold_per_floor":[112,112,112,139,174,223,223,223,223,223,310,73,123,181,181,282,282,326,336,61,61,102,102,102,102,102,490,542,542,71,71,71,167,217,252,252,252,302,243,243,243,243,269,302,192,247,82,132,132,132,132,132,87,142,142],"floor_reached":56,"language":"KOR","playtime":1441,"items_purged":["Strike_MRS","Strike_MRS","Defend_MRS","Defend_MRS","Defend_MRS"],"score":2289,"play_id":"166fc8d3-c1ed-415d-9fed-b7759683d9a4","local_time":"20210129215440","is_ascension_mode":true,"campfire_choices":[{"data":"SporeBomb","floor":7,"key":"SMITH"},{"data":"WitchOfGreed","floor":8,"key":"SMITH"},{"data":"DeepEcoloBomb","floor":10,"key":"SMITH"},{"data":"OrrerysSun","floor":15,"key":"SMITH"},{"data":"EnergyFlow","floor":23,"key":"SMITH"},{"data":"EnergyFlow","floor":24,"key":"SMITH"},{"data":"MilkyWay","floor":29,"key":"SMITH"},{"data":"ChargingUp","floor":32,"key":"SMITH"},{"data":"EnergyFlow","floor":40,"key":"SMITH"},{"data":"EnergyFlow","floor":41,"key":"SMITH"},{"data":"MasterSpark","floor":42,"key":"SMITH"},{"floor":49,"key":"RECALL"},{"floor":52,"key":"REST"}],"circlet_count":0,"master_deck":["AscendersBane","Strike_MRS+1","MasterSpark+1","UpSweep+1","WitchOfGreed+1","DeepEcoloBomb+1","Orbital+1","SporeBomb+1","ChargingUp+1","Parasite","Parasite","OrrerysSun+1","EnergyFlow+1","EnergyFlow+1","MilkyWay+1","AbsoluteMagnitude+1","EnergyFlow+1","EnergyFlow+1","OrrerysSun+1","EnergyFlow"],"relics":["BewitchedHakkero","Juzu Bracelet","Question Card","RampagingMagicTools","Unceasing Top","Boot","Gremlin Horn","Calipers","Potion Belt","ShroomBag","Du-Vu Doll","SacredBark","Whetstone","Necronomicon","Lantern","Toxic Egg 2","TheAbacus","Centennial Puzzle","Lee\u0027s Waffle","Bag of Marbles","Tiny House","StoneCalendar","Medical Kit","WingedGreaves","Blood Vial","Thread and Needle","MealTicket","ClockworkSouvenir"],"acts_visited":["Exordium","TheCity","TheBeyond","TheEnding"],"potions_floor_usage":[5,6,6,11,14,14,14,16,16,19,22,28,28,33,38,44,55,55,55],"damage_taken":[{"damage":0,"enemies":"2 Louse","floor":1,"turns":2},{"damage":1,"enemies":"Small Slimes","floor":4,"turns":2},{"damage":5,"enemies":"Jaw Worm","floor":5,"turns":3},{"damage":21,"enemies":"Lagavulin","floor":6,"turns":6},{"damage":34,"enemies":"3 Sentries","floor":11,"turns":6},{"damage":10,"enemies":"The Mushroom Lair","floor":13,"turns":2},{"damage":14,"enemies":"Gremlin Nob","floor":14,"turns":4},{"damage":0,"enemies":"Hexaghost","floor":16,"turns":6},{"damage":11,"enemies":"Spheric Guardian","floor":18,"turns":3},{"damage":6,"enemies":"3 Byrds","floor":19,"turns":3},{"damage":0,"enemies":"Shelled Parasite and Fungi","floor":22,"turns":2},{"damage":43,"enemies":"Book of Stabbing","floor":28,"turns":3},{"damage":20,"enemies":"Collector","floor":33,"turns":4},{"damage":11,"enemies":"Orb Walker","floor":35,"turns":3},{"damage":5,"enemies":"Mind Bloom Boss Battle","floor":38,"turns":3},{"damage":6,"enemies":"Reptomancer","floor":44,"turns":2},{"damage":5,"enemies":"Nemesis","floor":46,"turns":3},{"damage":49,"enemies":"Time Eater","floor":50,"turns":3},{"damage":38,"enemies":"Shield and Spear","floor":54,"turns":4},{"damage":92,"enemies":"The Heart","floor":55,"turns":4}],"seed_played":"-2623059958758729426","potions_obtained":[{"floor":4,"key":"SkillPotion"},{"floor":4,"key":"SpeedPotion"},{"floor":5,"key":"BottledSpark"},{"floor":6,"key":"SkillPotion"},{"floor":11,"key":"EntropicBrew"},{"floor":13,"key":"EssenceOfSteel"},{"floor":14,"key":"Dexterity Potion"},{"floor":16,"key":"SteroidPotion"},{"floor":18,"key":"BottledSpark"},{"floor":19,"key":"ColorlessPotion"},{"floor":28,"key":"Energy Potion"},{"floor":33,"key":"Fruit Juice"},{"floor":33,"key":"Strength Potion"},{"floor":38,"key":"BlessingOfTheForge"},{"floor":44,"key":"Weak Potion"},{"floor":46,"key":"Swift Potion"}],"is_trial":false,"path_per_floor":["M","$","?","M","M","E","R","R","T","R","?","$","?","E","R","B",null,"M","M","$","?","M","R","R","T","T","$","E","R","$","?","R","B",null,"M","?","?","?","$","R","R","R","T","E","?","E","$","?","R","B",null,"R","$","E","B",null],"character_chosen":"MARISA","items_purchased":["Potion Belt","Whetstone","EnergyFlow","MilkyWay","Toxic Egg 2","TheAbacus","PowerPotion","Lee\u0027s Waffle","Bag of Marbles","Medical Kit","StarNLove","ClockworkSouvenir","EnergyFlow"],"campfire_rested":1,"item_purchase_floors":[12,20,20,20,27,27,27,30,30,39,39,47,53],"current_hp_per_floor":[63,63,56,55,50,29,29,29,29,29,5,5,15,5,5,9,55,48,46,46,25,33,33,33,33,33,33,38,38,77,77,77,69,88,85,85,85,84,84,84,84,84,84,84,84,85,92,92,92,43,80,92,92,56,58],"gold":142,"neow_bonus":"RANDOM_COMMON_RELIC","is_daily":false,"chose_seed":false,"campfire_upgraded":11,"win_rate":0.0,"timestamp":1611924880,"path_taken":["M","$","?","M","M","E","R","R","T","R","?","$","?","E","R","BOSS","M","M","$","?","M","R","R","?","T","$","E","R","$","?","R","BOSS","M","?","?","?","$","R","R","R","T","E","?","E","$","?","R","BOSS","R","$","E","BOSS"],"items_purchased_type":["Relic","Relic","Card","Card","Relic","Relic","Potion","Relic","Relic","Relic","Potion","Relic","Card"],"build_version":"2020-12-22","purchased_purges":5,"victory":true,"max_hp_per_floor":[70,70,70,70,70,70,70,70,70,70,70,70,70,70,70,70,70,70,70,70,70,70,70,70,70,70,70,70,70,77,77,77,87,92,92,92,92,92,92,92,92,92,92,92,92,92,92,92,92,92,92,92,92,92,92],"relic_stats":{"Lee\u0027s Waffle":39,"Gremlin Horn":[11,11],"counters":[20,68],"StoneCalendar":[0],"Juzu Bracelet":4,"Whetstone":["UpSweep","Strike_MRS"],"Question Card":19,"Boot":[34],"Medical Kit":[6],"Blood Vial":6,"Centennial Puzzle":[24],"TheAbacus":[36],"MealTicket":7,"Necronomicon":[23],"obtain_stats":[{"Lantern":26,"Calipers":11,"Tiny House":34,"Gremlin Horn":6,"SacredBark":17,"StoneCalendar":38,"Juzu Bracelet":0,"Whetstone":20,"Boot":0,"ClockworkSouvenir":47,"Blood Vial":43,"Centennial Puzzle":28,"TheAbacus":27,"MealTicket":46,"WingedGreaves":7,"Necronomicon":21,"BewitchedHakkero":0,"RampagingMagicTools":0,"Toxic Egg 2":27,"Potion Belt":12,"Lee\u0027s Waffle":30,"Thread and Needle":44,"Omamori":21,"Question Card":0,"Medical Kit":39,"Du-Vu Doll":14,"ShroomBag":13,"Bag of Marbles":30,"MiniHakkero":0,"Unceasing Top":0},{"Lantern":11,"Calipers":5,"Tiny House":13,"Gremlin Horn":4,"SacredBark":8,"StoneCalendar":15,"Juzu Bracelet":0,"Whetstone":10,"Boot":0,"ClockworkSouvenir":17,"Blood Vial":15,"Centennial Puzzle":12,"TheAbacus":11,"MealTicket":17,"WingedGreaves":4,"Necronomicon":10,"BewitchedHakkero":0,"RampagingMagicTools":0,"Toxic Egg 2":11,"Potion Belt":5,"Lee\u0027s Waffle":12,"Thread and Needle":16,"Omamori":10,"Question Card":0,"Medical Kit":15,"Du-Vu Doll":7,"ShroomBag":6,"Bag of Marbles":12,"MiniHakkero":0,"Unceasing Top":0},{"Lantern":39,"Calipers":19,"Tiny House":46,"Gremlin Horn":10,"SacredBark":31,"StoneCalendar":52,"Juzu Bracelet":0,"Whetstone":37,"Boot":0,"ClockworkSouvenir":57,"Blood Vial":52,"Centennial Puzzle":42,"TheAbacus":39,"MealTicket":57,"WingedGreaves":13,"Necronomicon":37,"BewitchedHakkero":0,"RampagingMagicTools":0,"Toxic Egg 2":39,"Potion Belt":19,"Lee\u0027s Waffle":42,"Thread and Needle":54,"Omamori":37,"Question Card":0,"Medical Kit":52,"Du-Vu Doll":25,"ShroomBag":21,"Bag of Marbles":42,"MiniHakkero":0,"Unceasing Top":0}],"Unceasing Top":[4]},"card_choices":[{"not_picked":["AsteroidBelt","EarthLightRay","GravityBeat"],"picked":"WitchOfGreed","floor":1},{"not_picked":["AlicesGift","MagicChant","ChargeUpSpray"],"picked":"DeepEcoloBomb","floor":4},{"not_picked":["GravityBeat","EnergyRecoil","FairyDestructionRay"],"picked":"Orbital","floor":5},{"not_picked":["LuminesStrike","DC","AsteroidBelt"],"picked":"SporeBomb","floor":6},{"not_picked":["GrandCross","EnergyRecoil","MysteriousBeam"],"picked":"ChargingUp","floor":11},{"not_picked":["WitchLeyline","6A","StarBarrage"],"picked":"OrrerysSun","floor":13},{"not_picked":["DC","SprinkleStarSeal","NonDirectionalLaser","UnstableBomb"],"picked":"SKIP","floor":14},{"not_picked":["PowerUp","WitchOfGreed","GalacticHalo+1"],"picked":"EnergyFlow","floor":18},{"not_picked":["DC","MysteriousBeam","NonDirectionalLaser+1"],"picked":"EarthLightRay+1","floor":19},{"not_picked":["Acceleration","LuminesStrike","WitchLeyline","CasketOfStar"],"picked":"SKIP","floor":22},{"not_picked":["WitchLeyline","BlazeAway+1","GrandCross","OpenUniverse+1"],"picked":"SKIP","floor":28},{"not_picked":["TreasureHunter","EscapeVelocity","JA"],"picked":"AbsoluteMagnitude","floor":33},{"not_picked":["SporeBomb+1","UnstableBomb","DC"],"picked":"EnergyFlow","floor":35},{"not_picked":["WitchLeyline","CasketOfStar","GrandCross+1"],"picked":"EnergyFlow","floor":38},{"not_picked":["GasGiant+1","Orbital+1","DC+1","DoubleSpark"],"picked":"SKIP","floor":44},{"not_picked":["WitchLeyline","GravityBeat","NonDirectionalLaser"],"picked":"OrrerysSun+1","floor":46},{"not_picked":["Occultation+1","OneTimeOff+1","MagicChant+1","Acceleration+1"],"picked":"SKIP","floor":54}],"player_experience":740121,"relics_obtained":[{"floor":6,"key":"Gremlin Horn"},{"floor":11,"key":"Calipers"},{"floor":13,"key":"ShroomBag"},{"floor":14,"key":"Du-Vu Doll"},{"floor":21,"key":"Necronomicon"},{"floor":25,"key":"Juzu Bracelet"},{"floor":26,"key":"Lantern"},{"floor":28,"key":"Centennial Puzzle"},{"floor":38,"key":"StoneCalendar"},{"floor":43,"key":"Blood Vial"},{"floor":44,"key":"Thread and Needle"},{"floor":46,"key":"MealTicket"}],"event_choices":[{"cards_removed":["Strike_MRS"],"damage_healed":0,"gold_gain":0,"player_choice":"Card Removal","damage_taken":7,"max_hp_gain":0,"max_hp_loss":0,"event_name":"Golden Wing","floor":3,"gold_loss":0},{"damage_healed":0,"gold_gain":0,"player_choice":"Searched \u00271\u0027 times","damage_taken":0,"max_hp_gain":0,"max_hp_loss":0,"event_name":"Dead Adventurer","floor":11,"gold_loss":0},{"damage_healed":0,"gold_gain":0,"player_choice":"Fought Mushrooms","damage_taken":0,"max_hp_gain":0,"max_hp_loss":0,"event_name":"Mushrooms_MRS","floor":13,"gold_loss":0},{"damage_healed":0,"gold_gain":0,"player_choice":"Obtained Book","damage_taken":21,"max_hp_gain":0,"max_hp_loss":0,"event_name":"Cursed Tome","floor":21,"gold_loss":0},{"damage_healed":0,"gold_gain":0,"player_choice":"Ignored","damage_taken":0,"max_hp_gain":0,"max_hp_loss":0,"event_name":"Fountain of Cleansing","floor":31,"gold_loss":0},{"damage_healed":0,"gold_gain":0,"player_choice":"Upgraded","damage_taken":0,"max_hp_gain":0,"max_hp_loss":0,"event_name":"Upgrade Shrine","floor":36,"gold_loss":0,"cards_upgraded":["AbsoluteMagnitude"]},{"cards_removed":["EarthLightRay"],"damage_healed":0,"gold_gain":0,"player_choice":"Removed Skill","damage_taken":0,"max_hp_gain":0,"max_hp_loss":0,"event_name":"Falling","floor":37,"gold_loss":0},{"damage_healed":0,"gold_gain":0,"player_choice":"Fight","damage_taken":0,"max_hp_gain":0,"max_hp_loss":0,"event_name":"MindBloom","floor":38,"gold_loss":0},{"cards_removed":["Defend_MRS"],"damage_healed":0,"gold_gain":0,"player_choice":"Removal","damage_taken":0,"max_hp_gain":0,"max_hp_loss":0,"event_name":"Designer","floor":45,"gold_loss":110},{"damage_healed":0,"gold_gain":50,"player_choice":"Pray","damage_taken":0,"max_hp_gain":0,"max_hp_loss":0,"event_name":"Golden Shrine","floor":48,"gold_loss":0}],"is_beta":false,"boss_relics":[{"not_picked":["Fusion Hammer","Empty Cage"],"picked":"SacredBark"},{"not_picked":["Sozu","Pandora\u0027s Box"],"picked":"Tiny House"}],"items_purged_floors":[12,20,27,30,39],"is_endless":false,"potions_floor_spawned":[4,14,18,19,33,44,46],"ascension_level":17}}