{"host":"hl3ams4am2ku5u4p","time":1611955488,"event":{"mods":["AchievementEnabler","Act Like it!","Aspiration","BaseMod","Beaked The Cultist","BetterRewards","CatGirl Mod","Colored Map","Colored Powertips","Conspire","Downfall","Energized Spire","Halation","Hallownest","HornydragonMod","Hubris","Infinite Spire","Mad Scientist","Magitek Elite","Minty Spire (QoL Compilation)","READ ME - Guardian Mod","Replay The Spire","Spikes Relics","StSLib","SuperFastMode","The Blackbeard","The Bug Knight","The Construct","The Disciple","The Jungle","The Mystic","The Necromancer","The Senshi"],"gold_per_floor":[111,128,138,158,173,173,201,201,201,201,232,232,232,262,262,362,362,373,120,140,140,140,140,158,158,184,235,190,190,231,231,231,350,350,396,396,396,448,448,448,494,494,518,443,443,443,263,309,309,345],"floor_reached":51,"language":"FRA","playtime":1770,"items_purged":["Strike_R","Strike_R"],"score":1091,"play_id":"04f25782-bd2d-47aa-a3cb-0207f246c0c8","local_time":"20210129222448","is_ascension_mode":true,"campfire_choices":[{"data":"infinitespire:OneForAll","floor":6,"key":"SMITH"},{"data":"ReplayTheSpireMod:Trickstab","floor":8,"key":"SMITH"},{"data":"Flex","floor":10,"key":"SMITH"},{"data":"ReplayTheSpireMod:Muscle Training","floor":15,"key":"SMITH"},{"data":"Sword Boomerang","floor":23,"key":"SMITH"},{"data":"Intimidate","floor":25,"key":"SMITH"},{"data":"Disarm","floor":29,"key":"SMITH"},{"floor":32,"key":"REST"},{"data":"Double Tap","floor":40,"key":"SMITH"},{"data":"infinitespire:Execution","floor":42,"key":"SMITH"},{"data":"Bash","floor":45,"key":"SMITH"},{"floor":49,"key":"REST"}],"circlet_count":0,"master_deck":["Strike_R","Strike_R","Strike_R","Defend_R","Defend_R","Defend_R","Defend_R","Bash+1","infinitespire:OneForAll+1","Flex+1","ReplayTheSpireMod:Trickstab+1","Sword Boomerang+1","Shrug It Off","Disarm+1","Clash","ReplayTheSpireMod:Muscle Training+1","Exhume","Sword Boomerang+1","Intimidate+1","infinitespire:Execution+1","Double Tap+1","Whirlwind+1","Inflame"],"relics":["Burning Blood","Oddly Smooth Stone","Juzu Bracelet","halation:Toothbrush","aspiration:TomeofQuesting","Gem_Box","Matryoshka","Replay:Bandana","ReplayFunnel","aspiration:SeaSaltIceCream","aspiration:Nostalgia","m_DevilBlood","Ooze Armor","Blue Candle","infinitespire:Satchel","Blood Vial","BicycleWheel"],"acts_visited":["Exordium","Hallownest:Greenpath","Hallownest:CityofTears"],"potions_floor_usage":[7,16,50,50,50],"damage_taken":[{"damage":6,"enemies":"Hallownest:2_MossCreeps","floor":1,"turns":5},{"damage":3,"enemies":"Hallownest:monsterHuskWarrior","floor":2,"turns":3},{"damage":5,"enemies":"Hallownest:2_Baldur","floor":3,"turns":4},{"damage":23,"enemies":"Hallownest:Guard_and_Warrior","floor":4,"turns":6},{"damage":1,"enemies":"Hallownest:monsterMossCharger","floor":5,"turns":4},{"damage":3,"enemies":"Hallownest:eliteCrystalGuardian","floor":7,"turns":5},{"damage":0,"enemies":"Hallownest:eliteMossKnight","floor":11,"turns":4},{"damage":0,"enemies":"Hallownest:monsterAspidMother","floor":13,"turns":3},{"damage":5,"enemies":"Hallownest:eliteVengeflyKing","floor":14,"turns":5},{"damage":52,"enemies":"Hallownest:BossFalseKnight","floor":16,"turns":9},{"damage":6,"enemies":"Hallownest:Flukemon_and_Top","floor":18,"turns":5},{"damage":3,"enemies":"Hallownest:2_Mistakes","floor":20,"turns":3},{"damage":11,"enemies":"Hallownest:3_Mistakes","floor":24,"turns":8},{"damage":13,"enemies":"conspire:MimicChest","floor":27,"turns":7},{"damage":16,"enemies":"Hallownest:monsterShrumalOgre","floor":30,"turns":3},{"damage":9,"enemies":"Hallownest:BossSoulMaster","floor":33,"turns":8},{"damage":32,"enemies":"Hallownest:3_Siblings","floor":35,"turns":6},{"damage":10,"enemies":"Hallownest:2_Littles","floor":38,"turns":4},{"damage":10,"enemies":"Hallownest:StalkingDevout","floor":41,"turns":5},{"damage":23,"enemies":"Hallownest:eliteHiveKnight","floor":48,"turns":4},{"damage":22,"enemies":"Hallownest:BossHollowKnight","floor":50,"turns":6}],"seed_played":"821055808740002622","potions_obtained":[{"floor":2,"key":"Energy Potion"},{"floor":5,"key":"sneckomod:MuddlingPotion"},{"floor":11,"key":"BlessingOfTheForge"},{"floor":18,"key":"ElixirPotion"},{"floor":30,"key":"DistilledChaos"},{"floor":35,"key":"Regen Potion"},{"floor":38,"key":"HeartOfIron"}],"is_trial":false,"path_per_floor":["M","M","M","M","M","R","E","R","T","R","E","?","M","E","R","B",null,"M","$","M","?","$","R","M","R","T","?","?","R","M","?","R","B",null,"M","?","?","M","?","R","E","R","T","$","R","?","$","E","R","B",null],"character_chosen":"IRONCLAD","items_purchased":["infinitespire:OneForAll","Flex","Oddly Smooth Stone","ReplayTheSpireMod:Trickstab","Matryoshka","Inflame"],"campfire_rested":2,"item_purchase_floors":[0,0,0,0,19,47],"current_hp_per_floor":[64,67,68,51,56,56,59,59,59,59,65,73,79,80,80,34,80,80,80,80,80,80,80,75,75,75,68,68,68,58,38,62,59,80,54,62,57,53,53,53,49,49,49,52,52,52,55,40,64,65],"gold":345,"neow_bonus":"","is_daily":false,"chose_seed":false,"campfire_upgraded":10,"win_rate":0.0,"timestamp":1611955488,"path_taken":["M","M","M","M","M","R","E","R","T","R","E","?","M","E","R","BOSS","M","$","M","?","$","R","M","R","T","?","?","R","M","?","R","BOSS","M","?","?","M","?","R","E","R","T","$","R","?","$","E","R","BOSS"],"items_purchased_type":["Card","Card","Relic","Card","Relic","Card"],"build_version":"2020-12-22","purchased_purges":2,"victory":true,"max_hp_per_floor":[80,80,80,80,80,80,80,80,80,80,80,80,80,80,80,80,80,80,80,80,80,80,80,80,80,80,80,80,80,80,80,80,80,80,80,80,80,80,75,75,75,75,75,78,78,78,81,81,81,81],"card_choices":[{"not_picked":["Anger","Twin Strike"],"picked":"Sword Boomerang","floor":1},{"not_picked":["Sword Boomerang","Burning Pact","Havoc"],"picked":"SKIP","floor":2},{"not_picked":["ReplayTheSpireMod:Strike From Hell","Life Link","hubris:SharpeningStone"],"picked":"SKIP","floor":3},{"not_picked":["Wild Strike","Thunderclap","Havoc"],"picked":"SKIP","floor":4},{"not_picked":["ReplayTheSpireMod:Limb From Limb","Heavy Blade"],"picked":"Shrug It Off","floor":5},{"not_picked":["Headbutt","Body Slam"],"picked":"Disarm","floor":7},{"not_picked":["Twin Strike","Barricade"],"picked":"Clash","floor":11},{"not_picked":["Clash","ReplayTheSpireMod:Strike From Hell","Reckless Charge"],"picked":"SKIP","floor":13},{"not_picked":["Disarm","Wild Strike"],"picked":"ReplayTheSpireMod:Muscle Training","floor":14},{"not_picked":["Reaper","Offering"],"picked":"Exhume","floor":16},{"not_picked":["Disarm","Body Slam+1"],"picked":"Sword Boomerang+1","floor":18},{"not_picked":["Sentinel+1","Pommel Strike"],"picked":"Intimidate","floor":20},{"not_picked":["Wild Strike","Body Slam","Power Through"],"picked":"SKIP","floor":24},{"not_picked":["Carnage","True Grit+1","Rampage"],"picked":"SKIP","floor":30},{"not_picked":["ReplayTheSpireMod:Book of Names","ReplayTheSpireMod:Echoes of Time"],"picked":"infinitespire:Execution","floor":31},{"not_picked":["Feed","conspire:HitWhereItHurts"],"picked":"Double Tap","floor":33},{"not_picked":["ReplayTheSpireMod:Strike From Hell","Replay:Undeath\u0027s Touch+1"],"picked":"Whirlwind+1","floor":35},{"not_picked":["Bloodletting","Thunderclap+1","Clothesline"],"picked":"SKIP","floor":38},{"not_picked":["Warcry","ReplayTheSpireMod:Strike From Hell","ReplayTheSpireMod:Limb From Limb"],"picked":"SKIP","floor":41},{"not_picked":["Heavy Blade+1","Invigoration+1","Armaments"],"picked":"SKIP","floor":48}],"player_experience":49377,"relics_obtained":[{"floor":7,"key":"Juzu Bracelet"},{"floor":9,"key":"halation:Toothbrush"},{"floor":11,"key":"aspiration:TomeofQuesting"},{"floor":26,"key":"Replay:Bandana"},{"floor":26,"key":"ReplayFunnel"},{"floor":27,"key":"aspiration:SeaSaltIceCream"},{"floor":43,"key":"infinitespire:Satchel"},{"floor":43,"key":"Blood Vial"},{"floor":48,"key":"BicycleWheel"}],"event_choices":[{"damage_healed":0,"gold_gain":0,"player_choice":"Leave","damage_taken":0,"max_hp_gain":0,"max_hp_loss":0,"event_name":"conspire:Investor","floor":46,"gold_loss":0}],"is_beta":false,"boss_relics":[{"not_picked":["energizedSpire:OgreHead","SlaversCollar"],"picked":"Gem_Box"},{"not_picked":["halation:Risk","Runic Pyramid"],"picked":"Ooze Armor"}],"items_purged_floors":[44,47],"is_endless":false,"potions_floor_spawned":[2,5,11,18,30,33,35,38],"ascension_level":3}}