{"host":"lq2h7q9ca6uwu60x","time":1611916903,"event":{"mods":["Act Like it!","BaseMod","Gensokyo","Marisa£®ÏF”Í°°ƒß¿Ì…≥£©","Minty Spire (QoL Compilation)","SIMod","StSLib"],"gold_per_floor":[109,109,128,148,148,179,191,116,194,194,194,227,239,266,278,290,290],"floor_reached":16,"language":"ZHS","playtime":652,"items_purged":["Clumsy"],"score":221,"play_id":"8f6cf652-cf06-4296-a09a-b9be7b0397f9","local_time":"20210129184143","is_ascension_mode":true,"campfire_choices":[{"data":"ConcertedEfforts","floor":11,"key":"SMITH"},{"data":"BatchProduction","floor":15,"key":"SMITH"}],"circlet_count":0,"master_deck":["AscendersBane","Strike_AJ","Defend_FS","ConcertedEfforts+1","HarmonyShield","ThunderCloud+1","Whining+1","Generousity","Winterwrapup","BatchProduction+1","Magic"],"relics":["Astrolabe","Gensokyo:NagashiBinaDoll","CaptainsWheel","Question Card","MawBank","Gensokyo:OccultBall"],"acts_visited":["Exordium"],"potions_floor_usage":[14],"damage_taken":[{"damage":3.0,"enemies":"Gensokyo:Gryphon","floor":1.0,"turns":3.0},{"damage":0.0,"enemies":"Gensokyo:Python","floor":3.0,"turns":4.0},{"damage":0.0,"enemies":"Gensokyo:2_Kodama","floor":4.0,"turns":3.0},{"damage":14.0,"enemies":"Gensokyo:Mamizou","floor":6.0,"turns":11.0},{"damage":0.0,"enemies":"Gensokyo:5_Fairies","floor":7.0,"turns":2.0},{"damage":0,"enemies":"Gensokyo:Cirno","floor":12,"turns":5},{"damage":2,"enemies":"Gensokyo:Gryphon_and_Rabbit","floor":14,"turns":4},{"damage":0,"enemies":"Gensokyo:Yukari","floor":16,"turns":2}],"seed_played":"-7078556964541339963","potions_obtained":[{"floor":4.0,"key":"Weak Potion"},{"floor":7.0,"key":"SkillPotion"},{"floor":12,"key":"BlessingOfTheForge"},{"floor":14,"key":"DistilledChaos"}],"is_trial":false,"path_per_floor":["M","?","M","M","?","E","M","$","T","?","R","E","?","M","R","B"],"character_chosen":"TWI_CLASS","items_purchased":[],"campfire_rested":0,"item_purchase_floors":[],"current_hp_per_floor":[66,28,28,28,28,14,14,14,14,33,33,33,33,31,31,31,31],"gold":290,"neow_bonus":"BOSS_RELIC","is_daily":false,"chose_seed":false,"campfire_upgraded":2,"win_rate":0.0,"timestamp":1611916903,"path_taken":["M","?","M","M","?","E","M","$","T","?","R","E","?","?","R","BOSS"],"items_purchased_type":[],"build_version":"2020-12-22","purchased_purges":1,"victory":false,"max_hp_per_floor":[77,77,77,77,77,77,77,77,77,77,77,77,77,77,77,77,77],"card_choices":[{"not_picked":["Celebrities","Tornado","FollowTherRainbow"],"picked":"SKIP","floor":1.0},{"not_picked":["HideCarefully","Lasso"],"picked":"Generousity","floor":3.0},{"not_picked":["Perfectionism","Celebrities"],"picked":"Winterwrapup","floor":4.0},{"not_picked":["KillingWithKindness","RushToSky"],"picked":"BatchProduction","floor":6.0},{"not_picked":["ServeMeal","HideCarefully","CleanLibrary"],"picked":"SKIP","floor":7.0},{"not_picked":["AllByMyself","RashStunts","ThunderCloud","Tornado"],"picked":"SKIP","floor":12},{"not_picked":["SwiftKick","Honesty","TasteRainbow"],"picked":"Magic","floor":14}],"player_experience":869983,"relics_obtained":[{"floor":6.0,"key":"CaptainsWheel"},{"floor":9.0,"key":"Question Card"},{"floor":12,"key":"MawBank"}],"event_choices":[],"is_beta":false,"boss_relics":[],"items_purged_floors":[8],"is_endless":false,"potions_floor_spawned":[4,7,12,14],"killed_by":"Gensokyo:Yukari","ascension_level":15}}