{"host":"t9q14bihfoo75lsb","time":1611899481,"event":{"mods":["100% Spire Juice","Arknights The Spire","BaseMod","Better Third Choice","Challenge The Spire","Hermit","Infinite Spire","Koishi","Minty Spire (QoL Compilation)","Reworked Bosses","Shop Mod","Spicy Shops","StSLib","The Cursed","The Dragon Tamer","The Hierophant","The Runesmith"],"gold_per_floor":[111,131,131,67,67,98,133,167,193,468,468,468],"floor_reached":11,"language":"KOR","playtime":601,"items_purged":["Moonworks:x16BigRocket"],"score":178,"play_id":"04d95c62-657a-4898-9b16-84317348c048","local_time":"20210129145121","daily_mods":["Draft","Specialized","Vintage","Allstar","Heirloom","Flight","DeadlyEvents","Elite Swarm"],"is_ascension_mode":true,"campfire_choices":[],"circlet_count":0,"master_deck":["AscendersBane","Moonworks:x16BigRocket","Moonworks:x16BigRocket","Moonworks:x16BigRocket","Moonworks:DeployBits","Moonworks:Dinner","Moonworks:LulusLuckyEgg","Moonworks:RagingMadness","Moonworks:SakisCookie","Moonworks:ImOnFire","Moonworks:SealedMemories","Moonworks:DevilHand","Moonworks:LuckyCharm","Moonworks:ReproductionOfRecords","Moonworks:FullSpeedAlicianrone","Moonworks:TreasureThief","Moonworks:SakisCookie","Moonworks:BackdoorTrade","Moonworks:MiracleRedBeanIceCream","Moonworks:LuckyCharm","Moonworks:SakisCookie","Moonworks:RagingMadness","Moonworks:SubspaceTunnel","Moonworks:CrystalBarrier","Moonworks:ShieldCounter"],"relics":["Moonworks:BrokenBomb","Moonworks:Homemark","Ice Cream","Pen Nib","Omamori","MerchantsRug","ClockworkSouvenir","StrikeDummy","Vajra","Du-Vu Doll","infinitespire:Satchel"],"acts_visited":["Exordium"],"potions_floor_usage":[6,7,11],"damage_taken":[{"damage":16.0,"enemies":"Cultist","floor":1.0,"turns":4.0},{"damage":19.0,"enemies":"Jaw Worm","floor":2.0,"turns":4.0},{"damage":38,"enemies":"Gremlin Nob","floor":6,"turns":5},{"damage":33,"enemies":"3 Sentries","floor":7,"turns":6},{"damage":12,"enemies":"Lagavulin","floor":8,"turns":7},{"damage":18,"enemies":"Gremlin Nob","floor":11,"turns":3}],"seed_played":"5935706018864296157","potions_obtained":[{"floor":1.0,"key":"LiquidMemories"},{"floor":6,"key":"BlessingOfTheForge"},{"floor":7,"key":"BlessingOfTheForge"}],"is_trial":true,"path_per_floor":["M","M","?","$","?","E","E","E","T","?","E"],"character_chosen":"THE_STARBREAKER","items_purchased":["MerchantsRug","ClockworkSouvenir","Moonworks:SakisCookie","Moonworks:RagingMadness"],"campfire_rested":0,"item_purchase_floors":[4,4,4,4],"current_hp_per_floor":[41,27,27,27,27,6,11,14,14,14,0,0],"gold":468,"neow_bonus":"","is_daily":false,"chose_seed":false,"campfire_upgraded":0,"win_rate":0.0,"timestamp":1611899481,"path_taken":["M","?","?","$","?","E","E","?","T","?","E"],"items_purchased_type":["Relic","Relic","Card","Card"],"build_version":"2020-12-22","purchased_purges":1,"victory":false,"max_hp_per_floor":[55,55,55,55,55,55,55,55,55,55,55,55],"card_choices":[{"not_picked":["Moonworks:AngelHand","Moonworks:AwakeningOfTalent"],"picked":"Moonworks:DeployBits","floor":0.0},{"not_picked":["Moonworks:Assault","Moonworks:EvilSpyWorkPreparation"],"picked":"Moonworks:Dinner","floor":0.0},{"not_picked":["Moonworks:IndiscriminateFireSupport","Moonworks:EvilSpyWorkPreparation"],"picked":"Moonworks:LulusLuckyEgg","floor":0.0},{"not_picked":["Moonworks:BigMagnum","Moonworks:SakisCookie"],"picked":"Moonworks:RagingMadness","floor":0.0},{"not_picked":["Moonworks:UnpaidWork","Moonworks:IndiscriminateFireSupport"],"picked":"Moonworks:SakisCookie","floor":0.0},{"not_picked":["Moonworks:LulusLuckyEgg","Moonworks:ImmovableObject"],"picked":"Moonworks:ImOnFire","floor":0.0},{"not_picked":["Moonworks:DeployBits","Moonworks:Dash"],"picked":"Moonworks:SealedMemories","floor":0.0},{"not_picked":["Moonworks:CloudOfSeagulls","Moonworks:JonathanRush"],"picked":"Moonworks:DevilHand","floor":0.0},{"not_picked":["Moonworks:Assault","Moonworks:DeployBits"],"picked":"Moonworks:LuckyCharm","floor":0.0},{"not_picked":["Moonworks:AngelHand","Moonworks:JonathanRush"],"picked":"Moonworks:ReproductionOfRecords","floor":0.0},{"not_picked":["Moonworks:ImmovableObject","Moonworks:JonathanRush"],"picked":"Moonworks:FullSpeedAlicianrone","floor":0.0},{"not_picked":["Moonworks:AngelHand","Moonworks:Poppoformation"],"picked":"Moonworks:TreasureThief","floor":0.0},{"not_picked":["Moonworks:SelfDestruct","Moonworks:Dinner"],"picked":"Moonworks:SakisCookie","floor":0.0},{"not_picked":["Moonworks:Assault","Moonworks:ScrambledEve"],"picked":"Moonworks:BackdoorTrade","floor":0.0},{"not_picked":["Moonworks:EvilSpyWorkPreparation","Moonworks:ScrambledEve"],"picked":"Moonworks:MiracleRedBeanIceCream","floor":0.0},{"not_picked":["Moonworks:Gamble","Moonworks:Accelerator"],"picked":"Moonworks:SubspaceTunnel","floor":6},{"not_picked":["Moonworks:FinalBattle","Moonworks:RocketCannon"],"picked":"Moonworks:CrystalBarrier","floor":7},{"not_picked":["Moonworks:FinalBattle","Moonworks:LeapThroughSpace"],"picked":"Moonworks:ShieldCounter","floor":8}],"player_experience":500418,"relics_obtained":[{"floor":1.0,"key":"Pen Nib"},{"floor":2.0,"key":"Omamori"},{"floor":6,"key":"StrikeDummy"},{"floor":7,"key":"Vajra"},{"floor":8,"key":"Du-Vu Doll"},{"floor":9,"key":"infinitespire:Satchel"}],"event_choices":[{"damage_healed":0.0,"max_hp_gain":0.0,"max_hp_loss":0.0,"gold_gain":0.0,"cards_transformed":["Moonworks:x16BigRocket"],"event_name":"Living Wall","player_choice":"Change","floor":3.0,"gold_loss":0.0,"damage_taken":0.0,"cards_obtained":["Moonworks:LuckyCharm"]},{"damage_healed":0,"gold_gain":275,"player_choice":"Desecrate","damage_taken":0,"max_hp_gain":0,"max_hp_loss":0,"event_name":"Golden Shrine","floor":10,"gold_loss":0,"cards_obtained":["Regret"]}],"is_beta":false,"boss_relics":[],"items_purged_floors":[4],"is_endless":false,"potions_floor_spawned":[1,6,7],"killed_by":"Gremlin Nob","ascension_level":20}}