{"host":"9t9d7hfl1boncmil","time":1611940390,"event":{"mods":["AchievementEnabler","BaseMod","Keyboard Shortcuts","Minty Spire (QoL Compilation)","SuperFastMode"],"gold_per_floor":[119,131,142,21,21,21,34,34,34,69,69,96,107,123,123,195,195,211,222,222,222],"floor_reached":20,"language":"KOR","playtime":529,"items_purged":["Strike_R"],"score":351,"play_id":"293dc91f-7cfe-4121-bad6-ca33fb22f5ca","local_time":"20210130021310","is_ascension_mode":true,"campfire_choices":[{"data":"Wild Strike","floor":6.0,"key":"SMITH"},{"data":"Fire Breathing","floor":8.0,"key":"SMITH"},{"data":"Blood for Blood","floor":11.0,"key":"SMITH"},{"floor":15.0,"key":"REST"}],"circlet_count":0,"master_deck":["AscendersBane","Strike_R","Strike_R","Defend_R","Defend_R","Defend_R","Defend_R","Bash","Fire Breathing+1","Cleave","Wild Strike+1","Blood for Blood+1","Disarm","Second Wind","Double Tap","Dual Wield"],"relics":["Burning Blood","Calipers","Mango","Ancient Tea Set","Empty Cage"],"acts_visited":["Exordium","TheCity"],"potions_floor_usage":[19,19],"damage_taken":[{"damage":11.0,"enemies":"Cultist","floor":1.0,"turns":4.0},{"damage":5.0,"enemies":"2 Louse","floor":2.0,"turns":4.0},{"damage":20.0,"enemies":"Jaw Worm","floor":3.0,"turns":7.0},{"damage":17.0,"enemies":"Large Slime","floor":7.0,"turns":6.0},{"damage":34.0,"enemies":"Lagavulin","floor":10.0,"turns":6.0},{"damage":6.0,"enemies":"Gremlin Nob","floor":12.0,"turns":4.0},{"damage":14.0,"enemies":"Exordium Wildlife","floor":13.0,"turns":2.0},{"damage":16.0,"enemies":"Exordium Thugs","floor":14.0,"turns":3.0},{"damage":30.0,"enemies":"The Guardian","floor":16.0,"turns":9.0},{"damage":30.0,"enemies":"Spheric Guardian","floor":18.0,"turns":4.0},{"damage":34,"enemies":"2 Thieves","floor":19,"turns":4},{"damage":47,"enemies":"Shelled Parasite and Fungi","floor":20,"turns":4}],"seed_played":"4887485988608075697","potions_obtained":[{"floor":3.0,"key":"LiquidBronze"},{"floor":10.0,"key":"Block Potion"},{"floor":14.0,"key":"DistilledChaos"},{"floor":18.0,"key":"SteroidPotion"}],"is_trial":false,"path_per_floor":["M","M","M","$","?","R","M","R","T","E","R","E","M","M","R","B",null,"M","M","M"],"character_chosen":"IRONCLAD","items_purchased":["Wild Strike"],"campfire_rested":1,"item_purchase_floors":[4],"current_hp_per_floor":[59,60,46,46,51,51,40,40,40,26,26,26,18,8,40,16,85,61,33,0,0],"gold":222,"neow_bonus":"TWENTY_PERCENT_HP_BONUS","is_daily":false,"chose_seed":false,"campfire_upgraded":3,"win_rate":0.0,"timestamp":1611940390,"path_taken":["M","M","M","?","?","R","M","R","T","E","R","E","M","M","R","BOSS","M","M","M"],"items_purchased_type":["Card"],"build_version":"2020-12-22","purchased_purges":1,"victory":false,"max_hp_per_floor":[89,89,89,89,94,94,94,94,94,108,108,108,108,108,108,108,108,108,108,108,108],"card_choices":[{"not_picked":["Sword Boomerang","Wild Strike"],"picked":"Fire Breathing","floor":1.0},{"not_picked":["Iron Wave","Anger"],"picked":"Cleave","floor":2.0},{"not_picked":["Armaments","Metallicize","True Grit"],"picked":"SKIP","floor":3.0},{"not_picked":["Armaments","Pommel Strike","Flex"],"picked":"SKIP","floor":7.0},{"not_picked":["Armaments","Intimidate"],"picked":"Blood for Blood","floor":10.0},{"not_picked":["Iron Wave","Havoc"],"picked":"Disarm","floor":12.0},{"not_picked":["Disarm","Sever Soul","Clash"],"picked":"SKIP","floor":13.0},{"not_picked":["Fiend Fire","Battle Trance"],"picked":"Second Wind","floor":14.0},{"not_picked":["Fiend Fire","Berserk"],"picked":"Double Tap","floor":16.0},{"not_picked":["Dark Embrace","True Grit"],"picked":"Dual Wield","floor":18.0},{"not_picked":["Headbutt","Clothesline","Sword Boomerang"],"picked":"SKIP","floor":19}],"player_experience":646661,"relics_obtained":[{"floor":9.0,"key":"Calipers"},{"floor":10.0,"key":"Mango"},{"floor":12.0,"key":"Ancient Tea Set"}],"event_choices":[{"damage_healed":0.0,"max_hp_gain":5.0,"max_hp_loss":0.0,"gold_gain":0.0,"event_name":"Big Fish","player_choice":"Donut","floor":5.0,"gold_loss":0.0,"damage_taken":0.0}],"is_beta":false,"boss_relics":[{"not_picked":["SacredBark","Tiny House"],"picked":"Empty Cage"}],"items_purged_floors":[4],"is_endless":false,"potions_floor_spawned":[3,10,14,18],"killed_by":"Shelled Parasite and Fungi","ascension_level":15}}