{"host":"3tyeyqdkopu0dn2g","time":1611915739,"event":{"mods":["AchievementEnabler","BaseMod","BetterRewards","Minty Spire (QoL Compilation)","Quick Restart","Shop Mod","Slay-I"],"gold_per_floor":[119,134,152,163,178,178,189,207,288,95,95,117,67,79,79,79,79],"floor_reached":16,"language":"ZHS","playtime":987,"items_purged":["Strike_R","Strike_R","Strike_R"],"score":96,"play_id":"0a3658f4-1362-466c-a9a3-c7a468101c72","local_time":"20210129182219","is_ascension_mode":false,"campfire_choices":[{"data":"Defend_R","floor":6.0,"key":"PURGE"},{"data":"Entrench","floor":11.0,"key":"SMITH"},{"data":"Infernal Blade","floor":15.0,"key":"SMITH"}],"circlet_count":0,"master_deck":["Strike_R","Defend_R","Defend_R","Defend_R","Bash","Wild Strike","Power Through","Evolve","True Grit","Entrench+1","Infernal Blade+1"],"relics":["Burning Blood","Peace Pipe","Ornamental Fan","Odd Mushroom"],"acts_visited":["Exordium"],"potions_floor_usage":[16,16],"damage_taken":[{"damage":5.0,"enemies":"Small Slimes","floor":1.0,"turns":4.0},{"damage":0.0,"enemies":"2 Louse","floor":2.0,"turns":3.0},{"damage":4.0,"enemies":"Jaw Worm","floor":3.0,"turns":3.0},{"damage":19.0,"enemies":"Blue Slaver","floor":4.0,"turns":4.0},{"damage":5.0,"enemies":"2 Fungi Beasts","floor":5.0,"turns":6.0},{"damage":6.0,"enemies":"3 Louse","floor":7.0,"turns":5.0},{"damage":24.0,"enemies":"Exordium Thugs","floor":8.0,"turns":8.0},{"damage":27.0,"enemies":"The Mushroom Lair","floor":12.0,"turns":5.0},{"damage":9.0,"enemies":"2 Fungi Beasts","floor":14.0,"turns":4.0},{"damage":22,"enemies":"Hexaghost","floor":16,"turns":9}],"seed_played":"262330752210974243","potions_obtained":[{"floor":1.0,"key":"Strength Potion"},{"floor":4.0,"key":"DistilledChaos"},{"floor":5.0,"key":"SteroidPotion"}],"is_trial":false,"path_per_floor":["M","M","M","M","M","R","M","M","T","$","R","?","?","M","R","B"],"character_chosen":"IRONCLAD","items_purchased":["Peace Pipe","Wild Strike","Power Through","Evolve","Entrench"],"campfire_rested":0,"item_purchase_floors":[0,0,0,0,10],"current_hp_per_floor":[65,71,73,60,61,61,61,43,43,43,43,22,22,19,19,0,0],"gold":79,"neow_bonus":"","is_daily":false,"chose_seed":false,"campfire_upgraded":2,"win_rate":0.0,"timestamp":1611915739,"path_taken":["M","M","M","M","M","R","M","M","T","$","R","?","?","M","R","BOSS"],"items_purchased_type":["Relic","Card","Card","Card","Card"],"build_version":"2020-12-22","purchased_purges":3,"victory":false,"max_hp_per_floor":[80,80,80,80,80,80,80,80,80,80,80,80,80,80,80,80,80],"card_choices":[{"not_picked":["Clash","Bloodletting","Ghostly Armor"],"picked":"SKIP","floor":1.0},{"not_picked":["Clash","Perfected Strike"],"picked":"True Grit","floor":2.0},{"not_picked":["Twin Strike","Infernal Blade","Shrug It Off"],"picked":"SKIP","floor":3.0},{"not_picked":["Intimidate","Inflame","Dark Embrace"],"picked":"SKIP","floor":4.0},{"not_picked":["Cleave","Dual Wield","Rupture"],"picked":"SKIP","floor":5.0},{"not_picked":["Pommel Strike","Flex","Iron Wave"],"picked":"SKIP","floor":7.0},{"not_picked":["Inflame","True Grit","Rupture"],"picked":"SKIP","floor":8.0},{"not_picked":["Entrench","Sword Boomerang"],"picked":"Infernal Blade","floor":14.0}],"player_experience":99045,"relics_obtained":[{"floor":9.0,"key":"Ornamental Fan"},{"floor":12.0,"key":"Odd Mushroom"}],"event_choices":[{"damage_healed":0.0,"max_hp_gain":0.0,"max_hp_loss":0.0,"gold_gain":0.0,"event_name":"Mushrooms","player_choice":"Fought Mushrooms","floor":12.0,"gold_loss":0.0,"damage_taken":0.0},{"cards_removed":["Strike_R"],"damage_healed":0.0,"max_hp_gain":0.0,"max_hp_loss":0.0,"gold_gain":0.0,"event_name":"The Cleric","player_choice":"Card Removal","floor":13.0,"gold_loss":50.0,"damage_taken":0.0}],"is_beta":false,"boss_relics":[],"items_purged_floors":[0,0,10],"is_endless":false,"potions_floor_spawned":[1,4,5,7,8,14],"killed_by":"Hexaghost","ascension_level":0}}