{"host":"fv4u04bzswzfg5qa","time":1611883354,"event":{"mods":["BaseMod","Colored Map","Colored Powertips","Highlight Path","Minty Spire (QoL Compilation)","StSLib","Synergy Search"],"gold_per_floor":[119,119,119,84,100,100,116,116,162,193,193,211,244,5,5,101,101,116,130,142,5,18,18,18,18],"floor_reached":24,"language":"ENG","playtime":1278,"items_purged":["Strike_P"],"score":269,"play_id":"a2005630-b371-42da-9e94-ca9de6fc4af1","local_time":"20210128202234","is_ascension_mode":true,"campfire_choices":[{"data":"Eruption","floor":6.0,"key":"SMITH"},{"data":"BowlingBash","floor":8.0,"key":"SMITH"},{"data":"MentalFortress","floor":11.0,"key":"SMITH"},{"data":"Ragnarok","floor":15.0,"key":"SMITH"},{"floor":23.0,"key":"REST"}],"circlet_count":0,"master_deck":["Strike_P","Strike_P","Defend_P","Defend_P+1","Defend_P","Defend_P","Eruption+1","Vigilance+1","MentalFortress+1","BowlingBash+1","EmptyBody","WheelKick","FlyingSleeves","CarveReality","Ragnarok+1","DevaForm","ClearTheMind+1","FlurryOfBlows","WheelKick+1","Flash of Steel","Protect","ConjureBlade"],"relics":["PureWater","NeowsBlessing","Lantern","Pen Nib","Bronze Scales","Runic Dome"],"acts_visited":["Exordium","TheCity"],"potions_floor_usage":[],"damage_taken":[{"damage":0.0,"enemies":"Small Slimes","floor":1.0,"turns":1.0},{"damage":0.0,"enemies":"2 Louse","floor":5.0,"turns":1.0},{"damage":0.0,"enemies":"Jaw Worm","floor":7.0,"turns":1.0},{"damage":12.0,"enemies":"Gremlin Nob","floor":10.0,"turns":5.0},{"damage":0.0,"enemies":"Lots of Slimes","floor":12.0,"turns":1.0},{"damage":10.0,"enemies":"3 Sentries","floor":13.0,"turns":6.0},{"damage":0.0,"enemies":"Slime Boss","floor":16.0,"turns":2.0},{"damage":0.0,"enemies":"Chosen","floor":18.0,"turns":3.0},{"damage":10.0,"enemies":"3 Byrds","floor":19.0,"turns":3.0},{"damage":25.0,"enemies":"Snake Plant","floor":20.0,"turns":3.0},{"damage":12.0,"enemies":"Shelled Parasite and Fungi","floor":22.0,"turns":2.0},{"damage":52,"enemies":"Gremlin Leader","floor":24,"turns":2}],"seed_played":"-8552533064726979140","potions_obtained":[{"floor":1.0,"key":"Explosive Potion"},{"floor":7.0,"key":"Explosive Potion"},{"floor":13.0,"key":"SkillPotion"},{"floor":19.0,"key":"AttackPotion"}],"is_trial":false,"path_per_floor":["M","?","?","?","M","R","M","R","T","E","R","M","E","$","R","B",null,"M","M","M","$","M","R","E"],"character_chosen":"WATCHER","items_purchased":["Ragnarok","Flash of Steel","Protect"],"campfire_rested":1,"item_purchase_floors":[14,21,21],"current_hp_per_floor":[72,65,51,69,69,69,69,69,69,57,57,57,47,47,47,47,72,72,62,37,37,25,46,0,0],"gold":18,"neow_bonus":"THREE_ENEMY_KILL","is_daily":false,"chose_seed":false,"campfire_upgraded":4,"win_rate":0.0,"timestamp":1611883354,"path_taken":["M","?","?","?","?","R","?","R","T","E","R","?","E","?","R","BOSS","M","?","M","$","M","R","E"],"items_purchased_type":["Card","Card","Card"],"build_version":"2020-12-22","purchased_purges":1,"victory":false,"max_hp_per_floor":[72,72,72,72,72,72,72,72,72,72,72,72,72,72,72,72,72,72,72,72,72,72,72,72,72],"card_choices":[{"not_picked":["Pray","Conclude"],"picked":"MentalFortress","floor":1.0},{"not_picked":["Conclude","SashWhip"],"picked":"BowlingBash","floor":5.0},{"not_picked":["Prostrate","BowlingBash"],"picked":"EmptyBody","floor":7.0},{"not_picked":["Nirvana","JustLucky"],"picked":"WheelKick","floor":10.0},{"not_picked":["EmptyBody","BowlingBash"],"picked":"FlyingSleeves","floor":12.0},{"not_picked":["Omniscience","EmptyBody"],"picked":"CarveReality","floor":13.0},{"not_picked":["MasterReality","Scrawl"],"picked":"DevaForm","floor":16.0},{"not_picked":["Protect+1","Prostrate"],"picked":"ClearTheMind+1","floor":18.0},{"not_picked":["Adaptation","Evaluate"],"picked":"FlurryOfBlows","floor":19.0},{"not_picked":["FlurryOfBlows","PathToVictory"],"picked":"WheelKick+1","floor":20.0},{"not_picked":["CrushJoints+1","FollowUp"],"picked":"ConjureBlade","floor":22.0}],"player_experience":216389,"relics_obtained":[{"floor":9.0,"key":"Lantern"},{"floor":10.0,"key":"Pen Nib"},{"floor":13.0,"key":"Bronze Scales"}],"event_choices":[{"cards_removed":["Strike_P"],"damage_healed":0.0,"max_hp_gain":0.0,"max_hp_loss":0.0,"gold_gain":0.0,"event_name":"Golden Wing","player_choice":"Card Removal","floor":2.0,"gold_loss":0.0,"damage_taken":7.0},{"damage_healed":0.0,"max_hp_gain":0.0,"max_hp_loss":0.0,"gold_gain":0.0,"event_name":"Shining Light","player_choice":"Entered Light","floor":3.0,"gold_loss":0.0,"damage_taken":14.0,"cards_upgraded":["Defend_P","Vigilance"]},{"damage_healed":18.0,"max_hp_gain":0.0,"max_hp_loss":0.0,"gold_gain":0.0,"event_name":"The Cleric","player_choice":"Healed","floor":4.0,"gold_loss":35.0,"damage_taken":0.0}],"is_beta":false,"boss_relics":[{"not_picked":["Philosopher\u0027s Stone","SacredBark"],"picked":"Runic Dome"}],"items_purged_floors":[14],"is_endless":false,"potions_floor_spawned":[1,7,13,19],"killed_by":"Gremlin Leader","ascension_level":1}}