{"host":"dhlnk6yox2l1s6up","time":1611941096,"event":{"mods":["BaseMod","Bestiary","Colored Map","Highlight Path","Minty Spire (QoL Compilation)","Relic Stats","StSLib"],"gold_per_floor":[114,129,143,156,156,187,187,198,198,198,218,243,257,275,275,378,378,388,54,74,93,93,121,133,133,133,148,178,178,207,207,207,306,306,326,346,43,43,58,91,91,123,174,206,206,233,8,0,0,0,0,0,0,33,33,33],"floor_reached":55,"language":"ENG","playtime":4209,"items_purged":["Strike_R"],"score":1220,"play_id":"ba246302-dcb9-49c6-8327-6f6106f2d8d6","local_time":"20210129112456","is_ascension_mode":true,"campfire_choices":[{"data":"Metallicize","floor":7.0,"key":"SMITH"},{"data":"Sword Boomerang","floor":10.0,"key":"SMITH"},{"data":"Armaments","floor":15.0,"key":"SMITH"},{"floor":25.0,"key":"REST"},{"data":"Shrug It Off","floor":29.0,"key":"SMITH"},{"data":"Limit Break","floor":32.0,"key":"SMITH"},{"floor":41.0,"key":"RECALL"},{"data":"True Grit","floor":45.0,"key":"SMITH"},{"data":"Evolve","floor":49.0,"key":"SMITH"},{"data":"Impervious","floor":52.0,"key":"SMITH"}],"circlet_count":0,"master_deck":["Strike_R","Strike_R","Strike_R","Defend_R","Defend_R","Defend_R+1","Defend_R","Bash","Clothesline","Sword Boomerang+1","Metallicize+1","Shockwave","Armaments+1","Evolve+1","Reaper","Twin Strike+1","Limit Break+1","Shrug It Off+1","Battle Trance+1","Cleave+1","True Grit+1","Exhume","Impervious+1"],"relics":["Busted Crown","Singing Bowl","Pantograph","Orichalcum","Philosopher\u0027s Stone","Shuriken","Champion Belt","HornCleat","Blue Candle","Pen Nib","Mark of Pain","Medical Kit","War Paint","Charon\u0027s Ashes","Vajra","Centennial Puzzle","Bag of Marbles","Red Mask","FossilizedHelix"],"acts_visited":["Exordium","TheCity","TheBeyond","TheEnding"],"potions_floor_usage":[54,54,54],"damage_taken":[{"damage":1.0,"enemies":"Cultist","floor":1.0,"turns":3.0},{"damage":2.0,"enemies":"Jaw Worm","floor":2.0,"turns":3.0},{"damage":0.0,"enemies":"Small Slimes","floor":3.0,"turns":3.0},{"damage":1.0,"enemies":"2 Fungi Beasts","floor":4.0,"turns":3.0},{"damage":2.0,"enemies":"Lagavulin","floor":6.0,"turns":6.0},{"damage":0.0,"enemies":"Blue Slaver","floor":8.0,"turns":3.0},{"damage":6.0,"enemies":"Exordium Thugs","floor":11.0,"turns":5.0},{"damage":19.0,"enemies":"Gremlin Nob","floor":12.0,"turns":4.0},{"damage":2.0,"enemies":"2 Fungi Beasts","floor":13.0,"turns":4.0},{"damage":13.0,"enemies":"3 Louse","floor":14.0,"turns":4.0},{"damage":39.0,"enemies":"Slime Boss","floor":16.0,"turns":11.0},{"damage":9.0,"enemies":"Chosen","floor":18.0,"turns":4.0},{"damage":4.0,"enemies":"Shell Parasite","floor":20.0,"turns":5.0},{"damage":6.0,"enemies":"Centurion and Healer","floor":21.0,"turns":6.0},{"damage":31.0,"enemies":"Book of Stabbing","floor":23.0,"turns":6.0},{"damage":24.0,"enemies":"Sentry and Sphere","floor":24.0,"turns":5.0},{"damage":11.0,"enemies":"Chosen and Byrds","floor":27.0,"turns":6.0},{"damage":5.0,"enemies":"Slavers","floor":28.0,"turns":4.0},{"damage":21.0,"enemies":"Book of Stabbing","floor":30.0,"turns":4.0},{"damage":71.0,"enemies":"Automaton","floor":33.0,"turns":9.0},{"damage":3.0,"enemies":"Orb Walker","floor":35.0,"turns":4.0},{"damage":4.0,"enemies":"3 Shapes","floor":36.0,"turns":5.0},{"damage":20.0,"enemies":"Transient","floor":39.0,"turns":5.0},{"damage":29.0,"enemies":"Reptomancer","floor":40.0,"turns":8.0},{"damage":59.0,"enemies":"Nemesis","floor":42.0,"turns":9.0},{"damage":27.0,"enemies":"Reptomancer","floor":44.0,"turns":7.0},{"damage":24.0,"enemies":"Giant Head","floor":46.0,"turns":6.0},{"damage":39.0,"enemies":"Donu and Deca","floor":50.0,"turns":7.0},{"damage":24,"enemies":"Shield and Spear","floor":54,"turns":9},{"damage":133,"enemies":"The Heart","floor":55,"turns":8}],"seed_played":"-8866370465029632907","potions_obtained":[{"floor":2.0,"key":"Block Potion"},{"floor":5.0,"key":"Weak Potion"},{"floor":5.0,"key":"EntropicBrew"},{"floor":6.0,"key":"SteroidPotion"},{"floor":8.0,"key":"BlessingOfTheForge"},{"floor":12.0,"key":"Swift Potion"},{"floor":13.0,"key":"Swift Potion"},{"floor":24.0,"key":"BlessingOfTheForge"},{"floor":27.0,"key":"AttackPotion"},{"floor":28.0,"key":"SkillPotion"},{"floor":33.0,"key":"Dexterity Potion"},{"floor":40.0,"key":"ElixirPotion"},{"floor":42.0,"key":"GamblersBrew"}],"is_trial":false,"path_per_floor":["M","M","M","M","?","E","R","M","T","R","M","E","M","M","R","B",null,"M","$","M","M","?","E","M","R","T","M","E","R","E","?","R","B",null,"M","M","$","?","M","E","R","E","T","E","R","E","$","?","R","B",null,"R","$","E","B"],"character_chosen":"IRONCLAD","items_purchased":["Shuriken","Medical Kit","Exhume","GamblersBrew","Bag of Marbles"],"campfire_rested":1,"item_purchase_floors":[19,37,37,47,47],"current_hp_per_floor":[71,69,69,68,68,66,66,66,66,66,62,43,43,32,32,18,69,64,64,71,81,63,39,15,43,43,48,57,57,45,45,45,24,83,93,99,99,99,81,87,87,39,39,75,75,51,51,51,51,90,106,106,106,113,0,0],"gold":33,"neow_bonus":"BOSS_RELIC","is_daily":false,"chose_seed":false,"campfire_upgraded":8,"win_rate":0.0,"timestamp":1611941096,"path_taken":["M","M","?","M","?","E","R","M","T","R","M","E","?","M","R","BOSS","M","$","M","?","?","E","M","R","T","M","E","R","E","?","R","BOSS","M","M","$","?","M","E","R","E","T","E","R","E","?","?","R","BOSS","R","$","E","BOSS"],"items_purchased_type":["Relic","Relic","Card","Potion","Relic"],"build_version":"2020-12-22","purchased_purges":1,"victory":false,"max_hp_per_floor":[80,80,80,80,80,80,80,80,80,80,82,82,84,86,86,86,86,86,86,88,90,95,95,95,95,95,97,99,99,101,101,101,103,103,103,103,103,103,105,107,107,109,109,111,111,111,111,111,111,111,111,111,111,113,113,113],"relic_stats":{"Singing Bowl":28,"counters":[30,166],"Blue Candle":[0],"Pen Nib":[16],"Charon\u0027s Ashes":[188],"Orichalcum":[162],"War Paint":["Defend_R","Battle Trance"],"Medical Kit":[27],"Centennial Puzzle":[9],"Busted Crown":56,"Shuriken":[44],"Pantograph":75,"Champion Belt":[45],"obtain_stats":[{"Singing Bowl":6,"Blue Candle":28,"Vajra":44,"Pen Nib":30,"Charon\u0027s Ashes":42,"Orichalcum":12,"War Paint":40,"Medical Kit":37,"Burning Blood":0,"Centennial Puzzle":46,"Busted Crown":0,"HornCleat":26,"Shuriken":19,"Pantograph":9,"Philosopher\u0027s Stone":17,"Mark of Pain":34,"Bag of Marbles":47,"Red Mask":48,"Champion Belt":23,"FossilizedHelix":54},{"Singing Bowl":5,"Blue Candle":18,"Vajra":26,"Pen Nib":19,"Charon\u0027s Ashes":25,"Orichalcum":8,"War Paint":24,"Medical Kit":22,"Burning Blood":0,"Centennial Puzzle":27,"Busted Crown":0,"HornCleat":16,"Shuriken":12,"Pantograph":6,"Philosopher\u0027s Stone":11,"Mark of Pain":20,"Bag of Marbles":27,"Red Mask":27,"Champion Belt":15,"FossilizedHelix":29},{"Singing Bowl":18,"Blue Candle":85,"Vajra":136,"Pen Nib":89,"Charon\u0027s Ashes":129,"Orichalcum":30,"War Paint":120,"Medical Kit":107,"Burning Blood":0,"Centennial Puzzle":142,"Busted Crown":0,"HornCleat":75,"Shuriken":53,"Pantograph":21,"Philosopher\u0027s Stone":49,"Mark of Pain":98,"Bag of Marbles":142,"Red Mask":142,"Champion Belt":70,"FossilizedHelix":158}]},"card_choices":[{"not_picked":[],"picked":"Clothesline","floor":1.0},{"not_picked":[],"picked":"Sword Boomerang","floor":2.0},{"not_picked":["Flame Barrier"],"picked":"SKIP","floor":3.0},{"not_picked":[],"picked":"Metallicize","floor":4.0},{"not_picked":[],"picked":"Shockwave","floor":6.0},{"not_picked":[],"picked":"Armaments","floor":8.0},{"not_picked":["True Grit"],"picked":"Singing Bowl","floor":11.0},{"not_picked":[],"picked":"Evolve","floor":12.0},{"not_picked":["Thunderclap"],"picked":"Singing Bowl","floor":13.0},{"not_picked":["Clash"],"picked":"Singing Bowl","floor":14.0},{"not_picked":[],"picked":"Reaper","floor":16.0},{"not_picked":[],"picked":"Twin Strike+1","floor":18.0},{"not_picked":["Flex"],"picked":"Singing Bowl","floor":20.0},{"not_picked":["Iron Wave+1"],"picked":"Singing Bowl","floor":21.0},{"not_picked":[],"picked":"Limit Break","floor":23.0},{"not_picked":[],"picked":"Shrug It Off","floor":24.0},{"not_picked":["Clothesline"],"picked":"Singing Bowl","floor":27.0},{"not_picked":["Bloodletting"],"picked":"Singing Bowl","floor":28.0},{"not_picked":["Warcry"],"picked":"Singing Bowl","floor":30.0},{"not_picked":["Bludgeon"],"picked":"Singing Bowl","floor":33.0},{"not_picked":[],"picked":"Cleave+1","floor":35.0},{"not_picked":[],"picked":"True Grit","floor":36.0},{"not_picked":["Clothesline"],"picked":"Singing Bowl","floor":39.0},{"not_picked":["Fire Breathing"],"picked":"Singing Bowl","floor":40.0},{"not_picked":["Fire Breathing"],"picked":"Singing Bowl","floor":42.0},{"not_picked":["Heavy Blade"],"picked":"Singing Bowl","floor":44.0},{"not_picked":[],"picked":"Impervious","floor":46.0},{"not_picked":["Clothesline"],"picked":"Singing Bowl","floor":54}],"player_experience":6025108,"relics_obtained":[{"floor":6.0,"key":"Singing Bowl"},{"floor":9.0,"key":"Pantograph"},{"floor":12.0,"key":"Orichalcum"},{"floor":23.0,"key":"Champion Belt"},{"floor":26.0,"key":"HornCleat"},{"floor":28.0,"key":"Blue Candle"},{"floor":30.0,"key":"Pen Nib"},{"floor":40.0,"key":"War Paint"},{"floor":42.0,"key":"Charon\u0027s Ashes"},{"floor":44.0,"key":"Vajra"},{"floor":46.0,"key":"Centennial Puzzle"},{"floor":54,"key":"FossilizedHelix"}],"event_choices":[{"damage_healed":0.0,"max_hp_gain":0.0,"max_hp_loss":0.0,"gold_gain":0.0,"event_name":"Lab","player_choice":"Got Potions","floor":5.0,"gold_loss":0.0,"damage_taken":0.0},{"damage_healed":0.0,"max_hp_gain":5.0,"max_hp_loss":0.0,"gold_gain":0.0,"event_name":"Forgotten Altar","player_choice":"Shed Blood","floor":22.0,"gold_loss":0.0,"damage_taken":23.0},{"damage_healed":0.0,"max_hp_gain":0.0,"max_hp_loss":0.0,"gold_gain":0.0,"event_name":"The Library","player_choice":"Read","floor":31.0,"gold_loss":0.0,"damage_taken":0.0,"cards_obtained":["Battle Trance"]},{"cards_removed":["Strike_R"],"damage_healed":0.0,"max_hp_gain":0.0,"max_hp_loss":0.0,"gold_gain":0.0,"event_name":"Wheel of Change","player_choice":"Card Removal","floor":38.0,"gold_loss":0.0,"damage_taken":0.0},{"damage_healed":0.0,"max_hp_gain":0.0,"max_hp_loss":0.0,"gold_gain":0.0,"event_name":"Tomb of Lord Red Mask","player_choice":"Paid","floor":48.0,"gold_loss":8.0,"damage_taken":0.0,"relics_obtained":["Red Mask"]}],"is_beta":false,"boss_relics":[{"not_picked":["Sozu","Ectoplasm"],"picked":"Philosopher\u0027s Stone"},{"not_picked":["Empty Cage","Runic Cube"],"picked":"Mark of Pain"}],"items_purged_floors":[19],"is_endless":false,"potions_floor_spawned":[2,6,8,12,13,24,27,28,33,40,42],"killed_by":"The Heart","ascension_level":9}}