{"host":"t9zjxed0utvsfjwc","time":1611887629,"event":{"mods":["2.2 Compatiblity","Aspiration","BaseMod","Better Altar","Better Match","Better Note","Better Sensory Stone","Better Skull","Better Third Choice","Block Reminder","Colored Map","Colored Powertips","Custom Start","Downfall","Hermit","Highlight Path","Hubris","Infinite Spire","Marisa????????","Minty Spire (QoL Compilation)","Quick Restart","Rare Cards Sparkle","Reliquary","Replay The Spire","StSLib","The Cursed","The Marked","The Runesmith","Unceasing Turn Reminder","everything is the same but u backflip on backflip"],"gold_per_floor":[99,99,99,99,5,5,74,134,134,146,160,85,85,105,117,217,217,217,217,2,14,32,52,202,277,277,291,319,337,337,337,337],"floor_reached":30,"language":"ENG","playtime":1476,"items_purged":["Decay","bronze:Goto"],"score":294,"play_id":"d84e11eb-e088-4a0c-ad16-4a9459eb1946","local_time":"20210129023349","is_ascension_mode":true,"campfire_choices":[{"data":"bronze:Strike","floor":1,"key":"PURGE"},{"data":"bronze:ChosenStrike","floor":6,"key":"SMITH"},{"data":"bronze:Replicate","floor":13,"key":"SMITH"},{"floor":18,"key":"REST"}],"circlet_count":0,"master_deck":["bronze:Strike","bronze:Strike","bronze:Defend","bronze:Defend","bronze:Defend","bronze:Replicate+1","bronze:Separator+1","bronze:ChosenStrike+1","bronze:Constructor","bronze:Separator+1","bronze:GetLatest","bronze:Fortify+1","expansioncontent:QuickStudy","Thinking Ahead","bronze:Shell"],"relics":["bronze:BronzeCore","downfall:HeartsMalice","Mirror","ReplayTheSpireMod:CursedCoin","Empty Cage","BargainBundle","ClockworkSouvenir","hubris:MobiusCoin","Regal Pillow","hubris:RunicObelisk","ReplayTheSpireMod:ShopPack","Pet Ghost"],"acts_visited":["Exordium","TheCity"],"potions_floor_usage":[22,22,22,30],"damage_taken":[{"damage":0,"enemies":"Jaw Worm","floor":2,"turns":1},{"damage":0,"enemies":"Small Slimes","floor":3,"turns":1},{"damage":0,"enemies":"Cultist","floor":4,"turns":1},{"damage":0,"enemies":"downfall:FleeingMerchant","floor":5,"turns":4},{"damage":10,"enemies":"downfall:FleeingMerchant","floor":8,"turns":4},{"damage":0,"enemies":"2 Fungi Beasts","floor":10,"turns":2},{"damage":0,"enemies":"Exordium Wildlife","floor":11,"turns":2},{"damage":11,"enemies":"Lots of Slimes","floor":14,"turns":3},{"damage":22,"enemies":"Gremlin Gang","floor":15,"turns":3},{"damage":24,"enemies":"SI_SHIV_ARCHETYPE","floor":16,"turns":9},{"damage":20,"enemies":"downfall:FleeingMerchant","floor":20,"turns":4},{"damage":20,"enemies":"Spheric Guardian","floor":21,"turns":4},{"damage":0,"enemies":"downfall:FleeingMerchant","floor":22,"turns":4},{"damage":21,"enemies":"Snake Plant","floor":23,"turns":5},{"damage":26,"enemies":"Nightmare","floor":25,"turns":7},{"damage":0,"enemies":"Cultist and Chosen","floor":27,"turns":1},{"damage":3,"enemies":"Book of Stabbing","floor":28,"turns":3},{"damage":0,"enemies":"Snecko","floor":29,"turns":5},{"damage":21,"enemies":"Slavers","floor":30,"turns":2}],"seed_played":"7872507694153166305","potions_obtained":[{"floor":10,"key":"Slimebound:ThreeZeroPotion"},{"floor":11,"key":"champ:CounterPotion"},{"floor":14,"key":"Block Potion"},{"floor":16,"key":"DistilledChaos"},{"floor":25,"key":"Strength Potion"},{"floor":27,"key":"SkillPotion"},{"floor":28,"key":"bronze:BurnAndBuffPotion"}],"is_trial":false,"path_per_floor":["R_BF","M","M","M","$","R","T","$","?","M","M","?","R","M","M","B",null,"R","?","$","M","$","M","T","NM","AVR","M","E","M","E"],"character_chosen":"THE_AUTOMATON","items_purchased":["bronze:ChosenStrike","ReplayTheSpireMod:CursedCoin","BargainBundle","Regen Potion","expansioncontent:QuickStudy","ClockworkSouvenir"],"campfire_rested":1,"item_purchase_floors":[5,8,20,20,22,22],"current_hp_per_floor":[70,70,70,70,70,70,70,60,60,60,60,60,60,49,27,3,70,70,70,50,30,39,18,18,19,19,19,16,16,0,0,0],"gold":337,"neow_bonus":"THREE_ENEMY_KILL","is_daily":false,"chose_seed":false,"campfire_upgraded":2,"win_rate":0.0,"timestamp":1611887629,"path_taken":["R_BF","M","M","M","$","R","T","$","?","M","M","?","R","M","M","BOSS","R","?","$","M","$","M","T","NM","AVR","M","E","M","E"],"items_purchased_type":["Card","Relic","Relic","Potion","Card","Relic"],"build_version":"2020-12-22","purchased_purges":2,"victory":false,"max_hp_per_floor":[70,70,70,70,70,70,70,70,70,70,70,70,70,70,70,70,70,70,70,70,70,70,70,70,70,70,70,70,70,70,70,70],"card_choices":[{"not_picked":["bronze:Boost","bronze:Repulsor"],"picked":"bronze:Separator","floor":2},{"not_picked":["bronze:BugBarrage","bronze:FineTuning","bronze:MaxOutput"],"picked":"SKIP","floor":3},{"not_picked":["bronze:OilSpill","bronze:WhirlingStrike","bronze:BronzeOrb"],"picked":"SKIP","floor":4},{"not_picked":["bronze:Allocate","bronze:ItsAFeature","bronze:CutThrough"],"picked":"SKIP","floor":5},{"not_picked":["bronze:Deprecate","bronze:DelayedGuard","bronze:DigitalCarnage"],"picked":"SKIP","floor":8},{"not_picked":["bronze:BronzeOrb","bronze:DelayedGuard","bronze:FineTuning"],"picked":"SKIP","floor":10},{"not_picked":["bronze:OilSpill","bronze:ChosenStrike","bronze:Boost"],"picked":"SKIP","floor":11},{"not_picked":["bronze:Overload","bronze:Repulsor","bronze:CutThrough"],"picked":"SKIP","floor":14},{"not_picked":["bronze:Frontload","bronze:CutThrough"],"picked":"bronze:Constructor","floor":15},{"not_picked":["bronze:HardenedForm","bronze:Format"],"picked":"bronze:Hardcode","floor":16},{"not_picked":["bronze:Allocate","bronze:Flail"],"picked":"bronze:Separator+1","floor":20},{"not_picked":["bronze:DigitalCarnage","bronze:WildBeam+1"],"picked":"bronze:GetLatest","floor":21},{"not_picked":["bronze:Branch","bronze:Frontload"],"picked":"bronze:Fortify+1","floor":22},{"not_picked":["bronze:BronzeArmor","bronze:Turbo","bronze:BugBarrage"],"picked":"SKIP","floor":23},{"not_picked":["bronze:Iterate","bronze:BuggyMess","bronze:ClassDefault"],"picked":"SKIP","floor":25},{"not_picked":["Replay:Dark Deal","hubris:EnhanceAbility"],"picked":"Thinking Ahead","floor":26},{"not_picked":["bronze:WildBeam","bronze:Shield","bronze:BitShift"],"picked":"SKIP","floor":27},{"not_picked":["bronze:Iterate","bronze:ClassDefault"],"picked":"bronze:Shell","floor":28},{"not_picked":["bronze:BronzeOrb","bronze:Philosophize","bronze:FineTuning"],"picked":"SKIP","floor":29}],"player_experience":458967,"relics_obtained":[{"floor":7,"key":"Mirror"},{"floor":24,"key":"hubris:MobiusCoin"},{"floor":25,"key":"Regal Pillow"},{"floor":28,"key":"Pet Ghost"}],"event_choices":[{"damage_healed":0,"gold_gain":0,"player_choice":"3","damage_taken":0,"max_hp_gain":0,"max_hp_loss":0,"event_name":"betterMatch:BetterMatch","floor":12,"gold_loss":0,"cards_obtained":[]}],"is_beta":false,"boss_relics":[{"not_picked":["hubris:ScarierMask","ReplayTheSpireMod:DimensionalGlitch"],"picked":"Empty Cage"}],"items_purged_floors":[8,20],"is_endless":true,"potions_floor_spawned":[10,11,14,15,16,25,27,28],"killed_by":"Slavers","ascension_level":1}}