{"host":"3nces2ajq3sg92g2","time":1611930928,"event":{"mods":["100% Spire Juice","ATMod(阿瑾Mod)","Act Like it!","Alarm Clock","Arknights The Spire","BaseMod","Colored Map","Conspire","Dota2Spire","Downfall","Gensokyo","Highlight Path","Minty Spire (QoL Compilation)","MostiFishMod","Quick Restart","Reliquary","Shop Mod","Spicy Shops","StSLib","TestMod","Waifu the Spire","WarShipGirlsR/战舰少女R mod","[IsaacMod]以撒尖塔","【功能Mod】聪明的最终Boss","【遗物卡牌】REMEMod","篝火指南"],"gold_per_floor":[113,124,139,156,166,200,200,228,228,228,228,228,255,18,18,121,121,133,133,148,159,39,65,65,93,93,105,105,138,16,43,43,188,188,210,1209,939,950,973,1255,1306,1363,1445,1475,1539,744,192,289,289,409,409,409,19,80,260],"floor_reached":56,"language":"ZHS","playtime":7875,"items_purged":["Pain","Normality","Normality"],"score":1800,"play_id":"f1630c70-0e3b-4cbc-8d44-1bb1396d44bd","local_time":"20210129223528","is_ascension_mode":true,"campfire_choices":[{"floor":7,"key":"RECALL"},{"data":"BloodyBrimstone","floor":10,"key":"SMITH"},{"data":"Whirlwind","floor":15,"key":"SMITH"},{"data":"AT_FamilyPortrait","floor":24,"key":"SMITH"},{"data":"MostiFishMod:ChineseTea","floor":32,"key":"SMITH"},{"data":"Limit Break","floor":49,"key":"SMITH"},{"data":"MostiFishMod:DarkDeal","floor":52,"key":"SMITH"}],"circlet_count":0,"master_deck":["Strike_R","Strike_R+1","Strike_R","Strike_R","Strike_R","Defend_R","Defend_R+1","Defend_R","Defend_R+1","Bash","BloodyBrimstone+1","AT_FamilyPortrait+1","bronze:Break","Iron Wave","Fire Breathing+1","MostiFishMod:TemporaryOutbreak","Whirlwind+1","Perfected Strike+1","hexamod:SixthSeal","Armaments","champ:IgnorePain","MostiFishMod:HellRitual+1","Cleave+1","MostiFishMod:ChineseTea+1","Whirlwind","Reinforced Body","REME_Scribble","AT_DrawKnifeCut","Limit Break+1","MostiFishMod:CullingBlade","Anger","Flex+1","Anger","Feed","Sword Boomerang+1","Flex","Flex+1","Warcry","Feed","Spot Weakness+1","Flex","AT_IchimonjiDouble","MostiFishMod:DarkDeal+1","rmod:u235","AT_IchimonjiDouble","rmod:secretscript+1","Inflame+1","testmod-ChaoticCore+1","Jack Of All Trades+1","AT_ShrugMaster+1","AT_ShrugMaster+1","Double Tap","AT_BodySlamDance","AT_BodySlamDance+1"],"relics":["Burning Blood","AT_ATBox","DaveBox","testmod-TestBox","REME_ComplimentaryCards","HushsDoor","Membership Card","testmod-HeartOfDaVinci","SatanicBible","SynthV:TestCard","hexamod:TheBrokenSeal","champ:ChampionCrown","DianPoetry","Gensokyo:CelestialsFlawlessClothing","AT_SunfireAegis","Bottled Lightning","TheBean","Happy Flower","NightmareShop","GuppysHead","Gensokyo:MaskOfHope","sneckomod:ConfusingCodex","D6","reliquary:RadioactivePellet","SalivaCoin","SlaversCollar","ClockworkSouvenir","Dota2Spire:OrchidMalevolence","AT_ChloranthyRing","GuppysPaw","Frozen Egg 2","Dota2Spire:HandOfMidas","Red Skull","Nunchaku","reliquary:WeakTea","reliquary:BoilingFlask","DeadEye","rmod:extraamm","Shuriken","Bag of Preparation","rmod:equipmentrecovery","reliquary:Boomerang","Dota2Spire:UrnOfShadows","Ying","testmod-IndustrialRevolution","Dota2Spire:ArmletOfMordiggian","testmod-Acrobat","BookOfRevelations","reliquary:JackalopeAntler","Frozen Eye","REME_LimitBreaker","REME_ArchaeologicalTools","MerchantsRug","Bottled Flame","ChiLing","Chi","Ling","Eternal Feather"],"acts_visited":["Exordium","Gensokyo:Gensokyo","TheBeyond","TheEnding"],"potions_floor_usage":[6,16,33,53,53,53,53],"damage_taken":[{"damage":6,"enemies":"Gensokyo:Python","floor":1,"turns":3},{"damage":2,"enemies":"Gensokyo:Gryphon","floor":2,"turns":3},{"damage":0,"enemies":"Gensokyo:3_Fairies","floor":3,"turns":3},{"damage":3,"enemies":"Gensokyo:Gryphon_and_Rabbit","floor":4,"turns":4},{"damage":8,"enemies":"Gensokyo:2_Rabbits","floor":5,"turns":4},{"damage":22,"enemies":"Gensokyo:Cirno","floor":6,"turns":6},{"damage":11,"enemies":"Gensokyo:Mamizou","floor":8,"turns":5},{"damage":0,"enemies":"Gensokyo:Cirno","floor":13,"turns":4},{"damage":0,"enemies":"Gensokyo:Reimu","floor":16,"turns":5},{"damage":0,"enemies":"Gensokyo:AngelMirror","floor":18,"turns":2},{"damage":0,"enemies":"Gensokyo:CosmicMonolith","floor":20,"turns":1},{"damage":0,"enemies":"Gensokyo:3_Gloops","floor":21,"turns":3},{"damage":0,"enemies":"Gensokyo:Koishi","floor":23,"turns":3},{"damage":0,"enemies":"Gensokyo:Reisen","floor":25,"turns":3},{"damage":0,"enemies":"Gensokyo:Monolith_and_Dog","floor":27,"turns":2},{"damage":0,"enemies":"Gensokyo:Koishi","floor":29,"turns":2},{"damage":17,"enemies":"Gensokyo:Slime_Group","floor":31,"turns":3},{"damage":63,"enemies":"Gensokyo:Eternal_Rivals","floor":33,"turns":3},{"damage":2,"enemies":"Orb Walker","floor":35,"turns":2},{"damage":0,"enemies":"3 Darklings","floor":38,"turns":2},{"damage":20,"enemies":"Maw","floor":39,"turns":5},{"damage":100000000,"enemies":"Reptomancer","floor":40,"turns":3},{"damage":2,"enemies":"Sphere and 2 Shapes","floor":41,"turns":5},{"damage":0,"enemies":"Giant Head","floor":42,"turns":2},{"damage":0,"enemies":"Nemesis","floor":44,"turns":2},{"damage":5,"enemies":"3 Darklings","floor":48,"turns":2},{"damage":65,"enemies":"conspire:OrnateMirror","floor":50,"turns":3},{"damage":0,"enemies":"Shield and Spear","floor":54,"turns":1},{"damage":0,"enemies":"LittleHush","floor":55,"turns":8}],"seed_played":"1124141668702822201","potions_obtained":[{"floor":4,"key":"Block Potion"},{"floor":5,"key":"FairyPotion"},{"floor":8,"key":"Ancient Potion"},{"floor":16,"key":"Energy Potion"},{"floor":20,"key":"Fire Potion"},{"floor":23,"key":"BloodPotion"},{"floor":33,"key":"DistilledChaos"},{"floor":40,"key":"PowerPotion"}],"is_trial":false,"path_per_floor":["M","M","M","M","M","E","R","E","T","R","?","?","E","$","R","B",null,"M","?","M","M","?","E","R","E","T","M","?","E","R","M","R","B",null,"M","?","$","M","M","E","M","E","T","E","?","$","R","M","R","B",null,"R","$","E","B",null],"character_chosen":"IRONCLAD","items_purchased":["Bottled Lightning","TheBean","Happy Flower","GuppysHead","EntropicBrew","SalivaCoin","Flex","ClockworkSouvenir","Dota2Spire:OrchidMalevolence","Shuriken","Bag of Preparation","rmod:equipmentrecovery","reliquary:Boomerang","Dota2Spire:UrnOfShadows","Ying","testmod-IndustrialRevolution","Inflame+1","DiscerningMonocle","testmod-ChaoticCore+1","Dota2Spire:ArmletOfMordiggian","testmod-Acrobat","Jack Of All Trades","BookOfRevelations","reliquary:JackalopeAntler","Frozen Eye","REME_LimitBreaker","REME_ArchaeologicalTools","MerchantsRug","REME_GoldPotion","REME_GoldPotion","Bottled Flame","DuplicationPotion","CultistPotion","ChiLing","AT_ShrugMaster+1","Double Tap","AT_BodySlamDance"],"campfire_rested":0,"item_purchase_floors":[14,14,14,17,30,30,37,37,37,46,46,46,46,46,46,46,46,46,46,46,46,46,47,47,47,47,47,47,53,53,53,53,53,53,53,53,53],"current_hp_per_floor":[72,76,82,85,83,107,107,99,99,99,73,68,74,74,74,80,104,104,104,104,104,104,104,104,104,104,106,96,104,104,106,106,72,109,111,111,111,108,94,37,57,74,74,91,76,76,76,77,77,21,110,110,110,110,109],"gold":260,"neow_bonus":"TWENTY_PERCENT_HP_BONUS","is_daily":false,"chose_seed":false,"campfire_upgraded":6,"win_rate":0.0,"timestamp":1611930928,"path_taken":["M","M","M","M","M","E","R","E","T","R","?","?","E","$","R","BOSS","M","?","M","M","?","E","R","E","T","M","?","E","R","?","R","BOSS","M","?","$","?","M","E","M","E","T","E","?","?","R","M","R","BOSS","R","$","E","BOSS"],"items_purchased_type":["Relic","Relic","Relic","Relic","Potion","Relic","Card","Relic","Relic","Relic","Relic","Relic","Relic","Relic","Relic","Relic","Card","Relic","Card","Relic","Relic","Card","Relic","Relic","Relic","Relic","Relic","Relic","Potion","Potion","Relic","Potion","Potion","Relic","Card","Card","Card"],"build_version":"2020-12-22","purchased_purges":3,"victory":true,"max_hp_per_floor":[96,96,96,96,96,107,107,104,104,104,104,114,114,114,114,114,104,104,104,104,104,104,104,104,104,104,106,106,108,108,110,110,109,109,111,111,111,108,108,105,110,110,110,110,110,110,110,110,110,110,110,110,110,110,109],"card_choices":[{"not_picked":[],"picked":"BloodyBrimstone","floor":0},{"not_picked":["Shockwave","MostiFishMod:#F4004"],"picked":"Iron Wave","floor":1},{"not_picked":["True Grit","Rage","Heavy Blade","Headbutt"],"picked":"Fire Breathing","floor":2},{"not_picked":["Armaments","Bloodletting","Battle Trance","Pummel"],"picked":"MostiFishMod:TemporaryOutbreak","floor":3},{"not_picked":["Entrench","Ghostly Armor","Heavy Blade","Warcry"],"picked":"Whirlwind","floor":4},{"not_picked":["Headbutt","Pommel Strike","Sword Boomerang","Body Slam"],"picked":"Perfected Strike","floor":5},{"not_picked":["REME_FearOfPain","Feel No Pain","Headbutt","Juggernaut"],"picked":"Armaments","floor":6},{"not_picked":["Power Through","Feel No Pain","Shrug It Off","Rage"],"picked":"MostiFishMod:HellRitual","floor":8},{"not_picked":["Sword Boomerang","Burning Pact","Combust","Feel No Pain"],"picked":"Cleave","floor":13},{"not_picked":["MostiFishMod:CullingBlade","Berserk","Bludgeon","Impervious"],"picked":"MostiFishMod:ChineseTea","floor":16},{"not_picked":["AT_DiedThrough","Pommel Strike+1","Sword Boomerang","Disarm"],"picked":"Whirlwind","floor":18},{"not_picked":["Warcry+1","Burning Pact","Fire Breathing+1","Clothesline"],"picked":"REME_Scribble","floor":20},{"not_picked":["Sword Boomerang","Second Wind","Anger","Whirlwind"],"picked":"AT_DrawKnifeCut","floor":21},{"not_picked":["Rampage","Perfected Strike","Sword Boomerang+1","Disarm"],"picked":"Limit Break","floor":23},{"not_picked":["Flex+1","Searing Blow","conspire:ExplosiveBarrier+1","Dark Embrace+1"],"picked":"MostiFishMod:CullingBlade","floor":25},{"not_picked":["Pommel Strike","Clothesline+1","Blood for Blood","Feel No Pain+1"],"picked":"Anger","floor":27},{"not_picked":["Body Slam","Clothesline","Searing Blow","Headbutt+1"],"picked":"Flex+1","floor":29},{"not_picked":["Whirlwind","Impervious","Twin Strike+1","Disarm"],"picked":"Anger","floor":31},{"not_picked":["MostiFishMod:PerfectStrikeMKII","Impervious","MostiFishMod:RacingGame","MostiFishMod:RainCloud"],"picked":"Feed","floor":33},{"not_picked":["conspire:Charge","True Grit","REME_FearOfPain+1","Battle Trance"],"picked":"Sword Boomerang+1","floor":35},{"not_picked":["Sword Boomerang+1","Cleave+1","Searing Blow+1","AT_BodySlamDance+1"],"picked":"Flex","floor":38},{"not_picked":["Uppercut+1","REME_FearOfPain","AT_ManFootWork+1","Clash+1"],"picked":"Warcry","floor":39},{"not_picked":["REME_Cut+1","Twin Strike","Shockwave+1","Clash+1"],"picked":"Feed","floor":40},{"not_picked":["AT_GerminateFire","Perfected Strike","Headbutt+1","Flame Barrier+1"],"picked":"Spot Weakness+1","floor":40},{"not_picked":["Armaments+1","Shrug It Off+1","Pommel Strike+1","Cleave"],"picked":"Flex","floor":40},{"not_picked":["Spot Weakness","Cleave+1","Warcry+1","AT_BodySlamDance+1"],"picked":"AT_IchimonjiDouble","floor":41},{"not_picked":["Shrug It Off","MostiFishMod:#F4004","Combust+1","True Grit+1"],"picked":"MostiFishMod:DarkDeal","floor":42},{"not_picked":["Thunderclap+1","Fire Breathing+1","Twin Strike+1","Rampage+1"],"picked":"AT_IchimonjiDouble","floor":44},{"not_picked":["Perfected Strike","Feel No Pain+1","conspire:Charge+1","Anger+1"],"picked":"AT_ShrugMaster+1","floor":48},{"not_picked":["REME_FearOfPain+1","Thunderclap","Whirlwind","Brutality+1"],"picked":"AT_BodySlamDance+1","floor":54}],"player_experience":79225,"relics_obtained":[{"floor":1,"key":"SynthV:TestCard"},{"floor":6,"key":"hexamod:TheBrokenSeal"},{"floor":8,"key":"champ:ChampionCrown"},{"floor":9,"key":"DianPoetry"},{"floor":13,"key":"AT_SunfireAegis"},{"floor":23,"key":"sneckomod:ConfusingCodex"},{"floor":25,"key":"D6"},{"floor":29,"key":"reliquary:RadioactivePellet"},{"floor":40,"key":"AT_ChloranthyRing"},{"floor":40,"key":"GuppysPaw"},{"floor":40,"key":"Frozen Egg 2"},{"floor":40,"key":"Dota2Spire:HandOfMidas"},{"floor":40,"key":"Red Skull"},{"floor":40,"key":"Nunchaku"},{"floor":40,"key":"reliquary:WeakTea"},{"floor":42,"key":"reliquary:BoilingFlask"},{"floor":43,"key":"DeadEye"},{"floor":44,"key":"rmod:extraamm"},{"floor":54,"key":"Eternal Feather"}],"event_choices":[{"damage_healed":0,"gold_gain":0,"player_choice":"Ignored","damage_taken":10,"max_hp_gain":0,"max_hp_loss":0,"event_name":"恩洛斯的盘子","floor":28,"gold_loss":0},{"damage_healed":0,"gold_gain":999,"player_choice":"Gold","damage_taken":0,"max_hp_gain":0,"max_hp_loss":0,"event_name":"MindBloom","floor":36,"gold_loss":0,"cards_obtained":["Normality","Normality"]}],"is_beta":false,"boss_relics":[{"not_picked":["conspire:SlowCooker","xbg"],"picked":"NightmareShop"},{"not_picked":[]},{"not_picked":["conspire:SeveredTorchhead","testmod-BatchProcessingSystem"],"picked":"SlaversCollar"},{"not_picked":[]}],"items_purged_floors":[14,37,46],"is_endless":false,"potions_floor_spawned":[4,5,8,16,20,23,31,33,35,41,42],"ascension_level":1}}