{"host":"8kweeulvvasqx820","time":1611886001,"event":{"mods":["Aspiration","BaseMod","Better Altar","Better Match","Better Note","Better Sensory Stone","Better Skull","Better Third Choice","BetterRewards","Colored Map","Conspire","Displayed Cursed Tome","Downfall","Hubris","Infinite Spire","Jorbs\u0027s Wanderer Trilogy","Minty Spire (QoL Compilation)","Relic Stats","Replay The Spire","Spicy Shops","StSLib","SuperFastMode","Swap Starting Deck Mod","The Construct","The Marked","The Servant 0.9.4","everything is the same but u backflip on backflip","slay the spire mod where everything is the same but ironclad has a cowboy hat"],"gold_per_floor":[99,113,124,24,59,131,185,185,216,240,240,276,276,276,276],"floor_reached":13,"language":"ENG","playtime":1019,"items_purged":[],"score":91,"play_id":"51930db0-f567-4f47-9bbc-a3845b49c4fc","local_time":"20210128210641","is_ascension_mode":true,"campfire_choices":[{"data":"Slimebound:Split","floor":1,"key":"SMITH"}],"circlet_count":0,"master_deck":["Slimebound:Strike_Slimebound","Slimebound:Strike_Slimebound","Slimebound:Tackle","Slimebound:Defend_Slimebound","Slimebound:Defend_Slimebound","Slimebound:Defend_Slimebound","Slimebound:Defend_Slimebound","Slimebound:Split+1","Slimebound:CorrosiveSpit","Slimebound:SlimeTap","Slimebound:LeechEnergy","Slimebound:RejuvenatingLick","conspire:SpireCoStock","conspire:SpireCoStock","Slimebound:Repurpose","Slimebound:LeechingTouch","Slimebound:Nibble","Replay:BasicMightCard","Slimebound:SlimeSpikes"],"relics":["Slimebound:AbsorbEndCombat","hubris:TinFlute","Vajra","hubris:Towel"],"acts_visited":["Exordium"],"potions_floor_usage":[13,13],"damage_taken":[{"damage":0,"enemies":"conspire:RoseBush","floor":2,"turns":2},{"damage":2,"enemies":"Small Slimes","floor":3,"turns":5},{"damage":7,"enemies":"2 Louse","floor":5,"turns":3},{"damage":15,"enemies":"Replay:BlueRogue","floor":6,"turns":6},{"damage":8,"enemies":"2 Fungi Beasts","floor":9,"turns":4},{"damage":24,"enemies":"Exordium Thugs","floor":10,"turns":5},{"damage":5,"enemies":"3 Louse","floor":12,"turns":3},{"damage":37,"enemies":"Gremlin Nob","floor":13,"turns":3}],"seed_played":"-5895756609578695883","potions_obtained":[{"floor":2,"key":"Swift Potion"},{"floor":5,"key":"Elixir"},{"floor":10,"key":"Strength Potion"}],"is_trial":false,"path_per_floor":["R","M","M","?","M","E","T","?","M","M","?","M","E"],"character_chosen":"SLIMEBOUND","items_purchased":[],"campfire_rested":0,"item_purchase_floors":[],"current_hp_per_floor":[65,65,65,65,60,53,53,53,49,33,33,34,0,0,0],"gold":276,"neow_bonus":"TRANSFORM_CARD","is_daily":false,"chose_seed":false,"campfire_upgraded":1,"win_rate":0.0,"timestamp":1611886001,"path_taken":["R","M","M","?","M","E","T","?","M","M","?","?","E"],"items_purchased_type":[],"build_version":"2020-12-22","purchased_purges":0,"victory":false,"max_hp_per_floor":[65,65,65,65,65,65,65,65,65,65,65,65,65,65,65],"relic_stats":{"counters":[8,30],"obtain_stats":[{"Vajra":7,"Slimebound:AbsorbEndCombat":0,"hubris:Towel":8,"hubris:TinFlute":6},{"Vajra":4,"Slimebound:AbsorbEndCombat":0,"hubris:Towel":4,"hubris:TinFlute":4},{"Vajra":15,"Slimebound:AbsorbEndCombat":0,"hubris:Towel":15,"hubris:TinFlute":15}]},"card_choices":[{"not_picked":["Slimebound:SlimeSpikes","Slimebound:LeechingTouch"],"picked":"Slimebound:LeechEnergy","floor":2},{"not_picked":["Slimebound:LeechEnergy","Slimebound:RollThrough"],"picked":"Slimebound:RejuvenatingLick","floor":3},{"not_picked":["Slimebound:GoopTackle","Slimebound:Replication"],"picked":"Slimebound:Repurpose","floor":5},{"not_picked":["Slimebound:SplitBruiser","Slimebound:SlimeSpikes"],"picked":"Slimebound:LeechingTouch","floor":6},{"not_picked":["Slimebound:TongueLash","Slimebound:ItLooksTasty","Slimebound:PressTheAttack"],"picked":"SKIP","floor":9},{"not_picked":["Slimebound:ComboTackle","Slimebound:Chomp"],"picked":"Slimebound:Nibble","floor":10},{"not_picked":["Discovery","ReplayTheSpireMod:Uncanny Aura"],"picked":"Replay:BasicMightCard","floor":11},{"not_picked":["Slimebound:DivideAndConquer","Slimebound:FlameTackle"],"picked":"Slimebound:SlimeSpikes","floor":12}],"player_experience":102205,"relics_obtained":[{"floor":6,"key":"hubris:TinFlute"},{"floor":7,"key":"Vajra"}],"event_choices":[{"damage_healed":0,"gold_gain":0,"player_choice":"Invest 2","damage_taken":0,"max_hp_gain":0,"max_hp_loss":0,"event_name":"conspire:Investor","floor":4,"gold_loss":0},{"damage_healed":0,"gold_gain":1,"player_choice":"1","damage_taken":0,"max_hp_gain":0,"max_hp_loss":0,"event_name":"betterStone:BetterStone","floor":11,"gold_loss":0}],"is_beta":false,"boss_relics":[],"items_purged_floors":[],"is_endless":false,"potions_floor_spawned":[2,5,10],"killed_by":"Gremlin Nob","ascension_level":1}}