{"host":"ooa7gbxz3ilj1hm6","time":1611891490,"event":{"mods":["BaseMod","Colored Map","Downfall","Highlight Path","Minty Spire (QoL Compilation)","StSLib"],"gold_per_floor":[99,113,188,188,207,238,238,76,100,126,146,46,31,44,54,156,156,156,169,187,187,198,25,25,53,69,237,250,50,50,50,64,166,166,166,176,195,34,34,66,92,132,161,200,95,108,96,111,123,123,123,123],"floor_reached":50,"language":"ENG","playtime":2786,"items_purged":["downfall:Haunted"],"score":639,"play_id":"c37799d8-7779-4051-adec-a901bca5d288","local_time":"20210128203810","is_ascension_mode":false,"campfire_choices":[{"floor":1,"key":"RECALL"},{"floor":12,"key":"REST"},{"data":"Slimebound:OneTwoCombo","floor":18,"key":"SMITH"},{"data":"Slimebound:OneTwoCombo","floor":29,"key":"SMITH"},{"data":"Slimebound:SplitLeeching","floor":35,"key":"SMITH"}],"circlet_count":0,"master_deck":["Slimebound:Strike_Slimebound","Slimebound:Defend_Slimebound","Slimebound:Defend_Slimebound","Slimebound:Defend_Slimebound","Slimebound:Defend_Slimebound","Slimebound:Split+1","Slimebound:CorrosiveSpit","Slimebound:PressTheAttack","Slimebound:SplitAcid","Slimebound:Repurpose","Slimebound:OneTwoCombo+1","Slimebound:SlimeBarrage","Slimebound:SplitLeeching+1","Slimebound:SlimeBarrage","Slimebound:OneTwoCombo+1","Slimebound:SplitMire","Slimebound:SplitAcid","Slimebound:LeadByExample","Slimebound:SplitSpecialist+1","Slimebound:SplitLeeching","Slimebound:CheckThePlaybook","Slimebound:RollThrough","Slimebound:SlimeSpikes","Slimebound:Prepare","Slimebound:SplitMire","Slimebound:SpikyOuterGoop","Slimebound:SplitLeeching","Slimebound:SplitMire+1","Slimebound:SlimeSpikes","Slimebound:SplitAcid+1","Slimebound:Schlurp"],"relics":["Slimebound:AbsorbEndCombat","Toy Ornithopter","Pantograph","Odd Mushroom","StoneCalendar","downfall:HeartBlessingRed","Busted Crown","Bag of Preparation","Membership Card","downfall:HeartBlessingGreen","downfall:HeartBlessingBlue","Cursed Key","Mango","Lantern","MawBank","Ancient Tea Set","Anchor"],"acts_visited":["Exordium","TheCity","TheBeyond"],"potions_floor_usage":[25,27],"damage_taken":[{"damage":4,"enemies":"2 Louse","floor":2,"turns":3},{"damage":7,"enemies":"Small Slimes","floor":5,"turns":4},{"damage":22,"enemies":"3 Sentries","floor":6,"turns":6},{"damage":3,"enemies":"downfall:FleeingMerchant","floor":8,"turns":4},{"damage":13,"enemies":"The Mushroom Lair","floor":9,"turns":3},{"damage":14,"enemies":"Lagavulin","floor":10,"turns":7},{"damage":9,"enemies":"Jaw Worm","floor":11,"turns":2},{"damage":10,"enemies":"downfall:FleeingMerchant","floor":13,"turns":4},{"damage":13,"enemies":"Exordium Wildlife","floor":14,"turns":3},{"damage":20,"enemies":"Exordium Thugs","floor":15,"turns":4},{"damage":23,"enemies":"WA_ARCHETYPE_RETAIN","floor":16,"turns":8},{"damage":10,"enemies":"Spheric Guardian","floor":19,"turns":3},{"damage":10,"enemies":"Shell Parasite","floor":20,"turns":3},{"damage":0,"enemies":"3 Cultists","floor":22,"turns":4},{"damage":13,"enemies":"downfall:FleeingMerchant","floor":23,"turns":4},{"damage":39,"enemies":"Book of Stabbing","floor":25,"turns":4},{"damage":0,"enemies":"Centurion and Healer","floor":26,"turns":3},{"damage":0,"enemies":"downfall:FleeingMerchant","floor":27,"turns":2},{"damage":0,"enemies":"Snecko","floor":28,"turns":2},{"damage":1,"enemies":"Sentry and Sphere","floor":32,"turns":3},{"damage":35,"enemies":"DF_ARCHETYPE_CLAW","floor":33,"turns":5},{"damage":0,"enemies":"3 Shapes","floor":36,"turns":2},{"damage":2,"enemies":"3 Darklings","floor":37,"turns":4},{"damage":10,"enemies":"Giant Head","floor":40,"turns":6},{"damage":30,"enemies":"Nemesis","floor":42,"turns":5},{"damage":4,"enemies":"Jaw Worm Horde","floor":43,"turns":3},{"damage":0,"enemies":"Reptomancer","floor":44,"turns":4},{"damage":0,"enemies":"4 Shapes","floor":46,"turns":5},{"damage":9,"enemies":"3 Darklings","floor":48,"turns":3},{"damage":8,"enemies":"Sphere and 2 Shapes","floor":49,"turns":4},{"damage":155,"enemies":"IC_BLOCK_ARCHETYPE","floor":50,"turns":4}],"seed_played":"-2450101845686199191","potions_obtained":[{"floor":2,"key":"Slimebound:SlimyTonguePotion"},{"floor":6,"key":"Strength Potion"},{"floor":10,"key":"LiquidMemories"},{"floor":14,"key":"LiquidBronze"},{"floor":26,"key":"EntropicBrew"},{"floor":33,"key":"EssenceOfSteel"}],"is_trial":false,"path_per_floor":["R","M","?","?","M","E","T","$","?","E","M","R","$","M","M","B",null,"R","M","M","?","M","$","T","E","M","$","M","R","?","?","M","B",null,"R","M","M","$","?","E","T","E","M","E","$","M","$","M","M","B"],"character_chosen":"SLIMEBOUND","items_purchased":["Slimebound:OneTwoCombo","Slimebound:SplitMire","Slimebound:SplitAcid","Slimebound:LeadByExample","Membership Card","Slimebound:SplitLeeching","Mango","Slimebound:SlimeSpikes","Slimebound:SplitMire","Slimebound:SpikyOuterGoop","Slimebound:SplitLeeching","Slimebound:SlimeSpikes"],"campfire_rested":1,"item_purchase_floors":[8,23,23,23,27,27,38,38,45,45,45,47],"current_hp_per_floor":[65,63,63,63,62,44,44,49,40,34,27,46,38,27,11,21,65,65,55,51,51,55,48,48,20,28,37,45,55,55,55,54,48,75,75,75,75,89,89,79,79,57,61,69,69,75,75,74,70,0,0,0],"gold":123,"neow_bonus":"UPGRADE_CARD","is_daily":false,"chose_seed":false,"campfire_upgraded":3,"win_rate":0.0,"timestamp":1611891490,"path_taken":["R","M","?","?","M","E","T","$","?","E","?","R","$","M","M","BOSS","R","M","M","?","M","?","T","E","M","$","M","R","?","?","M","BOSS","R","?","M","$","?","E","T","E","M","E","$","?","?","M","M","BOSS"],"items_purchased_type":["Card","Card","Card","Card","Relic","Card","Relic","Card","Card","Card","Card","Card"],"build_version":"2020-12-22","purchased_purges":1,"victory":false,"max_hp_per_floor":[65,65,65,65,65,65,65,65,65,65,65,65,65,65,65,65,65,65,65,65,65,65,65,65,65,65,65,65,75,75,75,75,75,75,75,75,75,89,89,89,89,89,89,89,89,89,89,89,89,89,89,89],"card_choices":[{"not_picked":["Slimebound:Prepare","Slimebound:GoopSpray"],"picked":"Slimebound:PressTheAttack","floor":2},{"not_picked":["Slimebound:LevelUp","Slimebound:RollThrough"],"picked":"Slimebound:SplitAcid","floor":5},{"not_picked":["Slimebound:Nibble","Slimebound:FlameTackle"],"picked":"Slimebound:Repurpose","floor":6},{"not_picked":["Slimebound:DouseInSlime","Slimebound:Equalize","Slimebound:LeechEnergy"],"picked":"SKIP","floor":8},{"not_picked":["Slimebound:Gluttony","Slimebound:DivideAndConquer","Slimebound:Overexert"],"picked":"SKIP","floor":10},{"not_picked":["Slimebound:BestDefense","Slimebound:SplitSpecialist"],"picked":"Slimebound:SlimeBarrage","floor":11},{"not_picked":["Slimebound:PressTheAttack","Slimebound:SplitMire"],"picked":"Slimebound:SplitLeeching","floor":13},{"not_picked":["Slimebound:DivideAndConquer","Slimebound:DisruptingSlam","Slimebound:Prepare"],"picked":"SKIP","floor":14},{"not_picked":["Slimebound:LeechLife","Slimebound:PressTheAttack"],"picked":"Slimebound:SlimeBarrage","floor":15},{"not_picked":["Slimebound:OozeBath","Slimebound:SlimeSlap"],"picked":"Slimebound:OneTwoCombo","floor":16},{"not_picked":["Slimebound:LeechEnergy"],"picked":"SKIP","floor":19},{"not_picked":["Slimebound:SlimeTap"],"picked":"SKIP","floor":20},{"not_picked":["Slimebound:FinishingTackle"],"picked":"SKIP","floor":22},{"not_picked":["Slimebound:Equalize"],"picked":"SKIP","floor":23},{"not_picked":["Slimebound:CheckThePlaybook"],"picked":"SKIP","floor":25},{"not_picked":["Slimebound:Prepare"],"picked":"SKIP","floor":26},{"not_picked":[],"picked":"Slimebound:SplitSpecialist+1","floor":27},{"not_picked":["Slimebound:RollThrough"],"picked":"SKIP","floor":28},{"not_picked":["Slimebound:RollThrough"],"picked":"SKIP","floor":32},{"not_picked":[],"picked":"Slimebound:RollThrough","floor":32},{"not_picked":["Slimebound:ComboTackle+1"],"picked":"SKIP","floor":36},{"not_picked":["Slimebound:DisruptingSlam"],"picked":"SKIP","floor":37},{"not_picked":["Slimebound:LeechingTouch+1"],"picked":"SKIP","floor":40},{"not_picked":[],"picked":"Slimebound:Prepare","floor":42},{"not_picked":["Slimebound:FlameTackle"],"picked":"SKIP","floor":43},{"not_picked":["Slimebound:Equalize+1"],"picked":"SKIP","floor":44},{"not_picked":[],"picked":"Slimebound:SplitMire+1","floor":46},{"not_picked":[],"picked":"Slimebound:SplitAcid+1","floor":48},{"not_picked":[],"picked":"Slimebound:Schlurp","floor":49}],"player_experience":46463,"relics_obtained":[{"floor":6,"key":"Toy Ornithopter"},{"floor":7,"key":"Pantograph"},{"floor":9,"key":"Odd Mushroom"},{"floor":10,"key":"StoneCalendar"},{"floor":25,"key":"Bag of Preparation"},{"floor":40,"key":"Lantern"},{"floor":41,"key":"MawBank"},{"floor":42,"key":"Ancient Tea Set"},{"floor":44,"key":"Anchor"}],"event_choices":[{"damage_healed":0,"gold_gain":0,"player_choice":"Fought Mushrooms","damage_taken":0,"max_hp_gain":0,"max_hp_loss":0,"event_name":"Mushrooms","floor":9,"gold_loss":0},{"cards_removed":["Slimebound:Strike_Slimebound"],"damage_healed":0,"gold_gain":0,"player_choice":"Offered Basic","damage_taken":0,"max_hp_gain":0,"max_hp_loss":0,"event_name":"Bonfire Elementals","floor":39,"gold_loss":0}],"is_beta":false,"boss_relics":[{"not_picked":["Runic Dome","Coffee Dripper"],"picked":"Busted Crown"},{"not_picked":["Empty Cage","Snecko Eye"],"picked":"Cursed Key"}],"items_purged_floors":[45],"is_endless":false,"potions_floor_spawned":[2,6,10,14,15,16,19,22,26,33,37,44,48,49],"killed_by":"IC_BLOCK_ARCHETYPE","ascension_level":0}}