{"host":"6xsbn6ynqlzwllfm","time":1611956473,"event":{"mods":["2.2 Compatiblity","BaseMod","Bestiary","Colored Map","Colored Powertips","Curses Come First","Highlight Path","Keyboard Shortcuts","Minty Spire (QoL Compilation)","Relic Stats","Slay the Relics Exporter","StSLib","SuperFastMode"],"gold_per_floor":[112,112,125,142,160,160,189,189,265,290,310,310,310,329,329,404,404,414,424,424,424],"floor_reached":20,"language":"ENG","playtime":972,"items_purged":[],"score":422,"play_id":"a82128dd-eaa2-4994-ac1a-eb1287e0b038","local_time":"20210129164113","is_ascension_mode":true,"campfire_choices":[{"data":"Combust","floor":6,"key":"SMITH"},{"floor":13,"key":"REST"},{"data":"Flame Barrier","floor":15,"key":"SMITH"}],"circlet_count":0,"master_deck":["AscendersBane","Strike_R","Strike_R","Defend_R","Defend_R","Defend_R","Bash+1","Limit Break+1","Dual Wield+1","Power Through+1","Sever Soul+1","Anger","Shrug It Off+1","Combust+1","Flame Barrier+1","Dropkick","Fiend Fire","Whirlwind","Shockwave"],"relics":["Astrolabe","Unceasing Top","Shuriken","Smiling Mask","SlaversCollar"],"acts_visited":["Exordium","TheCity"],"potions_floor_usage":[7,16,16,16,18,19,20],"damage_taken":[{"damage":10,"enemies":"Small Slimes","floor":1,"turns":7},{"damage":0,"enemies":"Cultist","floor":3,"turns":4},{"damage":0,"enemies":"Jaw Worm","floor":4,"turns":3},{"damage":3,"enemies":"Blue Slaver","floor":5,"turns":6},{"damage":8,"enemies":"Gremlin Nob","floor":7,"turns":3},{"damage":4,"enemies":"3 Sentries","floor":10,"turns":5},{"damage":9,"enemies":"Looter","floor":11,"turns":3},{"damage":1,"enemies":"Exordium Thugs","floor":14,"turns":4},{"damage":20,"enemies":"Hexaghost","floor":16,"turns":7},{"damage":27,"enemies":"2 Thieves","floor":18,"turns":4},{"damage":45,"enemies":"3 Byrds","floor":19,"turns":7},{"damage":2,"enemies":"Sentry and Sphere","floor":20,"turns":2}],"seed_played":"432739177069301186","potions_obtained":[{"floor":3,"key":"Strength Potion"},{"floor":4,"key":"EntropicBrew"},{"floor":7,"key":"Strength Potion"},{"floor":16,"key":"BloodPotion"},{"floor":19,"key":"CultistPotion"}],"is_trial":false,"path_per_floor":["M","?","M","M","M","R","E","?","T","E","M","?","R","M","R","B",null,"M","M","M"],"character_chosen":"IRONCLAD","items_purchased":[],"campfire_rested":1,"item_purchase_floors":[],"current_hp_per_floor":[58,58,58,58,55,55,47,40,40,36,27,4,26,25,25,5,58,31,1,0,0],"gold":424,"neow_bonus":"BOSS_RELIC","is_daily":false,"chose_seed":false,"campfire_upgraded":2,"win_rate":0.0,"timestamp":1611956473,"path_taken":["M","?","?","M","M","R","E","?","T","E","M","?","R","M","R","BOSS","M","M","M"],"items_purchased_type":[],"build_version":"2020-12-22","purchased_purges":0,"victory":false,"max_hp_per_floor":[75,75,75,75,75,75,75,75,75,75,75,75,75,75,75,75,75,75,75,75,75],"relic_stats":{"counters":[12,55],"Shuriken":[6],"Astrolabe":["Limit Break","Dual Wield","Power Through"],"Smiling Mask":0,"obtain_stats":[{"SlaversCollar":17,"Shuriken":9,"Astrolabe":0,"Smiling Mask":10,"Burning Blood":0,"Unceasing Top":7},{"SlaversCollar":9,"Shuriken":5,"Astrolabe":0,"Smiling Mask":6,"Burning Blood":0,"Unceasing Top":5},{"SlaversCollar":42,"Shuriken":23,"Astrolabe":0,"Smiling Mask":28,"Burning Blood":0,"Unceasing Top":23}],"Unceasing Top":[5]},"card_choices":[{"not_picked":["Iron Wave","Combust"],"picked":"Sever Soul","floor":1},{"not_picked":["Thunderclap","Combust"],"picked":"Anger","floor":3},{"not_picked":["Combust","Clash"],"picked":"Shrug It Off","floor":4},{"not_picked":["Headbutt","Twin Strike"],"picked":"Combust","floor":5},{"not_picked":["Cleave","Dark Embrace"],"picked":"Flame Barrier","floor":10},{"not_picked":["Body Slam","Headbutt","Armaments"],"picked":"SKIP","floor":11},{"not_picked":["Warcry","Rampage"],"picked":"Dropkick","floor":14},{"not_picked":["Bludgeon","Limit Break"],"picked":"Fiend Fire","floor":16},{"not_picked":["Iron Wave","Cleave"],"picked":"Whirlwind","floor":18},{"not_picked":["Clash","Blood for Blood"],"picked":"Shockwave","floor":19}],"player_experience":1227637,"relics_obtained":[{"floor":7,"key":"Unceasing Top"},{"floor":9,"key":"Shuriken"},{"floor":10,"key":"Smiling Mask"}],"event_choices":[{"damage_healed":0,"gold_gain":0,"player_choice":"Upgraded","damage_taken":0,"max_hp_gain":0,"max_hp_loss":0,"event_name":"Upgrade Shrine","floor":2,"gold_loss":0,"cards_upgraded":["Sever Soul"]},{"cards_removed":["Defend_R"],"damage_healed":0,"gold_gain":0,"player_choice":"Card Removal","damage_taken":7,"max_hp_gain":0,"max_hp_loss":0,"event_name":"Golden Wing","floor":8,"gold_loss":0},{"damage_healed":0,"gold_gain":0,"player_choice":"Entered Light","damage_taken":23,"max_hp_gain":0,"max_hp_loss":0,"event_name":"Shining Light","floor":12,"gold_loss":0,"cards_upgraded":["Bash","Shrug It Off"]}],"is_beta":false,"boss_relics":[{"not_picked":["Tiny House","Snecko Eye"],"picked":"SlaversCollar"}],"items_purged_floors":[],"is_endless":false,"potions_floor_spawned":[3,4,7,16,19],"killed_by":"Sentry and Sphere","ascension_level":20}}