{"host":"08sn1703g14rasc1","time":1611893464,"event":{"mods":["AchievementEnabler","BaseMod","Colored Map","Colored Powertips","Hermit","Minty Spire (QoL Compilation)","StSLib"],"gold_per_floor":[118,293,18,18,30,30,46,58,85,85,115,130,130,130,130,230,230,250,250,250,10,29,59,59,59,82,82,4,4,15,32,32,133,133,148,23,68,86,46,46,46,64,89,89,103,103,103],"floor_reached":46,"language":"ENG","playtime":1496,"items_purged":["Doubt","Strike_P","Writhe"],"score":634,"play_id":"23917f06-cec5-4595-9053-bb0447a6904c","local_time":"20210128201104","is_ascension_mode":true,"campfire_choices":[{"data":"Eruption","floor":6.0,"key":"SMITH"},{"floor":10.0,"key":"REST"},{"data":"Prostrate","floor":15.0,"key":"SMITH"},{"floor":24.0,"key":"REST"},{"data":"Collect","floor":27.0,"key":"SMITH"},{"floor":32.0,"key":"REST"},{"floor":40,"key":"REST"},{"floor":41,"key":"REST"},{"data":"Evaluate","floor":44,"key":"SMITH"}],"circlet_count":0,"master_deck":["Strike_P","Defend_P","Defend_P","Defend_P","Eruption+1","Vigilance","FlurryOfBlows","CutThroughFate","DeceiveReality","Consecrate","Prostrate+1","Collect+1","Brilliance","FollowUp+1","Brilliance","Worship","Consecrate","Evaluate+1","Wish","CutThroughFate+1","Worship+1","Shame","Prostrate+1"],"relics":["PureWater","Orichalcum","Damaru","Anchor","Busted Crown","Vajra","WingedGreaves","Art of War","Cursed Key","Dream Catcher"],"acts_visited":["Exordium","TheCity","TheBeyond"],"potions_floor_usage":[33,37,38,42,45],"damage_taken":[{"damage":6.0,"enemies":"Small Slimes","floor":1.0,"turns":4.0},{"damage":3.0,"enemies":"2 Louse","floor":5.0,"turns":2.0},{"damage":0.0,"enemies":"Cultist","floor":7.0,"turns":2.0},{"damage":7.0,"enemies":"2 Fungi Beasts","floor":8.0,"turns":4.0},{"damage":0.0,"enemies":"Large Slime","floor":12.0,"turns":6.0},{"damage":35.0,"enemies":"Slime Boss","floor":16.0,"turns":8.0},{"damage":6.0,"enemies":"2 Thieves","floor":18.0,"turns":4.0},{"damage":9.0,"enemies":"3 Byrds","floor":22.0,"turns":6.0},{"damage":25.0,"enemies":"Slavers","floor":23.0,"turns":5.0},{"damage":11.0,"enemies":"Snecko","floor":30.0,"turns":4.0},{"damage":10.0,"enemies":"Shelled Parasite and Fungi","floor":31.0,"turns":4.0},{"damage":33,"enemies":"Champ","floor":33,"turns":8},{"damage":38,"enemies":"3 Darklings","floor":35,"turns":5},{"damage":4,"enemies":"3 Shapes","floor":37,"turns":5},{"damage":65,"enemies":"Transient","floor":38,"turns":5},{"damage":0,"enemies":"Jaw Worm Horde","floor":42,"turns":1},{"damage":45,"enemies":"Writhing Mass","floor":45,"turns":4}],"seed_played":"2064903884441178943","potions_obtained":[{"floor":1.0,"key":"FairyPotion"},{"floor":5.0,"key":"PowerPotion"},{"floor":18.0,"key":"DuplicationPotion"},{"floor":31.0,"key":"LiquidBronze"},{"floor":35,"key":"SkillPotion"},{"floor":37,"key":"SneckoOil"},{"floor":39,"key":"LiquidMemories"},{"floor":39,"key":"DistilledChaos"},{"floor":39,"key":"BottledMiracle"},{"floor":45,"key":"DuplicationPotion"}],"is_trial":false,"path_per_floor":["M","?","$","?","M","R","M","M","T","R","?","M","?","?","R","B",null,"M","?","?","$","M","E","R","$","T","R","$","?","M","M","R","B",null,"M","$","M","M","?","R","R","M","T","R","M","M"],"character_chosen":"WATCHER","items_purchased":["Damaru","Strength Potion","Brilliance","Worship"],"campfire_rested":5,"item_purchase_floors":[3,3,21,28],"current_hp_per_floor":[59,59,59,59,56,56,56,49,49,70,70,70,63,68,68,33,66,60,60,77,77,68,43,66,66,66,66,66,66,55,45,68,35,67,29,29,25,23,23,46,69,69,69,69,24,0,0],"gold":103,"neow_bonus":"RANDOM_COMMON_RELIC","is_daily":false,"chose_seed":false,"campfire_upgraded":4,"win_rate":0.0,"timestamp":1611893464,"path_taken":["M","?","$","?","?","R","M","M","T","R","?","M","?","?","R","BOSS","M","?","?","?","M","E","R","$","T","R","$","?","M","M","R","BOSS","M","$","?","M","?","R","R","?","T","R","M","?"],"items_purchased_type":["Relic","Potion","Card","Card"],"build_version":"2020-12-22","purchased_purges":3,"victory":false,"max_hp_per_floor":[72,72,72,72,72,72,72,72,72,72,72,72,72,77,77,77,77,77,77,77,77,77,77,77,77,77,77,77,77,77,77,77,77,77,77,77,77,77,77,77,77,77,77,77,77,77,77],"card_choices":[{"not_picked":["Collect","JustLucky"],"picked":"FlurryOfBlows","floor":1.0},{"not_picked":["Collect","Perseverance"],"picked":"DeceiveReality","floor":5.0},{"not_picked":["SashWhip","BowlingBash"],"picked":"Consecrate","floor":7.0},{"not_picked":["Adaptation","Meditate"],"picked":"Prostrate","floor":8.0},{"not_picked":["SashWhip","ThirdEye"],"picked":"Collect","floor":12.0},{"not_picked":["ConjureBlade","LessonLearned"],"picked":"Brilliance","floor":16.0},{"not_picked":[],"picked":"FollowUp+1","floor":18.0},{"not_picked":["ThirdEye"],"picked":"SKIP","floor":22.0},{"not_picked":["Wireheading"],"picked":"SKIP","floor":23.0},{"not_picked":[],"picked":"Consecrate","floor":30.0},{"not_picked":[],"picked":"Evaluate","floor":31.0},{"not_picked":[],"picked":"Wish","floor":33},{"not_picked":[],"picked":"CutThroughFate+1","floor":35},{"not_picked":[],"picked":"Worship+1","floor":37},{"not_picked":["CutThroughFate+1"],"picked":"SKIP","floor":38},{"not_picked":["Adaptation"],"picked":"SKIP","floor":42},{"not_picked":[],"picked":"Prostrate+1","floor":45}],"player_experience":487661,"relics_obtained":[{"floor":9.0,"key":"Anchor"},{"floor":23.0,"key":"WingedGreaves"},{"floor":26.0,"key":"Art of War"},{"floor":43,"key":"Dream Catcher"}],"event_choices":[{"damage_healed":0.0,"max_hp_gain":0.0,"max_hp_loss":0.0,"gold_gain":175.0,"event_name":"Liars Game","player_choice":"AGREE","floor":2.0,"gold_loss":0.0,"damage_taken":0.0,"cards_obtained":["Doubt"]},{"damage_healed":0.0,"max_hp_gain":0.0,"max_hp_loss":0.0,"gold_gain":0.0,"cards_transformed":["Strike_P"],"event_name":"Transmorgrifier","player_choice":"Transformed","floor":4.0,"gold_loss":0.0,"damage_taken":0.0,"cards_obtained":["CutThroughFate"]},{"damage_healed":0.0,"max_hp_gain":0.0,"max_hp_loss":0.0,"gold_gain":30.0,"event_name":"Dead Adventurer","player_choice":"Searched \u00272\u0027 times","floor":11.0,"gold_loss":0.0,"damage_taken":0.0},{"cards_removed":["Defend_P"],"damage_healed":0.0,"max_hp_gain":0.0,"max_hp_loss":0.0,"gold_gain":0.0,"event_name":"Golden Wing","player_choice":"Card Removal","floor":13.0,"gold_loss":0.0,"damage_taken":7.0},{"damage_healed":0.0,"max_hp_gain":5.0,"max_hp_loss":0.0,"gold_gain":0.0,"event_name":"Big Fish","player_choice":"Donut","floor":14.0,"gold_loss":0.0,"damage_taken":0.0},{"damage_healed":0.0,"max_hp_gain":0.0,"max_hp_loss":0.0,"gold_gain":0.0,"event_name":"The Mausoleum","player_choice":"Opened","floor":19.0,"gold_loss":0.0,"damage_taken":0.0,"relics_obtained":["Vajra"],"cards_obtained":["Writhe"]},{"damage_healed":25.0,"max_hp_gain":0.0,"max_hp_loss":0.0,"gold_gain":0.0,"event_name":"The Library","player_choice":"Heal","floor":20.0,"gold_loss":0.0,"damage_taken":0.0},{"cards_removed":["Strike_P"],"damage_healed":0.0,"max_hp_gain":0.0,"max_hp_loss":0.0,"gold_gain":0.0,"event_name":"Purifier","player_choice":"Purged","floor":29.0,"gold_loss":0.0,"damage_taken":0.0},{"damage_healed":0,"gold_gain":0,"player_choice":"Bought 3 Potions","damage_taken":0,"max_hp_gain":0,"max_hp_loss":0,"event_name":"The Woman in Blue","floor":39,"gold_loss":0}],"is_beta":false,"boss_relics":[{"not_picked":["Runic Dome","Pandora\u0027s Box"],"picked":"Busted Crown"},{"not_picked":["Black Star","SacredBark"],"picked":"Cursed Key"}],"items_purged_floors":[3,21,36],"is_endless":false,"potions_floor_spawned":[1,5,8,18,31,35,37,45],"killed_by":"4 Shapes","ascension_level":8}}