{"host":"t2jxv9tm8kj57cky","time":1611954652,"event":{"mods":["BaseMod","Minty Spire (QoL Compilation)","StSLib","The Necromancer","The Poker Player"],"gold_per_floor":[109,120,137,137,157,157,175,250,276,296,312,328,328,13,13,115,115,127,226,2,16,33,33,33],"floor_reached":23,"language":"ENG","playtime":598,"items_purged":["Strike_B"],"score":206,"play_id":"626b15c1-918b-4b0e-9c80-a1c5879f4ed7","local_time":"20210129151052","is_ascension_mode":true,"campfire_choices":[{"data":"Hello World","floor":6,"key":"SMITH"},{"data":"Gash","floor":15,"key":"SMITH"}],"circlet_count":0,"master_deck":["Defend_B","Defend_B","Defend_B","Defend_B","Zap","Dualcast","Beam Cell+1","Conserve Battery","Hello World+1","FTL","Go for the Eyes","Undo","Melter","Rebound","Gash+1","Secret Technique","Finesse","Hyperbeam","Compile Driver+1","Steam+1","Ball Lightning+1","Scrape","Beam Cell"],"relics":["Cracked Core","NeowsBlessing","MealTicket","Astrolabe","Bag of Marbles"],"acts_visited":["Exordium","TheCity"],"potions_floor_usage":[10,21,22,23],"damage_taken":[{"damage":0,"enemies":"Jaw Worm","floor":1,"turns":1},{"damage":0,"enemies":"2 Louse","floor":2,"turns":1},{"damage":0,"enemies":"Small Slimes","floor":3,"turns":1},{"damage":12,"enemies":"Looter","floor":5,"turns":3},{"damage":6,"enemies":"Blue Slaver","floor":7,"turns":3},{"damage":23,"enemies":"Exordium Thugs","floor":10,"turns":4},{"damage":3,"enemies":"Looter","floor":11,"turns":3},{"damage":11,"enemies":"Gremlin Gang","floor":12,"turns":5},{"damage":23,"enemies":"Hexaghost","floor":16,"turns":8},{"damage":1,"enemies":"Chosen","floor":18,"turns":3},{"damage":0,"enemies":"3 Byrds","floor":21,"turns":1},{"damage":15,"enemies":"Snake Plant","floor":22,"turns":4},{"damage":76,"enemies":"Slavers","floor":23,"turns":4}],"seed_played":"3312965660025393099","potions_obtained":[{"floor":7,"key":"Weak Potion"},{"floor":11,"key":"FairyPotion"},{"floor":12,"key":"LiquidMemories"},{"floor":16,"key":"FearPotion"},{"floor":18,"key":"Fruit Juice"},{"floor":21,"key":"GamblersBrew"}],"is_trial":false,"path_per_floor":["M","M","M","?","M","R","M","?","T","M","M","M","?","$","R","B",null,"M","?","$","M","M","E"],"character_chosen":"DEFECT","items_purchased":["Gash","Secret Technique","Finesse","Bag of Marbles"],"campfire_rested":0,"item_purchase_floors":[14,14,14,20],"current_hp_per_floor":[75,75,75,60,48,48,42,31,31,8,5,16,41,56,56,33,75,74,74,75,75,65,0,0],"gold":33,"neow_bonus":"THREE_ENEMY_KILL","is_daily":false,"chose_seed":false,"campfire_upgraded":2,"win_rate":0.0,"timestamp":1611954652,"path_taken":["M","M","M","?","M","R","M","?","T","M","M","M","?","?","R","BOSS","M","?","$","M","M","E"],"items_purchased_type":["Card","Card","Card","Relic"],"build_version":"2020-12-22","purchased_purges":1,"victory":false,"max_hp_per_floor":[75,75,75,75,75,75,75,75,75,75,75,75,75,75,75,75,75,75,75,75,75,80,80,80],"card_choices":[{"not_picked":["Compile Driver","Skim"],"picked":"Beam Cell","floor":1},{"not_picked":["Barrage","Skim"],"picked":"Conserve Battery","floor":2},{"not_picked":["Cold Snap","Doom and Gloom"],"picked":"Hello World","floor":3},{"not_picked":["Go for the Eyes","Redo"],"picked":"FTL","floor":5},{"not_picked":["Ball Lightning","Meteor Strike"],"picked":"Go for the Eyes","floor":7},{"not_picked":["Leap","Glacier"],"picked":"Undo","floor":10},{"not_picked":["Redo","Sweeping Beam"],"picked":"Melter","floor":11},{"not_picked":["Aggregate","Hologram"],"picked":"Rebound","floor":12},{"not_picked":["Reboot","Meteor Strike"],"picked":"Hyperbeam","floor":16},{"not_picked":["Force Field","Sweeping Beam+1","Barrage"],"picked":"SKIP","floor":18},{"not_picked":["Leap+1","Static Discharge"],"picked":"Scrape","floor":21},{"not_picked":["Rebound","Capacitor"],"picked":"Beam Cell","floor":22}],"player_experience":122233,"relics_obtained":[{"floor":9,"key":"MealTicket"}],"event_choices":[{"damage_healed":0,"gold_gain":0,"player_choice":"Entered Light","damage_taken":15,"max_hp_gain":0,"max_hp_loss":0,"event_name":"Shining Light","floor":4,"gold_loss":0,"cards_upgraded":["Beam Cell","Strike_B"]},{"damage_healed":0,"gold_gain":75,"player_choice":"Gather Gold","damage_taken":11,"max_hp_gain":0,"max_hp_loss":0,"event_name":"World of Goop","floor":8,"gold_loss":0},{"damage_healed":25,"gold_gain":0,"player_choice":"Banana","damage_taken":0,"max_hp_gain":0,"max_hp_loss":0,"event_name":"Big Fish","floor":13,"gold_loss":0},{"damage_healed":0,"gold_gain":99,"player_choice":"Stole From Cult","damage_taken":0,"max_hp_gain":0,"max_hp_loss":0,"event_name":"Nest","floor":19,"gold_loss":0}],"is_beta":false,"boss_relics":[{"not_picked":["SacredBark","SlaversCollar"],"picked":"Astrolabe"}],"items_purged_floors":[20],"is_endless":false,"potions_floor_spawned":[7,11,12,16,18,21],"killed_by":"Slavers","ascension_level":2}}