{"host":"dv29tre2e7vje47n","time":1611938384,"event":{"mods":["AchievementEnabler","BaseMod","Colored Map","Colored Powertips","DeckTracker","Displayed Cursed Tome","Downfall","Friendly Minions","Googly Eyes","Highlight Path","Infinite Spire","Key Reminder","Minty Spire (QoL Compilation)","Quick Restart","Random Character Button","Rare Cards Sparkle","Relic Sorter","Relic Stats","Replay The Spire","Spire Arcade","Spire Birthday Party","StSLib","SuperFastMode","Unceasing Turn Reminder"],"gold_per_floor":[0,17,17,2,14,14,96,108,137,147,181,194,194,194,213,308,308,308,326,341,68,78,78,156,156,256,356,356,356,356],"floor_reached":28,"language":"ENG","playtime":1368,"items_purged":[],"score":239,"play_id":"be092411-99d4-4de1-93e0-7f4e51bbeaab","local_time":"20210129173944","is_ascension_mode":true,"campfire_choices":[{"data":"Slimebound:Split","floor":1,"key":"SMITH"},{"data":"Slimebound:LeadByExample","floor":13,"key":"SMITH"},{"data":"Slimebound:MinionMaster","floor":18,"key":"SMITH"},{"data":"Slimebound:MassRepurpose","floor":23,"key":"SMITH"},{"data":"Slimebound:TongueLash","floor":25,"key":"SMITH"}],"circlet_count":0,"master_deck":["Slimebound:Strike_Slimebound","Slimebound:Tackle","Slimebound:Defend_Slimebound","Slimebound:Defend_Slimebound+1","Slimebound:Defend_Slimebound+1","Slimebound:Split+1","Slimebound:CorrosiveSpit","Slimebound:Nibble","infinitespire:Collect","Slimebound:Replication","Slimebound:HungryTackle","Slimebound:Gluttony","Slimebound:Repurpose","Slimebound:LeadByExample+1","Slimebound:MassRepurpose+1","Slimebound:MinionMaster+1","Slimebound:TongueLash+1","Slimebound:Schlurp","Slimebound:LevelUp+1"],"relics":["Slimebound:AbsorbEndCombat","Sundial","War Paint","FossilizedHelix","Coffee Dripper","Snack Pack","Bottled Lightning","Pondfish Scales","Mummified Hand"],"acts_visited":["Exordium","TheCity"],"potions_floor_usage":[28,28],"damage_taken":[{"damage":7,"enemies":"Jaw Worm","floor":2,"turns":4},{"damage":0,"enemies":"downfall:FleeingMerchant","floor":4,"turns":4},{"damage":2,"enemies":"Small Slimes","floor":5,"turns":3},{"damage":0,"enemies":"2 Louse","floor":8,"turns":3},{"damage":1,"enemies":"Lagavulin","floor":9,"turns":5},{"damage":5,"enemies":"2 Fungi Beasts","floor":10,"turns":3},{"damage":22,"enemies":"Gremlin Nob","floor":11,"turns":4},{"damage":11,"enemies":"Lots of Slimes","floor":12,"turns":4},{"damage":11,"enemies":"Exordium Wildlife","floor":15,"turns":5},{"damage":12,"enemies":"SI_SHIV_ARCHETYPE","floor":16,"turns":5},{"damage":34,"enemies":"3 Byrds","floor":19,"turns":6},{"damage":24,"enemies":"Snake Plant","floor":20,"turns":3},{"damage":0,"enemies":"downfall:FleeingMerchant","floor":21,"turns":4},{"damage":17,"enemies":"3 Cultists","floor":22,"turns":4},{"damage":21,"enemies":"WA_ARCHETYPE_RETAIN","floor":26,"turns":5},{"damage":22,"enemies":"Chosen and Byrds","floor":28,"turns":4}],"seed_played":"4365285743259240833","potions_obtained":[{"floor":2,"key":"SteroidPotion"},{"floor":9,"key":"BlessingOfTheForge"},{"floor":10,"key":"Regen Potion"},{"floor":11,"key":"PowerPotion"}],"is_trial":false,"path_per_floor":["R","M","?","$","M","?","T","M","E","M","E","M","R","?","M","B",null,"R","M","M","$","M","R","T","R","?","?","M"],"character_chosen":"SLIMEBOUND","items_purchased":["Snack Pack"],"campfire_rested":0,"item_purchase_floors":[21],"current_hp_per_floor":[65,62,46,52,52,52,52,56,63,64,47,40,40,40,37,33,65,65,37,19,27,20,20,20,20,7,7,0,0,0],"gold":356,"neow_bonus":"REMOVE_TWO","is_daily":false,"chose_seed":false,"campfire_upgraded":5,"win_rate":0.0,"timestamp":1611938384,"path_taken":["R","M","?","$","M","?","T","M","E","M","E","M","R","?","M","BOSS","R","M","M","$","M","R","T","R","?","?","?"],"items_purchased_type":["Relic"],"build_version":"2020-12-22","purchased_purges":0,"victory":false,"max_hp_per_floor":[65,65,65,65,65,65,65,65,65,65,65,65,65,65,65,65,65,65,65,65,65,65,65,65,65,65,65,65,65,65],"relic_stats":{"counters":[16,64],"Sundial":[14],"Mummified Hand":[3],"War Paint":["Slimebound:Defend_Slimebound","Slimebound:Defend_Slimebound"],"obtain_stats":[{"Pondfish Scales":26,"Sundial":7,"Mummified Hand":26,"Slimebound:AbsorbEndCombat":0,"Coffee Dripper":17,"Snack Pack":21,"Bottled Lightning":24,"War Paint":9,"FossilizedHelix":11},{"Pondfish Scales":15,"Sundial":3,"Mummified Hand":15,"Slimebound:AbsorbEndCombat":0,"Coffee Dripper":10,"Snack Pack":13,"Bottled Lightning":14,"War Paint":5,"FossilizedHelix":7},{"Pondfish Scales":60,"Sundial":11,"Mummified Hand":60,"Slimebound:AbsorbEndCombat":0,"Coffee Dripper":39,"Snack Pack":51,"Bottled Lightning":55,"War Paint":19,"FossilizedHelix":26}]},"card_choices":[{"not_picked":["Slimebound:SplitAcid","Slimebound:HauntingLick"],"picked":"Slimebound:Nibble","floor":2},{"not_picked":["ReplayTheSpireMod:Black Plague","ReplayTheSpireMod:Haul"],"picked":"infinitespire:Collect","floor":3},{"not_picked":["Slimebound:FlameTackle","Slimebound:PressTheAttack"],"picked":"Slimebound:Replication","floor":4},{"not_picked":["Slimebound:LeechingTouch","Slimebound:GoopTackle"],"picked":"Slimebound:HungryTackle","floor":5},{"not_picked":["Slimebound:LeechingTouch","Slimebound:SplitBruiser"],"picked":"Slimebound:Gluttony","floor":8},{"not_picked":["Slimebound:GrowthPunch","Slimebound:LivingWall"],"picked":"Slimebound:Repurpose","floor":9},{"not_picked":["Slimebound:MegaLick","Slimebound:LeechLife","Slimebound:GoopTackle"],"picked":"SKIP","floor":10},{"not_picked":["Slimebound:RejuvenatingLick","Slimebound:RainOfGoop","Slimebound:ProtectTheBoss"],"picked":"SKIP","floor":11},{"not_picked":["Slimebound:RejuvenatingLick","Slimebound:RainOfGoop","Slimebound:ProtectTheBoss"],"picked":"SKIP","floor":11},{"not_picked":["Slimebound:MegaLick","Slimebound:SplitBruiser"],"picked":"Slimebound:LeadByExample","floor":12},{"not_picked":["Slimebound:SplitMire","Slimebound:PressTheAttack"],"picked":"Slimebound:MassRepurpose","floor":15},{"not_picked":["Slimebound:DuplicatedForm","Slimebound:LeechLife"],"picked":"Slimebound:MinionMaster","floor":16},{"not_picked":["Slimebound:HauntingLick","Slimebound:SamplingLick"],"picked":"Slimebound:TongueLash","floor":19},{"not_picked":["Slimebound:HungryTackle+1","Slimebound:MegaLick+1","Slimebound:SlimeTap"],"picked":"SKIP","floor":20},{"not_picked":["Slimebound:GoopTackle","Slimebound:Teamwork"],"picked":"Slimebound:Schlurp","floor":21},{"not_picked":["Slimebound:FormOfPuddle+1","Slimebound:Repurpose","Slimebound:SamplingLick"],"picked":"SKIP","floor":22},{"not_picked":["Slimebound:Repurpose","Slimebound:MegaLick"],"picked":"Slimebound:LevelUp+1","floor":26}],"player_experience":12992,"relics_obtained":[{"floor":7,"key":"Sundial"},{"floor":9,"key":"War Paint"},{"floor":11,"key":"FossilizedHelix"},{"floor":24,"key":"Bottled Lightning"},{"floor":26,"key":"Pondfish Scales"},{"floor":26,"key":"Mummified Hand"}],"event_choices":[{"cards_removed":["Slimebound:Strike_Slimebound"],"damage_healed":0,"gold_gain":0,"player_choice":"Card Removal","damage_taken":0,"max_hp_gain":0,"max_hp_loss":0,"event_name":"The Cleric","floor":6,"gold_loss":0}],"is_beta":false,"boss_relics":[{"not_picked":["Empty Cage","bronze:MakeshiftBattery"],"picked":"Coffee Dripper"}],"items_purged_floors":[],"is_endless":false,"potions_floor_spawned":[2,9,10,11,15,16,22,26],"killed_by":"Chosen and Byrds","ascension_level":1}}