{"host":"jqln3q8z91cyrmpl","time":1611932212,"event":{"mods":["AchievementEnabler","BaseMod","Colored Map","DeckTracker","Keyboard Shortcuts","Minty Spire (QoL Compilation)","SuperFastMode"],"gold_per_floor":[118,118,7,82,29,68,68,88,115,156,156,176,196,60,60,186,186,211,211,171,186,202,202,202],"floor_reached":23,"language":"KOR","playtime":1154,"items_purged":["Strike_B","Strike_B"],"score":314,"play_id":"aa541da0-ef99-46e2-b61b-47024f61d492","local_time":"20210129235652","is_ascension_mode":true,"campfire_choices":[{"data":"Sunder","floor":7,"key":"SMITH"},{"data":"Glacier","floor":11,"key":"SMITH"},{"floor":15,"key":"REST"}],"circlet_count":0,"master_deck":["Strike_B","Strike_B","Defend_B","Defend_B+1","Defend_B+1","Zap+1","Dualcast","Ball Lightning","Sunder+1","Glacier+1","Coolheaded","Beam Cell","Defragment","All For One","Gash","Capacitor"],"relics":["Cracked Core","NeowsBlessing","Golden Idol","Bag of Preparation","War Paint","Potion Belt","Regal Pillow","Black Star"],"acts_visited":["Exordium","TheCity"],"potions_floor_usage":[16,16],"damage_taken":[{"damage":0,"enemies":"Cultist","floor":1,"turns":1},{"damage":0,"enemies":"3 Sentries","floor":6,"turns":1},{"damage":0,"enemies":"Jaw Worm","floor":8,"turns":1},{"damage":16,"enemies":"Gremlin Nob","floor":10,"turns":3},{"damage":0,"enemies":"2 Louse","floor":12,"turns":1},{"damage":9,"enemies":"Lots of Slimes","floor":13,"turns":4},{"damage":6,"enemies":"Slime Boss","floor":16,"turns":10},{"damage":13,"enemies":"Shell Parasite","floor":18,"turns":9},{"damage":4,"enemies":"Chosen","floor":21,"turns":3},{"damage":6,"enemies":"Centurion and Healer","floor":22,"turns":5},{"damage":53,"enemies":"Gremlin Leader","floor":23,"turns":7}],"seed_played":"-4277476750802130458","potions_obtained":[{"floor":10,"key":"Block Potion"},{"floor":13,"key":"Fire Potion"},{"floor":21,"key":"AttackPotion"},{"floor":22,"key":"PotionOfCapacity"}],"is_trial":false,"path_per_floor":["M","?","$","?","?","E","R","M","T","E","R","M","M","$","R","B",null,"M","?","?","M","M","E"],"character_chosen":"DEFECT","items_purchased":["Sunder","Defragment"],"campfire_rested":1,"item_purchase_floors":[3,14],"current_hp_per_floor":[68,50,50,39,39,39,39,39,39,23,23,23,14,14,51,45,68,55,55,55,51,45,0,0],"gold":202,"neow_bonus":"THREE_ENEMY_KILL","is_daily":false,"chose_seed":false,"campfire_upgraded":2,"win_rate":0.0,"timestamp":1611932212,"path_taken":["M","?","$","?","?","E","R","M","T","E","R","?","M","?","R","BOSS","M","?","?","M","M","E"],"items_purchased_type":["Card","Card"],"build_version":"2020-12-22","purchased_purges":2,"victory":false,"max_hp_per_floor":[75,75,75,75,75,75,75,75,75,75,75,75,75,75,75,75,75,75,75,75,75,75,75,75],"card_choices":[{"not_picked":["Cold Snap","Storm"],"picked":"Ball Lightning","floor":1},{"not_picked":["Ball Lightning","Conserve Battery"],"picked":"Glacier","floor":6},{"not_picked":["Heatsinks","Steam","Go for the Eyes"],"picked":"SKIP","floor":8},{"not_picked":["Stack","Streamline"],"picked":"Coolheaded","floor":10},{"not_picked":["Streamline","Darkness"],"picked":"Beam Cell","floor":12},{"not_picked":["Force Field","Streamline","Tempest"],"picked":"SKIP","floor":13},{"not_picked":["Biased Cognition","Buffer"],"picked":"All For One","floor":16},{"not_picked":["Doom and Gloom","Conserve Battery"],"picked":"Gash","floor":18},{"not_picked":["Chaos","Rip and Tear+1","Sweeping Beam"],"picked":"SKIP","floor":21},{"not_picked":["Sweeping Beam","Reinforced Body"],"picked":"Capacitor","floor":22}],"player_experience":396219,"relics_obtained":[{"floor":6,"key":"War Paint"},{"floor":9,"key":"Potion Belt"},{"floor":10,"key":"Regal Pillow"}],"event_choices":[{"damage_healed":0,"gold_gain":0,"player_choice":"Take Damage","damage_taken":18,"relics_obtained":["Golden Idol"],"max_hp_gain":0,"max_hp_loss":0,"event_name":"Golden Idol","floor":2,"gold_loss":0},{"damage_healed":0,"gold_gain":75,"player_choice":"Gather Gold","damage_taken":11,"max_hp_gain":0,"max_hp_loss":0,"event_name":"World of Goop","floor":4,"gold_loss":0},{"damage_healed":0,"gold_gain":0,"player_choice":"Paid Gold","damage_taken":0,"relics_obtained":["Bag of Preparation"],"max_hp_gain":0,"max_hp_loss":0,"event_name":"WeMeetAgain","floor":5,"gold_loss":53},{"cards_removed":["Defend_B"],"damage_healed":0,"gold_gain":0,"player_choice":"Elegance","damage_taken":0,"max_hp_gain":0,"max_hp_loss":0,"event_name":"Back to Basics","floor":19,"gold_loss":0},{"damage_healed":0,"gold_gain":0,"player_choice":"Upgrade","damage_taken":0,"max_hp_gain":0,"max_hp_loss":0,"event_name":"Designer","floor":20,"gold_loss":40,"cards_upgraded":["Zap"]}],"is_beta":false,"boss_relics":[{"not_picked":["Busted Crown","Calling Bell"],"picked":"Black Star"}],"items_purged_floors":[3,14],"is_endless":false,"potions_floor_spawned":[10,13,21,22],"killed_by":"Gremlin Leader","ascension_level":8}}