{"host":"36zn1fhase90d3ns","time":1611951125,"event":{"mods":["2.2 Compatiblity","AchievementEnabler","Act Like it!","Aspiration","BaseMod","BetterRewards","Block Reminder","Colored Map","Colored Powertips","Conspire","Curses Come First","Custom Start","Energized Spire","Friendly Minions","Halation","Hermit","Hubris","Minty Spire (QoL Compilation)","Prisma Mod","Quick Restart","Relic Sorter","Replay The Spire","Shade Mod","Spicy Shops","StSLib","The Necromancer","Unceasing Turn Reminder","Yohane!"],"gold_per_floor":[116,116,116,66,66,101,101,131,131,131,56,56,71,71,71],"floor_reached":14,"language":"ENG","playtime":386,"items_purged":["Strike_G"],"score":173,"play_id":"acadd358-be63-4f16-8685-4ae9eca7d589","local_time":"20210129141205","is_ascension_mode":true,"campfire_choices":[{"data":"Defend_G","floor":10,"key":"SMITH"},{"data":"Defend_G","floor":12,"key":"SMITH"}],"circlet_count":0,"master_deck":["Strike_G","Strike_G","Defend_G","Defend_G","Defend_G","Defend_G+1","Defend_G+1","Survivor","Neutralize","Adrenaline"],"relics":["Ring of the Snake","NeowsBlessing","hubris:Towel","halation:PinkSoulGem","hubris:OldNail","Tiny Chest","ReplayTheSpireMod:TigerMarble","Bottled Lightning"],"acts_visited":["Exordium"],"potions_floor_usage":[14,14],"damage_taken":[{"damage":0,"enemies":"Jaw Worm","floor":1,"turns":1},{"damage":0,"enemies":"3 Sentries","floor":6,"turns":1},{"damage":0,"enemies":"Replay:BlueRogue","floor":8,"turns":1},{"damage":3,"enemies":"Small Slimes","floor":13,"turns":4},{"damage":24,"enemies":"Lagavulin","floor":14,"turns":11}],"seed_played":"-4604472691691283249","potions_obtained":[{"floor":8,"key":"LiquidMemories"},{"floor":13,"key":"Block Potion"}],"is_trial":false,"path_per_floor":["M","?","?","?","?","E","T","E","T","R","$","R","M","E"],"character_chosen":"THE_SILENT","items_purchased":[],"campfire_rested":0,"item_purchase_floors":[],"current_hp_per_floor":[70,70,70,70,70,70,70,70,70,70,70,70,67,43,43],"gold":71,"neow_bonus":"THREE_ENEMY_KILL","is_daily":false,"chose_seed":false,"campfire_upgraded":2,"win_rate":0.0,"timestamp":1611951125,"path_taken":["M","?","?","?","?","E","?","E","T","R","$","R","?","E"],"items_purchased_type":[],"build_version":"2020-12-22","purchased_purges":1,"victory":false,"max_hp_per_floor":[70,70,70,70,70,70,70,70,70,70,70,70,70,70,70],"card_choices":[{"not_picked":["Dodge and Roll","Backflip","Flechettes"],"picked":"SKIP","floor":1},{"not_picked":["Outmaneuver","Backflip"],"picked":"Adrenaline","floor":6},{"not_picked":["Riddle With Holes","Cloak And Dagger","Slice"],"picked":"SKIP","floor":8},{"not_picked":["Dagger Spray","Dagger Throw","Outmaneuver"],"picked":"SKIP","floor":13}],"player_experience":476505,"relics_obtained":[{"floor":6,"key":"hubris:OldNail"},{"floor":7,"key":"Tiny Chest"},{"floor":8,"key":"ReplayTheSpireMod:TigerMarble"},{"floor":9,"key":"Bottled Lightning"}],"event_choices":[{"cards_removed":["Strike_G"],"damage_healed":0,"gold_gain":0,"player_choice":"Card Removal","damage_taken":0,"max_hp_gain":0,"max_hp_loss":0,"event_name":"The Cleric","floor":4,"gold_loss":50}],"is_beta":false,"boss_relics":[],"items_purged_floors":[11],"is_endless":false,"potions_floor_spawned":[8,13],"killed_by":"Lagavulin","ascension_level":4}}