{"host":"t9q14bihfoo75lsb","time":1611895845,"event":{"mods":["100% Spire Juice","Arknights The Spire","BaseMod","Better Third Choice","Challenge The Spire","Hermit","Infinite Spire","Koishi","Minty Spire (QoL Compilation)","Reworked Bosses","Shop Mod","Spicy Shops","StSLib","The Cursed","The Dragon Tamer","The Hierophant","The Runesmith"],"gold_per_floor":[109,109,10,85,0,0,20,20,20,33,47,67,83,98,98,202,82,99,110,124,24,40,70,83,83,83,83,183,63,63,77,77,179,179,195,195,195,209,225,250,250,40,40,56,76,96,96,96,96,96,96,96,45,80,80],"floor_reached":56,"language":"KOR","playtime":3231,"items_purged":["Pain"],"score":1300,"play_id":"05f18bd1-f5b2-4d91-bffb-c516d150e758","local_time":"20210129135045","is_ascension_mode":false,"campfire_choices":[{"data":"Moonworks:EvilSpyWorkPreparation","floor":6.0,"key":"SMITH"},{"data":"Moonworks:Ambush","floor":8.0,"key":"SMITH"},{"floor":15.0,"key":"RECALL"},{"floor":25.0,"key":"REST"},{"data":"Moonworks:MeltingMemories","floor":32.0,"key":"SMITH"},{"data":"Moonworks:Accelerator","floor":47.0,"key":"SMITH"},{"data":"Moonworks:MiracleRedBeanIceCream","floor":49.0,"key":"SMITH"},{"data":"Moonworks:ReproductionOfRecords","floor":52.0,"key":"SMITH"}],"circlet_count":0,"master_deck":["Moonworks:Defend","Moonworks:Defend","Moonworks:Defend","Moonworks:Ambush+1","Moonworks:LongDistanceShot","Moonworks:ScrambledEve","Moonworks:SakisCookie","Moonworks:EvilSpyWorkPreparation+1","Enlightenment","Moonworks:SakisCookie","Moonworks:NicePresent","Moonworks:MiracleRedBeanIceCream","Moonworks:MeltingMemories+1","Moonworks:SubspaceTunnel+1","Moonworks:DevilHand+1","Moonworks:ShieldCounter+1","Moonworks:BigMagnum+1","Moonworks:NicePresent","Moonworks:StiffCrystal","Moonworks:NicePresent","Moonworks:SweetBattle","Moonworks:SakisCookie+1","Moonworks:EvilSpyWorkPreparation","Moonworks:WindyEnchantment","Moonworks:SakisCookie","Moonworks:Accelerator+1","Moonworks:SakisCookie+1","Madness","Madness","Moonworks:WindyEnchantment+1","Moonworks:MiracleRedBeanIceCream+1","Moonworks:NicePresent+1","Moonworks:ReproductionOfRecords+1","Moonworks:TreasureThief+1","Finesse","Moonworks:NicePresent+1"],"relics":["Moonworks:BrokenBomb","Moonworks:Homemark","WarpedTongs","Runesmith:AutoHammer","Astrolabe","Bag of Marbles","Unceasing Top","Kunai","Black Star","Bronze Scales","Torii","Lantern","Darkstone Periapt","Gremlin Horn","infinitespire:Satchel","Nunchaku"],"acts_visited":["Exordium","TheCity","TheBeyond","TheEnding"],"potions_floor_usage":[55,55,55],"damage_taken":[{"damage":5.0,"enemies":"Small Slimes","floor":1.0,"turns":3.0},{"damage":0.0,"enemies":"Cultist","floor":7.0,"turns":3.0},{"damage":0.0,"enemies":"2 Louse","floor":10.0,"turns":2.0},{"damage":0.0,"enemies":"2 Fungi Beasts","floor":11.0,"turns":2.0},{"damage":12.0,"enemies":"Blue Slaver","floor":12.0,"turns":2.0},{"damage":4.0,"enemies":"Large Slime","floor":13.0,"turns":6.0},{"damage":0.0,"enemies":"Exordium Wildlife","floor":14.0,"turns":3.0},{"damage":16.0,"enemies":"Slime Boss","floor":16.0,"turns":6.0},{"damage":4.0,"enemies":"Chosen","floor":18.0,"turns":3.0},{"damage":16.0,"enemies":"Spheric Guardian","floor":19.0,"turns":3.0},{"damage":16.0,"enemies":"Snake Plant","floor":20.0,"turns":3.0},{"damage":6.0,"enemies":"Centurion and Healer","floor":21.0,"turns":3.0},{"damage":26.0,"enemies":"Cultist and Chosen","floor":22.0,"turns":5.0},{"damage":13.0,"enemies":"Gremlin Leader","floor":23.0,"turns":4.0},{"damage":15.0,"enemies":"Snake Plant","floor":24.0,"turns":3.0},{"damage":0.0,"enemies":"Colosseum Slavers","floor":28.0,"turns":1.0},{"damage":14.0,"enemies":"Colosseum Nobs","floor":28.0,"turns":4.0},{"damage":0.0,"enemies":"Chosen and Byrds","floor":31.0,"turns":3.0},{"damage":19.0,"enemies":"bossMod:newChamp","floor":33.0,"turns":8.0},{"damage":15.0,"enemies":"Orb Walker","floor":35.0,"turns":3.0},{"damage":43.0,"enemies":"3 Shapes","floor":38.0,"turns":3.0},{"damage":0.0,"enemies":"Sphere and 2 Shapes","floor":39.0,"turns":2.0},{"damage":56.0,"enemies":"Giant Head","floor":40.0,"turns":6.0},{"damage":23.0,"enemies":"Reptomancer","floor":42.0,"turns":5.0},{"damage":21.0,"enemies":"Writhing Mass","floor":44.0,"turns":5.0},{"damage":34.0,"enemies":"Transient","floor":45.0,"turns":5.0},{"damage":20.0,"enemies":"Jaw Worm Horde","floor":46.0,"turns":2.0},{"damage":43.0,"enemies":"bossMod:newShapes","floor":50.0,"turns":4.0},{"damage":36.0,"enemies":"Shield and Spear","floor":54.0,"turns":4.0},{"damage":95,"enemies":"The Heart","floor":55,"turns":6}],"seed_played":"-2391443058119455264","potions_obtained":[{"floor":7.0,"key":"PowerPotion"},{"floor":12.0,"key":"LiquidMemories"},{"floor":16.0,"key":"AttackPotion"},{"floor":19.0,"key":"PowerPotion"},{"floor":28.0,"key":"Weak Potion"},{"floor":31.0,"key":"Energy Potion"},{"floor":33.0,"key":"DuplicationPotion"},{"floor":39.0,"key":"ColorlessPotion"},{"floor":44.0,"key":"LiquidBronze"}],"is_trial":false,"path_per_floor":["M","?","$","?","?","R","M","R","T","M","M","M","M","M","R","B",null,"M","M","M","M","M","E","M","R","T","?","?","$","?","M","R","B",null,"M","?","?","M","M","E","?","E","T","M","M","M","R","?","R","B",null,"R","$","E","B",null],"character_chosen":"THE_STARBREAKER","items_purchased":["Moonworks:EvilSpyWorkPreparation","Energy Potion"],"campfire_rested":1,"item_purchase_floors":[3,53],"current_hp_per_floor":[55,55,55,44,50,50,53,53,53,56,56,46,46,48,48,39,66,62,55,39,41,24,29,19,38,38,26,23,23,23,35,35,31,71,70,70,61,31,45,29,29,32,32,43,45,36,36,36,36,6,71,71,71,46,24],"gold":80,"neow_bonus":"TRANSFORM_CARD","is_daily":false,"chose_seed":false,"campfire_upgraded":6,"win_rate":0.0,"timestamp":1611895845,"path_taken":["M","?","?","?","?","R","?","R","T","M","M","M","M","M","R","BOSS","M","M","M","M","M","E","M","R","T","?","?","$","?","M","R","BOSS","M","?","?","M","M","E","?","E","T","M","M","?","R","?","R","BOSS","R","$","E","BOSS"],"items_purchased_type":["Card","Potion"],"build_version":"2020-12-22","purchased_purges":1,"victory":true,"max_hp_per_floor":[60,60,60,60,66,66,66,66,66,66,66,66,66,66,66,66,66,66,66,66,66,66,66,66,66,66,71,71,71,71,71,71,71,71,71,71,71,71,71,71,71,71,71,71,71,71,71,71,71,71,71,71,71,71,71],"card_choices":[{"not_picked":["Moonworks:IndiscriminateFireSupport","Moonworks:DeployBits"],"picked":"Moonworks:SakisCookie","floor":1.0},{"not_picked":["Moonworks:CompletionReward","Moonworks:UnluckyCharm"],"picked":"Moonworks:SakisCookie","floor":7.0},{"not_picked":["Moonworks:UnpaidWork","Moonworks:BigMagnum","Moonworks:DeployBits"],"picked":"SKIP","floor":10.0},{"not_picked":["Moonworks:ImOnFire","Moonworks:BeyondHell"],"picked":"Moonworks:NicePresent","floor":11.0},{"not_picked":["Moonworks:CloudOfSeagulls","Moonworks:BigBangBell","Moonworks:UnluckyCharm"],"picked":"SKIP","floor":12.0},{"not_picked":["Moonworks:ImOnFire","Moonworks:RocketCannon","Moonworks:CloudOfSeagulls"],"picked":"SKIP","floor":13.0},{"not_picked":["Moonworks:Assault","Moonworks:IndiscriminateFireSupport"],"picked":"Moonworks:MiracleRedBeanIceCream","floor":14.0},{"not_picked":["Moonworks:MetallicMonocoque","Moonworks:CrystalBarrier"],"picked":"Moonworks:MeltingMemories","floor":16.0},{"not_picked":["Moonworks:LulusLuckyEgg","Moonworks:Assault"],"picked":"Moonworks:BigMagnum+1","floor":18.0},{"not_picked":["Moonworks:JonathanRush","Moonworks:MiracleWalker"],"picked":"Moonworks:NicePresent","floor":19.0},{"not_picked":["Moonworks:DeployBits","Moonworks:CastOff+1"],"picked":"Moonworks:StiffCrystal","floor":20.0},{"not_picked":["Moonworks:ImOnFire+1","Moonworks:Assault+1"],"picked":"Moonworks:NicePresent","floor":21.0},{"not_picked":["Moonworks:ImOnFire","Moonworks:BigBangBell"],"picked":"Moonworks:SweetBattle","floor":22.0},{"not_picked":["Moonworks:TacticalRetreat","Moonworks:CloudOfSeagulls"],"picked":"Moonworks:SakisCookie+1","floor":23.0},{"not_picked":["Moonworks:RocketCannon","Moonworks:DeployBits","Moonworks:TreasureThief"],"picked":"SKIP","floor":24.0},{"not_picked":["Moonworks:IndiscriminateFireSupport","Moonworks:ImOnFire"],"picked":"Moonworks:EvilSpyWorkPreparation","floor":28.0},{"not_picked":["Moonworks:RedAndBlue","Moonworks:JonathanRush+1"],"picked":"Moonworks:SakisCookie","floor":31.0},{"not_picked":["Moonworks:HolyNight","Moonworks:EvilMastermind"],"picked":"Moonworks:Accelerator","floor":33.0},{"not_picked":["Moonworks:WindyEnchantment+1","Moonworks:JonathanRush+1"],"picked":"Moonworks:SakisCookie+1","floor":35.0},{"not_picked":["Moonworks:ImOnFire","Moonworks:CastOff"],"picked":"Moonworks:WindyEnchantment+1","floor":38.0},{"not_picked":["Moonworks:BigMagnum","Moonworks:CloudOfSeagulls+1"],"picked":"Moonworks:MiracleRedBeanIceCream","floor":39.0},{"not_picked":["Moonworks:UnluckyCharm+1","Moonworks:x16BigRocket+1"],"picked":"Moonworks:NicePresent+1","floor":40.0},{"not_picked":["Moonworks:SinkOrSwim","Moonworks:SakisCookie+1"],"picked":"Moonworks:ReproductionOfRecords","floor":42.0},{"not_picked":["Moonworks:Assault","Moonworks:IndiscriminateFireSupport+1"],"picked":"Moonworks:TreasureThief+1","floor":44.0},{"not_picked":["Moonworks:LulusLuckyEgg","Moonworks:NicePresent+1","Moonworks:IndiscriminateFireSupport"],"picked":"SKIP","floor":45.0},{"not_picked":["Moonworks:NicePresent+1","Moonworks:ImOnFire","Moonworks:BindingChains"],"picked":"SKIP","floor":46.0},{"not_picked":["Sadistic Nature","Panacea"],"picked":"Finesse","floor":48.0},{"not_picked":["Moonworks:ImOnFire+1","Moonworks:Dinner"],"picked":"Moonworks:NicePresent+1","floor":54.0}],"player_experience":494514,"relics_obtained":[{"floor":9.0,"key":"Runesmith:AutoHammer"},{"floor":23.0,"key":"Bag of Marbles"},{"floor":28.0,"key":"Unceasing Top"},{"floor":28.0,"key":"Kunai"},{"floor":40.0,"key":"Bronze Scales"},{"floor":40.0,"key":"Torii"},{"floor":42.0,"key":"Lantern"},{"floor":42.0,"key":"Darkstone Periapt"},{"floor":43.0,"key":"Gremlin Horn"},{"floor":54.0,"key":"infinitespire:Satchel"},{"floor":54.0,"key":"Nunchaku"}],"event_choices":[{"damage_healed":0.0,"max_hp_gain":0.0,"max_hp_loss":0.0,"gold_gain":0.0,"event_name":"Accursed Blacksmith","player_choice":"Rummage","floor":2.0,"gold_loss":0.0,"damage_taken":0.0,"relics_obtained":["WarpedTongs"],"cards_obtained":["Pain"]},{"damage_healed":0.0,"max_hp_gain":0.0,"max_hp_loss":0.0,"gold_gain":75.0,"event_name":"betterThird:BetterGoop","player_choice":"Gold","floor":4.0,"gold_loss":0.0,"damage_taken":11.0},{"damage_healed":0.0,"max_hp_gain":0.0,"max_hp_loss":0.0,"gold_gain":0.0,"event_name":"betterThird:BetterSerpent","player_choice":"RENOUNCE","floor":5.0,"gold_loss":85.0,"damage_taken":85.0,"cards_obtained":["Enlightenment"]},{"damage_healed":0.0,"max_hp_gain":5.0,"max_hp_loss":0.0,"gold_gain":0.0,"event_name":"Forgotten Altar","player_choice":"Shed Blood","floor":27.0,"gold_loss":0.0,"damage_taken":17.0},{"damage_healed":0.0,"max_hp_gain":0.0,"max_hp_loss":0.0,"gold_gain":0.0,"event_name":"Colosseum","player_choice":"Fight","floor":28.0,"gold_loss":0.0,"damage_taken":0.0},{"damage_healed":0.0,"max_hp_gain":0.0,"max_hp_loss":0.0,"gold_gain":0.0,"event_name":"Colosseum","player_choice":"Fought Nobs","floor":28.0,"gold_loss":0.0,"damage_taken":0.0},{"damage_healed":0.0,"max_hp_gain":0.0,"max_hp_loss":0.0,"gold_gain":0.0,"event_name":"The Library","player_choice":"Read","floor":30.0,"gold_loss":0.0,"damage_taken":0.0,"cards_obtained":["Moonworks:WindyEnchantment"]},{"cards_removed":["Moonworks:Strike"],"damage_healed":0.0,"max_hp_gain":0.0,"max_hp_loss":0.0,"gold_gain":0.0,"event_name":"Falling","player_choice":"Removed Attack","floor":36.0,"gold_loss":0.0,"damage_taken":0.0},{"damage_healed":0.0,"max_hp_gain":0.0,"max_hp_loss":0.0,"gold_gain":0.0,"event_name":"Winding Halls","player_choice":"Embrace Madness","floor":37.0,"gold_loss":0.0,"damage_taken":9.0,"cards_obtained":["Madness","Madness"]},{"damage_healed":0.0,"max_hp_gain":0.0,"max_hp_loss":0.0,"gold_gain":0.0,"event_name":"The Woman in Blue","player_choice":"Bought 0 Potions","floor":41.0,"gold_loss":0.0,"damage_taken":0.0},{"damage_healed":0.0,"max_hp_gain":0.0,"max_hp_loss":0.0,"gold_gain":0.0,"event_name":"SensoryStone","player_choice":"Memory 1","floor":48.0,"gold_loss":0.0,"damage_taken":0.0}],"is_beta":false,"boss_relics":[{"not_picked":["Pandora\u0027s Box","Cursed Key"],"picked":"Astrolabe"},{"not_picked":["Calling Bell","Empty Cage"],"picked":"Black Star"}],"items_purged_floors":[3],"is_endless":false,"potions_floor_spawned":[7,12,16,19,28,28,31,33,39,44,46],"ascension_level":0}}