{"host":"8is2j71l4wmybkoi","time":1611928193,"event":{"mods":["AchievementEnabler","BaseMod","Colored Map","Minty Spire (QoL Compilation)","Rare Cards Sparkle","StSLib","SuperFastMode"],"gold_per_floor":[119,119,131,146,157,157,36,65,65,84,98,98,124,142,142,142,142],"floor_reached":16,"language":"KOR","playtime":404,"items_purged":["Strike_G"],"score":171,"play_id":"097609cb-92bc-44d9-ad7c-96bc89f49339","local_time":"20210129224953","is_ascension_mode":true,"campfire_choices":[{"data":"Caltrops","floor":6,"key":"SMITH"},{"data":"Accuracy","floor":12,"key":"SMITH"},{"data":"Noxious Fumes","floor":15,"key":"SMITH"}],"circlet_count":0,"master_deck":["AscendersBane","Strike_G","Strike_G","Strike_G","Strike_G","Defend_G","Defend_G","Defend_G","Defend_G","Defend_G","Survivor","Neutralize","Blade Dance+1","Noxious Fumes+1","Deadly Poison","Caltrops+1","Dagger Spray","Glass Knife","Accuracy+1","Doppelganger"],"relics":["Ring of the Snake","NeowsBlessing","Boot","Bronze Scales","Sundial"],"acts_visited":["Exordium"],"potions_floor_usage":[13,13],"damage_taken":[{"damage":0,"enemies":"Cultist","floor":1,"turns":1},{"damage":0,"enemies":"2 Louse","floor":3,"turns":1},{"damage":0,"enemies":"Small Slimes","floor":4,"turns":1},{"damage":9,"enemies":"Looter","floor":5,"turns":4},{"damage":7,"enemies":"Lagavulin","floor":8,"turns":7},{"damage":0,"enemies":"Lots of Slimes","floor":10,"turns":1},{"damage":2,"enemies":"2 Fungi Beasts","floor":11,"turns":3},{"damage":7,"enemies":"3 Sentries","floor":13,"turns":3},{"damage":27,"enemies":"Exordium Thugs","floor":14,"turns":4},{"damage":11,"enemies":"Hexaghost","floor":16,"turns":7}],"seed_played":"3959452244894377905","potions_obtained":[{"floor":4,"key":"SpeedPotion"},{"floor":5,"key":"Explosive Potion"},{"floor":10,"key":"Swift Potion"},{"floor":11,"key":"Explosive Potion"}],"is_trial":false,"path_per_floor":["M","?","M","M","M","R","$","E","T","M","M","R","E","M","R","B"],"character_chosen":"THE_SILENT","items_purchased":["Dagger Spray"],"campfire_rested":0,"item_purchase_floors":[7],"current_hp_per_floor":[63,63,63,63,54,54,54,47,47,47,45,45,38,11,11,0,0],"gold":142,"neow_bonus":"THREE_ENEMY_KILL","is_daily":false,"chose_seed":false,"campfire_upgraded":3,"win_rate":0.0,"timestamp":1611928193,"path_taken":["M","?","?","?","M","R","$","E","T","?","M","R","E","M","R","BOSS"],"items_purchased_type":["Card"],"build_version":"2020-12-22","purchased_purges":1,"victory":false,"max_hp_per_floor":[70,70,70,70,70,70,70,70,70,70,70,70,70,70,70,70,70],"card_choices":[{"not_picked":["Slice","Sucker Punch"],"picked":"Blade Dance","floor":1},{"not_picked":["Distraction","Flying Knee"],"picked":"Noxious Fumes","floor":3},{"not_picked":["Eviscerate","Cloak And Dagger"],"picked":"Deadly Poison","floor":4},{"not_picked":["Skewer","Flying Knee"],"picked":"Caltrops","floor":5},{"not_picked":["Caltrops","Prepared"],"picked":"Glass Knife","floor":8},{"not_picked":["Tactician","Setup"],"picked":"Accuracy","floor":10},{"not_picked":["Dodge and Roll","Deadly Poison","Poisoned Stab"],"picked":"SKIP","floor":11},{"not_picked":["Prepared","Bane","Caltrops"],"picked":"SKIP","floor":13},{"not_picked":["Prepared","Bane","Caltrops"],"picked":"SKIP","floor":13},{"not_picked":["Escape Plan","Footwork"],"picked":"Doppelganger","floor":14}],"player_experience":842310,"relics_obtained":[{"floor":8,"key":"Boot"},{"floor":9,"key":"Bronze Scales"},{"floor":13,"key":"Sundial"}],"event_choices":[{"damage_healed":0,"gold_gain":0,"player_choice":"Forge","damage_taken":0,"max_hp_gain":0,"max_hp_loss":0,"event_name":"Accursed Blacksmith","floor":2,"gold_loss":0,"cards_upgraded":["Blade Dance"]}],"is_beta":false,"boss_relics":[],"items_purged_floors":[7],"is_endless":false,"potions_floor_spawned":[4,5,10,11],"killed_by":"Hexaghost","ascension_level":10}}