{"host":"u3jctbsl7uavviuy","time":1611902277,"event":{"mods":["ATMod(阿瑾Mod)","Arknights The Spire","BaseMod","BetterRewards","GungeonMod","HololiveMod","Luminous","Marisa（F雨　魔理沙）","Minty Spire (QoL Compilation)","Relic Stats","Replay The Spire","Shop Mod","Spicy Shops","StSLib","TestMod","The Animator","The Cursed","The Gatherer","The Servant 0.9.4","WarShipGirlsR/战舰少女R mod","篝火指南"],"gold_per_floor":[121,142,166,166,189,245,245,245,298,298,324,361,64,80,80,221,221,249,249,274,301,226,276,276,301,301,326,375,35,35,71,71,214,214,235,307,323,344,382,431,431,473,473,509,560,581,599,642,218,258,258,258,25,106,147],"floor_reached":56,"language":"ZHS","playtime":2272,"items_purged":["Strike_G","Defend_G","Strike_G","Strike_G","Malaise","Flying Knee","AT_WomanClash","ReplayTheSpireMod:Scrap Shanks"],"score":2120,"play_id":"2cb7df22-bc9b-4fc1-8fc5-f0bcb6ea58e5","local_time":"20210129153757","is_ascension_mode":true,"campfire_choices":[{"floor":10.0,"key":"REST"},{"data":"AT_KingSlayer","floor":15.0,"key":"SMITH"},{"data":"AT_EssenceShift","floor":24.0,"key":"SMITH"},{"floor":32.0,"key":"RECALL"},{"data":"AT_KingSlayer","floor":41.0,"key":"SMITH"},{"data":"Cloak And Dagger","floor":52,"key":"SMITH"}],"circlet_count":0,"master_deck":["Survivor","Neutralize","AT_FamilyPortrait","Pot Of Greed","Pot Of Greed","Infinite Blades","Blade Dance","Dagger Spray","AT_KingSlayer+1","AT_Desolate","Acrobatics","AT_EssenceShift+1","Blur","Pot Of Greed","Well Laid Plans+1","Deflect","Cloak And Dagger","ReplayTheSpireMod:Speed Training+1","AT_KingSlayer+1","Cloak And Dagger+1","Blade Dance+1","Finisher","AT_KingSlayer+1"],"relics":["Ring of the Snake","testmod-TestBox","AT_ATBox","Medical Kit","Quantum Egg","testmod-Acrobat","AT_EbonyIvory","DemoMod:Relodestone","Grinning Jar","AT_RedNoBalance","Chameleon Ring","testmod-LifeArmor","Replay:Bottled Steam","Bloody Idol","DemoMod:SerJunkan","AT_SeraphEmbrace","DemoMod:Junk","Iron Hammer","Membership Card","MerchantsRug","Omamori","DemoMod:ClearGuonStone","Shuriken","Calling Bell","Dream Catcher","Singing Bowl","CatCart","AT_MibuBalloonWealth","Pen Nib","Blue Candle","DollysMirror","PrismaticShard"],"acts_visited":["Exordium","TheCity","TheBeyond","TheEnding"],"potions_floor_usage":[55,55,55,55,55,55],"damage_taken":[{"damage":0.0,"enemies":"2 Louse","floor":1.0,"turns":3.0},{"damage":0.0,"enemies":"Cultist","floor":2.0,"turns":3.0},{"damage":0.0,"enemies":"Jaw Worm","floor":3.0,"turns":2.0},{"damage":0.0,"enemies":"Large Slime","floor":5.0,"turns":5.0},{"damage":0.0,"enemies":"3 Sentries","floor":6.0,"turns":3.0},{"damage":0.0,"enemies":"Looter","floor":11.0,"turns":3.0},{"damage":0.0,"enemies":"Gremlin Nob","floor":12.0,"turns":2.0},{"damage":4.0,"enemies":"Red Slaver","floor":14.0,"turns":2.0},{"damage":2.0,"enemies":"Hexaghost","floor":16.0,"turns":5.0},{"damage":0.0,"enemies":"2 Thieves","floor":18.0,"turns":1.0},{"damage":3.0,"enemies":"Chosen","floor":20.0,"turns":2.0},{"damage":9.0,"enemies":"Centurion and Healer","floor":21.0,"turns":2.0},{"damage":1.0,"enemies":"Gremlin Leader","floor":23.0,"turns":2.0},{"damage":0.0,"enemies":"3 Cultists","floor":25.0,"turns":3.0},{"damage":0.0,"enemies":"Snake Plant","floor":27.0,"turns":1.0},{"damage":0.0,"enemies":"Book of Stabbing","floor":28.0,"turns":3.0},{"damage":0.0,"enemies":"Slavers","floor":31.0,"turns":2.0},{"damage":3.0,"enemies":"Champ","floor":33.0,"turns":5.0},{"damage":0.0,"enemies":"3 Darklings","floor":35.0,"turns":3.0},{"damage":0.0,"enemies":"Orin","floor":36.0,"turns":6.0},{"damage":0.0,"enemies":"Orb Walker","floor":37.0,"turns":1.0},{"damage":0.0,"enemies":"3 Darklings","floor":38.0,"turns":2.0},{"damage":0.0,"enemies":"Giant Head","floor":40.0,"turns":5.0},{"damage":0.0,"enemies":"Reptomancer","floor":42.0,"turns":2.0},{"damage":0,"enemies":"Transient","floor":44,"turns":5},{"damage":3,"enemies":"Nemesis","floor":45,"turns":4},{"damage":8,"enemies":"4 Shapes","floor":46,"turns":2},{"damage":0,"enemies":"Writhing Mass","floor":47,"turns":1},{"damage":0,"enemies":"Transient","floor":48,"turns":5},{"damage":4,"enemies":"Replay:Hell Engine","floor":50,"turns":3},{"damage":0,"enemies":"Shield and Spear","floor":54,"turns":2},{"damage":2,"enemies":"The Heart","floor":55,"turns":3}],"seed_played":"-7591725719972279827","potions_obtained":[{"floor":2.0,"key":"SteroidPotion"},{"floor":11.0,"key":"Fruit Juice"},{"floor":12.0,"key":"Dexterity Potion"},{"floor":14.0,"key":"Regen Potion"},{"floor":16.0,"key":"SpeedPotion"},{"floor":21.0,"key":"Weak Potion"},{"floor":23.0,"key":"Dexterity Potion"},{"floor":25.0,"key":"Milkshake"},{"floor":31.0,"key":"Venom Potion"},{"floor":35.0,"key":"Poison Potion"},{"floor":39.0,"key":"Adrenaline Potion"},{"floor":44,"key":"Dexterity Potion"},{"floor":46,"key":"EssenceOfSteel"},{"floor":47,"key":"Reflective Coating"}],"is_trial":false,"path_per_floor":["M","M","M","?","M","E","?","?","T","R","M","E","$","M","R","B",null,"M","?","M","M","?","E","R","M","T","M","E","$","?","E","R","B",null,"M","?","M","M","?","E","R","E","T","M","E","M","M","M","R","B",null,"R","$","E","B",null],"character_chosen":"THE_SILENT","items_purchased":["Medical Kit","Quantum Egg","testmod-Acrobat","AT_EbonyIvory","Lee\u0027s Waffle","Noxious Fumes","DemoMod:Relodestone","Grinning Jar","Infinite Blades","DemoMod:LamentConfigurum","AT_SilverBalance","Blade Dance","Chameleon Ring","AT_ArchangelStaff","Membership Card","MerchantsRug","Omamori","DemoMod:ClearGuonStone","testmod-SpacePotion","AT_MibuBalloonWealth","Finisher","Pen Nib","Blue Candle","DistilledChaos","DollysMirror","PrismaticShard"],"campfire_rested":1,"item_purchase_floors":[0,0,0,0,0,0,0,0,0,0,0,0,0,13,29,29,29,29,29,49,49,49,49,49,53,53],"current_hp_per_floor":[35,35,35,35,35,35,17,12,12,33,56,35,35,31,31,29,60,60,60,64,55,55,54,54,54,54,62,62,62,62,70,70,70,70,70,72,74,76,62,78,78,80,80,82,84,85,88,90,90,90,90,90,90,92,92],"gold":147,"neow_bonus":"","is_daily":false,"chose_seed":false,"campfire_upgraded":4,"win_rate":0.0,"timestamp":1611902277,"path_taken":["M","M","M","?","?","E","?","?","T","R","M","E","$","M","R","BOSS","M","?","?","M","?","E","R","M","T","M","E","$","?","E","R","BOSS","M","?","M","M","?","E","R","E","T","M","E","M","M","M","R","BOSS","R","$","E","BOSS"],"items_purchased_type":["Relic","Relic","Relic","Relic","Relic","Card","Relic","Relic","Card","Relic","Relic","Card","Relic","Relic","Relic","Relic","Relic","Relic","Potion","Relic","Card","Relic","Relic","Potion","Relic","Relic"],"build_version":"2020-12-22","purchased_purges":8,"victory":true,"max_hp_per_floor":[70,70,70,70,70,70,70,70,70,70,70,70,70,70,70,70,70,70,70,70,70,70,70,70,70,70,70,70,70,70,70,70,70,70,70,72,74,76,76,78,78,80,80,82,84,86,88,90,90,90,90,90,90,92,92],"relic_stats":{"Dream Catcher":0,"Singing Bowl":22,"counters":[249,801],"Shuriken":[64],"Bloody Idol":47,"Blue Candle":[0],"Pen Nib":[4],"Medical Kit":[3],"obtain_stats":[{"TwistedFunnel":49,"Replay:Accelerometer":52,"vexMod:MemoryStick":12,"AT_ATBox":6,"Spirit Poop":11,"testmod-LifeArmor":6,"Whetstone":49,"Ginger":45,"Boot":9,"Sling":53,"Replay:Ringing Soul":9,"vexMod:CardConverter":45,"vexMod:EndlessSickness":34,"Replay:Bronze Core":17,"DemoMod:LamentConfigurum":0,"Hololive_Finger":17,"Replay:Wax Seal":0,"Replay:Bottled Steam":7,"testmod-IntensifyImprint":0,"MerchantsRug":23,"testmod-TestBox":0,"Pear":45,"testmod-TimeTraveler":17,"DemoMod:OrangeGuonStone":27,"Blue Candle":49,"Pen Nib":25,"AT_EbonyIvory":38,"Paper Crane":31,"testmod-Fortitude":47,"vexMod:GhostlyGear":32,"SlaversCollar":34,"DemoMod:MeatBun":53,"Bird Faced Urn":0,"Pandora\u0027s Box":17,"Mark of Pain":34,"DemoMod:Relodestone":0,"DemoMod:SerJunkan":12,"Unceasing Top":0,"testmod-HeartOfDaVinci":13,"ats:Spiritual Recovery":29,"vexMod:PlasmaPancake":0,"Lantern":29,"Torii":6,"Singing Bowl":34,"DemoMod:BigBoy":34,"Blue Doll":31,"Bag of Preparation":10,"Ancient Tea Set":23,"Smiling Mask":5,"Burning Blood":0,"testmod-CasingShield":32,"Replay:Rubber Ducky":19,"Matryoshka":0,"Shovel":39,"WristBlade":34,"ats:Berate":53,"testmod-ObsoleteBoomerang":40,"WingedGreaves":13,"Chemical X":0,"Replay:Bottled Eggs":9,"Ring of the Snake":0,"AT_ChloranthyRing":0,"Potion Belt":9,"Lee\u0027s Waffle":0,"testmod-Muramasa":0,"Golden Idol":4,"Basket Of Snakes":31,"Thread and Needle":47,"PreservedInsect":6,"DemoMod:PinkGuonStone":36,"Omamori":29,"Frozen Egg 2":0,"testmod-ConstraintPeriapt":6,"MawBank":40,"Replay:Arrowhead":8,"Ornamental Fan":9,"Bloody Idol":30,"testmod-Hope":43,"Orrery":20,"ats:Tactical Delivery":17,"Garlic":30,"Durian":8,"Bottled Lightning":8,"testmod-BalancedPeriapt":54,"Toy Ornithopter":27,"DemoMod:BlueGuonStone":43,"Tiny House":34,"Calipers":0,"Gremlin Horn":11,"AT_MibuBalloonWealth":0,"Vajra":23,"testmod-IWantAll":0,"DemoMod:GlassGuonStoneRelic":8,"AT_ArchangelStaff":20,"Centennial Puzzle":27,"DemoMod:MonsterBlood":6,"DollysMirror":21,"Honey Jar":17,"Philosopher\u0027s Stone":34,"testmod-DragonStarHat":9,"Iron Hammer":20,"testmod-InfectionSource":54,"Toxic Egg 2":29,"AT_RedNoBalance":31,"DemoMod:ClearGuonStone":29,"Happy Flower":40,"Oddly Smooth Stone":53,"Charon\u0027s Ashes":26,"AT_SilverBalance":43,"vexMod:PaidLearning":12,"Question Card":31,"testmod-RealStoneCalender":47,"Replay:Baseball":32,"vexMod:Cooldron":21,"ReplayTheSpireMod:Shallot":42,"Shuriken":27,"Brimstone":52,"testmod-Acrobat":8,"Bronze Scales":10,"DemoMod:DecoyRelic":46,"Onion Ring":6,"Molten Egg 2":0,"ReplayTheSpireMod:TigerMarble":53,"Grinning Jar":40,"AT_DeathDance":48,"CatCart":36,"Meat on the Bone":24,"ReplayFunnel":8,"Darkstone Periapt":34,"AT_SeraphEmbrace":39,"SacredBark":34,"Snake Skull":47,"Juzu Bracelet":0,"Broom":26,"DemoMod:WhiteGuonStone":6,"Replay:Mystery Machine":38,"Empty Cage":31,"testmod-BouquetWithThorns":6,"PrismaticShard":53,"testmod-Charity":39,"ClockworkSouvenir":39,"SsserpentHead":11,"Nunchaku":14,"Dream Catcher":34,"Chameleon Ring":38,"TheAbacus":47,"Pantograph":25,"Tiny Chest":3,"testmod-Déjàvu":29,"DemoMod:JetPack":8,"Gremlin Food":43,"DemoMod:Junk":23,"ReplayTheSpireMod:Ninjato":42,"DemoMod:MemoryAlloy":0,"vexMod:ConsolationPrize":26,"Guide Book":53,"Quantum Egg":23,"Replay:WaspNest":24,"AT_BladeRuinedKing":44,"vexMod:FocusSash":19,"Orichalcum":5,"testmod-IndustrialRevolution":6,"Medical Kit":38,"White Beast Statue":49,"Calling Bell":34,"vexMod:Dragonfruit":45,"Anchor":0,"Hololive_LightStick":0,"vexMod:BarristanHead":6,"testmod-AssaultLearning":47,"Another Sword":0,"Bag of Marbles":12,"testmod-Faith":0,"Membership Card":32},{"TwistedFunnel":79,"Replay:Accelerometer":215,"vexMod:MemoryStick":6,"AT_ATBox":106,"Spirit Poop":135,"testmod-LifeArmor":222,"Whetstone":23,"Ginger":100,"Boot":84,"Sling":215,"Replay:Ringing Soul":134,"vexMod:CardConverter":76,"vexMod:EndlessSickness":43,"Replay:Bronze Core":196,"DemoMod:LamentConfigurum":217,"Hololive_Finger":138,"Replay:Wax Seal":56,"Replay:Bottled Steam":222,"testmod-IntensifyImprint":0,"MerchantsRug":199,"testmod-TestBox":0,"Pear":50,"testmod-TimeTraveler":87,"DemoMod:OrangeGuonStone":117,"Blue Candle":246,"Pen Nib":13,"AT_EbonyIvory":150,"Paper Crane":69,"testmod-Fortitude":78,"vexMod:GhostlyGear":147,"SlaversCollar":205,"DemoMod:MeatBun":54,"Bird Faced Urn":157,"Pandora\u0027s Box":226,"Mark of Pain":174,"DemoMod:Relodestone":217,"DemoMod:SerJunkan":224,"Unceasing Top":80,"testmod-HeartOfDaVinci":163,"ats:Spiritual Recovery":172,"vexMod:PlasmaPancake":130,"Lantern":42,"Torii":160,"Singing Bowl":235,"DemoMod:BigBoy":121,"Blue Doll":16,"Bag of Preparation":84,"Ancient Tea Set":90,"Smiling Mask":159,"Burning Blood":0,"testmod-CasingShield":16,"Replay:Rubber Ducky":10,"Matryoshka":80,"Shovel":178,"WristBlade":95,"ats:Berate":185,"testmod-ObsoleteBoomerang":179,"WingedGreaves":86,"Chemical X":0,"Replay:Bottled Eggs":60,"Ring of the Snake":0,"AT_ChloranthyRing":102,"Potion Belt":222,"Lee\u0027s Waffle":102,"testmod-Muramasa":0,"Golden Idol":104,"Basket Of Snakes":204,"Thread and Needle":101,"PreservedInsect":59,"DemoMod:PinkGuonStone":71,"Omamori":233,"Frozen Egg 2":0,"testmod-ConstraintPeriapt":28,"MawBank":19,"Replay:Arrowhead":161,"Ornamental Fan":108,"Bloody Idol":233,"testmod-Hope":20,"Orrery":35,"ats:Tactical Delivery":164,"Garlic":42,"Durian":108,"Bottled Lightning":5,"testmod-BalancedPeriapt":216,"Toy Ornithopter":40,"DemoMod:BlueGuonStone":98,"Tiny House":17,"Calipers":187,"Gremlin Horn":109,"AT_MibuBalloonWealth":187,"Vajra":12,"testmod-IWantAll":0,"DemoMod:GlassGuonStoneRelic":5,"AT_ArchangelStaff":113,"Centennial Puzzle":145,"DemoMod:MonsterBlood":133,"DollysMirror":141,"Honey Jar":33,"Philosopher\u0027s Stone":70,"testmod-DragonStarHat":161,"Iron Hammer":166,"testmod-InfectionSource":186,"Toxic Egg 2":68,"AT_RedNoBalance":173,"DemoMod:ClearGuonStone":233,"Happy Flower":46,"Oddly Smooth Stone":54,"Charon\u0027s Ashes":13,"AT_SilverBalance":127,"vexMod:PaidLearning":109,"Question Card":120,"testmod-RealStoneCalender":22,"Replay:Baseball":16,"vexMod:Cooldron":141,"ReplayTheSpireMod:Shallot":211,"Shuriken":67,"Brimstone":185,"testmod-Acrobat":29,"Bronze Scales":84,"DemoMod:DecoyRelic":182,"Onion Ring":4,"Molten Egg 2":24,"ReplayTheSpireMod:TigerMarble":185,"Grinning Jar":74,"AT_DeathDance":156,"CatCart":237,"Meat on the Bone":90,"ReplayFunnel":60,"Darkstone Periapt":121,"AT_SeraphEmbrace":124,"SacredBark":148,"Snake Skull":101,"Juzu Bracelet":102,"Broom":169,"DemoMod:WhiteGuonStone":106,"Replay:Mystery Machine":207,"Empty Cage":42,"testmod-BouquetWithThorns":106,"PrismaticShard":247,"testmod-Charity":18,"ClockworkSouvenir":18,"SsserpentHead":193,"Nunchaku":111,"Dream Catcher":235,"Chameleon Ring":97,"TheAbacus":213,"Pantograph":116,"Tiny Chest":82,"testmod-Déjàvu":203,"DemoMod:JetPack":134,"Gremlin Food":75,"DemoMod:Junk":230,"ReplayTheSpireMod:Ninjato":20,"DemoMod:MemoryAlloy":187,"vexMod:ConsolationPrize":67,"Guide Book":185,"Quantum Egg":199,"Replay:WaspNest":38,"AT_BladeRuinedKing":180,"vexMod:FocusSash":88,"Orichalcum":132,"testmod-IndustrialRevolution":84,"Medical Kit":150,"White Beast Statue":23,"Calling Bell":121,"vexMod:Dragonfruit":155,"Anchor":24,"Hololive_LightStick":80,"vexMod:BarristanHead":28,"testmod-AssaultLearning":52,"Another Sword":0,"Bag of Marbles":32,"testmod-Faith":0,"Membership Card":16},{"TwistedFunnel":323,"Replay:Accelerometer":704,"vexMod:MemoryStick":25,"AT_ATBox":400,"Spirit Poop":483,"testmod-LifeArmor":724,"Whetstone":96,"Ginger":386,"Boot":343,"Sling":704,"Replay:Ringing Soul":480,"vexMod:CardConverter":316,"vexMod:EndlessSickness":180,"Replay:Bronze Core":672,"DemoMod:LamentConfigurum":708,"Hololive_Finger":498,"Replay:Wax Seal":232,"Replay:Bottled Steam":724,"testmod-IntensifyImprint":0,"MerchantsRug":675,"testmod-TestBox":0,"Pear":207,"testmod-TimeTraveler":356,"DemoMod:OrangeGuonStone":433,"Blue Candle":793,"Pen Nib":56,"AT_EbonyIvory":536,"Paper Crane":290,"testmod-Fortitude":321,"vexMod:GhostlyGear":526,"SlaversCollar":682,"DemoMod:MeatBun":222,"Bird Faced Urn":559,"Pandora\u0027s Box":736,"Mark of Pain":627,"DemoMod:Relodestone":708,"DemoMod:SerJunkan":729,"Unceasing Top":329,"testmod-HeartOfDaVinci":584,"ats:Spiritual Recovery":621,"vexMod:PlasmaPancake":466,"Lantern":173,"Torii":571,"Singing Bowl":757,"DemoMod:BigBoy":443,"Blue Doll":65,"Bag of Preparation":343,"Ancient Tea Set":365,"Smiling Mask":566,"Burning Blood":0,"testmod-CasingShield":65,"Replay:Rubber Ducky":40,"Matryoshka":329,"Shovel":636,"WristBlade":376,"ats:Berate":655,"testmod-ObsoleteBoomerang":641,"WingedGreaves":349,"Chemical X":0,"Replay:Bottled Eggs":248,"Ring of the Snake":0,"AT_ChloranthyRing":392,"Potion Belt":724,"Lee\u0027s Waffle":392,"testmod-Muramasa":0,"Golden Idol":396,"Basket Of Snakes":681,"Thread and Needle":388,"PreservedInsect":244,"DemoMod:PinkGuonStone":300,"Omamori":750,"Frozen Egg 2":0,"testmod-ConstraintPeriapt":107,"MawBank":82,"Replay:Arrowhead":573,"Ornamental Fan":405,"Bloody Idol":750,"testmod-Hope":86,"Orrery":139,"ats:Tactical Delivery":592,"Garlic":173,"Durian":405,"Bottled Lightning":22,"testmod-BalancedPeriapt":705,"Toy Ornithopter":164,"DemoMod:BlueGuonStone":382,"Tiny House":71,"Calipers":658,"Gremlin Horn":408,"AT_MibuBalloonWealth":658,"Vajra":51,"testmod-IWantAll":0,"DemoMod:GlassGuonStoneRelic":22,"AT_ArchangelStaff":422,"Centennial Puzzle":520,"DemoMod:MonsterBlood":474,"DollysMirror":509,"Honey Jar":132,"Philosopher\u0027s Stone":297,"testmod-DragonStarHat":573,"Iron Hammer":600,"testmod-InfectionSource":657,"Toxic Egg 2":285,"AT_RedNoBalance":621,"DemoMod:ClearGuonStone":750,"Happy Flower":190,"Oddly Smooth Stone":222,"Charon\u0027s Ashes":56,"AT_SilverBalance":460,"vexMod:PaidLearning":408,"Question Card":439,"testmod-RealStoneCalender":91,"Replay:Baseball":65,"vexMod:Cooldron":509,"ReplayTheSpireMod:Shallot":693,"Shuriken":282,"Brimstone":655,"testmod-Acrobat":113,"Bronze Scales":343,"DemoMod:DecoyRelic":650,"Onion Ring":17,"Molten Egg 2":98,"ReplayTheSpireMod:TigerMarble":655,"Grinning Jar":308,"AT_DeathDance":554,"CatCart":766,"Meat on the Bone":365,"ReplayFunnel":248,"Darkstone Periapt":443,"AT_SeraphEmbrace":452,"SacredBark":531,"Snake Skull":388,"Juzu Bracelet":392,"Broom":612,"DemoMod:WhiteGuonStone":401,"Replay:Mystery Machine":684,"Empty Cage":173,"testmod-BouquetWithThorns":400,"PrismaticShard":796,"testmod-Charity":78,"ClockworkSouvenir":78,"SsserpentHead":666,"Nunchaku":413,"Dream Catcher":757,"Chameleon Ring":379,"TheAbacus":698,"Pantograph":431,"Tiny Chest":334,"testmod-Déjàvu":680,"DemoMod:JetPack":480,"Gremlin Food":313,"DemoMod:Junk":743,"ReplayTheSpireMod:Ninjato":86,"DemoMod:MemoryAlloy":658,"vexMod:ConsolationPrize":282,"Guide Book":655,"Quantum Egg":675,"Replay:WaspNest":151,"AT_BladeRuinedKing":643,"vexMod:FocusSash":358,"Orichalcum":469,"testmod-IndustrialRevolution":341,"Medical Kit":536,"White Beast Statue":96,"Calling Bell":443,"vexMod:Dragonfruit":552,"Anchor":98,"Hololive_LightStick":329,"vexMod:BarristanHead":109,"testmod-AssaultLearning":214,"Another Sword":0,"Bag of Marbles":125,"testmod-Faith":0,"Membership Card":65}],"Ring of the Snake":[386]},"card_choices":[{"not_picked":["Sucker Punch","Poisoned Stab","Underhanded Strike"],"picked":"SKIP","floor":1.0},{"not_picked":["Acrobatics","Slice"],"picked":"Dagger Spray","floor":2.0},{"not_picked":["PiercingWail","Sucker Punch"],"picked":"ReplayTheSpireMod:Scrap Shanks","floor":3.0},{"not_picked":["Deadly Poison","Eviscerate","Slice"],"picked":"SKIP","floor":5.0},{"not_picked":["Hidden Blade","AT_ArcaneSupremacy","Bane"],"picked":"SKIP","floor":6.0},{"not_picked":["AT_WindFlip","Deadly Poison"],"picked":"AT_Desolate","floor":11.0},{"not_picked":["Burst","Eviscerate"],"picked":"Acrobatics","floor":12.0},{"not_picked":["AT_WindRun","Choke","Expertise"],"picked":"SKIP","floor":14.0},{"not_picked":["Underhanded Strike","Heel Hook"],"picked":"Well Laid Plans+1","floor":18.0},{"not_picked":["Dash","Quick Slash","Bane+1"],"picked":"SKIP","floor":20.0},{"not_picked":["Choke","Deadly Poison"],"picked":"Deflect","floor":21.0},{"not_picked":["Sucker Punch","AT_WomanClash","AT_WindFlip"],"picked":"SKIP","floor":23.0},{"not_picked":["Sucker Punch+1","Dodge and Roll"],"picked":"Cloak And Dagger","floor":25.0},{"not_picked":["AT_WindRun+1","PiercingWail","Choke"],"picked":"SKIP","floor":27.0},{"not_picked":["Draining Mist+1","Deflect"],"picked":"ReplayTheSpireMod:Speed Training+1","floor":28.0},{"not_picked":["Dagger Throw","Well Laid Plans","AT_TwilightShroud+1"],"picked":"SKIP","floor":31.0},{"not_picked":["Atom Bomb","Poison Darts"],"picked":"AT_KingSlayer","floor":33.0},{"not_picked":["Endless Agony","AT_WindFlip+1"],"picked":"Cloak And Dagger","floor":35.0},{"not_picked":["Sucker Punch","AT_TinkerSharpsword+1","Backflip+1"],"picked":"Singing Bowl","floor":36.0},{"not_picked":["Flying Knee","Dash","Calculated Gamble+1"],"picked":"Singing Bowl","floor":37.0},{"not_picked":["Dagger Throw","Bane+1","AT_Desolate"],"picked":"Singing Bowl","floor":38.0},{"not_picked":["Underhanded Strike","ReplayTheSpireMod:The Works+1"],"picked":"Blade Dance+1","floor":39.0},{"not_picked":["Blade Dance+1","Unload","Underhanded Strike"],"picked":"Singing Bowl","floor":40.0},{"not_picked":["AT_KingSlayer","AT_WindRun","Dagger Throw"],"picked":"Singing Bowl","floor":42.0},{"not_picked":["Hidden Blade","Underhanded Strike+1","PiercingWail+1"],"picked":"Singing Bowl","floor":44},{"not_picked":["Leg Sweep+1","Backflip","ReplayTheSpireMod:Exploit Weakness"],"picked":"Singing Bowl","floor":45},{"not_picked":["Blade Dance","Quick Slash+1","AT_WindFlip"],"picked":"Singing Bowl","floor":46},{"not_picked":["Caltrops+1","Poisoned Stab","Setup"],"picked":"Singing Bowl","floor":47},{"not_picked":["Deadly Poison","Prepared+1","Quick Slash"],"picked":"Singing Bowl","floor":48},{"not_picked":["AT_WomanClash+1","Potential+1","Clothesline+1"],"picked":"Singing Bowl","floor":54}],"player_experience":450729,"relics_obtained":[{"floor":6.0,"key":"testmod-LifeArmor"},{"floor":9.0,"key":"Potion Belt"},{"floor":12.0,"key":"DemoMod:SerJunkan"},{"floor":23.0,"key":"DemoMod:Junk"},{"floor":26.0,"key":"Iron Hammer"},{"floor":28.0,"key":"DemoMod:Junk"},{"floor":31.0,"key":"Shuriken"},{"floor":34.0,"key":"Dream Catcher"},{"floor":34.0,"key":"Singing Bowl"},{"floor":36.0,"key":"CatCart"},{"floor":40.0,"key":"DemoMod:Junk"},{"floor":42.0,"key":"DemoMod:Junk"},{"floor":45,"key":"DemoMod:Junk"},{"floor":54,"key":"DemoMod:Junk"}],"event_choices":[{"damage_healed":0.0,"max_hp_gain":0.0,"max_hp_loss":0.0,"gold_gain":0.0,"event_name":"Match and Keep!","player_choice":"1 cards matched","floor":4.0,"gold_loss":0.0,"damage_taken":0.0,"cards_obtained":["AT_KingSlayer"]},{"damage_healed":0.0,"max_hp_gain":0.0,"max_hp_loss":0.0,"gold_gain":0.0,"event_name":"Scrap Ooze","player_choice":"Success","floor":7.0,"gold_loss":0.0,"damage_taken":18.0,"relics_obtained":["Replay:Bottled Steam"]},{"damage_healed":0.0,"max_hp_gain":0.0,"max_hp_loss":5.0,"gold_gain":0.0,"event_name":"Golden Idol","player_choice":"Lose Max HP","floor":8.0,"gold_loss":0.0,"damage_taken":0.0,"relics_obtained":["Golden Idol"]},{"cards_removed":["Riddle With Holes"],"damage_healed":0.0,"max_hp_gain":0.0,"max_hp_loss":0.0,"gold_gain":0.0,"event_name":"Purifier","player_choice":"Purged","floor":19.0,"gold_loss":0.0,"damage_taken":0.0},{"cards_removed":["Noxious Fumes"],"damage_healed":0.0,"max_hp_gain":0.0,"max_hp_loss":0.0,"gold_gain":0.0,"event_name":"Beggar","player_choice":"Gave Gold","floor":22.0,"gold_loss":75.0,"damage_taken":0.0},{"damage_healed":0.0,"max_hp_gain":0.0,"max_hp_loss":0.0,"gold_gain":0.0,"event_name":"Forgotten Altar","player_choice":"Gave Idol","floor":30.0,"relics_lost":["Golden Idol"],"gold_loss":0.0,"damage_taken":0.0,"relics_obtained":["Bloody Idol"]},{"damage_healed":0.0,"max_hp_gain":0.0,"max_hp_loss":0.0,"gold_gain":0.0,"event_name":"OrinTheCat","player_choice":"Fight","floor":36.0,"gold_loss":0.0,"damage_taken":0.0}],"is_beta":false,"boss_relics":[{"not_picked":["Runic Dome","ReplayTheSpireMod:DimensionalGlitch"],"picked":"Pandora\u0027s Box"},{"not_picked":["testmod-Fanaticism","Replay:Ancient Bell"],"picked":"Calling Bell"}],"items_purged_floors":[0,0,0,13,29,29,49,53],"is_endless":false,"potions_floor_spawned":[2,11,12,14,16,21,23,25,31,35,40,44,46,47],"ascension_level":9}}