{"host":"vx9g5eyuglzorf3u","time":1611912993,"event":{"mods":["2.2 Compatiblity","BaseMod","DeckTracker","Keyboard Shortcuts","Minty Spire (QoL Compilation)","Relic Stats","StSLib","SuperFastMode","everything is the same but u backflip on backflip"],"gold_per_floor":[369,444,444,459,328,328,343,76,76,76,76,94,16,44,44,115,115,129,145,145,145],"floor_reached":20,"language":"KOR","playtime":695,"items_purged":["Defend_G"],"score":344,"play_id":"53ce13ab-3d03-437b-afb1-5ebab9457139","local_time":"20210129183633","is_ascension_mode":true,"campfire_choices":[{"floor":6,"key":"REST"},{"floor":10,"key":"REST"},{"floor":15,"key":"REST"}],"circlet_count":0,"master_deck":["AscendersBane","Strike_G","Strike_G","Strike_G","Defend_G+1","Defend_G","Defend_G","Defend_G+1","Survivor","Neutralize","Eviscerate","Prepared","Dagger Throw","Acrobatics","Well Laid Plans","Leg Sweep","Corpse Explosion","Masterful Stab+1","Sucker Punch+1"],"relics":["Ring of the Snake","Paper Crane","Gremlin Horn","War Paint","Empty Cage"],"acts_visited":["Exordium","TheCity"],"potions_floor_usage":[14],"damage_taken":[{"damage":22.0,"enemies":"Jaw Worm","floor":1.0,"turns":8.0},{"damage":3.0,"enemies":"2 Louse","floor":4.0,"turns":4.0},{"damage":2,"enemies":"Small Slimes","floor":7,"turns":3},{"damage":8,"enemies":"Blue Slaver","floor":12,"turns":5},{"damage":28,"enemies":"Gremlin Nob","floor":14,"turns":4},{"damage":31,"enemies":"The Guardian","floor":16,"turns":18},{"damage":37,"enemies":"3 Byrds","floor":18,"turns":5},{"damage":8,"enemies":"Shell Parasite","floor":19,"turns":16},{"damage":8,"enemies":"Chosen and Byrds","floor":20,"turns":8}],"seed_played":"9081027553243269871","potions_obtained":[{"floor":4.0,"key":"Dexterity Potion"},{"floor":12,"key":"Energy Potion"},{"floor":19,"key":"CunningPotion"}],"is_trial":false,"path_per_floor":["M","?","?","M","$","R","M","$","T","R","?","M","$","E","R","B",null,"M","M","M"],"character_chosen":"THE_SILENT","items_purchased":["Dagger Throw","Paper Crane","Well Laid Plans"],"campfire_rested":3,"item_purchase_floors":[5,8,13],"current_hp_per_floor":[22,11,6,3,3,22,20,20,20,39,61,53,53,25,44,13,53,16,8,0,0],"gold":145,"neow_bonus":"TWO_FIFTY_GOLD","is_daily":false,"chose_seed":false,"campfire_upgraded":0,"win_rate":0.0,"timestamp":1611912993,"path_taken":["M","?","?","M","$","R","M","$","T","R","?","M","?","E","R","BOSS","M","M","?"],"items_purchased_type":["Card","Relic","Card"],"build_version":"2020-12-22","purchased_purges":1,"victory":false,"max_hp_per_floor":[66,66,66,66,66,66,66,66,66,66,66,66,66,66,66,66,66,66,66,66,66],"relic_stats":{"Gremlin Horn":[1,1],"counters":[9,71],"War Paint":["Defend_G","Defend_G"],"obtain_stats":[{"Gremlin Horn":9,"Paper Crane":8,"War Paint":14,"Empty Cage":17,"Ring of the Snake":0},{"Gremlin Horn":3,"Paper Crane":3,"War Paint":5,"Empty Cage":6,"Ring of the Snake":0},{"Gremlin Horn":15,"Paper Crane":15,"War Paint":24,"Empty Cage":42,"Ring of the Snake":0}],"Ring of the Snake":[18]},"card_choices":[{"not_picked":["Deflect","Flying Knee"],"picked":"Eviscerate","floor":1.0},{"not_picked":["Deflect","Dodge and Roll"],"picked":"Prepared","floor":4.0},{"not_picked":["Underhanded Strike","Quick Slash"],"picked":"Acrobatics","floor":7},{"not_picked":["Acrobatics","Glass Knife","Prepared"],"picked":"SKIP","floor":12},{"not_picked":["Dagger Throw","Cloak And Dagger"],"picked":"Leg Sweep","floor":14},{"not_picked":["Malaise","Burst"],"picked":"Corpse Explosion","floor":16},{"not_picked":["Accuracy+1","Prepared"],"picked":"Masterful Stab+1","floor":18},{"not_picked":["Sucker Punch+1","Flying Knee","Skewer"],"picked":"SKIP","floor":19},{"not_picked":["Flying Knee","Skewer"],"picked":"Sucker Punch+1","floor":19}],"player_experience":1507537,"relics_obtained":[{"floor":9,"key":"Gremlin Horn"},{"floor":14,"key":"War Paint"}],"event_choices":[{"damage_healed":0.0,"max_hp_gain":0.0,"max_hp_loss":0.0,"gold_gain":75.0,"event_name":"World of Goop","player_choice":"Gather Gold","floor":2.0,"gold_loss":0.0,"damage_taken":11.0},{"damage_healed":0.0,"max_hp_gain":0.0,"max_hp_loss":0.0,"gold_gain":0.0,"event_name":"Scrap Ooze","player_choice":"Fled","floor":3.0,"gold_loss":0.0,"damage_taken":5.0},{"damage_healed":22,"gold_gain":0,"player_choice":"Banana","damage_taken":0,"max_hp_gain":0,"max_hp_loss":0,"event_name":"Big Fish","floor":11,"gold_loss":0}],"is_beta":false,"boss_relics":[{"not_picked":["Velvet Choker","Snecko Eye"],"picked":"Empty Cage"}],"items_purged_floors":[5],"is_endless":false,"potions_floor_spawned":[4,12,19],"killed_by":"Chosen and Byrds","ascension_level":20}}