{"host":"gqhy17d1xpb1p3ki","time":1611878811,"event":{"mods":["2.2 Compatiblity","AchievementEnabler","BaseMod","Bestiary","BetterRewards","Colored Map","Colored Powertips","Conspire","Curses Come First","Custom Start","DeckTracker","Downfall","Duelist Mod","Hermit","Highlight Path","Hubris","Infinite Spire","Jorbs\u0027s Wanderer Trilogy","Marisa????????","Minty Spire (QoL Compilation)","Quick Restart","Rare Cards Sparkle","Relic Stats","Remilia??????","Robot Space Explorer","Shop Mod","StSLib","Td1madao Mod","The Animator","The Bug Knight","The Cursed","The Disciple","The Hierophant","The Jungle","The Marked","The Mystic","The Necromancer","The Runesmith","The Senshi","The Servant 0.9.4","The Witch","TheBandit","WarShipGirlsR/????R mod","Yuri Mod"],"gold_per_floor":[99,99,116,26,40,40,40,60,60,79,79,91,91,6,19,19,19],"floor_reached":16,"language":"ENG","playtime":998,"items_purged":[],"score":92,"play_id":"4d86938c-9951-4caa-9f9b-c5708c0c874e","local_time":"20210128190651","is_ascension_mode":false,"campfire_choices":[{"data":"Embodiment","floor":1,"key":"SMITH"},{"data":"BestPractice","floor":6,"key":"SMITH"},{"data":"BestPractice","floor":9,"key":"SMITH"},{"floor":13,"key":"REST"}],"circlet_count":0,"master_deck":["Strike_S","Strike_S","Strike_S","Strike_S","Defend_S","Defend_S","Defend_S","Defend_S","KidneyShot","Exchange","Embodiment+1","KidneyShot","Ricochet","BestPractice+1","BestPractice+1","Rearm","ShatteredReality","Barrier","infinitespire:Collect","MurderousAura","Initiator","Desolation","Ricochet"],"relics":["Uniform","Bottled Lightning"],"acts_visited":["Exordium"],"potions_floor_usage":[16],"damage_taken":[{"damage":9,"enemies":"2 Louse","floor":3,"turns":4},{"damage":0,"enemies":"downfall:FleeingMerchant","floor":4,"turns":4},{"damage":0,"enemies":"Cultist","floor":5,"turns":4},{"damage":5,"enemies":"Small Slimes","floor":8,"turns":4},{"damage":10,"enemies":"Blue Slaver","floor":10,"turns":4},{"damage":10,"enemies":"conspire:2 RoseBushes","floor":12,"turns":6},{"damage":0,"enemies":"downfall:FleeingMerchant","floor":14,"turns":4},{"damage":19,"enemies":"Lots of Slimes","floor":15,"turns":4},{"damage":10,"enemies":"WA_ARCHETYPE_RETAIN","floor":16,"turns":2}],"seed_played":"-8375151632772900828","potions_obtained":[{"floor":8,"key":"Weak Potion"},{"floor":10,"key":"SkillPotion"},{"floor":15,"key":"ColorlessPotion"}],"is_trial":false,"path_per_floor":["R","?","M","$","M","R","T","M","R","M","?","M","R","$","M","B"],"character_chosen":"THE_SERVANT","items_purchased":["BestPractice","Desolation"],"campfire_rested":1,"item_purchase_floors":[4,14],"current_hp_per_floor":[59,59,50,50,50,50,50,45,45,35,21,11,28,28,9,0,0],"gold":19,"neow_bonus":"THREE_RARE_CARDS","is_daily":false,"chose_seed":false,"campfire_upgraded":3,"win_rate":0.0,"timestamp":1611878811,"path_taken":["R","?","M","$","?","R","T","?","R","M","?","M","R","$","M","BOSS"],"items_purchased_type":["Card","Card"],"build_version":"2020-12-22","purchased_purges":0,"victory":false,"max_hp_per_floor":[59,59,59,59,59,59,59,59,59,59,59,59,59,59,59,59,59],"relic_stats":{"counters":[9,36],"obtain_stats":[{"Uniform":0,"Bottled Lightning":7},{"Uniform":0,"Bottled Lightning":3},{"Uniform":0,"Bottled Lightning":12}]},"card_choices":[{"not_picked":["ForgedInTime","KillingDoll"],"picked":"Embodiment","floor":0},{"not_picked":["Collapse","Shuttle"],"picked":"Ricochet","floor":3},{"not_picked":["DoubleEdge","Gouge"],"picked":"BestPractice","floor":4},{"not_picked":["Collapse","Spin"],"picked":"Rearm","floor":5},{"not_picked":["Revamp","Rewind"],"picked":"ShatteredReality","floor":8},{"not_picked":["BottledTime","Rearm"],"picked":"Barrier","floor":10},{"not_picked":["infinitespire:SevenWalls","infinitespire:Gouge"],"picked":"infinitespire:Collect","floor":11},{"not_picked":["Barrier","Shuttle"],"picked":"MurderousAura","floor":12},{"not_picked":["Revamp","StarChef"],"picked":"Initiator","floor":14},{"not_picked":["BottledTime","Alleviate"],"picked":"Ricochet","floor":15}],"player_experience":461905,"relics_obtained":[{"floor":7,"key":"Bottled Lightning"}],"event_choices":[],"is_beta":false,"boss_relics":[],"items_purged_floors":[],"is_endless":false,"potions_floor_spawned":[8,10,15],"killed_by":"WA_ARCHETYPE_RETAIN","ascension_level":0}}