{"host":"lq2h7q9ca6uwu60x","time":1611916213,"event":{"mods":["Act Like it!","BaseMod","Gensokyo","Marisa£®ÏF”Í°°ƒß¿Ì…≥£©","Minty Spire (QoL Compilation)","SIMod","StSLib"],"gold_per_floor":[109,109,189,216,216,234,259,259,259,159,170,270,6,6,6,82,82,92,192,205,221,221,6,20,20,20,20,72,98,110,139,151,241,253,282,305,317,345,357,398,424,436,473,512,542,565,517,544,556,568,580,592,142,171,171],"floor_reached":56,"language":"ZHS","playtime":3000,"items_purged":["Strike_RD","Strike_RR"],"score":2030,"play_id":"6ba7a1c5-adbd-47e6-ac48-b49b74f7392d","local_time":"20210129183013","is_ascension_mode":true,"campfire_choices":[{"data":"HarmonyShield","floor":8.0,"key":"SMITH"},{"data":"AlloutStrike","floor":15.0,"key":"SMITH"},{"data":"HarmonyForm","floor":25.0,"key":"SMITH"},{"data":"Gensokyo:FourOfAKind","floor":32.0,"key":"SMITH"},{"data":"Gensokyo:FourOfAKind","floor":42.0,"key":"SMITH"},{"floor":49.0,"key":"RECALL"},{"data":"GemstoneDetection","floor":52,"key":"SMITH"}],"circlet_count":0,"master_deck":["AscendersBane","Defend_PP","Defend_FS+1","Defend_AJ+1","HarmonyShield+1","ThunderCloud","FriendOfNature","Honesty","LadiesDemeanor+1","AlloutStrike+1","HarmonyForm+1","BigDeal","Shame","Gensokyo:FourOfAKind+1","Gensokyo:FourOfAKind+1","Gensokyo:FourOfAKind","HideCarefully+1","FriendOfNature","GemstoneDetection+1","BigDeal","Gensokyo:CustomPotion","Perfectionism","PinkiePromise+1","Dear_Princess"],"relics":["The_element_of_harmony","NeowsBlessing","Happy Flower","HornCleat","Kunai","Chemical X","Matryoshka","Runic Pyramid","Thread and Needle","Sling","Philomena","StrikeDummy","Omamori","MawBank","Coffee Dripper","Torii","GypsyBard","Blue Candle","Membership Card","Ice Cream","Pantograph"],"acts_visited":["Exordium","Gensokyo:Gensokyo","Gensokyo:Gensokyoer","TheEnding"],"potions_floor_usage":[55],"damage_taken":[{"damage":0.0,"enemies":"Gensokyo:2_Kodama","floor":1.0,"turns":1.0},{"damage":0.0,"enemies":"Gensokyo:Gryphon","floor":6.0,"turns":1.0},{"damage":0.0,"enemies":"Gensokyo:Cirno","floor":7.0,"turns":2.0},{"damage":0.0,"enemies":"Gensokyo:Python","floor":11.0,"turns":4.0},{"damage":11.0,"enemies":"Gensokyo:Kokoro","floor":16.0,"turns":10.0},{"damage":0.0,"enemies":"Gensokyo:2_Gloops","floor":18.0,"turns":6.0},{"damage":0.0,"enemies":"Gensokyo:2_Gloops","floor":19.0,"turns":6.0},{"damage":0.0,"enemies":"Gensokyo:AngelMirror","floor":20.0,"turns":1.0},{"damage":5.0,"enemies":"Gensokyo:Wraith","floor":21.0,"turns":3.0},{"damage":27.0,"enemies":"Gensokyo:3_Gloops","floor":24.0,"turns":6.0},{"damage":6.0,"enemies":"Gensokyo:Mirror_and_Dog","floor":29.0,"turns":6.0},{"damage":5.0,"enemies":"Gensokyo:Monolith_and_Dog","floor":31.0,"turns":5.0},{"damage":23.0,"enemies":"Gensokyo:Kaguya","floor":33.0,"turns":14.0},{"damage":5.0,"enemies":"Gensokyo:3_Bats","floor":35.0,"turns":5.0},{"damage":3.0,"enemies":"Gensokyo:AncientGuardian","floor":36.0,"turns":3.0},{"damage":3.0,"enemies":"Gensokyo:SeedOfUnknown","floor":38.0,"turns":3.0},{"damage":6.0,"enemies":"Gensokyo:Marisa","floor":40.0,"turns":4.0},{"damage":8.0,"enemies":"Gensokyo:Rafflesia","floor":41.0,"turns":8.0},{"damage":7.0,"enemies":"Gensokyo:Doremy","floor":44.0,"turns":7.0},{"damage":7.0,"enemies":"Gensokyo:Dusk_and_Dawn","floor":45.0,"turns":6.0},{"damage":9.0,"enemies":"Gensokyo:4_Bats","floor":46.0,"turns":8.0},{"damage":6.0,"enemies":"Gensokyo:Sharpion","floor":48.0,"turns":5.0},{"damage":10.0,"enemies":"Gensokyo:Scarlet_Devils","floor":50.0,"turns":9.0},{"damage":39,"enemies":"Shield and Spear","floor":54,"turns":10},{"damage":22,"enemies":"The Heart","floor":55,"turns":9}],"seed_played":"8589481855294606175","potions_obtained":[{"floor":6.0,"key":"BlessingOfTheForge"},{"floor":18.0,"key":"DistilledChaos"},{"floor":29.0,"key":"PowerPotion"},{"floor":35.0,"key":"Block Potion"},{"floor":38.0,"key":"Block Potion"},{"floor":45.0,"key":"Fire Potion"},{"floor":46.0,"key":"ColorlessPotion"}],"is_trial":false,"path_per_floor":["M","?","?","T","?","M","E","R","T","?","M","?","$","?","R","B",null,"M","?","M","M","?","$","M","R","T","?","T","M","?","M","R","B",null,"M","M","?","M","?","E","M","R","T","E","M","M","?","M","R","B",null,"R","$","E","B",null],"character_chosen":"TWI_CLASS","items_purchased":["AlloutStrike","Chemical X","BigDeal","Sling","Membership Card","Ice Cream","Perfectionism","Ancient Potion","DuplicationPotion"],"campfire_rested":0,"item_purchase_floors":[13,13,23,23,53,53,53,53,53],"current_hp_per_floor":[69,39,39,39,39,39,42,42,42,42,48,48,48,48,48,43,69,75,77,77,74,74,74,53,53,53,53,53,52,52,53,53,52,54,49,53,53,53,53,53,53,53,53,54,54,54,54,54,54,54,54,54,54,53,53],"gold":171,"neow_bonus":"THREE_ENEMY_KILL","is_daily":false,"chose_seed":false,"campfire_upgraded":6,"win_rate":0.0,"timestamp":1611916213,"path_taken":["M","?","?","?","?","M","E","R","T","?","?","?","$","?","R","BOSS","M","?","?","M","?","?","M","R","T","?","?","?","?","M","R","BOSS","M","M","?","M","?","E","M","R","T","E","M","?","?","M","R","BOSS","R","$","E","BOSS"],"items_purchased_type":["Card","Relic","Card","Relic","Relic","Relic","Card","Potion","Potion"],"build_version":"2020-12-22","purchased_purges":2,"victory":true,"max_hp_per_floor":[77,77,77,77,77,77,77,77,77,77,77,77,77,77,77,77,77,77,77,77,77,77,77,77,77,77,77,77,77,54,54,54,54,54,54,54,54,54,54,54,54,54,54,54,54,54,54,54,54,54,54,54,54,54,54],"card_choices":[{"not_picked":["KillingWithKindness"],"picked":"ThunderCloud","floor":1.0},{"not_picked":["Anxiousness","ISayNo"],"picked":"SKIP","floor":1.0},{"not_picked":["Batlization"],"picked":"FriendOfNature","floor":6.0},{"not_picked":["Anxiousness","Whining"],"picked":"SKIP","floor":6.0},{"not_picked":["AppleFeast"],"picked":"Perfectionism","floor":7.0},{"not_picked":["HideCarefully"],"picked":"Honesty","floor":7.0},{"not_picked":["Smile"],"picked":"LadiesDemeanor","floor":11.0},{"not_picked":["Whining","Magictrain"],"picked":"SKIP","floor":11.0},{"not_picked":["Harmanyblast"],"picked":"HarmonyForm","floor":16.0},{"not_picked":["Magictrain+1","Batlization"],"picked":"SKIP","floor":18.0},{"not_picked":["FarmExpert","Return_To_Past"],"picked":"SKIP","floor":18.0},{"not_picked":["HideCarefully","Charge"],"picked":"SKIP","floor":20.0},{"not_picked":["ServeMeal","PinkieSense"],"picked":"SKIP","floor":20.0},{"not_picked":["ISayNo","TenInstruments"],"picked":"SKIP","floor":21.0},{"not_picked":["Whining","Celebrities"],"picked":"SKIP","floor":21.0},{"not_picked":["Laughter","Return_To_Past"],"picked":"SKIP","floor":24.0},{"not_picked":["Laughter","Charge"],"picked":"SKIP","floor":24.0},{"not_picked":["ISayNo+1","Magic"],"picked":"SKIP","floor":29.0},{"not_picked":["Magictrain","ServeMeal"],"picked":"SKIP","floor":29.0},{"not_picked":["Perfectionism","Celebrities"],"picked":"SKIP","floor":31.0},{"not_picked":["RashStunts","ThunderCloud"],"picked":"SKIP","floor":31.0},{"not_picked":["KillingWithKindness","Boundary"],"picked":"SKIP","floor":35.0},{"not_picked":["FarmExpert+1","CleanLibrary"],"picked":"SKIP","floor":35.0},{"not_picked":["CleanLibrary+1"],"picked":"HideCarefully+1","floor":36.0},{"not_picked":["BehindTheScene","Smile+1"],"picked":"SKIP","floor":36.0},{"not_picked":["Overwhelming","Magic"],"picked":"SKIP","floor":38.0},{"not_picked":["ThunderCloud","PartyTime+1"],"picked":"SKIP","floor":38.0},{"not_picked":["TwentyPercentcooler"],"picked":"FriendOfNature","floor":40.0},{"not_picked":["Smile+1","CowboySkills"],"picked":"SKIP","floor":40.0},{"not_picked":["CleanLibrary+1"],"picked":"GemstoneDetection","floor":41.0},{"not_picked":["TasteRainbow","Magic_Beam"],"picked":"SKIP","floor":41.0},{"not_picked":["AppleFeast+1","Batlization"],"picked":"SKIP","floor":44.0},{"not_picked":["Whining+1","Dear_Princess"],"picked":"SKIP","floor":44.0},{"not_picked":["AllByMyself"],"picked":"BigDeal","floor":45.0},{"not_picked":["Lasso+1","Whining+1"],"picked":"SKIP","floor":45.0},{"not_picked":["Sisterhood","Magic_Beam"],"picked":"SKIP","floor":46.0},{"not_picked":["Mischief","Lasso+1"],"picked":"SKIP","floor":46.0},{"not_picked":["RashStunts","RunningOfTheLeaves"],"picked":"SKIP","floor":48.0},{"not_picked":["Yay","Anxiousness"],"picked":"SKIP","floor":48.0},{"not_picked":["PartyTime+1"],"picked":"PinkiePromise+1","floor":54},{"not_picked":["PartyCana"],"picked":"Dear_Princess","floor":54}],"player_experience":866983,"relics_obtained":[{"floor":7.0,"key":"HornCleat"},{"floor":9.0,"key":"Mercury Hourglass"},{"floor":19.0,"key":"Thread and Needle"},{"floor":26.0,"key":"Philomena"},{"floor":26.0,"key":"StrikeDummy"},{"floor":28.0,"key":"Omamori"},{"floor":28.0,"key":"MawBank"},{"floor":40.0,"key":"Torii"},{"floor":43.0,"key":"GypsyBard"},{"floor":44.0,"key":"Blue Candle"},{"floor":54,"key":"Pantograph"}],"event_choices":[],"is_beta":false,"boss_relics":[{"not_picked":["Cursed Key","Velvet Choker"],"picked":"Runic Pyramid"},{"not_picked":["Fusion Hammer","Busted Crown"],"picked":"Coffee Dripper"}],"items_purged_floors":[13,53],"is_endless":false,"potions_floor_spawned":[6,18,19,29,35,38,45,46],"ascension_level":14}}