{"host":"2i0myh7fqij2ti1z","time":1611888174,"event":{"mods":["Aspiration","BaseMod","Better Third Choice","Colored Powertips","Conspire","Evolution","FoggyMod","GifTheSpireLib","Highlight Path","Hubris","Minty Spire (QoL Compilation)","Permanent Neow","Quick Restart","Random Character Button","Random Character Mod","Replay The Spire","Shop Mod","Spicy Shops","StSLib","Stuff the Spire","Wandering Minibosses","óô»ðÖ¸ÄÏ"],"gold_per_floor":[112,112,112,112,112,142,169,215,215,265,265,265,327,327,327,443,443,468,468,468,477,517,606,531,350,373,56,56,96,114,161,161,279,279,318,318,95,148,148,193,193,239,239,239,329,28,28,37,37,45,45,45,18,62,66],"floor_reached":56,"language":"ENG","playtime":5112,"items_purged":["Strike_B","Defend_B","Strike_B","Defend_B","Compile Driver","Defend_B+1","hubris:PowerSurge"],"score":1955,"play_id":"68f8fff8-a892-4d21-b7c5-fb3d296054bc","local_time":"20210129104254","is_ascension_mode":true,"campfire_choices":[{"floor":12,"key":"REST"},{"data":"Dualcast","floor":15,"key":"SMITH"},{"data":"Machine Learning","floor":28,"key":"SMITH"},{"data":"StuffTheSpire:Innocence","floor":32,"key":"SMITH"},{"data":"Echo Form","floor":41,"key":"SMITH"},{"data":"hubris:DoWhile+1","floor":49,"key":"PURGE"},{"data":"StuffTheSpire:BrainWave","floor":52,"key":"SMITH"}],"circlet_count":0,"master_deck":["Skim+1","Hologram+1","Machine Learning+1","Reboot+1","Turbo+1","StuffTheSpire:Innocence+1","Compile Driver","Defragment+1","Tempest+1","Consume+1","BasicCrystalCard+1","Turbo+1","Echo Form+1","Rebound+1","StuffTheSpire:BrainWave+1","Crystallizer"],"relics":["StuffTheSpire:OccultApparatus","aspiration:Stellarator","Black Star","Juzu Bracelet","hubris:EvacipatedBox","hubris:FruitBowl","Replay:Bandana","Potion Belt","Toxic Egg 2","CaptainsWheel","Centennial Puzzle","CeramicFish","Kunai","DataDisk","Replay:WaspNest","Cables","StuffTheSpire:NeowsTribute","ReplayTheSpireMod:TigerMarble","Gremlin Food","hubris:Icosahedron","Ring of Chaos","Red Mask","Replay:Baseball","Oddly Smooth Stone","War Paint","InkBottle","aspiration:ChemicalBlood","Prayer Wheel","Singing Bowl","conspire:SeveredTorchhead","hubris:Towel","conspire:IceCreamScoop","hubris:Reverence","Geode","Molten Egg 2","Replay:Wax Seal","ReplayFunnel","StuffTheSpire:EmeraldSignet","conspire:GlowingRock","Strawberry","Bag of Preparation"],"acts_visited":["Exordium","TheCity","TheBeyond","TheEnding"],"potions_floor_usage":[13,38,50,50,54,55,55,55,55,55],"damage_taken":[{"damage":3,"enemies":"Small Slimes","floor":1,"turns":4},{"damage":30,"enemies":"Lagavulin","floor":6,"turns":6},{"damage":9,"enemies":"3 Sentries","floor":8,"turns":6},{"damage":10,"enemies":"Lagavulin","floor":10,"turns":4},{"damage":0,"enemies":"3 Sentries","floor":13,"turns":3},{"damage":1,"enemies":"Hexaghost","floor":16,"turns":7},{"damage":13,"enemies":"Shell Parasite","floor":18,"turns":2},{"damage":0,"enemies":"Masked Bandits","floor":22,"turns":4},{"damage":0,"enemies":"Slavers","floor":23,"turns":2},{"damage":0,"enemies":"Book of Stabbing","floor":29,"turns":3},{"damage":0,"enemies":"Gremlin Leader","floor":31,"turns":3},{"damage":7,"enemies":"Pondfish","floor":33,"turns":5},{"damage":5,"enemies":"3 Darklings","floor":35,"turns":3},{"damage":31,"enemies":"2 Orb Walkers","floor":38,"turns":3},{"damage":0,"enemies":"R_Hoarder","floor":40,"turns":6},{"damage":0,"enemies":"Giant Head","floor":42,"turns":4},{"damage":22,"enemies":"Time Eater","floor":50,"turns":6},{"damage":15,"enemies":"Shield and Spear","floor":54,"turns":3},{"damage":51,"enemies":"The Heart","floor":55,"turns":6}],"seed_played":"9093935681263360829","potions_obtained":[{"floor":1,"key":"Elixir"},{"floor":10,"key":"Energy Potion"},{"floor":23,"key":"SteroidPotion"},{"floor":29,"key":"ColorlessPotion"},{"floor":31,"key":"SkillPotion"},{"floor":38,"key":"Explosive Potion"},{"floor":50,"key":"LiquidBronze"},{"floor":55,"key":"PowerPotion"}],"is_trial":false,"path_per_floor":["M","?","$","?","?","E","T","E","T","E","?","R","E","?","R","B",null,"M","?","?","?","?","E","?","$","T","$","R","E","?","E","R","B",null,"M","?","$","?","T","E","R","E","T","?","?","$","R","?","R","B",null,"R","$","E","B",null],"character_chosen":"DEFECT","items_purchased":["hubris:EvacipatedBox","hubris:FruitBowl","Replay:Bandana","Potion Belt","Defragment+1","Tempest+1","StuffTheSpire:Synthwave","Echo Form","conspire:GlowingRock","Crystallizer"],"campfire_rested":1,"item_purchase_floors":[3,3,3,3,25,25,27,37,46,53],"current_hp_per_floor":[72,72,55,55,55,25,25,16,16,6,6,28,28,28,28,27,75,62,62,62,47,47,47,47,47,47,47,47,47,47,47,47,40,75,73,73,73,45,45,45,45,48,48,48,36,36,36,36,36,16,68,68,68,66,17],"gold":66,"neow_bonus":"BOSS_RELIC","is_daily":false,"chose_seed":false,"campfire_upgraded":5,"win_rate":0.0,"timestamp":1611888174,"path_taken":["M","?","?","?","?","E","?","E","T","E","?","R","E","?","R","BOSS","M","?","?","?","?","E","?","?","T","$","R","E","?","E","R","BOSS","M","?","$","?","?","E","R","E","T","?","?","?","R","?","R","BOSS","R","$","E","BOSS"],"items_purchased_type":["Relic","Relic","Relic","Relic","Card","Card","Card","Card","Relic","Card"],"build_version":"2020-12-22","purchased_purges":7,"victory":true,"max_hp_per_floor":[75,75,75,75,75,75,75,75,75,75,75,75,75,75,75,75,75,75,75,75,75,75,75,75,75,75,75,75,75,75,75,75,75,75,78,78,78,81,81,81,81,84,84,78,78,78,78,68,68,68,68,68,68,81,81],"card_choices":[{"not_picked":["Reinforced Body","Ball Lightning"],"picked":"Skim","floor":1},{"not_picked":["Barrage","ReplayTheSpireMod:Reroute Power+1"],"picked":"Hologram+1","floor":6},{"not_picked":["Rebound","Lockon"],"picked":"ReplayTheSpireMod:Omega Cannon","floor":8},{"not_picked":["Stack+1","Panic Button+1"],"picked":"Machine Learning","floor":10},{"not_picked":["Auto Shields+1","Go for the Eyes"],"picked":"Reboot+1","floor":13},{"not_picked":["hubris:SpecializedCircuitry","ReplayTheSpireMod:Omega Cannon"],"picked":"hubris:DoWhile+1","floor":16},{"not_picked":["Rebound+1","Panic Button+1"],"picked":"Turbo+1","floor":18},{"not_picked":["Conserve Battery+1","FTL"],"picked":"Compile Driver","floor":23},{"not_picked":["FTL+1","Panic Button+1","Stack+1"],"picked":"SKIP","floor":29},{"not_picked":["Panic Button+1","hubris:Ukulele"],"picked":"BasicCrystalCard+1","floor":31},{"not_picked":["Thunder Strike","Buffer"],"picked":"Core Surge","floor":33},{"not_picked":["Beam Cell","Compile Driver"],"picked":"Turbo+1","floor":35},{"not_picked":["Ball Lightning+1","StuffTheSpire:Plugnplay+1","Stack+1"],"picked":"Singing Bowl","floor":35},{"not_picked":["StuffTheSpire:Synthwave","Skim+1","Leap+1"],"picked":"Singing Bowl","floor":38},{"not_picked":["Aggregate+1","Go for the Eyes+1"],"picked":"Rebound+1","floor":40},{"not_picked":["Consume+1","ReplayGash+1","StuffTheSpire:ForEach+1"],"picked":"Singing Bowl","floor":42},{"not_picked":["Hologram+1","Steam+1","hubris:SpecializedCircuitry"],"picked":"Singing Bowl","floor":54}],"player_experience":278901,"relics_obtained":[{"floor":6,"key":"CaptainsWheel"},{"floor":6,"key":"Centennial Puzzle"},{"floor":7,"key":"CeramicFish"},{"floor":8,"key":"Kunai"},{"floor":8,"key":"DataDisk"},{"floor":9,"key":"Replay:WaspNest"},{"floor":10,"key":"Cables"},{"floor":10,"key":"StuffTheSpire:NeowsTribute"},{"floor":13,"key":"ReplayTheSpireMod:TigerMarble"},{"floor":13,"key":"Gremlin Food"},{"floor":22,"key":"Red Mask"},{"floor":23,"key":"Replay:Baseball"},{"floor":23,"key":"Oddly Smooth Stone"},{"floor":26,"key":"War Paint"},{"floor":29,"key":"InkBottle"},{"floor":29,"key":"aspiration:ChemicalBlood"},{"floor":31,"key":"Prayer Wheel"},{"floor":31,"key":"Singing Bowl"},{"floor":38,"key":"conspire:IceCreamScoop"},{"floor":39,"key":"hubris:Reverence"},{"floor":40,"key":"Geode"},{"floor":40,"key":"Molten Egg 2"},{"floor":42,"key":"Replay:Wax Seal"},{"floor":42,"key":"ReplayFunnel"},{"floor":43,"key":"StuffTheSpire:EmeraldSignet"},{"floor":54,"key":"Strawberry"},{"floor":54,"key":"Bag of Preparation"}],"event_choices":[{"damage_healed":0,"gold_gain":0,"cards_transformed":["Defend_B"],"player_choice":"Transformed","damage_taken":0,"max_hp_gain":0,"max_hp_loss":0,"event_name":"Transmorgrifier","floor":2,"gold_loss":0,"cards_obtained":["hubris:PowerSurge"]},{"damage_healed":0,"gold_gain":0,"player_choice":"Ignored","damage_taken":265,"max_hp_gain":0,"max_hp_loss":0,"event_name":"betterThird:BetterSerpent","floor":11,"gold_loss":0},{"damage_healed":0,"gold_gain":0,"player_choice":"Leave","damage_taken":0,"max_hp_gain":0,"max_hp_loss":0,"event_name":"conspire:Investor","floor":19,"gold_loss":0},{"damage_healed":0,"gold_gain":0,"player_choice":"Fought Bandits","damage_taken":0,"max_hp_gain":0,"max_hp_loss":0,"event_name":"Masked Bandits","floor":22,"gold_loss":0},{"cards_removed":["Injury"],"damage_healed":0,"gold_gain":0,"player_choice":"Gave Gold","damage_taken":0,"max_hp_gain":0,"max_hp_loss":0,"event_name":"Beggar","floor":24,"gold_loss":75},{"damage_healed":0,"gold_gain":0,"cards_transformed":["StuffTheSpire:Synthwave","ReplayTheSpireMod:Omega Cannon"],"player_choice":"Became Test Subject","damage_taken":0,"max_hp_gain":0,"max_hp_loss":0,"event_name":"Drug Dealer","floor":30,"gold_loss":0,"cards_obtained":["Consume","hubris:Prefetch"]},{"damage_healed":0,"gold_gain":0,"player_choice":"Fight","damage_taken":0,"max_hp_gain":0,"max_hp_loss":0,"event_name":"Mysterious Sphere","floor":38,"gold_loss":0},{"damage_healed":0,"gold_gain":0,"player_choice":"Max HP","damage_taken":0,"max_hp_gain":0,"max_hp_loss":4,"event_name":"Winding Halls","floor":44,"gold_loss":0},{"damage_healed":0,"gold_gain":0,"player_choice":"Random: Green","damage_taken":0,"max_hp_gain":0,"max_hp_loss":0,"event_name":"betterThird:BetterPortal","floor":45,"gold_loss":0},{"damage_healed":0,"gold_gain":90,"player_choice":"GOLD ","damage_taken":12,"max_hp_gain":0,"max_hp_loss":0,"event_name":"Knowing Skull","floor":45,"potions_obtained":[],"gold_loss":0,"cards_obtained":[]}],"is_beta":false,"boss_relics":[{"not_picked":["aspiration:RitualDagger","ReplayTheSpireMod:DimensionalGlitch","aspiration:PoetsPen_weak"],"picked":"Ring of Chaos"},{"not_picked":["Pandora\u0027s Box","hubris:ScarierMask","SlaversCollar"],"picked":"conspire:SeveredTorchhead"}],"items_purged_floors":[3,3,3,3,25,27,27],"is_endless":false,"potions_floor_spawned":[1,10,23,29,31,42],"ascension_level":3}}