{"host":"ftkwaqka4srqnjt4","time":1611948637,"event":{"mods":["AchievementEnabler","BaseMod","Downfall","Minty Spire (QoL Compilation)","Permanent Neow","Relic Stats","StSLib","The Jungle"],"gold_per_floor":[99,99,99,32,32,42,65,83,97,132,151,151,51,65,80,182,182,182,196,196,206,206,234,234,234,250,350,350,350,350],"floor_reached":28,"language":"ENG","playtime":1894,"items_purged":[],"score":250,"play_id":"e2a8d3e5-411f-4ff9-9092-3a2bd5cf498c","local_time":"20210129203037","is_ascension_mode":true,"campfire_choices":[{"floor":1.0,"key":"RECALL"},{"floor":13.0,"key":"REST"},{"data":"Guardian:GatlingBeam","floor":18,"key":"SMITH"},{"floor":25,"key":"REST"}],"circlet_count":0,"master_deck":["Guardian:Strike_Guardian","Guardian:Strike_Guardian","Guardian:Strike_Guardian","Guardian:Defend_Guardian","Guardian:Defend_Guardian","Guardian:Defend_Guardian","Guardian:Defend_Guardian","Guardian:CurlUp","Guardian:TwinSlam","Guardian:TemporalStrike","Guardian:PrismaticBeam","Guardian:SentryBeam","Guardian:DecasProtection","Guardian:ExploitGems","Guardian:MultiBeam","Guardian:DecasProtection","Guardian:GatlingBeam+1","Guardian:Reroute+1"],"relics":["Guardian:ModeShifter","downfall:HeartsMalice","Lantern","PreservedInsect","GremlinMask","downfall:HeartBlessingRed","SacredBark","MealTicket","Mercury Hourglass","Calipers","Mummified Hand"],"acts_visited":["Exordium","TheCity"],"potions_floor_usage":[16,16,27],"damage_taken":[{"damage":0.0,"enemies":"Jaw Worm","floor":2.0,"turns":1.0},{"damage":0.0,"enemies":"downfall:FleeingMerchant","floor":4.0,"turns":1.0},{"damage":0.0,"enemies":"Cultist","floor":5.0,"turns":1.0},{"damage":5.0,"enemies":"Small Slimes","floor":6.0,"turns":3.0},{"damage":11.0,"enemies":"2 Fungi Beasts","floor":8.0,"turns":4.0},{"damage":11.0,"enemies":"Exordium Wildlife","floor":9.0,"turns":5.0},{"damage":22.0,"enemies":"Gremlin Nob","floor":10.0,"turns":6.0},{"damage":12.0,"enemies":"Blue Slaver","floor":11.0,"turns":4.0},{"damage":7.0,"enemies":"3 Louse","floor":14.0,"turns":3.0},{"damage":9.0,"enemies":"Blue Slaver","floor":15.0,"turns":4.0},{"damage":12,"enemies":"SI_SHIV_ARCHETYPE","floor":16,"turns":6},{"damage":19,"enemies":"Shell Parasite","floor":19,"turns":7},{"damage":15,"enemies":"Snecko","floor":21,"turns":4},{"damage":30,"enemies":"Gremlin Leader","floor":23,"turns":7},{"damage":4,"enemies":"Cultist and Chosen","floor":26,"turns":5},{"damage":13,"enemies":"IC_STATUS_ARCHETYPE","floor":27,"turns":4},{"damage":29,"enemies":"Snake Plant","floor":28,"turns":4}],"seed_played":"-7042287259688404158","potions_obtained":[{"floor":6.0,"key":"Guardian:BlockOnCardUsePotion"},{"floor":8.0,"key":"Weak Potion"},{"floor":9.0,"key":"Block Potion"},{"floor":14.0,"key":"SteroidPotion"},{"floor":15.0,"key":"DistilledChaos"},{"floor":23,"key":"Explosive Potion"},{"floor":26,"key":"ColorlessPotion"},{"floor":27,"key":"bronze:BurnAndBuffPotion"}],"is_trial":false,"path_per_floor":["R","M","?","$","M","M","T","M","M","E","M","?","R","M","M","B",null,"R","M","?","M","?","E","T","R","M","?","M"],"character_chosen":"GUARDIAN","items_purchased":["Guardian:PrismaticBeam"],"campfire_rested":2,"item_purchase_floors":[4],"current_hp_per_floor":[80,80,80,80,80,75,75,64,53,31,19,19,43,36,27,15,80,80,61,61,46,46,16,16,40,36,23,0,0,0],"gold":350,"neow_bonus":"THREE_ENEMY_KILL","is_daily":false,"chose_seed":false,"campfire_upgraded":1,"win_rate":0.0,"timestamp":1611948637,"path_taken":["R","M","?","$","?","M","T","M","M","E","M","?","R","?","M","BOSS","R","M","?","?","?","E","T","R","M","?","M"],"items_purchased_type":["Card"],"build_version":"2020-12-22","purchased_purges":0,"victory":false,"max_hp_per_floor":[80,80,80,80,80,80,80,80,80,80,80,80,80,80,80,80,80,80,80,80,80,80,80,80,80,80,80,80,80,80],"relic_stats":{"counters":[17,66],"Mummified Hand":[1],"MealTicket":0,"PreservedInsect":87,"obtain_stats":[{"Lantern":7,"Calipers":27,"downfall:HeartBlessingRed":13,"Mummified Hand":27,"SacredBark":17,"Guardian:ModeShifter":0,"downfall:HeartsMalice":0,"GremlinMask":12,"MealTicket":23,"PreservedInsect":10,"Mercury Hourglass":24},{"Lantern":4,"Calipers":16,"downfall:HeartBlessingRed":8,"Mummified Hand":16,"SacredBark":11,"Guardian:ModeShifter":0,"downfall:HeartsMalice":0,"GremlinMask":8,"MealTicket":14,"PreservedInsect":7,"Mercury Hourglass":14},{"Lantern":3,"Calipers":62,"downfall:HeartBlessingRed":22,"Mummified Hand":62,"SacredBark":35,"Guardian:ModeShifter":0,"downfall:HeartsMalice":0,"GremlinMask":22,"MealTicket":53,"PreservedInsect":18,"Mercury Hourglass":53}],"Mercury Hourglass":[45]},"card_choices":[{"not_picked":["Guardian:ChargeCore","Guardian:Incinerate"],"picked":"Guardian:Gem_Crimson","floor":2.0},{"not_picked":["Guardian:Gem_Cyan","Guardian:Gem_Red"],"picked":"Guardian:TemporalStrike","floor":4.0},{"not_picked":["Guardian:Gem_White","Guardian:Gem_Lightblue"],"picked":"Guardian:SentryBeam","floor":5.0},{"not_picked":["Guardian:PrimingBeam","Guardian:ShieldCharger"],"picked":"Guardian:Gem_Red","floor":6.0},{"not_picked":["Guardian:MultiBeam","Guardian:RollAttack"],"picked":"Guardian:DecasProtection","floor":8.0},{"not_picked":["Guardian:PiercingHide","Guardian:Gem_Lightblue"],"picked":"Guardian:Gem_Fragmented","floor":9.0},{"not_picked":["Guardian:Gem_Crimson","Guardian:PrimingBeam"],"picked":"Guardian:ExploitGems","floor":10.0},{"not_picked":["Guardian:RollAttack","Guardian:Gem_Red"],"picked":"Guardian:MultiBeam","floor":11.0},{"not_picked":["Guardian:BronzeOrb","Guardian:BodySlam"],"picked":"Guardian:DecasProtection","floor":14.0},{"not_picked":["Guardian:PrismaticBeam","Guardian:TemporalStrike"],"picked":"Guardian:Gem_Red","floor":15.0},{"not_picked":["Guardian:TimeSifter","Guardian:FastForward"],"picked":"Guardian:GatlingBeam","floor":16},{"not_picked":["Guardian:PrimingBeam","Guardian:GuardianWhirl"],"picked":"Guardian:Reroute+1","floor":19},{"not_picked":["Guardian:SentryBeam+1","Guardian:Recover","Guardian:TemporalStrike+1"],"picked":"SKIP","floor":21},{"not_picked":["Guardian:RefractedBeam","Guardian:PrimingBeam"],"picked":"Guardian:Gem_Red","floor":23},{"not_picked":["Guardian:TemporalStrike","Guardian:PrimingBeam","Guardian:TimeCapacitor+1"],"picked":"SKIP","floor":26}],"player_experience":554835,"relics_obtained":[{"floor":7.0,"key":"Lantern"},{"floor":10.0,"key":"PreservedInsect"},{"floor":23,"key":"MealTicket"},{"floor":24,"key":"Mercury Hourglass"},{"floor":27,"key":"Calipers"},{"floor":27,"key":"Mummified Hand"}],"event_choices":[{"damage_healed":0.0,"max_hp_gain":0.0,"max_hp_loss":0.0,"gold_gain":0.0,"event_name":"FaceTrader","player_choice":"Trade","floor":12.0,"gold_loss":0.0,"damage_taken":0.0,"relics_obtained":["GremlinMask"]}],"is_beta":false,"boss_relics":[{"not_picked":["Black Star","Velvet Choker"],"picked":"SacredBark"}],"items_purged_floors":[],"is_endless":false,"potions_floor_spawned":[6,8,9,14,15,23,26,27],"killed_by":"Snake Plant","ascension_level":1}}