{"host":"c52z9ixzgdjttcmx","time":1611935110,"event":{"mods":["BaseMod","Colored Powertips","Downfall","Filter the Spire","Minty Spire (QoL Compilation)","Rare Cards Sparkle","Relic Stats","StSLib"],"gold_per_floor":[99,99,99,99,549,559,613,613,613,628,628,653,653,653,663,663,663,663],"floor_reached":16,"language":"ENG","playtime":768,"items_purged":[],"score":96,"play_id":"c3aebd8f-ee2c-4e24-901b-2952936e5aec","local_time":"20210129094510","is_ascension_mode":false,"campfire_choices":[{"floor":1.0,"key":"REST"},{"floor":13,"key":"REST"}],"circlet_count":0,"master_deck":["hexamod:Strike","hexamod:Strike","hexamod:Strike","hexamod:Defend","hexamod:Defend","hexamod:Defend","hexamod:Defend","hexamod:Sear","hexamod:Float","hexamod:NecessarySacrifice","hexamod:ChargedBarrage","hexamod:ThermalTransfer","downfall:Icky","downfall:Icky","downfall:Icky","hexamod:TimeOfNeed+1","hexamod:BacktrackSmack","hexamod:NightmareStrike","hexamod:SwordOfDarkness"],"relics":["hexamod:SpiritBrand","downfall:HeartsMalice","Pen Nib","downfall:ShatteredFragment","Boot"],"acts_visited":["Exordium"],"potions_floor_usage":[],"damage_taken":[{"damage":0.0,"enemies":"Jaw Worm","floor":2.0,"turns":1.0},{"damage":0.0,"enemies":"Small Slimes","floor":3.0,"turns":1.0},{"damage":0.0,"enemies":"Cultist","floor":4.0,"turns":1.0},{"damage":13.0,"enemies":"Red Slaver","floor":6.0,"turns":4.0},{"damage":2,"enemies":"Blue Slaver","floor":10,"turns":3},{"damage":12,"enemies":"3 Sentries","floor":12,"turns":6},{"damage":5,"enemies":"Large Slime","floor":15,"turns":5},{"damage":42,"enemies":"SI_SHIV_ARCHETYPE","floor":16,"turns":5}],"seed_played":"7505573559906530193","potions_obtained":[{"floor":6.0,"key":"sneckomod:MuddlingPotion"},{"floor":12,"key":"Swift Potion"},{"floor":15,"key":"Strength Potion"}],"is_trial":false,"path_per_floor":["R","M","M","M","?","M","T","?","?","M","?","E","R","?","M","B"],"character_chosen":"THE_SPIRIT","items_purchased":[],"campfire_rested":2,"item_purchase_floors":[],"current_hp_per_floor":[70,70,70,70,70,57,57,36,36,34,34,22,43,43,38,0,0,0],"gold":663,"neow_bonus":"THREE_ENEMY_KILL","is_daily":false,"chose_seed":false,"campfire_upgraded":0,"win_rate":0.0,"timestamp":1611935110,"path_taken":["R","M","M","M","?","M","T","?","?","M","?","E","R","?","M","BOSS"],"items_purchased_type":[],"build_version":"2020-12-22","purchased_purges":0,"victory":false,"max_hp_per_floor":[70,70,70,70,70,70,70,70,70,70,70,70,70,70,70,70,70,70],"relic_stats":{"counters":[8,23],"Pen Nib":[4],"Boot":[23],"obtain_stats":[{"downfall:ShatteredFragment":8,"downfall:HeartsMalice":0,"Pen Nib":7,"Boot":12,"hexamod:SpiritBrand":0},{"downfall:ShatteredFragment":4,"downfall:HeartsMalice":0,"Pen Nib":4,"Boot":6,"hexamod:SpiritBrand":0},{"downfall:ShatteredFragment":4,"downfall:HeartsMalice":0,"Pen Nib":4,"Boot":13,"hexamod:SpiritBrand":0}]},"card_choices":[{"not_picked":["hexamod:RecurringNightmare","hexamod:ShieldOfDarkness"],"picked":"hexamod:NecessarySacrifice","floor":2.0},{"not_picked":["hexamod:NightmareGuise","hexamod:ExtraCrispy"],"picked":"hexamod:ChargedBarrage","floor":3.0},{"not_picked":["hexamod:GhostLash","hexamod:Hexaguard"],"picked":"hexamod:ThermalTransfer","floor":4.0},{"not_picked":["hexamod:Haunt","hexamod:Hexaguard"],"picked":"hexamod:TimeOfNeed","floor":6.0},{"not_picked":["hexamod:SecondSeal","hexamod:Incineration"],"picked":"hexamod:BacktrackSmack","floor":10},{"not_picked":["hexamod:CatchUp","hexamod:HeatShield"],"picked":"hexamod:NightmareStrike","floor":12},{"not_picked":["hexamod:ThirdSeal","hexamod:ShieldOfDarkness"],"picked":"hexamod:SwordOfDarkness","floor":15}],"player_experience":3388606,"relics_obtained":[{"floor":7.0,"key":"Pen Nib"},{"floor":12,"key":"Boot"}],"event_choices":[],"is_beta":false,"boss_relics":[],"items_purged_floors":[],"is_endless":false,"potions_floor_spawned":[6,12,15],"killed_by":"SI_SHIV_ARCHETYPE","ascension_level":0}}