{"host":"sc0o2qwpf9j16a4i","time":1611928191,"event":{"mods":["AchievementEnabler","BaseMod","BetterRewards","Block Reminder","Colored Map","Colored Powertips","Custom Start","Highlight Path","Minty Spire (QoL Compilation)","Relic Stats"],"gold_per_floor":[109,109,33,51,51,51,63,63,63,93,106,122,151,42,42,142,142,154,164,16,51,64,64,89,109,163,180,180,207,207,122,122,218,218,231,246,14,14,14,39,39,65,135,135,15,28,28,45,45,45],"floor_reached":51,"language":"ENG","playtime":1948,"items_purged":[],"score":928,"play_id":"e207a01e-ee42-4432-bfd9-0d71285ca2e3","local_time":"20210129154951","daily_mods":["Allstar","Time Dilation","Night Terrors"],"is_ascension_mode":false,"campfire_choices":[{"data":"Apotheosis","floor":6.0,"key":"SMITH"},{"data":"Bash","floor":8.0,"key":"SMITH"},{"data":"Feel No Pain","floor":15.0,"key":"SMITH"},{"data":"Panacea","floor":28,"key":"SMITH"},{"data":"Inflame","floor":30,"key":"SMITH"},{"data":"Evolve","floor":32,"key":"SMITH"},{"data":"Barricade","floor":41,"key":"SMITH"},{"data":"Body Slam","floor":44,"key":"SMITH"},{"data":"Fiend Fire","floor":47,"key":"SMITH"},{"data":"Corruption","floor":49,"key":"SMITH"}],"circlet_count":0,"master_deck":["Strike_R","Defend_R","Defend_R","Defend_R","Defend_R","Bash+1","Apotheosis+1","Bandage Up","Panacea+1","Secret Technique","Anger","Feel No Pain+1","Burning Pact+1","Regret","Battle Trance+1","True Grit+1","Wild Strike","Evolve+1","Impervious+1","Spot Weakness+1","Inflame+1","Corruption+1","Disarm+1","Shrug It Off+1","Second Wind+1","Body Slam+1","Power Through+1","Pommel Strike+1","Fiend Fire+1","Clash+1","Wild Strike+1","Demon Form+1","Pommel Strike+1","Warcry+1","Bloodletting+1","Barricade+1","Dual Wield+1","Uppercut+1","Havoc+1","True Grit+1"],"relics":["Burning Blood","Toxic Egg 2","Centennial Puzzle","Ornamental Fan","Matryoshka","Akabeko","Mark of Pain","PreservedInsect","Red Mask","Bird Faced Urn","Happy Flower","Regal Pillow","InkBottle","Self Forming Clay","Astrolabe","OrangePellets","Vajra","Letter Opener","Molten Egg 2","Pantograph"],"acts_visited":["Exordium","TheCity","TheBeyond"],"potions_floor_usage":[21,29,33,42,46,50],"damage_taken":[{"damage":7.0,"enemies":"Jaw Worm","floor":1.0,"turns":4.0},{"damage":0.0,"enemies":"Cultist","floor":4.0,"turns":4.0},{"damage":2.0,"enemies":"Small Slimes","floor":7.0,"turns":3.0},{"damage":12.0,"enemies":"Gremlin Nob","floor":10.0,"turns":4.0},{"damage":2.0,"enemies":"Exordium Thugs","floor":11.0,"turns":6.0},{"damage":14.0,"enemies":"Looter","floor":12.0,"turns":3.0},{"damage":6.0,"enemies":"3 Sentries","floor":13.0,"turns":5.0},{"damage":0.0,"enemies":"Hexaghost","floor":16.0,"turns":9.0},{"damage":8,"enemies":"3 Byrds","floor":18,"turns":6},{"damage":12,"enemies":"Chosen","floor":19,"turns":5},{"damage":43,"enemies":"Masked Bandits","floor":21,"turns":6},{"damage":2,"enemies":"Sentry and Sphere","floor":22,"turns":5},{"damage":0,"enemies":"Gremlin Leader","floor":24,"turns":4},{"damage":0,"enemies":"Centurion and Healer","floor":25,"turns":6},{"damage":12,"enemies":"Snake Plant","floor":27,"turns":3},{"damage":16,"enemies":"Slavers","floor":29,"turns":5},{"damage":23,"enemies":"Champ","floor":33,"turns":7},{"damage":3,"enemies":"3 Shapes","floor":35,"turns":5},{"damage":0,"enemies":"Orb Walker","floor":36,"turns":3},{"damage":3,"enemies":"Giant Head","floor":40,"turns":5},{"damage":5,"enemies":"Reptomancer","floor":42,"turns":3},{"damage":3,"enemies":"Jaw Worm Horde","floor":46,"turns":2},{"damage":3,"enemies":"Spire Growth","floor":48,"turns":3},{"damage":17,"enemies":"Donu and Deca","floor":50,"turns":8}],"seed_played":"-6528621248784927164","potions_obtained":[{"floor":4.0,"key":"SteroidPotion"},{"floor":10.0,"key":"Weak Potion"},{"floor":12.0,"key":"SkillPotion"},{"floor":13.0,"key":"ColorlessPotion"},{"floor":16.0,"key":"Weak Potion"},{"floor":18,"key":"FearPotion"},{"floor":25,"key":"Dexterity Potion"},{"floor":29,"key":"Energy Potion"},{"floor":35,"key":"AttackPotion"},{"floor":39,"key":"HeartOfIron"},{"floor":40,"key":"PowerPotion"}],"is_trial":true,"path_per_floor":["M","?","$","M","?","R","M","R","T","E","M","M","E","$","R","B",null,"M","M","$","?","M","?","E","M","T","M","R","E","R","?","R","B",null,"M","M","$","?","?","E","R","E","T","R","$","M","R","M","R","B",null],"character_chosen":"IRONCLAD","items_purchased":["Feel No Pain","Spot Weakness+1","Inflame","PreservedInsect","OrangePellets","Bloodletting+1","Uppercut+1","Havoc+1"],"campfire_rested":0,"item_purchase_floors":[3,14,14,20,37,37,45,45],"current_hp_per_floor":[80,80,80,80,80,80,80,80,80,74,80,72,78,78,78,80,80,80,80,80,43,53,80,80,80,80,78,78,76,76,76,76,64,80,80,80,80,80,80,80,80,80,80,80,80,80,80,80,80,80],"gold":45,"neow_bonus":"","is_daily":false,"chose_seed":false,"campfire_upgraded":10,"win_rate":0.0,"timestamp":1611928191,"path_taken":["M","?","?","M","?","R","M","R","T","E","M","M","E","$","R","BOSS","M","M","$","?","M","?","E","?","T","M","R","E","R","?","R","BOSS","M","M","$","?","?","E","R","E","T","R","$","M","R","M","R","BOSS"],"items_purchased_type":["Card","Card","Card","Relic","Relic","Card","Card","Card"],"build_version":"2020-12-22","purchased_purges":0,"victory":true,"max_hp_per_floor":[80,80,80,80,80,80,80,80,80,80,80,80,80,80,80,80,80,80,80,80,80,80,80,80,80,80,80,80,80,80,80,80,80,80,80,80,80,80,80,80,80,80,80,80,80,80,80,80,80,80],"relic_stats":{"Regal Pillow":0,"Happy Flower":[14],"counters":[24,114],"Self Forming Clay":[30],"Astrolabe":["Clash","Wild Strike","Demon Form"],"PreservedInsect":270,"Letter Opener":[60],"Burning Blood":74,"OrangePellets":[3],"Centennial Puzzle":[53],"Ornamental Fan":[84],"Bird Faced Urn":[37],"Pantograph":0,"obtain_stats":[{"Regal Pillow":26,"Happy Flower":26,"Self Forming Clay":31,"Astrolabe":34,"Vajra":40,"PreservedInsect":20,"Letter Opener":42,"Burning Blood":0,"Akabeko":13,"OrangePellets":37,"Centennial Puzzle":5,"Matryoshka":10,"Ornamental Fan":9,"Bird Faced Urn":24,"Pantograph":43,"Molten Egg 2":43,"Mark of Pain":17,"Red Mask":21,"Toxic Egg 2":2,"InkBottle":29},{"Regal Pillow":14,"Happy Flower":14,"Self Forming Clay":16,"Astrolabe":17,"Vajra":20,"PreservedInsect":10,"Letter Opener":21,"Burning Blood":0,"Akabeko":7,"OrangePellets":19,"Centennial Puzzle":2,"Matryoshka":4,"Ornamental Fan":3,"Bird Faced Urn":13,"Pantograph":21,"Molten Egg 2":21,"Mark of Pain":8,"Red Mask":11,"Toxic Egg 2":1,"InkBottle":16},{"Regal Pillow":70,"Happy Flower":70,"Self Forming Clay":78,"Astrolabe":85,"Vajra":98,"PreservedInsect":49,"Letter Opener":101,"Burning Blood":0,"Akabeko":29,"OrangePellets":93,"Centennial Puzzle":8,"Matryoshka":15,"Ornamental Fan":11,"Bird Faced Urn":64,"Pantograph":101,"Molten Egg 2":101,"Mark of Pain":38,"Red Mask":55,"Toxic Egg 2":4,"InkBottle":78}],"InkBottle":[17]},"card_choices":[{"not_picked":["Wild Strike","Pommel Strike"],"picked":"Anger","floor":1.0},{"not_picked":["Carnage","Shrug It Off+1"],"picked":"Burning Pact+1","floor":4.0},{"not_picked":["Ghostly Armor+1","Warcry+1"],"picked":"Battle Trance+1","floor":7.0},{"not_picked":["Battle Trance+1","Combust"],"picked":"True Grit+1","floor":10.0},{"not_picked":["Perfected Strike","Hemokinesis"],"picked":"Wild Strike","floor":11.0},{"not_picked":["Perfected Strike","Armaments+1"],"picked":"Evolve","floor":12.0},{"not_picked":["Armaments+1","Headbutt"],"picked":"Impervious+1","floor":13.0},{"not_picked":["Fiend Fire","Feed"],"picked":"Corruption","floor":16.0},{"not_picked":["Hemokinesis+1","Clothesline"],"picked":"Disarm+1","floor":18},{"not_picked":["Cleave","Pommel Strike+1"],"picked":"Shrug It Off+1","floor":19},{"not_picked":["Twin Strike","Heavy Blade"],"picked":"Second Wind+1","floor":21},{"not_picked":["Cleave","Havoc+1"],"picked":"Body Slam","floor":22},{"not_picked":["Perfected Strike","Feed"],"picked":"Power Through+1","floor":24},{"not_picked":["Heavy Blade","Armaments+1","Thunderclap"],"picked":"SKIP","floor":25},{"not_picked":["Anger","Clash+1"],"picked":"Pommel Strike+1","floor":27},{"not_picked":["Iron Wave","Armaments+1","Evolve"],"picked":"SKIP","floor":29},{"not_picked":["Double Tap+1","Corruption"],"picked":"Fiend Fire","floor":33},{"not_picked":["Wild Strike+1","Perfected Strike"],"picked":"Pommel Strike+1","floor":35},{"not_picked":["Flex+1","Pummel"],"picked":"Warcry+1","floor":36},{"not_picked":["Iron Wave+1","Dual Wield+1"],"picked":"Barricade","floor":40},{"not_picked":["Bloodletting+1","Shrug It Off+1"],"picked":"Dual Wield+1","floor":42},{"not_picked":["Wild Strike+1","Clothesline+1","Fire Breathing"],"picked":"SKIP","floor":46},{"not_picked":["Havoc+1","Wild Strike+1"],"picked":"True Grit+1","floor":48}],"player_experience":1041445,"relics_obtained":[{"floor":9.0,"key":"Ornamental Fan"},{"floor":10.0,"key":"Matryoshka"},{"floor":13.0,"key":"Akabeko"},{"floor":21,"key":"Red Mask"},{"floor":24,"key":"Bird Faced Urn"},{"floor":26,"key":"Happy Flower"},{"floor":26,"key":"Regal Pillow"},{"floor":29,"key":"InkBottle"},{"floor":40,"key":"Vajra"},{"floor":42,"key":"Letter Opener"},{"floor":43,"key":"Molten Egg 2"},{"floor":43,"key":"Pantograph"}],"event_choices":[{"cards_removed":["Impatience"],"damage_healed":0.0,"max_hp_gain":0.0,"max_hp_loss":0.0,"gold_gain":0.0,"event_name":"WeMeetAgain","player_choice":"Gave Card","floor":2.0,"gold_loss":0.0,"damage_taken":0.0,"relics_obtained":["Toxic Egg 2"]},{"damage_healed":0.0,"max_hp_gain":0.0,"max_hp_loss":0.0,"gold_gain":0.0,"event_name":"Big Fish","player_choice":"Box","floor":5.0,"gold_loss":0.0,"damage_taken":0.0,"relics_obtained":["Centennial Puzzle"],"cards_obtained":["Regret"]},{"damage_healed":0,"gold_gain":0,"player_choice":"Fought Bandits","damage_taken":0,"max_hp_gain":0,"max_hp_loss":0,"event_name":"Masked Bandits","floor":21,"gold_loss":0},{"damage_healed":27,"gold_gain":0,"player_choice":"Full Heal","damage_taken":0,"max_hp_gain":0,"max_hp_loss":0,"event_name":"Wheel of Change","floor":23,"gold_loss":0},{"damage_healed":0,"gold_gain":0,"player_choice":"Obtained Relic","damage_taken":0,"relics_obtained":["Self Forming Clay"],"max_hp_gain":0,"max_hp_loss":0,"event_name":"Addict","floor":31,"gold_loss":85},{"cards_removed":["Strike_R"],"damage_healed":0,"gold_gain":0,"player_choice":"Removed Attack","damage_taken":0,"max_hp_gain":0,"max_hp_loss":0,"event_name":"Falling","floor":38,"gold_loss":0},{"damage_healed":0,"gold_gain":0,"player_choice":"Got Potions","damage_taken":0,"max_hp_gain":0,"max_hp_loss":0,"event_name":"Lab","floor":39,"gold_loss":0}],"is_beta":false,"boss_relics":[{"not_picked":["Cursed Key","Sozu"],"picked":"Mark of Pain"},{"not_picked":["Tiny House","Black Blood"],"picked":"Astrolabe"}],"items_purged_floors":[],"is_endless":false,"potions_floor_spawned":[4,10,12,13,16,18,19,25,29,35,40],"ascension_level":0}}