{"host":"dztixnx9b0gu6w9i","time":1611883663,"event":{"mods":["BaseMod","Bestiary","Minty Spire (QoL Compilation)","Relic Stats","Slay the Relics Exporter","SpireBot","ojb\u0027s Better Paths Mod","ojb\u0027s Info Mod"],"gold_per_floor":[119,194,194,208,208,208,41,59,59,90,105,105,9,29,29,125,125,140,140,156,181,13,13,57,57,57,95,120,145,180,204,204,298,298,314,1313,1313,730,730,730,761,774,801,832,845,299,299,313,313,313,313,313,313,47,88,88],"floor_reached":57,"language":"ENG","playtime":11067,"items_purged":["Normality","Normality","Writhe"],"score":2890,"play_id":"09e2b8d6-fda3-4185-8a2a-623ca6fe64fe","local_time":"20210128202743","is_ascension_mode":true,"campfire_choices":[{"data":"Zap","floor":6,"key":"SMITH"},{"data":"Lockon","floor":12,"key":"SMITH"},{"data":"Loop","floor":15,"key":"SMITH"},{"floor":23,"key":"REST"},{"data":"Seek","floor":32,"key":"SMITH"},{"data":"Apotheosis","floor":40,"key":"SMITH"},{"floor":49,"key":"RECALL"},{"data":"Seek","floor":53,"key":"SMITH"}],"circlet_count":0,"master_deck":["AscendersBane","Strike_B","Strike_B","Strike_B","Strike_B","Defend_B","Zap+1","Dualcast","Compile Driver","Lockon+1","Loop+1","Compile Driver","BootSequence","Seek+1","Heatsinks+1","White Noise+1","Thunder Strike+1","Turbo","Glacier","Lockon+1","Hologram","Seek+1","FTL+1","Cold Snap+1","Double Energy","Capacitor+1","Static Discharge","Genetic Algorithm+1","Fission","Coolheaded+1","Purity","Blind","Blind","Glacier","Apotheosis+1","All For One","Force Field","Hologram","Force Field","Echo Form","Biased Cognition","Double Energy","Coolheaded","Hologram","Stack","Turbo","Reinforced Body+1"],"relics":["Cracked Core","MealTicket","StoneCalendar","Golden Idol","DataDisk","Letter Opener","Orichalcum","Dream Catcher","Astrolabe","DollysMirror","Whetstone","Blood Vial","Symbiotic Virus","Akabeko","TungstenRod","Runic Pyramid","Centennial Puzzle","Ice Cream","Orrery","Happy Flower"],"acts_visited":["Exordium","TheCity","TheBeyond","TheEnding"],"potions_floor_usage":[16,18,24,30,33,44,44,51,56],"damage_taken":[{"damage":1,"enemies":"2 Louse","floor":1,"turns":2},{"damage":5,"enemies":"Small Slimes","floor":4,"turns":3},{"damage":2,"enemies":"Jaw Worm","floor":8,"turns":3},{"damage":25,"enemies":"3 Sentries","floor":10,"turns":5},{"damage":5,"enemies":"3 Louse","floor":11,"turns":3},{"damage":0,"enemies":"Lots of Slimes","floor":14,"turns":2},{"damage":14,"enemies":"Hexaghost","floor":16,"turns":7},{"damage":16,"enemies":"2 Thieves","floor":18,"turns":3},{"damage":2,"enemies":"Shell Parasite","floor":20,"turns":5},{"damage":13,"enemies":"Chosen and Byrds","floor":21,"turns":5},{"damage":11,"enemies":"Slavers","floor":24,"turns":4},{"damage":0,"enemies":"Gremlin Leader","floor":27,"turns":7},{"damage":1,"enemies":"Centurion and Healer","floor":28,"turns":3},{"damage":1,"enemies":"Snake Plant","floor":29,"turns":4},{"damage":6,"enemies":"Slavers","floor":30,"turns":3},{"damage":0,"enemies":"3 Cultists","floor":31,"turns":4},{"damage":36,"enemies":"Automaton","floor":33,"turns":9},{"damage":11,"enemies":"Orb Walker","floor":35,"turns":3},{"damage":0,"enemies":"Giant Head","floor":41,"turns":6},{"damage":0,"enemies":"3 Shapes","floor":42,"turns":3},{"damage":27,"enemies":"Reptomancer","floor":44,"turns":6},{"damage":0,"enemies":"3 Darklings","floor":45,"turns":7},{"damage":0,"enemies":"Sphere and 2 Shapes","floor":48,"turns":3},{"damage":15,"enemies":"Time Eater","floor":50,"turns":7},{"damage":32,"enemies":"Awakened One","floor":51,"turns":22},{"damage":1,"enemies":"Shield and Spear","floor":55,"turns":3},{"damage":51,"enemies":"The Heart","floor":56,"turns":8}],"seed_played":"-3790640168881969951","potions_obtained":[{"floor":10,"key":"CultistPotion"},{"floor":14,"key":"Block Potion"},{"floor":16,"key":"PowerPotion"},{"floor":18,"key":"PotionOfCapacity"},{"floor":21,"key":"LiquidMemories"},{"floor":30,"key":"FocusPotion"},{"floor":33,"key":"ColorlessPotion"},{"floor":41,"key":"GamblersBrew"}],"is_trial":false,"path_per_floor":["M","?","?","M","?","R","$","M","T","E","M","R","?","M","R","B",null,"M","?","M","M","$","R","E","?","T","E","M","M","E","M","R","B",null,"M","?","?","$","?","R","E","M","T","E","M","$","?","M","R","B","B",null,"R","$","E","B",null],"character_chosen":"DEFECT","items_purchased":["DataDisk","DollysMirror","FocusPotion","Glacier","Apotheosis","All For One","Orrery","Biased Cognition","Double Energy","ColorlessPotion","PowerPotion","DistilledChaos"],"campfire_rested":1,"item_purchase_floors":[7,22,38,38,38,38,46,46,46,46,54,54],"current_hp_per_floor":[63,52,41,36,36,36,51,49,49,24,19,19,19,19,19,5,49,33,33,31,18,33,52,41,41,41,43,44,45,41,43,43,9,50,41,41,32,47,47,47,49,51,51,26,28,43,43,45,45,32,2,49,49,64,63,13],"gold":88,"neow_bonus":"RANDOM_COMMON_RELIC","is_daily":false,"chose_seed":false,"campfire_upgraded":6,"win_rate":0.0,"timestamp":1611883663,"path_taken":["M","?","?","M","?","R","$","M","T","E","?","R","?","?","R","BOSS","M","?","M","M","$","R","E","?","T","E","M","M","E","M","R","BOSS","M","?","?","$","?","R","E","M","T","E","M","$","?","M","R","BOSS","BOSS","R","$","E","BOSS"],"items_purchased_type":["Relic","Relic","Potion","Card","Card","Card","Relic","Card","Card","Potion","Potion","Potion"],"build_version":"2020-12-22","purchased_purges":3,"victory":true,"max_hp_per_floor":[71,71,71,71,64,64,64,64,64,64,64,64,64,64,64,64,64,64,64,64,64,64,64,64,64,64,64,64,64,64,64,64,64,64,64,64,64,64,64,64,64,64,64,64,64,64,64,64,64,64,64,64,64,64,64,64],"relic_stats":{"Happy Flower":[2],"counters":[27,139],"Golden Idol":194,"Astrolabe":["Heatsinks","White Noise","Thunder Strike"],"StoneCalendar":[192],"Letter Opener":[485],"Whetstone":["FTL","Cold Snap"],"Orichalcum":[210],"Blood Vial":29,"Dream Catcher":1,"Centennial Puzzle":[14],"MealTicket":75,"obtain_stats":[{"Ice Cream":44,"Happy Flower":55,"Golden Idol":5,"Astrolabe":17,"StoneCalendar":3,"Letter Opener":9,"Whetstone":24,"Orichalcum":10,"Akabeko":27,"Blood Vial":25,"DataDisk":7,"Dream Catcher":13,"Centennial Puzzle":41,"DollysMirror":22,"Orrery":46,"MealTicket":0,"Cracked Core":0,"Symbiotic Virus":26,"TungstenRod":30,"Runic Pyramid":34},{"Ice Cream":21,"Happy Flower":26,"Golden Idol":2,"Astrolabe":7,"StoneCalendar":1,"Letter Opener":3,"Whetstone":11,"Orichalcum":4,"Akabeko":12,"Blood Vial":11,"DataDisk":2,"Dream Catcher":5,"Centennial Puzzle":19,"DollysMirror":10,"Orrery":22,"MealTicket":0,"Cracked Core":0,"Symbiotic Virus":11,"TungstenRod":15,"Runic Pyramid":17},{"Ice Cream":89,"Happy Flower":131,"Golden Idol":5,"Astrolabe":25,"StoneCalendar":2,"Letter Opener":8,"Whetstone":41,"Orichalcum":13,"Akabeko":48,"Blood Vial":41,"DataDisk":5,"Dream Catcher":16,"Centennial Puzzle":80,"DollysMirror":37,"Orrery":96,"MealTicket":0,"Cracked Core":0,"Symbiotic Virus":41,"TungstenRod":58,"Runic Pyramid":71}],"TungstenRod":50},"card_choices":[{"not_picked":["Barrage","Stack"],"picked":"Compile Driver","floor":1},{"not_picked":["Beam Cell","Redo"],"picked":"Lockon","floor":4},{"not_picked":["Gash","Storm"],"picked":"Ball Lightning","floor":8},{"not_picked":["Streamline","Barrage"],"picked":"Loop","floor":10},{"not_picked":["Streamline","Turbo"],"picked":"Compile Driver","floor":11},{"not_picked":["Stack","Go for the Eyes"],"picked":"BootSequence","floor":14},{"not_picked":["Multi-Cast","Buffer"],"picked":"Seek","floor":16},{"not_picked":["Leap","Fusion"],"picked":"Turbo","floor":18},{"not_picked":["Rebound+1","Barrage"],"picked":"Lockon+1","floor":20},{"not_picked":["Stack","Skim"],"picked":"Hologram","floor":21},{"not_picked":["Recycle+1","Steam Power+1"],"picked":"FTL","floor":23},{"not_picked":["Meteor Strike","Static Discharge"],"picked":"Cold Snap","floor":24},{"not_picked":["Coolheaded","Leap"],"picked":"Double Energy","floor":27},{"not_picked":["Heatsinks","Coolheaded"],"picked":"Capacitor+1","floor":28},{"not_picked":["Redo","Sunder","Barrage"],"picked":"SKIP","floor":29},{"not_picked":["Rebound+1","Stack"],"picked":"Static Discharge","floor":30},{"not_picked":["Ball Lightning","Meteor Strike"],"picked":"Genetic Algorithm+1","floor":31},{"not_picked":["Hyperbeam","Meteor Strike"],"picked":"Fission","floor":33},{"not_picked":["Gash","Rebound"],"picked":"Coolheaded+1","floor":35},{"not_picked":["Jack Of All Trades","Mayhem"],"picked":"Purity","floor":37},{"not_picked":["Impatience","Mind Blast"],"picked":"Blind","floor":37},{"not_picked":["Enlightenment","Panacea"],"picked":"Blind","floor":37},{"not_picked":["Darkness","Stack","Hello World+1"],"picked":"SKIP","floor":41},{"not_picked":["Consume","Conserve Battery"],"picked":"Force Field","floor":42},{"not_picked":["Conserve Battery","Turbo"],"picked":"Hologram","floor":44},{"not_picked":["Go for the Eyes","Rebound"],"picked":"Force Field","floor":45},{"not_picked":["Ball Lightning","Compile Driver"],"picked":"Echo Form","floor":46},{"not_picked":["Thunder Strike","Go for the Eyes+1"],"picked":"Coolheaded","floor":46},{"not_picked":["Rip and Tear","Beam Cell"],"picked":"Hologram","floor":46},{"not_picked":["Scrape+1","Conserve Battery"],"picked":"Stack","floor":46},{"not_picked":["Redo","Static Discharge+1"],"picked":"Turbo","floor":46},{"not_picked":["Stack","Ball Lightning+1"],"picked":"Reinforced Body+1","floor":48},{"not_picked":["Cold Snap","Leap","Force Field+1"],"picked":"SKIP","floor":55}],"player_experience":8372893,"relics_obtained":[{"floor":9,"key":"Letter Opener"},{"floor":10,"key":"Orichalcum"},{"floor":24,"key":"Whetstone"},{"floor":26,"key":"Symbiotic Virus"},{"floor":27,"key":"Akabeko"},{"floor":30,"key":"TungstenRod"},{"floor":41,"key":"Centennial Puzzle"},{"floor":44,"key":"Ice Cream"},{"floor":55,"key":"Happy Flower"}],"event_choices":[{"damage_healed":0,"gold_gain":75,"player_choice":"Gather Gold","damage_taken":11,"max_hp_gain":0,"max_hp_loss":0,"event_name":"World of Goop","floor":2,"gold_loss":0},{"damage_healed":0,"gold_gain":0,"player_choice":"Success","damage_taken":11,"relics_obtained":["StoneCalendar"],"max_hp_gain":0,"max_hp_loss":0,"event_name":"Scrap Ooze","floor":3,"gold_loss":0},{"damage_healed":0,"gold_gain":0,"player_choice":"Lose Max HP","damage_taken":0,"relics_obtained":["Golden Idol"],"max_hp_gain":0,"max_hp_loss":7,"event_name":"Golden Idol","floor":5,"gold_loss":0},{"damage_healed":0,"gold_gain":0,"player_choice":"Paid Gold","damage_taken":0,"relics_obtained":["Dream Catcher"],"max_hp_gain":0,"max_hp_loss":0,"event_name":"WeMeetAgain","floor":13,"gold_loss":96},{"damage_healed":0,"gold_gain":0,"player_choice":"Read","damage_taken":0,"max_hp_gain":0,"max_hp_loss":0,"event_name":"The Library","floor":19,"gold_loss":0,"cards_obtained":["Glacier"]},{"damage_healed":0,"gold_gain":0,"player_choice":"Opened","damage_taken":0,"relics_obtained":["Blood Vial"],"max_hp_gain":0,"max_hp_loss":0,"event_name":"The Mausoleum","floor":25,"gold_loss":0,"cards_obtained":["Writhe"]},{"damage_healed":0,"gold_gain":999,"player_choice":"Gold","damage_taken":0,"max_hp_gain":0,"max_hp_loss":0,"event_name":"MindBloom","floor":36,"gold_loss":0,"cards_obtained":["Normality","Normality"]},{"damage_healed":0,"gold_gain":0,"player_choice":"Memory 3","damage_taken":10,"max_hp_gain":0,"max_hp_loss":0,"event_name":"SensoryStone","floor":37,"gold_loss":0},{"damage_healed":0,"gold_gain":0,"player_choice":"Ignored","damage_taken":0,"max_hp_gain":0,"max_hp_loss":0,"event_name":"Mysterious Sphere","floor":39,"gold_loss":0},{"cards_removed":["Ball Lightning"],"damage_healed":0,"gold_gain":0,"player_choice":"Removed Attack","damage_taken":0,"max_hp_gain":0,"max_hp_loss":0,"event_name":"Falling","floor":47,"gold_loss":0}],"is_beta":false,"boss_relics":[{"not_picked":["Fusion Hammer","SlaversCollar"],"picked":"Astrolabe"},{"not_picked":["Velvet Choker","FrozenCore"],"picked":"Runic Pyramid"}],"items_purged_floors":[38,46,54],"is_endless":false,"potions_floor_spawned":[10,14,16,18,21,30,33,41,55],"ascension_level":20}}