{"host":"amyouew1jj5rel7b","time":1611947278,"event":{"mods":["AchievementEnabler","Arknights The Spire","BaseMod","Better Altar","Better Match","Better Note","Better Skull","Better Third Choice","CapriCore","Minty Spire (QoL Compilation)","Permanent Neow","Spicy Shops","StSLib","SuperFastMode"],"gold_per_floor":[109,124,299,134,144,144,144],"floor_reached":6,"language":"KOR","playtime":264,"items_purged":[],"score":36,"play_id":"8518945f-85e1-4551-b8ca-7e4f98527c20","local_time":"20210130040758","is_ascension_mode":false,"campfire_choices":[],"circlet_count":0,"master_deck":["ats:Strike C","ats:Strike G","ats:Strike S","ats:Strike V","ats:Armor Crushing Shot","ats:Defend","ats:Defend","ats:Defend","ats:Defend","ats:Emotion Absorption","ats:Hammer On","ats:Assault Order","Doubt","ats:Rapid Magazine","ats:Consecutive Shot Auto","ats:Revitalization"],"relics":["ats:Sanity","Peace Pipe"],"acts_visited":["Exordium"],"potions_floor_usage":[6],"damage_taken":[{"damage":10,"enemies":"Jaw Worm","floor":1,"turns":4},{"damage":5,"enemies":"Small Slimes","floor":2,"turns":3},{"damage":1,"enemies":"2 Louse","floor":5,"turns":3},{"damage":44,"enemies":"Lagavulin","floor":6,"turns":6}],"seed_played":"-3495173862318750978","potions_obtained":[{"floor":2,"key":"SteroidPotion"},{"floor":5,"key":"SneckoOil"}],"is_trial":false,"path_per_floor":["M","M","?","$","M","E"],"character_chosen":"DOCTOR_CLASS","items_purchased":["ats:Rapid Magazine","ats:Consecutive Shot Auto"],"campfire_rested":0,"item_purchase_floors":[4,4],"current_hp_per_floor":[41,36,36,36,35,0,0],"gold":144,"neow_bonus":"ONE_RARE_RELIC","is_daily":false,"chose_seed":false,"campfire_upgraded":0,"win_rate":0.0,"timestamp":1611947278,"path_taken":["M","M","?","$","M","E"],"items_purchased_type":["Card","Card"],"build_version":"2020-12-22","purchased_purges":0,"victory":false,"max_hp_per_floor":[72,72,72,72,72,72,72],"card_choices":[{"not_picked":["ats:Blood Oath","ats:Poison Spread"],"picked":"ats:Hammer On","floor":1},{"not_picked":["ats:Very Hot Blade","ats:Blood Oath"],"picked":"ats:Assault Order","floor":2},{"not_picked":["ats:Blood Oath","ats:Curse Doll"],"picked":"ats:Revitalization","floor":5}],"player_experience":260259,"relics_obtained":[],"event_choices":[{"damage_healed":0,"gold_gain":175,"player_choice":"AGREE","damage_taken":124,"max_hp_gain":0,"max_hp_loss":0,"event_name":"betterThird:BetterSerpent","floor":3,"gold_loss":0}],"is_beta":false,"boss_relics":[],"items_purged_floors":[],"is_endless":false,"potions_floor_spawned":[2,5],"killed_by":"Lagavulin","ascension_level":0}}