{"host":"Oniwa","time":1611922836,"event":{"mods":["BaseMod","Colored Map","Colored Powertips","Minty Spire (QoL Compilation)","Relic Stats","Slay the Relics Exporter","SpireBot","StSLib","ojb\u0027s Better Paths Mod","ojb\u0027s Info Mod"],"gold_per_floor":[117,117,127,137,62,87,87,121,121,121,149,149,161,8,8,82,82,94,94,113,128,138,138,170,185,185,185,185,217,249,265,265,344,344,355,1354,1354,1374,255,255,40,40,52,64,107,135,161,205,217,229,241,241],"floor_reached":51,"language":"JPN","playtime":4434,"items_purged":["Normality"],"score":1826,"play_id":"12f92b0e-1e55-45ef-99ab-23f2e96100ba","local_time":"20210129212036","is_ascension_mode":true,"campfire_choices":[{"data":"Conclude","floor":7,"key":"SMITH"},{"floor":10,"key":"DIG"},{"data":"Regret","floor":12,"key":"PURGE"},{"data":"TalkToTheHand","floor":15,"key":"SMITH"},{"floor":23,"key":"REST"},{"data":"Normality","floor":27,"key":"PURGE"},{"data":"Strike_P","floor":32,"key":"PURGE"},{"data":"Normality","floor":40,"key":"PURGE"},{"floor":42,"key":"DIG"},{"data":"Shame","floor":44,"key":"PURGE"},{"floor":49,"key":"RECALL"}],"circlet_count":0,"master_deck":["AscendersBane","Strike_P+1","Strike_P+1","Strike_P+1","Defend_P","Defend_P+1","Defend_P+1","Eruption+1","Vigilance","ReachHeaven","Conclude+1","Consecrate","Wallop","FlurryOfBlows","TalkToTheHand+1","EmptyFist+1","LessonLearned","FlurryOfBlows+1","WaveOfTheHand+1","DeceiveReality","Swivel+1","Adaptation+1","Protect","Ghostly+1","Ghostly+1","Ghostly","EmptyBody","Worship","Indignation","Vault","Sanctity","Meditate+1","MentalFortress+1","Wireheading+1","TalkToTheHand","EmptyBody+1"],"relics":["Cursed Key","Shovel","Frozen Egg 2","The Courier","Peace Pipe","Damaru","Vajra","SlaversCollar","CaptainsWheel","Eternal Feather","InkBottle","Red Mask","Fusion Hammer","Meat on the Bone","Toolbox","Gremlin Horn","Mummified Hand","Bottled Flame","ClockworkSouvenir","MawBank","Pantograph","Pen Nib"],"acts_visited":["Exordium","TheCity","TheBeyond"],"potions_floor_usage":[8,24,30,33,33,50],"damage_taken":[{"damage":2,"enemies":"Jaw Worm","floor":1,"turns":6},{"damage":0,"enemies":"2 Louse","floor":3,"turns":2},{"damage":0,"enemies":"Cultist","floor":4,"turns":2},{"damage":0,"enemies":"Gremlin Nob","floor":6,"turns":2},{"damage":0,"enemies":"Lagavulin","floor":8,"turns":4},{"damage":11,"enemies":"3 Sentries","floor":11,"turns":4},{"damage":1,"enemies":"Blue Slaver","floor":13,"turns":3},{"damage":0,"enemies":"Slime Boss","floor":16,"turns":4},{"damage":5,"enemies":"2 Thieves","floor":18,"turns":3},{"damage":7,"enemies":"3 Byrds","floor":20,"turns":4},{"damage":27,"enemies":"Snake Plant","floor":21,"turns":8},{"damage":0,"enemies":"3 Cultists","floor":22,"turns":2},{"damage":8,"enemies":"Book of Stabbing","floor":24,"turns":5},{"damage":0,"enemies":"Shelled Parasite and Fungi","floor":25,"turns":4},{"damage":3,"enemies":"Gremlin Leader","floor":29,"turns":10},{"damage":0,"enemies":"Masked Bandits","floor":30,"turns":2},{"damage":8,"enemies":"Snecko","floor":31,"turns":9},{"damage":12,"enemies":"Collector","floor":33,"turns":14},{"damage":2,"enemies":"3 Shapes","floor":35,"turns":14},{"damage":0,"enemies":"3 Darklings","floor":38,"turns":5},{"damage":0,"enemies":"Nemesis","floor":45,"turns":7},{"damage":2,"enemies":"Transient","floor":46,"turns":6},{"damage":0,"enemies":"Sphere and 2 Shapes","floor":47,"turns":6},{"damage":0,"enemies":"Giant Head","floor":48,"turns":7},{"damage":8,"enemies":"Donu and Deca","floor":50,"turns":8},{"damage":35,"enemies":"Time Eater","floor":51,"turns":10}],"seed_played":"-8611810748754706512","potions_obtained":[{"floor":1,"key":"BottledMiracle"},{"floor":4,"key":"CultistPotion"},{"floor":8,"key":"SmokeBomb"},{"floor":20,"key":"DuplicationPotion"},{"floor":25,"key":"Dexterity Potion"},{"floor":30,"key":"Weak Potion"},{"floor":46,"key":"Energy Potion"},{"floor":47,"key":"Swift Potion"}],"is_trial":false,"path_per_floor":["M","?","M","M","?","E","R","E","T","R","E","R","M","$","R","B",null,"M","?","M","M","M","R","E","M","T","R","?","E","?","M","R","B",null,"M","?","?","M","$","R","$","R","T","R","E","M","M","E","R","B","B"],"character_chosen":"WATCHER","items_purchased":["Vajra","EmptyFist","Meat on the Bone","Toolbox","PowerPotion","Gremlin Horn","Mummified Hand","Bottled Flame","Meditate","ClockworkSouvenir","MentalFortress+1","Wireheading+1"],"campfire_rested":1,"item_purchase_floors":[14,14,39,39,39,39,39,39,39,41,41,41],"current_hp_per_floor":[59,64,64,64,64,64,64,64,64,64,53,53,52,52,52,52,68,63,63,56,29,29,50,42,42,42,57,36,33,33,25,36,24,33,31,31,31,31,31,34,34,34,34,34,34,32,32,32,34,26,0,0],"gold":241,"neow_bonus":"BOSS_RELIC","is_daily":false,"chose_seed":false,"campfire_upgraded":2,"win_rate":0.0,"timestamp":1611922836,"path_taken":["M","?","M","M","?","E","R","E","T","R","E","R","M","$","R","BOSS","M","?","M","?","M","R","E","M","T","R","?","E","?","M","R","BOSS","M","?","?","M","$","R","?","R","T","R","E","M","M","E","R","BOSS","BOSS"],"items_purchased_type":["Relic","Card","Relic","Relic","Potion","Relic","Relic","Relic","Card","Relic","Card","Card"],"build_version":"2020-12-18","purchased_purges":1,"victory":false,"max_hp_per_floor":[68,73,73,73,73,73,73,73,73,73,73,73,73,73,73,73,73,73,73,73,73,73,73,73,73,73,73,36,36,36,36,36,36,36,36,36,34,34,34,34,34,34,34,34,34,34,34,34,34,34,34,34],"relic_stats":{"Gremlin Horn":[3,3],"counters":[26,151],"Eternal Feather":31,"Pen Nib":[4],"Cursed Key":3,"MawBank":108,"Peace Pipe":5,"Shovel":2,"Mummified Hand":[29],"Pantograph":8,"obtain_stats":[{"Gremlin Horn":39,"Damaru":11,"Vajra":14,"Eternal Feather":26,"The Courier":9,"Pen Nib":48,"Frozen Egg 2":8,"Cursed Key":0,"MawBank":42,"ClockworkSouvenir":41,"Peace Pipe":10,"SlaversCollar":17,"CaptainsWheel":24,"Bottled Flame":39,"Shovel":6,"Mummified Hand":39,"Pantograph":45,"Toolbox":39,"Fusion Hammer":34,"Red Mask":30,"PureWater":0,"InkBottle":29,"Meat on the Bone":39},{"Gremlin Horn":20,"Damaru":6,"Vajra":7,"Eternal Feather":14,"The Courier":5,"Pen Nib":24,"Frozen Egg 2":5,"Cursed Key":0,"MawBank":20,"ClockworkSouvenir":20,"Peace Pipe":5,"SlaversCollar":8,"CaptainsWheel":13,"Bottled Flame":20,"Shovel":4,"Mummified Hand":20,"Pantograph":21,"Toolbox":20,"Fusion Hammer":18,"Red Mask":16,"PureWater":0,"InkBottle":15,"Meat on the Bone":20},{"Gremlin Horn":107,"Damaru":20,"Vajra":23,"Eternal Feather":53,"The Courier":16,"Pen Nib":133,"Frozen Egg 2":16,"Cursed Key":0,"MawBank":107,"ClockworkSouvenir":107,"Peace Pipe":16,"SlaversCollar":27,"CaptainsWheel":49,"Bottled Flame":107,"Shovel":12,"Mummified Hand":107,"Pantograph":114,"Toolbox":107,"Fusion Hammer":88,"Red Mask":65,"PureWater":0,"InkBottle":63,"Meat on the Bone":107}],"InkBottle":[41],"Meat on the Bone":0},"card_choices":[{"not_picked":["Study","SashWhip"],"picked":"ReachHeaven","floor":1},{"not_picked":["PathToVictory","Swivel"],"picked":"Conclude","floor":3},{"not_picked":["Vengeance","Crescendo"],"picked":"Consecrate","floor":4},{"not_picked":["FollowUp","ForeignInfluence"],"picked":"Wallop","floor":6},{"not_picked":["Prostrate","Study+1"],"picked":"FlurryOfBlows","floor":8},{"not_picked":["FollowUp","SashWhip"],"picked":"TalkToTheHand","floor":11},{"not_picked":["SashWhip","LikeWater+1","SandsOfTime"],"picked":"SKIP","floor":13},{"not_picked":["Ragnarok","Judgement"],"picked":"LessonLearned","floor":16},{"not_picked":["BowlingBash","Pray+1"],"picked":"FlurryOfBlows","floor":18},{"not_picked":["InnerPeace","Perseverance"],"picked":"DeceiveReality","floor":20},{"not_picked":["SashWhip","WindmillStrike","PathToVictory"],"picked":"SKIP","floor":21},{"not_picked":["BattleHymn+1","Evaluate"],"picked":"Swivel","floor":22},{"not_picked":["ConjureBlade","WaveOfTheHand"],"picked":"Adaptation+1","floor":24},{"not_picked":["BowlingBash","FollowUp"],"picked":"Protect","floor":25},{"not_picked":["Weave+1","ClearTheMind"],"picked":"EmptyBody","floor":29},{"not_picked":["FlurryOfBlows+1","PathToVictory"],"picked":"Worship","floor":30},{"not_picked":["Swivel","JustLucky"],"picked":"Indignation","floor":31},{"not_picked":["MasterReality+1","Ragnarok"],"picked":"Vault","floor":33},{"not_picked":["ForeignInfluence","Halt","ThirdEye"],"picked":"SKIP","floor":35},{"not_picked":["Indignation","PathToVictory+1"],"picked":"Sanctity","floor":38},{"not_picked":["EmptyFist","SandsOfTime"],"picked":"TalkToTheHand","floor":45},{"not_picked":["Protect","Conclude"],"picked":"EmptyBody+1","floor":46},{"not_picked":["EmptyBody","Conclude","FlurryOfBlows+1"],"picked":"SKIP","floor":47},{"not_picked":["FollowUp","Swivel","Halt"],"picked":"SKIP","floor":48}],"player_experience":2618811,"relics_obtained":[{"floor":6,"key":"Shovel"},{"floor":8,"key":"Frozen Egg 2"},{"floor":9,"key":"The Courier"},{"floor":10,"key":"Peace Pipe"},{"floor":11,"key":"Damaru"},{"floor":24,"key":"CaptainsWheel"},{"floor":26,"key":"Eternal Feather"},{"floor":29,"key":"InkBottle"},{"floor":30,"key":"Red Mask"},{"floor":42,"key":"MawBank"},{"floor":45,"key":"Pantograph"},{"floor":48,"key":"Pen Nib"}],"event_choices":[{"damage_healed":0,"gold_gain":0,"player_choice":"Donut","damage_taken":0,"max_hp_gain":5,"max_hp_loss":0,"event_name":"Big Fish","floor":2,"gold_loss":0},{"cards_removed":["Defend_P"],"damage_healed":0,"gold_gain":0,"player_choice":"Card Removal","damage_taken":0,"max_hp_gain":0,"max_hp_loss":0,"event_name":"The Cleric","floor":5,"gold_loss":75},{"damage_healed":0,"gold_gain":0,"player_choice":"1 cards matched","damage_taken":0,"max_hp_gain":0,"max_hp_loss":0,"event_name":"Match and Keep!","floor":19,"gold_loss":0,"cards_obtained":["WaveOfTheHand"]},{"damage_healed":0,"gold_gain":0,"player_choice":"Became a Ghost","damage_taken":0,"max_hp_gain":0,"max_hp_loss":37,"event_name":"Ghosts","floor":28,"gold_loss":0,"cards_obtained":["Ghostly","Ghostly","Ghostly"]},{"damage_healed":0,"gold_gain":0,"player_choice":"Fought Bandits","damage_taken":0,"max_hp_gain":0,"max_hp_loss":0,"event_name":"Masked Bandits","floor":30,"gold_loss":0},{"damage_healed":0,"gold_gain":999,"player_choice":"Gold","damage_taken":0,"max_hp_gain":0,"max_hp_loss":0,"event_name":"MindBloom","floor":36,"gold_loss":0,"cards_obtained":["Normality","Normality"]},{"damage_healed":0,"gold_gain":0,"player_choice":"Max HP","damage_taken":0,"max_hp_gain":0,"max_hp_loss":2,"event_name":"Winding Halls","floor":37,"gold_loss":0}],"is_beta":true,"boss_relics":[{"not_picked":["Busted Crown","Ectoplasm"],"picked":"SlaversCollar"},{"not_picked":["Tiny House","Empty Cage"],"picked":"Fusion Hammer"}],"items_purged_floors":[39],"is_endless":false,"potions_floor_spawned":[1,4,8,20,25,29,30,46,47],"killed_by":"Time Eater","ascension_level":20}}