{"host":"3jpwrwmmgyabjceh","time":1611921765,"event":{"mods":["AchievementEnabler","BaseMod","Colored Map","Colored Powertips","Highlight Path","Minty Spire (QoL Compilation)","Quick Restart","Relic Stats","StSLib","SuperFastMode"],"gold_per_floor":[109,42,61,77,77,112,112,138,165,165,181,193,220,220,220,320,320,340,360,101,119,131,131,159,159,159,186,200,220,235,251,251,251,251],"floor_reached":33,"language":"ENG","playtime":1899,"items_purged":["Strike_P"],"score":424,"play_id":"b7e9079a-fb3a-48cc-a545-ca55c4b5f194","local_time":"20210129150245","is_ascension_mode":true,"campfire_choices":[{"data":"LikeWater","floor":7.0,"key":"SMITH"},{"data":"Eruption","floor":10.0,"key":"SMITH"},{"floor":15,"key":"REST"},{"data":"Adaptation","floor":23,"key":"SMITH"},{"data":"WheelKick","floor":25,"key":"SMITH"},{"data":"Omniscience","floor":32,"key":"SMITH"}],"circlet_count":0,"master_deck":["Strike_P","Strike_P","Defend_P","Defend_P","Defend_P","Defend_P","Eruption+1","Vigilance","CrushJoints","LikeWater+1","Perseverance","Consecrate","EmptyBody","Crescendo","BowlingBash","WheelKick+1","Omniscience+1","FollowUp+1","MentalFortress","Adaptation+1","MentalFortress+1","Halt","Perseverance+1","LikeWater","Tantrum","CutThroughFate"],"relics":["Runic Pyramid","Anchor","Potion Belt","Happy Flower","Blood Vial","Coffee Dripper","Toolbox","Damaru","Question Card","StrikeDummy"],"acts_visited":["Exordium","TheCity"],"potions_floor_usage":[21,24,29,33],"damage_taken":[{"damage":0.0,"enemies":"2 Louse","floor":1.0,"turns":2.0},{"damage":0.0,"enemies":"Cultist","floor":3.0,"turns":2.0},{"damage":0.0,"enemies":"Small Slimes","floor":4.0,"turns":2.0},{"damage":23.0,"enemies":"3 Sentries","floor":6.0,"turns":8.0},{"damage":12.0,"enemies":"Gremlin Nob","floor":8.0,"turns":4.0},{"damage":21.0,"enemies":"Gremlin Gang","floor":11.0,"turns":4.0},{"damage":0,"enemies":"Red Slaver","floor":12,"turns":2},{"damage":8,"enemies":"The Guardian","floor":16,"turns":11},{"damage":4,"enemies":"3 Byrds","floor":18,"turns":3},{"damage":0,"enemies":"Chosen","floor":19,"turns":4},{"damage":0,"enemies":"Snecko","floor":21,"turns":4},{"damage":0,"enemies":"3 Cultists","floor":22,"turns":4},{"damage":0,"enemies":"Book of Stabbing","floor":24,"turns":5},{"damage":14,"enemies":"Gremlin Leader","floor":27,"turns":5},{"damage":10,"enemies":"Shelled Parasite and Fungi","floor":28,"turns":4},{"damage":6,"enemies":"Chosen and Byrds","floor":29,"turns":8},{"damage":22,"enemies":"Centurion and Healer","floor":30,"turns":6},{"damage":9,"enemies":"Snake Plant","floor":31,"turns":3},{"damage":38,"enemies":"Champ","floor":33,"turns":2}],"seed_played":"738923071336774002","potions_obtained":[{"floor":6.0,"key":"Weak Potion"},{"floor":8.0,"key":"SmokeBomb"},{"floor":11.0,"key":"StancePotion"},{"floor":18,"key":"StancePotion"},{"floor":30,"key":"Fire Potion"},{"floor":31,"key":"ColorlessPotion"}],"is_trial":false,"path_per_floor":["M","$","M","M","?","E","R","E","T","R","M","M","T","?","R","B",null,"M","M","$","M","M","R","E","R","T","E","M","M","M","M","R","B"],"character_chosen":"WATCHER","items_purchased":["LikeWater","Adaptation","Toolbox"],"campfire_rested":1,"item_purchase_floors":[2,20,20],"current_hp_per_floor":[65,65,65,65,65,42,42,30,30,30,9,9,9,9,30,24,60,58,60,60,62,64,64,66,66,66,54,46,42,22,15,15,0,0],"gold":251,"neow_bonus":"BOSS_RELIC","is_daily":false,"chose_seed":false,"campfire_upgraded":5,"win_rate":0.0,"timestamp":1611921765,"path_taken":["M","$","M","M","?","E","R","E","T","R","M","?","?","?","R","BOSS","M","M","$","M","?","R","E","R","T","E","M","M","M","M","R","BOSS"],"items_purchased_type":["Card","Card","Relic"],"build_version":"2020-12-22","purchased_purges":1,"victory":false,"max_hp_per_floor":[72,72,72,72,72,72,72,72,72,72,72,72,72,72,72,72,72,72,72,72,72,72,72,72,72,72,72,72,72,72,72,72,72,72],"relic_stats":{"Blood Vial":24,"Happy Flower":[21],"counters":[19,83],"Question Card":4,"obtain_stats":[{"Potion Belt":8,"Blood Vial":13,"Anchor":6,"Happy Flower":9,"Toolbox":20,"Damaru":24,"Coffee Dripper":17,"PureWater":0,"Question Card":26,"StrikeDummy":27,"Runic Pyramid":0},{"Potion Belt":5,"Blood Vial":7,"Anchor":4,"Happy Flower":5,"Toolbox":10,"Damaru":13,"Coffee Dripper":8,"PureWater":0,"Question Card":13,"StrikeDummy":14,"Runic Pyramid":0},{"Potion Belt":18,"Blood Vial":24,"Anchor":14,"Happy Flower":18,"Toolbox":42,"Damaru":55,"Coffee Dripper":35,"PureWater":0,"Question Card":55,"StrikeDummy":60,"Runic Pyramid":0}]},"card_choices":[{"not_picked":["ThirdEye","Halt"],"picked":"CrushJoints","floor":1.0},{"not_picked":["SignatureMove","Study"],"picked":"Perseverance","floor":3.0},{"not_picked":["Protect","EmptyBody"],"picked":"Consecrate","floor":4.0},{"not_picked":["Worship","Vengeance"],"picked":"EmptyBody","floor":6.0},{"not_picked":["FollowUp","ClearTheMind"],"picked":"Crescendo","floor":8.0},{"not_picked":["FollowUp","Study"],"picked":"BowlingBash","floor":11.0},{"not_picked":["CrushJoints","Brilliance"],"picked":"WheelKick","floor":12},{"not_picked":["Scrawl","ConjureBlade"],"picked":"Omniscience","floor":16},{"not_picked":["ReachHeaven","EmptyBody"],"picked":"FollowUp+1","floor":18},{"not_picked":["Halt","Collect"],"picked":"MentalFortress","floor":19},{"not_picked":["BowlingBash","Consecrate","Scrawl"],"picked":"SKIP","floor":21},{"not_picked":["ForeignInfluence","Adaptation"],"picked":"MentalFortress+1","floor":22},{"not_picked":["Consecrate","Prostrate"],"picked":"Halt","floor":24},{"not_picked":["EmptyFist","Ragnarok","CarveReality+1"],"picked":"Perseverance+1","floor":27},{"not_picked":["Collect","WaveOfTheHand","Halt"],"picked":"LikeWater","floor":28},{"not_picked":["FearNoEvil","Consecrate","Halt"],"picked":"Tantrum","floor":30},{"not_picked":["Prostrate","PathToVictory","FollowUp"],"picked":"CutThroughFate","floor":31}],"player_experience":290667,"relics_obtained":[{"floor":6.0,"key":"Anchor"},{"floor":8.0,"key":"Potion Belt"},{"floor":9.0,"key":"Happy Flower"},{"floor":13,"key":"Blood Vial"},{"floor":24,"key":"Damaru"},{"floor":26,"key":"Question Card"},{"floor":27,"key":"StrikeDummy"}],"event_choices":[{"damage_healed":0.0,"max_hp_gain":0.0,"max_hp_loss":0.0,"gold_gain":0.0,"event_name":"The Woman in Blue","player_choice":"Bought 0 Potions","floor":5.0,"gold_loss":0.0,"damage_taken":0.0},{"cards_removed":["Strike_P"],"damage_healed":0,"gold_gain":0,"player_choice":"Purged","damage_taken":0,"max_hp_gain":0,"max_hp_loss":0,"event_name":"Purifier","floor":14,"gold_loss":0}],"is_beta":false,"boss_relics":[{"not_picked":["Ectoplasm","Tiny House"],"picked":"Coffee Dripper"}],"items_purged_floors":[20],"is_endless":false,"potions_floor_spawned":[6,8,11,18,29,30,31],"killed_by":"Champ","ascension_level":6}}