{"host":"39ahngdv1ocm702x","time":1611902018,"event":{"mods":["BaseMod","Hermit","Jorbs\u0027s Wanderer Trilogy","Minty Spire (QoL Compilation)","StSLib","The Cursed"],"gold_per_floor":[367,40,58,58,77,111,122,122,195,205,155,155,185,37,37,141,141,158,175,190,203,302,217,105,137,137,152,177,191,191,217,217,316,316,344,344,374,384,141,170,170,233,258,286,352,352,386,420,420,420,420,420,87,118,118],"floor_reached":56,"language":"ENG","playtime":4257,"items_purged":["hermit:Strike_Hermit","hermit:ItchyTrigger","Writhe"],"score":1219,"play_id":"fe230a05-e1a7-4607-9a80-cf4b6506e4a2","local_time":"20210129003338","is_ascension_mode":false,"campfire_choices":[{"data":"hermit:Dive","floor":8.0,"key":"SMITH"},{"data":"hermit:Brawl","floor":12.0,"key":"SMITH"},{"data":"hermit:BigShot","floor":15.0,"key":"SMITH"},{"data":"hermit:FatalDesire","floor":32,"key":"SMITH"},{"data":"hermit:FromBeyond","floor":41,"key":"SMITH"},{"floor":46,"key":"RECALL"},{"data":"Doubt","floor":49,"key":"PURGE"},{"data":"hermit:ShadowCloak","floor":52,"key":"SMITH"}],"circlet_count":0,"master_deck":["hermit:Strike_Hermit+1","hermit:Strike_Hermit+1","hermit:Defend_Hermit+1","hermit:Defend_Hermit+1","hermit:Defend_Hermit+1","hermit:Defend_Hermit+1","hermit:Snapshot","hermit:Covet","hermit:Ricochet","hermit:Brawl+1","hermit:Deadeye","Pain","hermit:Dive+1","hermit:Manifest","hermit:BigShot+1","hermit:Horror","hermit:OverwhelmingPower","hermit:ShadowCloak+1","hermit:Ricochet+1","hermit:Deadeye","hermit:ShadowCloak","hermit:Enervate","hermit:Manifest","hermit:Maintenance","hermit:FatalDesire+1","hermit:DeadOrAlive","hermit:Horror+1","hermit:FromBeyond+1","hermit:ShadowCloak+1","hermit:Roulette+1","hermit:Showdown+1","hermit:Manifest","hermit:TakeAim","hermit:BigShot"],"relics":["hermit:ClaspedLocket","Mummified Hand","WarpedTongs","TungstenRod","hermit:Spyglass","Bag of Marbles","Dream Catcher","Meat on the Bone","hermit:Horseshoe","HornCleat","Cursed Key","Pen Nib","Pear","Peace Pipe","Akabeko","Blood Vial","Orrery","Bag of Preparation"],"acts_visited":["Exordium","TheCity","TheBeyond","TheEnding"],"potions_floor_usage":[31,40,42,45,45,45,50,54,55,55],"damage_taken":[{"damage":0.0,"enemies":"Cultist","floor":1.0,"turns":3.0},{"damage":2.0,"enemies":"Small Slimes","floor":3.0,"turns":2.0},{"damage":11.0,"enemies":"Jaw Worm","floor":5.0,"turns":2.0},{"damage":8.0,"enemies":"Gremlin Nob","floor":6.0,"turns":3.0},{"damage":0.0,"enemies":"3 Louse","floor":7.0,"turns":3.0},{"damage":7.0,"enemies":"Blue Slaver","floor":10.0,"turns":4.0},{"damage":5.0,"enemies":"The Guardian","floor":16.0,"turns":7.0},{"damage":3.0,"enemies":"Chosen","floor":18.0,"turns":3.0},{"damage":11.0,"enemies":"Shell Parasite","floor":19.0,"turns":5.0},{"damage":22.0,"enemies":"Chosen and Byrds","floor":20.0,"turns":6.0},{"damage":14.0,"enemies":"Snake Plant","floor":21.0,"turns":3.0},{"damage":35.0,"enemies":"Slavers","floor":25.0,"turns":7.0},{"damage":12,"enemies":"Centurion and Healer","floor":27,"turns":6},{"damage":37,"enemies":"Gremlin Leader","floor":28,"turns":8},{"damage":22,"enemies":"Shelled Parasite and Fungi","floor":29,"turns":6},{"damage":9,"enemies":"Slavers","floor":31,"turns":5},{"damage":9,"enemies":"Champ","floor":33,"turns":9},{"damage":22,"enemies":"3 Darklings","floor":35,"turns":13},{"damage":0,"enemies":"3 Shapes","floor":37,"turns":5},{"damage":11,"enemies":"Spire Growth","floor":38,"turns":4},{"damage":3,"enemies":"Giant Head","floor":40,"turns":8},{"damage":7,"enemies":"2 Orb Walkers","floor":42,"turns":4},{"damage":2,"enemies":"4 Shapes","floor":44,"turns":5},{"damage":16,"enemies":"Reptomancer","floor":45,"turns":6},{"damage":31,"enemies":"3 Darklings","floor":47,"turns":6},{"damage":6,"enemies":"Writhing Mass","floor":48,"turns":7},{"damage":55,"enemies":"Donu and Deca","floor":50,"turns":12},{"damage":30,"enemies":"Shield and Spear","floor":54,"turns":7},{"damage":28,"enemies":"The Heart","floor":55,"turns":10}],"seed_played":"-6090996814159100242","potions_obtained":[{"floor":6.0,"key":"SpeedPotion"},{"floor":20.0,"key":"Regen Potion"},{"floor":27,"key":"FairyPotion"},{"floor":28,"key":"Strength Potion"},{"floor":33,"key":"ColorlessPotion"},{"floor":37,"key":"DistilledChaos"},{"floor":38,"key":"EntropicBrew"},{"floor":44,"key":"LiquidMemories"},{"floor":48,"key":"Regen Potion"}],"is_trial":false,"path_per_floor":["M","$","M","?","M","E","M","R","T","M","?","R","?","$","R","B",null,"M","M","M","M","?","?","$","E","T","M","E","M","?","E","R","B",null,"M","?","M","M","$","E","R","?","T","M","E","R","M","M","R","B",null,"R","$","E","B",null],"character_chosen":"HERMIT","items_purchased":["hermit:Ricochet","Mummified Hand","hermit:Brawl","Bag of Marbles","hermit:ShadowCloak","Pen Nib","Orrery","hermit:Tonic"],"campfire_rested":0,"item_purchase_floors":[2,2,2,14,24,39,53,53],"current_hp_per_floor":[54,54,52,52,41,33,33,33,33,26,26,26,26,26,26,21,75,72,63,49,39,39,39,39,26,26,33,15,36,36,41,41,48,75,67,75,75,66,66,83,83,79,79,78,73,73,50,50,50,32,85,85,85,56,50],"gold":118,"neow_bonus":"TWO_FIFTY_GOLD","is_daily":false,"chose_seed":false,"campfire_upgraded":6,"win_rate":0.0,"timestamp":1611902018,"path_taken":["M","$","M","?","M","E","?","R","T","M","?","R","?","$","R","BOSS","M","M","M","M","?","?","$","E","T","M","E","M","?","E","R","BOSS","M","?","M","M","$","E","R","?","T","M","E","R","M","M","R","BOSS","R","$","E","BOSS"],"items_purchased_type":["Card","Relic","Card","Relic","Card","Relic","Relic","Potion"],"build_version":"2020-12-22","purchased_purges":3,"victory":true,"max_hp_per_floor":[75,75,75,75,75,75,75,75,75,75,75,75,75,75,75,75,75,75,75,75,75,75,75,75,75,75,75,75,75,75,75,75,75,75,75,75,75,75,75,85,85,85,85,85,85,85,85,85,85,85,85,85,85,85,85],"card_choices":[{"not_picked":["hermit:Glare","hermit:Coalescence"],"picked":"hermit:ItchyTrigger","floor":1.0},{"not_picked":["hermit:Malice","hermit:HoleUp"],"picked":"hermit:Deadeye","floor":3.0},{"not_picked":["hermit:Feint","hermit:BodyArmor"],"picked":"hermit:Dive","floor":5.0},{"not_picked":["hermit:Combo","hermit:Roulette"],"picked":"hermit:Manifest","floor":6.0},{"not_picked":["hermit:Malice","hermit:PistolWhip"],"picked":"hermit:BigShot","floor":7.0},{"not_picked":["hermit:HighCaliber","hermit:Shortfuse"],"picked":"hermit:Horror","floor":10.0},{"not_picked":["hermit:Reprieve","hermit:Dissolve"],"picked":"hermit:OverwhelmingPower","floor":16.0},{"not_picked":["hermit:Glare","hermit:Vantage"],"picked":"hermit:ShadowCloak+1","floor":18.0},{"not_picked":["hermit:Coalescence+1","hermit:CalledShot"],"picked":"hermit:Ricochet+1","floor":19.0},{"not_picked":["hermit:Combo","hermit:Headshot","hermit:Showdown"],"picked":"SKIP","floor":20.0},{"not_picked":["hermit:FullyLoaded","hermit:Magnum"],"picked":"hermit:Deadeye","floor":21.0},{"not_picked":["hermit:DeadMansHand+1","hermit:Grudge","hermit:HighCaliber"],"picked":"SKIP","floor":25.0},{"not_picked":["hermit:Glare","hermit:HighCaliber"],"picked":"hermit:Enervate","floor":27},{"not_picked":["hermit:TrackingShot","hermit:CalledShot"],"picked":"hermit:Manifest","floor":28},{"not_picked":["hermit:PistolWhip","hermit:Gestalt"],"picked":"hermit:Maintenance","floor":29},{"not_picked":["hermit:CalledShot","hermit:Snipe"],"picked":"hermit:FatalDesire","floor":31},{"not_picked":["hermit:RoundhouseKick","hermit:Purgatory"],"picked":"hermit:DeadOrAlive","floor":33},{"not_picked":["hermit:HighCaliber","hermit:ItchyTrigger+1","hermit:Determination"],"picked":"SKIP","floor":35},{"not_picked":["hermit:Roulette","hermit:EyeOfTheStorm+1"],"picked":"hermit:Horror+1","floor":37},{"not_picked":["hermit:Coalescence","hermit:Ricochet"],"picked":"hermit:FromBeyond","floor":38},{"not_picked":["hermit:Quickdraw","hermit:Gestalt+1","hermit:Misfire+1"],"picked":"SKIP","floor":40},{"not_picked":["hermit:DeadMansHand","hermit:Horror"],"picked":"hermit:ShadowCloak","floor":44},{"not_picked":["hermit:BigShot+1","hermit:DeadOrAlive"],"picked":"hermit:Roulette+1","floor":45},{"not_picked":["hermit:BodyArmor","hermit:Glare+1","hermit:Coalescence"],"picked":"SKIP","floor":47},{"not_picked":["hermit:TrackingShot+1","hermit:Feint+1"],"picked":"hermit:Showdown+1","floor":48},{"not_picked":["hermit:WideOpen+1","hermit:GhostlyPresence"],"picked":"hermit:Manifest","floor":53},{"not_picked":["hermit:LowProfile","hermit:BlackWind"],"picked":"hermit:TakeAim","floor":53},{"not_picked":["hermit:SprayPray","hermit:LoneWolf+1"],"picked":"hermit:BigShot","floor":53},{"not_picked":["hermit:DeadMansHand","hermit:Desperado+1","hermit:Ricochet"],"picked":"SKIP","floor":54}],"player_experience":209802,"relics_obtained":[{"floor":6.0,"key":"TungstenRod"},{"floor":9.0,"key":"hermit:Spyglass"},{"floor":25.0,"key":"Meat on the Bone"},{"floor":28,"key":"hermit:Horseshoe"},{"floor":31,"key":"HornCleat"},{"floor":40,"key":"Pear"},{"floor":42,"key":"Peace Pipe"},{"floor":43,"key":"Akabeko"},{"floor":45,"key":"Blood Vial"},{"floor":54,"key":"Bag of Preparation"}],"event_choices":[{"damage_healed":0.0,"max_hp_gain":0.0,"max_hp_loss":0.0,"gold_gain":0.0,"event_name":"Accursed Blacksmith","player_choice":"Rummage","floor":4.0,"gold_loss":0.0,"damage_taken":0.0,"relics_obtained":["WarpedTongs"],"cards_obtained":["Pain"]},{"cards_removed":["hermit:Strike_Hermit"],"damage_healed":0.0,"max_hp_gain":0.0,"max_hp_loss":0.0,"gold_gain":0.0,"event_name":"The Cleric","player_choice":"Card Removal","floor":11.0,"gold_loss":50.0,"damage_taken":0.0},{"damage_healed":0.0,"max_hp_gain":0.0,"max_hp_loss":0.0,"gold_gain":30.0,"event_name":"Dead Adventurer","player_choice":"Searched \u00271\u0027 times","floor":13.0,"gold_loss":0.0,"damage_taken":0.0},{"damage_healed":0.0,"max_hp_gain":0.0,"max_hp_loss":0.0,"gold_gain":99.0,"event_name":"Nest","player_choice":"Stole From Cult","floor":22.0,"gold_loss":0.0,"damage_taken":0.0},{"damage_healed":0.0,"max_hp_gain":0.0,"max_hp_loss":0.0,"gold_gain":0.0,"event_name":"Addict","player_choice":"Obtained Relic","floor":23.0,"gold_loss":85.0,"damage_taken":0.0,"relics_obtained":["Dream Catcher"]},{"damage_healed":0,"gold_gain":0,"player_choice":"Simplicity","damage_taken":0,"max_hp_gain":0,"max_hp_loss":0,"event_name":"Back to Basics","floor":30,"gold_loss":0,"cards_upgraded":["hermit:Strike_Hermit","hermit:Strike_Hermit","hermit:Defend_Hermit","hermit:Defend_Hermit","hermit:Defend_Hermit","hermit:Defend_Hermit"]},{"damage_healed":19,"gold_gain":0,"player_choice":"Writhe","damage_taken":0,"max_hp_gain":0,"max_hp_loss":0,"event_name":"Winding Halls","floor":36,"gold_loss":0,"cards_obtained":["Writhe"]},{"damage_healed":0,"gold_gain":0,"player_choice":"Fight","damage_taken":0,"max_hp_gain":0,"max_hp_loss":0,"event_name":"Mysterious Sphere","floor":42,"gold_loss":0}],"is_beta":false,"boss_relics":[{"not_picked":["Coffee Dripper","SlaversCollar"],"picked":"hermit:ClaspedLocket"},{"not_picked":["Velvet Choker","hermit:BartenderGlass"],"picked":"Cursed Key"}],"items_purged_floors":[24,39,53],"is_endless":false,"potions_floor_spawned":[6,20,27,28,33,37,38,44,48],"ascension_level":0}}