{"host":"8d5lz1qub9wfpdii","time":1611886548,"event":{"mods":["2.2 Compatiblity","AchievementEnabler","Act Like it!","Arknights The Spire","Aspiration","BaseMod","Beaked The Cultist","Bestiary","Better Altar","Better Match","Better Note","Better Skull","Better Third Choice","BetterRewards","Colored Powertips","Conspire","Downfall","Friendly Minions","GifTheSpireLib","Hallownest","Hermit","Hubris","Infinite Spire","Jorbs\u0027s Wanderer Trilogy","Minty Spire (QoL Compilation)","RNG Fix","Relic Stats","Replay The Spire","Shade Mod","Shop Mod","Spicy Shops","Spire Arcade","StSLib","Stuff the Spire","The Animator","The Blackbeard","The Bug Knight","The Clintock","The Forsaken","The Hayseed","The Hierophant","The Necromancer","The Runesmith","The Servant 0.9.4","Uncapped","Wandering Minibosses"],"gold_per_floor":[115,132,147,147,147,147,178,178,178,178,178],"floor_reached":10,"language":"ENG","playtime":392,"items_purged":[],"score":69,"play_id":"4520493e-71bc-45a0-894f-17d1647dfd58","local_time":"20210129124548","is_ascension_mode":true,"campfire_choices":[{"data":"beaked:Ceremony","floor":6,"key":"SMITH"}],"circlet_count":0,"master_deck":["beaked:Strike_Y","beaked:Strike_Y","beaked:Strike_Y","beaked:Strike_Y","beaked:Strike_Y","beaked:Strike_Y","beaked:Defend_Y","beaked:Defend_Y","beaked:Defend_Y","beaked:Defend_Y","beaked:Ceremony+1","beaked:Ceremony","beaked:Ceremony+1","beaked:RitualOfBody"],"relics":["beaked:MendingPlumage","Juzu Bracelet","Strange Spoon","MerchantsRug","conspire:Dentures"],"acts_visited":["Exordium"],"potions_floor_usage":[10],"damage_taken":[{"damage":7,"enemies":"2 Louse","floor":1,"turns":4},{"damage":11,"enemies":"Small Slimes","floor":2,"turns":5},{"damage":7,"enemies":"Cultist","floor":3,"turns":5},{"damage":21,"enemies":"Lagavulin","floor":7,"turns":7},{"damage":54,"enemies":"Gremlin Nob","floor":10,"turns":5}],"seed_played":"1245003594277673540","potions_obtained":[{"floor":7,"key":"Slimebound:ThreeZeroPotion"}],"is_trial":false,"path_per_floor":["M","M","M","?","?","R","E","PTL","PTL","E"],"character_chosen":"BEAKED_THE_CULTIST","items_purchased":["Juzu Bracelet","Strange Spoon","MerchantsRug"],"campfire_rested":0,"item_purchase_floors":[0,0,0],"current_hp_per_floor":[43,43,49,49,49,49,38,38,38,0,0],"gold":178,"neow_bonus":"","is_daily":false,"chose_seed":false,"campfire_upgraded":1,"win_rate":0.0,"timestamp":1611886548,"path_taken":["M","M","M","?","?","R","E","PTL","PTL","E"],"items_purchased_type":["Relic","Relic","Relic"],"build_version":"2020-12-22","purchased_purges":0,"victory":false,"max_hp_per_floor":[50,50,50,50,50,50,50,50,50,50,50],"relic_stats":{"Strange Spoon":[0],"counters":[30,185],"Juzu Bracelet":0,"obtain_stats":[{"conspire:Dentures":7,"MerchantsRug":13,"Runesmith:Nanobots":25,"beaked:ThroatLozenge":26,"NeowsBlessing":0,"Blue Candle":4,"Pen Nib":12,"Ring of Chaos":34,"hubris:SlimyHat":12,"Juzu Bracelet":0,"Strange Spoon":0,"Replay:Bandana":4,"Centennial Puzzle":7,"StuffTheSpire:HistoryBook":30,"Pantograph":6,"Simple Rune":29,"Tiny Chest":30,"hubris:FunFungus":2,"beaked:MendingPlumage":0,"Mirror":23,"FossilizedHelix":9,"hubris:TinFlute":9,"Abe\u0027s Treasure":17},{"conspire:Dentures":29,"MerchantsRug":7,"Runesmith:Nanobots":21,"beaked:ThroatLozenge":21,"NeowsBlessing":8,"Blue Candle":9,"Pen Nib":7,"Ring of Chaos":23,"hubris:SlimyHat":13,"Juzu Bracelet":25,"Strange Spoon":25,"Replay:Bandana":2,"Centennial Puzzle":11,"StuffTheSpire:HistoryBook":21,"Pantograph":4,"Simple Rune":21,"Tiny Chest":21,"hubris:FunFungus":1,"beaked:MendingPlumage":0,"Mirror":19,"FossilizedHelix":5,"hubris:TinFlute":11,"Abe\u0027s Treasure":15},{"conspire:Dentures":180,"MerchantsRug":38,"Runesmith:Nanobots":129,"beaked:ThroatLozenge":129,"NeowsBlessing":42,"Blue Candle":43,"Pen Nib":38,"Ring of Chaos":151,"hubris:SlimyHat":55,"Juzu Bracelet":159,"Strange Spoon":159,"Replay:Bandana":9,"Centennial Puzzle":45,"StuffTheSpire:HistoryBook":129,"Pantograph":21,"Simple Rune":129,"Tiny Chest":129,"hubris:FunFungus":4,"beaked:MendingPlumage":0,"Mirror":113,"FossilizedHelix":27,"hubris:TinFlute":45,"Abe\u0027s Treasure":74}]},"card_choices":[{"not_picked":["beaked:WarriorSpirit","beaked:WarriorEssence","beaked:Pecker"],"picked":"SKIP","floor":1},{"not_picked":["beaked:WarriorSpirit","beaked:Recite","beaked:MaddeningMurmurs"],"picked":"SKIP","floor":2},{"not_picked":["beaked:Tweet","beaked:TuckingFeathers","beaked:MaddeningMurmurs"],"picked":"SKIP","floor":3},{"not_picked":["beaked:FeelMyPain","beaked:Cower"],"picked":"beaked:RitualOfBody","floor":7}],"player_experience":101622,"relics_obtained":[{"floor":7,"key":"conspire:Dentures"}],"event_choices":[{"damage_healed":0,"gold_gain":0,"player_choice":"Upgraded","damage_taken":0,"max_hp_gain":0,"max_hp_loss":0,"event_name":"Upgrade Shrine","floor":5,"gold_loss":0,"cards_upgraded":["beaked:Ceremony"]}],"is_beta":false,"boss_relics":[],"items_purged_floors":[],"is_endless":false,"potions_floor_spawned":[7],"killed_by":"Gremlin Nob","ascension_level":1}}