{"host":"2e3z4r48quhw80cc","time":1611914783,"event":{"mods":["BaseMod","Minty Spire (QoL Compilation)","Quick Restart","StSLib","SuperFastMode"],"gold_per_floor":[214,233,281,135,152,152,167,202,202,202,233,233,266,27,27,130,130,145,158,172,172,271,271,300,311,380,29,29,46,46,60,60,161,161,175,194,194,209,29,60,78,126,126,145,145,158,208,0,0,0],"floor_reached":51,"language":"KOR","playtime":7102,"items_purged":["Strike_B","Zap","Defend_B"],"score":1202,"play_id":"e0c23609-b026-4bd1-94a1-9c4cb7b46836","local_time":"20210129190623","is_ascension_mode":true,"campfire_choices":[{"data":"Chaos","floor":6.0,"key":"SMITH"},{"data":"Recycle","floor":10.0,"key":"SMITH"},{"data":"Storm","floor":15.0,"key":"SMITH"},{"floor":23.0,"key":"REST"},{"floor":28.0,"key":"REST"},{"data":"Storm","floor":32.0,"key":"SMITH"},{"data":"Defragment","floor":49.0,"key":"SMITH"}],"circlet_count":0,"master_deck":["Strike_B","Strike_B","Defend_B","Defend_B","Defend_B+1","Dualcast+1","Sweeping Beam","Chaos+1","Loop","FTL","Leap","Recycle+1","Ball Lightning","Consume","Storm+1","Loop","Storm+1","Defragment+1","Rainbow","FTL+1","Coolheaded","Glacier","Static Discharge+1","Storm+1","Capacitor+1","Electrodynamics+1","Creative AI+1","White Noise+1","Conserve Battery+1","Madness","Madness","Self Repair+1","Flash of Steel","Flash of Steel","Panacea"],"relics":["Cracked Core","MealTicket","The Courier","Shuriken","Bird Faced Urn","Meat on the Bone","Inserter","Symbiotic Virus","Frozen Egg 2","Membership Card","War Paint","Coffee Dripper","Happy Flower","DataDisk","Matryoshka","Du-Vu Doll","Ancient Tea Set","Peace Pipe","Mango","Red Mask"],"acts_visited":["Exordium","TheCity","TheBeyond"],"potions_floor_usage":[50],"damage_taken":[{"damage":0.0,"enemies":"Cultist","floor":1.0,"turns":3.0},{"damage":0.0,"enemies":"2 Louse","floor":2.0,"turns":3.0},{"damage":4.0,"enemies":"Small Slimes","floor":5.0,"turns":3.0},{"damage":1.0,"enemies":"2 Fungi Beasts","floor":7.0,"turns":3.0},{"damage":16.0,"enemies":"Lagavulin","floor":8.0,"turns":5.0},{"damage":51.0,"enemies":"Gremlin Nob","floor":11.0,"turns":6.0},{"damage":16.0,"enemies":"3 Sentries","floor":13.0,"turns":5.0},{"damage":25.0,"enemies":"Hexaghost","floor":16.0,"turns":9.0},{"damage":27.0,"enemies":"Shell Parasite","floor":18.0,"turns":5.0},{"damage":7.0,"enemies":"Chosen","floor":19.0,"turns":3.0},{"damage":31.0,"enemies":"Snecko","floor":20.0,"turns":4.0},{"damage":42.0,"enemies":"Gremlin Leader","floor":24.0,"turns":6.0},{"damage":30.0,"enemies":"3 Cultists","floor":25.0,"turns":5.0},{"damage":34.0,"enemies":"Centurion and Healer","floor":29.0,"turns":3.0},{"damage":8.0,"enemies":"Cultist and Chosen","floor":31.0,"turns":4.0},{"damage":48.0,"enemies":"Automaton","floor":33.0,"turns":6.0},{"damage":6.0,"enemies":"3 Shapes","floor":35.0,"turns":2.0},{"damage":9.0,"enemies":"Orb Walker","floor":36.0,"turns":4.0},{"damage":11.0,"enemies":"4 Shapes","floor":38.0,"turns":2.0},{"damage":31.0,"enemies":"Giant Head","floor":40.0,"turns":6.0},{"damage":15.0,"enemies":"Spire Growth","floor":41.0,"turns":4.0},{"damage":19.0,"enemies":"2 Orb Walkers","floor":42.0,"turns":2.0},{"damage":0.0,"enemies":"Transient","floor":44.0,"turns":5.0},{"damage":38.0,"enemies":"Jaw Worm Horde","floor":46.0,"turns":2.0},{"damage":0.0,"enemies":"Mind Bloom Boss Battle","floor":47.0,"turns":4.0},{"damage":49,"enemies":"Time Eater","floor":50,"turns":7}],"seed_played":"6773149377826906577","potions_obtained":[{"floor":2.0,"key":"BlessingOfTheForge"},{"floor":5.0,"key":"SmokeBomb"},{"floor":11.0,"key":"FairyPotion"},{"floor":18.0,"key":"PowerPotion"},{"floor":25.0,"key":"LiquidMemories"},{"floor":29.0,"key":"Explosive Potion"},{"floor":35.0,"key":"Block Potion"},{"floor":44.0,"key":"EssenceOfDarkness"},{"floor":47.0,"key":"FearPotion"}],"is_trial":false,"path_per_floor":["M","M","T","$","M","R","M","E","T","R","E","?","E","$","R","B",null,"M","M","M","?","?","R","E","M","T","$","R","M","?","M","R","B",null,"M","M","?","M","$","E","M","?","T","M","?","M","?","?","R","B",null],"character_chosen":"DEFECT","items_purchased":["Loop","Storm","Loop","Storm","Defragment","Membership Card","Glacier","Static Discharge+1","Storm+1","Capacitor+1","Electrodynamics+1","Happy Flower","DataDisk"],"campfire_rested":2,"item_purchase_floors":[4,14,14,14,14,27,27,27,27,27,27,39,39],"current_hp_per_floor":[68,68,68,75,71,71,70,54,54,54,3,3,16,31,31,28,63,44,49,38,24,24,48,28,18,18,33,57,45,45,47,47,27,67,69,74,64,63,78,54,49,62,62,80,70,42,84,84,84,57],"gold":0,"neow_bonus":"HUNDRED_GOLD","is_daily":false,"chose_seed":false,"campfire_upgraded":5,"win_rate":0.0,"timestamp":1611914783,"path_taken":["M","M","?","$","M","R","M","E","T","R","E","?","E","$","R","BOSS","M","M","M","?","?","R","E","M","T","$","R","?","?","M","R","BOSS","M","M","?","M","$","E","M","?","T","M","?","?","?","?","R","BOSS"],"items_purchased_type":["Card","Card","Card","Card","Card","Relic","Card","Card","Card","Card","Card","Relic","Relic"],"build_version":"2020-12-22","purchased_purges":3,"victory":true,"max_hp_per_floor":[75,75,75,75,75,75,75,75,75,75,75,75,75,75,75,75,75,75,75,75,80,80,80,80,80,80,80,80,80,80,80,80,80,80,80,80,80,80,80,80,80,80,80,80,80,80,94,94,94,94],"card_choices":[{"not_picked":["Coolheaded","Turbo"],"picked":"Sweeping Beam","floor":1.0},{"not_picked":["Compile Driver","Sunder"],"picked":"Chaos","floor":2.0},{"not_picked":["Leap","Darkness"],"picked":"FTL","floor":5.0},{"not_picked":["Hologram","Streamline"],"picked":"Leap","floor":7.0},{"not_picked":["Scrape","Barrage"],"picked":"Recycle","floor":8.0},{"not_picked":["Steam","Gash"],"picked":"Ball Lightning","floor":11.0},{"not_picked":["Rip and Tear","BootSequence"],"picked":"Consume","floor":13.0},{"not_picked":["Multi-Cast","Hyperbeam"],"picked":"Rainbow","floor":16.0},{"not_picked":["Go for the Eyes","BootSequence","Hello World"],"picked":"SKIP","floor":18.0},{"not_picked":["Hologram+1","Fusion+1"],"picked":"FTL+1","floor":19.0},{"not_picked":["Cold Snap","Steam","Turbo+1"],"picked":"SKIP","floor":20.0},{"not_picked":["Turbo","Leap"],"picked":"Coolheaded","floor":24.0},{"not_picked":["Tempest","Rebound","Redo"],"picked":"SKIP","floor":25.0},{"not_picked":["Redo","Stack"],"picked":"Creative AI+1","floor":29.0},{"not_picked":["Coolheaded+1","Go for the Eyes+1"],"picked":"White Noise+1","floor":31.0},{"not_picked":["Lockon","Static Discharge+1"],"picked":"Conserve Battery+1","floor":35.0},{"not_picked":["Auto Shields+1","Rebound","Cold Snap+1"],"picked":"SKIP","floor":36.0},{"not_picked":["Ball Lightning+1","Tempest","Reprogram+1"],"picked":"SKIP","floor":38.0},{"not_picked":["Coolheaded","Beam Cell+1"],"picked":"Self Repair+1","floor":40.0},{"not_picked":["Self Repair+1","Gash+1","Scrape"],"picked":"SKIP","floor":41.0},{"not_picked":["Cold Snap+1","Beam Cell","Leap+1"],"picked":"SKIP","floor":44.0},{"not_picked":["Purity","Forethought"],"picked":"Flash of Steel","floor":45.0},{"not_picked":["Purity","Transmutation"],"picked":"Flash of Steel","floor":45.0},{"not_picked":["Dark Shackles","Madness"],"picked":"Panacea","floor":45.0},{"not_picked":["Rebound+1","Go for the Eyes+1","Gash+1"],"picked":"SKIP","floor":46.0}],"player_experience":77855,"relics_obtained":[{"floor":3.0,"key":"MealTicket"},{"floor":8.0,"key":"The Courier"},{"floor":9.0,"key":"Shuriken"},{"floor":11.0,"key":"Bird Faced Urn"},{"floor":13.0,"key":"Meat on the Bone"},{"floor":24.0,"key":"Symbiotic Virus"},{"floor":26.0,"key":"Frozen Egg 2"},{"floor":40.0,"key":"Matryoshka"},{"floor":42.0,"key":"Du-Vu Doll"},{"floor":43.0,"key":"Ancient Tea Set"},{"floor":43.0,"key":"Peace Pipe"},{"floor":47.0,"key":"Mango"}],"event_choices":[{"cards_removed":["Strike_B"],"damage_healed":0.0,"max_hp_gain":0.0,"max_hp_loss":0.0,"gold_gain":0.0,"event_name":"Living Wall","player_choice":"Forget","floor":12.0,"gold_loss":0.0,"damage_taken":0.0},{"damage_healed":0.0,"max_hp_gain":5.0,"max_hp_loss":0.0,"gold_gain":0.0,"event_name":"Forgotten Altar","player_choice":"Shed Blood","floor":21.0,"gold_loss":0.0,"damage_taken":19.0},{"damage_healed":0.0,"max_hp_gain":0.0,"max_hp_loss":0.0,"gold_gain":99.0,"event_name":"Nest","player_choice":"Stole From Cult","floor":22.0,"gold_loss":0.0,"damage_taken":0.0},{"damage_healed":0.0,"max_hp_gain":0.0,"max_hp_loss":0.0,"gold_gain":0.0,"event_name":"The Mausoleum","player_choice":"Opened","floor":30.0,"gold_loss":0.0,"damage_taken":0.0,"relics_obtained":["War Paint"]},{"damage_healed":0.0,"max_hp_gain":0.0,"max_hp_loss":0.0,"gold_gain":0.0,"event_name":"Winding Halls","player_choice":"Embrace Madness","floor":37.0,"gold_loss":0.0,"damage_taken":10.0,"cards_obtained":["Madness","Madness"]},{"damage_healed":0.0,"max_hp_gain":0.0,"max_hp_loss":0.0,"gold_gain":0.0,"event_name":"Mysterious Sphere","player_choice":"Fight","floor":42.0,"gold_loss":0.0,"damage_taken":0.0},{"damage_healed":0.0,"max_hp_gain":0.0,"max_hp_loss":0.0,"gold_gain":0.0,"event_name":"SensoryStone","player_choice":"Memory 3","floor":45.0,"gold_loss":0.0,"damage_taken":10.0},{"damage_healed":0.0,"max_hp_gain":0.0,"max_hp_loss":0.0,"gold_gain":0.0,"event_name":"MindBloom","player_choice":"Fight","floor":47.0,"gold_loss":0.0,"damage_taken":0.0},{"damage_healed":0.0,"max_hp_gain":0.0,"max_hp_loss":0.0,"gold_gain":0.0,"event_name":"Tomb of Lord Red Mask","player_choice":"Paid","floor":48.0,"gold_loss":208.0,"damage_taken":0.0,"relics_obtained":["Red Mask"]}],"is_beta":false,"boss_relics":[{"not_picked":["Velvet Choker","Snecko Eye"],"picked":"Inserter"},{"not_picked":["SlaversCollar","Empty Cage"],"picked":"Coffee Dripper"}],"items_purged_floors":[4,27,39],"is_endless":false,"potions_floor_spawned":[2,5,11,18,25,29,31,35,38,44,47],"ascension_level":6}}