{"host":"zrtolk9726p85qr7","time":1611923582,"event":{"mods":["BaseMod","BetterRewards","Colored Powertips","Minty Spire (QoL Compilation)","Permanent Neow","Quick Restart","Spire Arcade","StSLib","The Animator","The Necromancer","The Wild Card"],"gold_per_floor":[110,110,58,28,28,58,58,93,169,181,197,209,225,239,239,334,334,351,363,363,363,375,375,117,117,140,156,184,198,146,156,156,156,156],"floor_reached":33,"language":"ENG","playtime":1190,"items_purged":[],"score":284,"play_id":"61d6f58f-716e-4d49-9fcc-921a9c4901ec","local_time":"20210129133302","is_ascension_mode":false,"campfire_choices":[{"data":"Noxious Fumes","floor":7.0,"key":"SMITH"},{"floor":15.0,"key":"REST"},{"floor":23.0,"key":"REST"},{"floor":25.0,"key":"RECALL"},{"floor":32.0,"key":"REST"}],"circlet_count":0,"master_deck":["Strike_G","Strike_G","Strike_G","Strike_G","Strike_G","Defend_G","Defend_G","Defend_G","Defend_G","Defend_G","Survivor","Neutralize","Backstab","theWildCard:Metatron","Dagger Spray","Noxious Fumes+1","Dagger Spray","Corpse Explosion","Slice","Bouncing Flask","Caltrops","Deadly Poison+1","Bane+1","J.A.X.","All Out Attack+1","Dagger Spray+1","Dagger Spray+1","Poisoned Stab"],"relics":["Ring of the Snake","Potion Belt","Lantern","Bag of Preparation","Bottled Flame","Pear","Red Mask"],"acts_visited":["Exordium","TheCity"],"potions_floor_usage":[33,33],"damage_taken":[{"damage":2.0,"enemies":"2 Louse","floor":1.0,"turns":3.0},{"damage":10.0,"enemies":"3 Sentries","floor":6.0,"turns":4.0},{"damage":24.0,"enemies":"Gremlin Nob","floor":8.0,"turns":4.0},{"damage":0.0,"enemies":"Small Slimes","floor":10.0,"turns":1.0},{"damage":1.0,"enemies":"Jaw Worm","floor":11.0,"turns":3.0},{"damage":0.0,"enemies":"Looter","floor":12.0,"turns":3.0},{"damage":0.0,"enemies":"3 Louse","floor":13.0,"turns":1.0},{"damage":0.0,"enemies":"Lots of Slimes","floor":14.0,"turns":1.0},{"damage":16.0,"enemies":"Slime Boss","floor":16.0,"turns":4.0},{"damage":2.0,"enemies":"Chosen","floor":18.0,"turns":4.0},{"damage":9.0,"enemies":"2 Thieves","floor":19.0,"turns":2.0},{"damage":15.0,"enemies":"Centurion and Healer","floor":22.0,"turns":2.0},{"damage":21.0,"enemies":"Snake Plant","floor":27.0,"turns":4.0},{"damage":10.0,"enemies":"Masked Bandits","floor":28.0,"turns":3.0},{"damage":9.0,"enemies":"Cultist and Chosen","floor":29.0,"turns":3.0},{"damage":3.0,"enemies":"3 Cultists","floor":31.0,"turns":2.0},{"damage":67,"enemies":"Champ","floor":33,"turns":10}],"seed_played":"7646677865203626568","potions_obtained":[{"floor":1.0,"key":"Swift Potion"},{"floor":8.0,"key":"Regen Potion"},{"floor":10.0,"key":"Strength Potion"},{"floor":14.0,"key":"FearPotion"},{"floor":18.0,"key":"SpeedPotion"},{"floor":27.0,"key":"Fire Potion"},{"floor":31.0,"key":"SkillPotion"}],"is_trial":false,"path_per_floor":["M","?","$","?","?","E","R","E","T","M","M","M","M","M","R","B",null,"M","M","?","?","M","R","$","R","T","M","?","M","$","M","R","B"],"character_chosen":"THE_SILENT","items_purchased":["Dagger Spray","Pear","Poisoned Stab"],"campfire_rested":3,"item_purchase_floors":[3,24,30],"current_hp_per_floor":[68,68,68,68,68,58,58,34,34,34,33,33,33,33,54,38,70,68,59,59,59,44,65,75,75,75,54,44,35,35,37,61,0,0],"gold":156,"neow_bonus":"RANDOM_COMMON_RELIC","is_daily":false,"chose_seed":false,"campfire_upgraded":1,"win_rate":0.0,"timestamp":1611923582,"path_taken":["M","?","$","?","?","E","R","E","T","M","M","M","M","M","R","BOSS","M","M","?","?","M","R","$","R","T","M","?","M","$","M","R","BOSS"],"items_purchased_type":["Card","Relic","Card"],"build_version":"2020-12-22","purchased_purges":0,"victory":false,"max_hp_per_floor":[70,70,70,70,70,70,70,70,70,70,70,70,70,70,70,70,70,70,70,70,70,70,70,80,80,80,80,80,80,80,80,80,80,80],"card_choices":[{"not_picked":["Heel Hook","Well Laid Plans"],"picked":"Backstab","floor":1.0},{"not_picked":["Slice","Bane"],"picked":"Noxious Fumes","floor":6.0},{"not_picked":["Distraction","Calculated Gamble"],"picked":"Dagger Spray","floor":8.0},{"not_picked":["Cloak And Dagger","Outmaneuver"],"picked":"Corpse Explosion","floor":10.0},{"not_picked":["Backflip","Flying Knee"],"picked":"Slice","floor":11.0},{"not_picked":["Endless Agony","Blade Dance"],"picked":"Bouncing Flask","floor":12.0},{"not_picked":["Doppelganger","Quick Slash","PiercingWail"],"picked":"SKIP","floor":13.0},{"not_picked":["Dagger Spray","Prepared"],"picked":"Caltrops","floor":14.0},{"not_picked":["Finisher","Endless Agony"],"picked":"Deadly Poison+1","floor":18.0},{"not_picked":["Accuracy","Dash"],"picked":"Bane+1","floor":19.0},{"not_picked":["Quick Slash","Underhanded Strike+1"],"picked":"All Out Attack+1","floor":22.0},{"not_picked":["Choke","Dagger Throw"],"picked":"Dagger Spray+1","floor":27.0},{"not_picked":["Footwork","Underhanded Strike"],"picked":"Dagger Spray+1","floor":28.0},{"not_picked":["Bouncing Flask","Skewer","Riddle With Holes"],"picked":"SKIP","floor":29.0},{"not_picked":["Blur","Quick Slash","Cloak And Dagger"],"picked":"SKIP","floor":31.0}],"player_experience":124825,"relics_obtained":[{"floor":6.0,"key":"Lantern"},{"floor":8.0,"key":"Bag of Preparation"},{"floor":9.0,"key":"Bottled Flame"},{"floor":28.0,"key":"Red Mask"}],"event_choices":[{"damage_healed":0.0,"max_hp_gain":0.0,"max_hp_loss":0.0,"gold_gain":0.0,"event_name":"World of Goop","player_choice":"Left Gold","floor":4.0,"gold_loss":30.0,"damage_taken":0.0},{"damage_healed":0.0,"max_hp_gain":0.0,"max_hp_loss":0.0,"gold_gain":0.0,"event_name":"Drug Dealer","player_choice":"Obtain J.A.X.","floor":20.0,"gold_loss":0.0,"damage_taken":0.0,"cards_obtained":["J.A.X."]},{"damage_healed":0.0,"max_hp_gain":0.0,"max_hp_loss":0.0,"gold_gain":0.0,"event_name":"Beggar","player_choice":"Ignored","floor":21.0,"gold_loss":0.0,"damage_taken":0.0},{"damage_healed":0.0,"max_hp_gain":0.0,"max_hp_loss":0.0,"gold_gain":0.0,"event_name":"Masked Bandits","player_choice":"Fought Bandits","floor":28.0,"gold_loss":0.0,"damage_taken":0.0}],"is_beta":false,"boss_relics":[{"not_picked":["Cursed Key","Astrolabe","Busted Crown"]}],"items_purged_floors":[],"is_endless":false,"potions_floor_spawned":[1,8,10,14,18,27,31],"killed_by":"Champ","ascension_level":0}}