{"host":"ndpbn7fqb3wjbd7p","time":1611901596,"event":{"mods":["AchievementEnabler","Act Like it!","AlwaysNeverKeys","BaseMod","Better Vampires","Block Reminder","Colored Powertips","DeckTracker","Defuse TimeMaze Blight","Friendly Minions","Hallownest","Hermit","Highlight Path","MarisaÅiñ∂âJÅ@ñÇóùçπÅj","Minty Spire (QoL Compilation)","Permanent Neow","Shade Mod","StSLib","SuperFastMode","Synergy Search","The Mystic","Unceasing Turn Reminder","Wandering Minibosses","egg"],"gold_per_floor":[12,31,31,31,48,48,60,60,60,74,41,41,59,70,70,70,70],"floor_reached":16,"language":"ENG","playtime":902,"items_purged":[],"score":103,"play_id":"01aa7252-817d-419f-91b1-99ddb7e95665","local_time":"20210129072636","is_ascension_mode":true,"campfire_choices":[{"data":"mysticmod:HeavyStrike","floor":6,"key":"SMITH"},{"data":"mysticmod:BladeMaster","floor":8,"key":"SMITH"},{"data":"mysticmod:ComponentsPouch","floor":12,"key":"SMITH"},{"floor":15,"key":"REST"}],"circlet_count":0,"master_deck":["mysticmod:Strike_Mystic","mysticmod:Defend_Mystic","mysticmod:Defend_Mystic","mysticmod:Defend_Mystic","mysticmod:Defend_Mystic","mysticmod:ArcaneDodge","mysticmod:ShockingGrasp","mysticmod:BladeMaster+1","mysticmod:HeavyStrike+1","mysticmod:ComponentsPouch+1","mysticmod:RapidCaster"],"relics":["mysticmod:SpellBook","Pear","Kunai"],"acts_visited":["Exordium"],"potions_floor_usage":[7,16,16],"damage_taken":[{"damage":1,"enemies":"Cultist","floor":1,"turns":3},{"damage":0,"enemies":"2 Louse","floor":2,"turns":3},{"damage":9,"enemies":"Jaw Worm","floor":5,"turns":6},{"damage":10,"enemies":"Looter","floor":7,"turns":3},{"damage":13,"enemies":"Gremlin Gang","floor":10,"turns":7},{"damage":13,"enemies":"Exordium Thugs","floor":13,"turns":8},{"damage":4,"enemies":"Large Slime","floor":14,"turns":6},{"damage":46,"enemies":"Hexaghost","floor":16,"turns":12}],"seed_played":"7961872577159091755","potions_obtained":[{"floor":2,"key":"mysticmod:EssenceOfMagic"},{"floor":5,"key":"SpeedPotion"},{"floor":13,"key":"FearPotion"}],"is_trial":false,"path_per_floor":["M","M","?","?","M","R","M","R","T","M","$","R","M","M","R","B"],"character_chosen":"MYSTIC_CLASS","items_purchased":["mysticmod:RapidCaster"],"campfire_rested":1,"item_purchase_floors":[11],"current_hp_per_floor":[76,76,76,68,59,59,49,49,49,36,36,36,23,19,45,0,0],"gold":70,"neow_bonus":"REMOVE_TWO","is_daily":false,"chose_seed":false,"campfire_upgraded":3,"win_rate":0.0,"timestamp":1611901596,"path_taken":["M","M","?","?","M","R","M","R","T","M","$","R","M","M","R","BOSS"],"items_purchased_type":["Card"],"build_version":"2020-12-22","purchased_purges":0,"victory":false,"max_hp_per_floor":[77,77,77,87,87,87,87,87,87,87,87,87,87,87,87,87,87],"card_choices":[{"not_picked":["mysticmod:Snowball","mysticmod:Sideswipe"],"picked":"mysticmod:BladeMaster","floor":1},{"not_picked":["mysticmod:Alacrity","mysticmod:SpellCombat"],"picked":"mysticmod:HeavyStrike","floor":2},{"not_picked":["mysticmod:Disengage","mysticmod:Shield","mysticmod:BladeMaster"],"picked":"SKIP","floor":5},{"not_picked":["mysticmod:BladeMaster","mysticmod:EarthenWall","mysticmod:Disengage"],"picked":"SKIP","floor":7},{"not_picked":["mysticmod:CorrosiveTouch","mysticmod:Alacrity"],"picked":"mysticmod:ComponentsPouch","floor":10},{"not_picked":["mysticmod:Shield","mysticmod:MirrorStrike","mysticmod:Grapple"],"picked":"SKIP","floor":13},{"not_picked":["mysticmod:BladeMaster","mysticmod:Alacrity","mysticmod:Fireball"],"picked":"SKIP","floor":14}],"player_experience":1210987,"relics_obtained":[{"floor":9,"key":"Kunai"}],"event_choices":[{"cards_removed":["mysticmod:Strike_Mystic"],"damage_healed":0,"gold_gain":0,"player_choice":"Forget","damage_taken":0,"max_hp_gain":0,"max_hp_loss":0,"event_name":"Living Wall","floor":3,"gold_loss":0},{"damage_healed":0,"gold_gain":0,"player_choice":"Success","damage_taken":18,"relics_obtained":["Pear"],"max_hp_gain":0,"max_hp_loss":0,"event_name":"Scrap Ooze","floor":4,"gold_loss":0}],"is_beta":false,"boss_relics":[],"items_purged_floors":[],"is_endless":false,"potions_floor_spawned":[2,5,13],"killed_by":"Hexaghost","ascension_level":2}}