{"host":"q9sqrn60n8lvmavn","time":1611885376,"event":{"mods":["A Penny For Your Troubles","AchievementEnabler","AlwaysNeverKeys","BaseMod","Better Third Choice","Better Vampires","Block Reminder","Colored Powertips","Curses Come First","DNKmod","Friendly Minions","Good Game Mod","Minty Spire (QoL Compilation)","Permanent Neow","Relic Filter Mod","StSLib","Weighted Paths"],"gold_per_floor":[1010,602,620,630,641,674,686,718,718,753,753,782,793,813,813,917,917,932,945,945,962,390,424,436,473,535,581,610,650,681,693,705,813,825,847,859,871,397,413,445,445,0,0,51,80,98,131,147,147,148],"floor_reached":51,"language":"ENG","playtime":3794,"items_purged":["Strike_P","Eruption","Strike_P"],"score":1337,"play_id":"dd60e73b-d792-4613-93a7-d4707ddbce1a","local_time":"20210128175616","is_ascension_mode":true,"campfire_choices":[{"data":"Omniscience","floor":15,"key":"SMITH"},{"data":"Apotheosis","floor":24,"key":"SMITH"},{"data":"Disarm","floor":32,"key":"SMITH"},{"data":"Vault","floor":41,"key":"SMITH"},{"data":"DevaForm","floor":49,"key":"SMITH"}],"circlet_count":0,"master_deck":["Strike_P","Strike_P","Defend_P","Defend_P","Defend_P","Defend_P","Vigilance","Disarm+1","InnerPeace","Omniscience+1","Conclude+1","EmptyFist+1","DeceiveReality","Tantrum+1","DevaForm+1","Consecrate+1","ThirdEye","Vault+1","TalkToTheHand+1","Apotheosis+1","LikeWater+1","MentalFortress+1","TalkToTheHand+1","WheelKick+1","Scrawl","MentalFortress+1","InnerPeace","Parasite","Fasting2+1"],"relics":["PureWater","REME:ComplimentaryCards","Molten Egg 2","Kunai","Bag of Marbles","Frozen Egg 2","HornCleat","Bottled Flame","SlaversCollar","Sling","Ancient Tea Set","MawBank","Anchor","Strawberry","Ornamental Fan","Mercury Hourglass","Sozu","Ice Cream","Lizard Tail","Red Mask","Calipers","Oddly Smooth Stone","PreservedInsect","Blood Vial"],"acts_visited":["Exordium","TheCity","TheBeyond"],"potions_floor_usage":[8,12,12,33],"damage_taken":[{"damage":2,"enemies":"Jaw Worm","floor":1,"turns":3},{"damage":0,"enemies":"Small Slimes","floor":3,"turns":2},{"damage":4,"enemies":"2 Louse","floor":4,"turns":2},{"damage":9,"enemies":"Looter","floor":5,"turns":2},{"damage":1,"enemies":"3 Sentries","floor":6,"turns":3},{"damage":0,"enemies":"2 Fungi Beasts","floor":7,"turns":3},{"damage":0,"enemies":"Gremlin Nob","floor":8,"turns":2},{"damage":9,"enemies":"3 Sentries","floor":10,"turns":3},{"damage":19,"enemies":"Lagavulin","floor":12,"turns":5},{"damage":0,"enemies":"3 Louse","floor":13,"turns":1},{"damage":6,"enemies":"Looter","floor":14,"turns":2},{"damage":0,"enemies":"The Guardian","floor":16,"turns":7},{"damage":0,"enemies":"3 Byrds","floor":18,"turns":5},{"damage":0,"enemies":"Shell Parasite","floor":19,"turns":5},{"damage":0,"enemies":"Sentry and Sphere","floor":21,"turns":1},{"damage":6,"enemies":"Book of Stabbing","floor":23,"turns":7},{"damage":30,"enemies":"Slavers","floor":25,"turns":4},{"damage":0,"enemies":"Gremlin Leader","floor":27,"turns":4},{"damage":5,"enemies":"Shelled Parasite and Fungi","floor":28,"turns":4},{"damage":0,"enemies":"Slavers","floor":29,"turns":3},{"damage":2,"enemies":"Snake Plant","floor":30,"turns":5},{"damage":0,"enemies":"Collector","floor":33,"turns":5},{"damage":0,"enemies":"3 Darklings","floor":35,"turns":5},{"damage":6,"enemies":"3 Shapes","floor":39,"turns":3},{"damage":0,"enemies":"Giant Head","floor":40,"turns":5},{"damage":0,"enemies":"Nemesis","floor":45,"turns":3},{"damage":0,"enemies":"3 Darklings","floor":46,"turns":3},{"damage":0,"enemies":"Giant Head","floor":47,"turns":5},{"damage":0,"enemies":"Writhing Mass","floor":48,"turns":7},{"damage":0,"enemies":"Donu and Deca","floor":50,"turns":11}],"seed_played":"-5337918528404803270","potions_obtained":[{"floor":4,"key":"AttackPotion"},{"floor":7,"key":"Swift Potion"},{"floor":10,"key":"Fire Potion"},{"floor":12,"key":"SmokeBomb"},{"floor":14,"key":"FairyPotion"},{"floor":16,"key":"GamblersBrew"},{"floor":19,"key":"FairyPotion"},{"floor":29,"key":"Strength Potion"},{"floor":33,"key":"PowerPotion"}],"is_trial":false,"path_per_floor":["M","$","M","M","M","E","M","E","T","E","?","E","M","M","R","B",null,"M","M","?","M","$","E","R","E","T","E","M","E","M","?","R","B",null,"M","?","?","$","M","E","R","?","T","T","E","M","E","M","R","B",null],"character_chosen":"WATCHER","items_purchased":["Molten Egg 2","Omniscience","Sling","Ancient Tea Set","Apotheosis","Ice Cream","MentalFortress+1"],"campfire_rested":0,"item_purchase_floors":[2,2,22,22,22,38,38],"current_hp_per_floor":[88,88,88,84,75,74,74,74,74,65,70,51,51,45,45,45,95,95,95,95,95,95,89,89,59,66,66,61,61,59,59,59,59,102,102,102,102,102,96,96,96,96,96,96,96,96,96,98,98,100],"gold":148,"neow_bonus":"THREE_RARE_CARDS","is_daily":false,"chose_seed":false,"campfire_upgraded":5,"win_rate":0.0,"timestamp":1611885376,"path_taken":["M","$","M","M","M","E","M","E","T","E","?","E","M","M","R","BOSS","M","M","?","M","$","E","R","E","T","E","M","E","M","?","R","BOSS","M","?","?","$","M","E","R","?","T","?","E","M","E","M","R","BOSS"],"items_purchased_type":["Relic","Card","Relic","Relic","Card","Relic","Card"],"build_version":"2020-12-22","purchased_purges":3,"victory":true,"max_hp_per_floor":[90,90,90,90,90,90,90,90,90,90,95,95,95,95,95,95,95,95,95,95,95,95,95,95,95,102,102,102,102,102,102,102,102,102,102,102,102,102,102,102,102,102,102,102,102,102,102,102,102,102],"card_choices":[{"not_picked":["Establishment","Devotion"],"picked":"Brilliance","floor":0},{"not_picked":["FlurryOfBlows","Protect"],"picked":"InnerPeace","floor":1},{"not_picked":["Prostrate","ThirdEye"],"picked":"Conclude+1","floor":3},{"not_picked":["CrushJoints+1","SashWhip+1"],"picked":"EmptyFist+1","floor":4},{"not_picked":["FlurryOfBlows+1","Protect"],"picked":"DeceiveReality","floor":5},{"not_picked":["FollowUp+1","ClearTheMind"],"picked":"Tantrum+1","floor":6},{"not_picked":["ThirdEye","FlurryOfBlows+1"],"picked":"DevaForm","floor":7},{"not_picked":["LikeWater","Worship"],"picked":"Consecrate+1","floor":8},{"not_picked":["Swivel","WaveOfTheHand","Crescendo"],"picked":"SKIP","floor":10},{"not_picked":["Worship","Crescendo","ClearTheMind"],"picked":"SKIP","floor":12},{"not_picked":["Worship","Crescendo"],"picked":"ThirdEye","floor":13},{"not_picked":["EmptyBody","PathToVictory","Crescendo"],"picked":"SKIP","floor":14},{"not_picked":["LessonLearned+1","Devotion+1"],"picked":"Vault","floor":16},{"not_picked":["Worship","CrushJoints+1","Swivel"],"picked":"SKIP","floor":18},{"not_picked":["EmptyFist+1","Halt","SashWhip+1"],"picked":"SKIP","floor":19},{"not_picked":["ThirdEye","Prostrate","SashWhip+1"],"picked":"SKIP","floor":21},{"not_picked":["Alpha","CarveReality+1"],"picked":"LikeWater+1","floor":23},{"not_picked":["TalkToTheHand+1","EmptyFist+1"],"picked":"MentalFortress+1","floor":25},{"not_picked":["ReachHeaven+1","EmptyBody","EmptyFist+1"],"picked":"SKIP","floor":27},{"not_picked":["DeceiveReality","Weave+1"],"picked":"TalkToTheHand+1","floor":28},{"not_picked":["Halt","Evaluate","Protect"],"picked":"SKIP","floor":29},{"not_picked":["FearNoEvil+1","Alpha"],"picked":"WheelKick+1","floor":30},{"not_picked":["DeusExMachina","Blasphemy"],"picked":"Scrawl","floor":33},{"not_picked":["ThirdEye+1","Swivel","EmptyFist+1"],"picked":"SKIP","floor":35},{"not_picked":["Halt","SashWhip+1","ClearTheMind+1"],"picked":"SKIP","floor":39},{"not_picked":["EmptyBody","Indignation+1","Evaluate+1"],"picked":"SKIP","floor":40},{"not_picked":["ClearTheMind","ThirdEye+1","EmptyBody"],"picked":"SKIP","floor":45},{"not_picked":["Protect","Consecrate+1","MentalFortress+1"],"picked":"SKIP","floor":46},{"not_picked":["EmptyFist+1","Sanctity+1"],"picked":"InnerPeace","floor":47},{"not_picked":["EmptyFist+1","FlurryOfBlows+1"],"picked":"Fasting2+1","floor":48}],"player_experience":168247,"relics_obtained":[{"floor":6,"key":"Kunai"},{"floor":8,"key":"Bag of Marbles"},{"floor":9,"key":"Frozen Egg 2"},{"floor":10,"key":"HornCleat"},{"floor":12,"key":"Bottled Flame"},{"floor":23,"key":"MawBank"},{"floor":25,"key":"Anchor"},{"floor":26,"key":"Strawberry"},{"floor":27,"key":"Ornamental Fan"},{"floor":29,"key":"Mercury Hourglass"},{"floor":40,"key":"Lizard Tail"},{"floor":43,"key":"Calipers"},{"floor":44,"key":"Oddly Smooth Stone"},{"floor":45,"key":"PreservedInsect"},{"floor":47,"key":"Blood Vial"}],"event_choices":[{"damage_healed":0,"gold_gain":0,"player_choice":"Donut","damage_taken":0,"max_hp_gain":5,"max_hp_loss":0,"event_name":"Big Fish","floor":11,"gold_loss":0},{"damage_healed":0,"gold_gain":0,"player_choice":"Read","damage_taken":0,"max_hp_gain":0,"max_hp_loss":0,"event_name":"The Library","floor":20,"gold_loss":0,"cards_obtained":["TalkToTheHand"]},{"damage_healed":0,"gold_gain":0,"player_choice":"Ignored","damage_taken":0,"max_hp_gain":0,"max_hp_loss":0,"event_name":"Ghosts","floor":31,"gold_loss":0},{"cards_removed":["Brilliance"],"damage_healed":0,"gold_gain":0,"player_choice":"Removed Attack","damage_taken":0,"max_hp_gain":0,"max_hp_loss":0,"event_name":"Falling","floor":36,"gold_loss":0},{"damage_healed":0,"gold_gain":0,"player_choice":"Memory 1","damage_taken":0,"max_hp_gain":0,"max_hp_loss":0,"event_name":"SensoryStone","floor":37,"gold_loss":0},{"damage_healed":0,"gold_gain":0,"player_choice":"Paid","damage_taken":0,"relics_obtained":["Red Mask"],"max_hp_gain":0,"max_hp_loss":0,"event_name":"Tomb of Lord Red Mask","floor":42,"gold_loss":445}],"is_beta":false,"boss_relics":[{"not_picked":["Runic Dome","HolyWater"],"picked":"SlaversCollar"},{"not_picked":["Velvet Choker","Runic Pyramid"],"picked":"Sozu"}],"items_purged_floors":[2,22,38],"is_endless":false,"potions_floor_spawned":[4,7,10,12,14,16,19,21,23,29,33,35,40,47],"ascension_level":2}}