{"host":"9l1knhxfturzliqa","time":1611904147,"event":{"mods":["BaseMod","Colored Map","Colored Powertips","DeckTracker","Highlight Path","Keyboard Shortcuts","Minty Spire (QoL Compilation)","Random Character Button"],"gold_per_floor":[114,129,144,159,174,204,204,204,204,219,219,219,144,159,159,259,259,274,274,24,39,54,93,93,123,148,163,178,37,67,82,82,182,232,256,106,121,145,160,160,160,190,215,230,269,269,269,302,302,302],"floor_reached":51,"language":"KOR","playtime":7221,"items_purged":["Decay","Storm of Steel"],"score":873,"play_id":"5edce26b-1c82-46bd-9fe8-5e3b18570f0f","local_time":"20210129160907","daily_mods":["Shiny","ControlledChaos","Lethality"],"is_ascension_mode":false,"campfire_choices":[{"data":"Bullet Time","floor":7,"key":"SMITH"},{"data":"Night Terror","floor":12,"key":"SMITH"},{"data":"Phantasmal Killer","floor":15,"key":"SMITH"},{"data":"Adrenaline","floor":24,"key":"SMITH"},{"data":"Tools of the Trade","floor":32,"key":"SMITH"},{"data":"Venomology","floor":40,"key":"SMITH"},{"data":"Burst","floor":47,"key":"SMITH"},{"data":"Wraith Form v2","floor":49,"key":"SMITH"}],"circlet_count":0,"master_deck":["Venomology+1","Corpse Explosion","Malaise","Phantasmal Killer+1","Die Die Die","Adrenaline+1","Envenom","Doppelganger","Burst+1","Wraith Form v2+1","Tools of the Trade+1","Night Terror+1","Unload","After Image","Bullet Time+1","Glass Knife","A Thousand Cuts","Acrobatics","PiercingWail","Reflex","Prepared","Reflex","Wraith Form v2+1","CurseOfTheBell","Distraction+1","Outmaneuver+1","Acrobatics+1","Bouncing Flask+1","Prepared+1","Flechettes+1","Blur+1"],"relics":["Ring of the Snake","Frozen Eye","Akabeko","Nunchaku","Calling Bell","Oddly Smooth Stone","Meat on the Bone","Du-Vu Doll","Darkstone Periapt","Sling","CeramicFish","Regal Pillow","Toy Ornithopter","Orrery","PreservedInsect","Tiny House","Chemical X","Prayer Wheel","MealTicket","Snake Skull"],"acts_visited":["Exordium","TheCity","TheBeyond"],"potions_floor_usage":[4,5,6,6,16,16,16,16,18,18,23,27,30,33,33,33,35,39,44,45,45,50,50],"damage_taken":[{"damage":1,"enemies":"Jaw Worm","floor":1,"turns":3},{"damage":0,"enemies":"Small Slimes","floor":2,"turns":2},{"damage":0,"enemies":"Cultist","floor":3,"turns":2},{"damage":0,"enemies":"Exordium Thugs","floor":4,"turns":2},{"damage":3,"enemies":"Large Slime","floor":5,"turns":4},{"damage":0,"enemies":"Gremlin Nob","floor":6,"turns":2},{"damage":0,"enemies":"Looter","floor":10,"turns":1},{"damage":2,"enemies":"Exordium Wildlife","floor":14,"turns":2},{"damage":0,"enemies":"Hexaghost","floor":16,"turns":5},{"damage":20,"enemies":"2 Thieves","floor":18,"turns":3},{"damage":0,"enemies":"Spheric Guardian","floor":21,"turns":3},{"damage":1,"enemies":"Snecko","floor":22,"turns":4},{"damage":1,"enemies":"Slavers","floor":23,"turns":6},{"damage":0,"enemies":"Gremlin Leader","floor":25,"turns":3},{"damage":3,"enemies":"Cultist and Chosen","floor":27,"turns":5},{"damage":0,"enemies":"Shelled Parasite and Fungi","floor":28,"turns":2},{"damage":17,"enemies":"Slavers","floor":30,"turns":3},{"damage":3,"enemies":"Snake Plant","floor":31,"turns":3},{"damage":33,"enemies":"Champ","floor":33,"turns":10},{"damage":56,"enemies":"3 Darklings","floor":35,"turns":4},{"damage":6,"enemies":"3 Shapes","floor":37,"turns":2},{"damage":17,"enemies":"Spire Growth","floor":38,"turns":5},{"damage":0,"enemies":"Transient","floor":39,"turns":5},{"damage":0,"enemies":"Reptomancer","floor":42,"turns":2},{"damage":0,"enemies":"Jaw Worm Horde","floor":44,"turns":3},{"damage":0,"enemies":"Giant Head","floor":45,"turns":4},{"damage":6,"enemies":"4 Shapes","floor":48,"turns":3},{"damage":24,"enemies":"Awakened One","floor":50,"turns":12}],"seed_played":"1138922244981197753","potions_obtained":[{"floor":2,"key":"Dexterity Potion"},{"floor":3,"key":"CunningPotion"},{"floor":5,"key":"EntropicBrew"},{"floor":10,"key":"Energy Potion"},{"floor":23,"key":"Fire Potion"},{"floor":28,"key":"FearPotion"},{"floor":31,"key":"Poison Potion"},{"floor":33,"key":"SpeedPotion"},{"floor":34,"key":"Regen Potion"},{"floor":38,"key":"GamblersBrew"},{"floor":45,"key":"Fruit Juice"}],"is_trial":false,"path_per_floor":["M","M","M","M","M","E","R","?","T","M","?","R","$","M","R","B",null,"M","T","$","M","M","E","R","E","T","M","M","$","E","M","R","B",null,"M","$","M","M","M","R","?","E","T","M","E","?","R","M","R","B",null],"character_chosen":"THE_SILENT","items_purchased":["Sling","Orrery","Chemical X"],"campfire_rested":0,"item_purchase_floors":[20,29,36],"current_hp_per_floor":[69,69,69,69,66,66,66,71,71,71,71,71,71,69,69,69,75,55,55,55,55,54,53,53,53,53,55,55,55,43,40,40,48,80,41,41,47,42,62,62,62,62,62,67,81,81,81,75,75,61],"gold":302,"neow_bonus":"","is_daily":true,"chose_seed":false,"campfire_upgraded":8,"win_rate":0.0,"timestamp":1611904147,"path_taken":["M","M","M","M","M","E","R","?","T","M","?","R","$","M","R","BOSS","M","?","$","M","M","E","R","E","T","M","M","?","E","M","R","BOSS","M","$","M","M","M","R","?","E","T","M","E","?","R","M","R","BOSS"],"items_purchased_type":["Relic","Relic","Relic"],"build_version":"2020-12-22","purchased_purges":2,"victory":true,"max_hp_per_floor":[70,70,70,70,70,70,70,75,75,75,75,75,75,75,75,75,75,75,75,75,75,75,75,75,75,75,75,75,75,75,75,75,75,80,80,80,80,80,80,80,76,76,76,76,81,81,81,81,81,81],"card_choices":[{"not_picked":["Masterful Stab","Cloak And Dagger","Infinite Blades"],"picked":"SKIP","floor":1},{"not_picked":["Slice","Endless Agony"],"picked":"Acrobatics","floor":2},{"not_picked":["Bane","Finisher"],"picked":"PiercingWail","floor":3},{"not_picked":["Dagger Throw","Quick Slash","Dodge and Roll"],"picked":"SKIP","floor":4},{"not_picked":["Dagger Throw","Flying Knee","Footwork"],"picked":"SKIP","floor":5},{"not_picked":["Calculated Gamble","Endless Agony"],"picked":"Reflex","floor":6},{"not_picked":["Blade Dance","Dash"],"picked":"Prepared","floor":10},{"not_picked":["Riddle With Holes","Dodge and Roll"],"picked":"Reflex","floor":14},{"not_picked":["After Image","A Thousand Cuts"],"picked":"Wraith Form v2","floor":16},{"not_picked":["Deadly Poison","Deflect","Predator"],"picked":"SKIP","floor":18},{"not_picked":["Reflex","Slice+1","Tools of the Trade"],"picked":"SKIP","floor":21},{"not_picked":["Deflect","Terror","Prepared"],"picked":"SKIP","floor":22},{"not_picked":["Catalyst","Blade Dance"],"picked":"Distraction+1","floor":23},{"not_picked":["Infinite Blades","Backstab","Blade Dance"],"picked":"SKIP","floor":25},{"not_picked":["Dagger Spray","Sucker Punch","Bane+1"],"picked":"SKIP","floor":27},{"not_picked":["Blur","Backstab","Bane"],"picked":"SKIP","floor":28},{"not_picked":["Setup","Deadly Poison+1"],"picked":"Outmaneuver+1","floor":29},{"not_picked":["Sucker Punch+1","Malaise","Outmaneuver"],"picked":"SKIP","floor":30},{"not_picked":["Acrobatics","Dodge and Roll","Sucker Punch"],"picked":"SKIP","floor":31},{"not_picked":["Flying Knee+1","Sucker Punch"],"picked":"Acrobatics+1","floor":35},{"not_picked":["Dash","Deadly Poison+1","Flying Knee"],"picked":"SKIP","floor":37},{"not_picked":["Accuracy+1","Storm of Steel"],"picked":"Bouncing Flask+1","floor":38},{"not_picked":["Caltrops","Bane","Prepared"],"picked":"SKIP","floor":39},{"not_picked":["Slice","Dash","Catalyst+1"],"picked":"SKIP","floor":42},{"not_picked":["Dagger Spray+1","Doppelganger","Dash"],"picked":"SKIP","floor":44},{"not_picked":["Choke+1","Expertise","Flying Knee"],"picked":"SKIP","floor":44},{"not_picked":["PiercingWail+1","Leg Sweep"],"picked":"Prepared+1","floor":45},{"not_picked":["Sucker Punch","PiercingWail+1"],"picked":"Flechettes+1","floor":48},{"not_picked":["Outmaneuver+1","Terror"],"picked":"Blur+1","floor":48}],"player_experience":542619,"relics_obtained":[{"floor":6,"key":"Akabeko"},{"floor":9,"key":"Nunchaku"},{"floor":17,"key":"Oddly Smooth Stone"},{"floor":17,"key":"Meat on the Bone"},{"floor":17,"key":"Du-Vu Doll"},{"floor":19,"key":"Darkstone Periapt"},{"floor":23,"key":"CeramicFish"},{"floor":25,"key":"Regal Pillow"},{"floor":26,"key":"Toy Ornithopter"},{"floor":30,"key":"PreservedInsect"},{"floor":42,"key":"Prayer Wheel"},{"floor":43,"key":"MealTicket"},{"floor":45,"key":"Snake Skull"}],"event_choices":[{"damage_healed":0,"gold_gain":0,"player_choice":"Donut","damage_taken":0,"max_hp_gain":5,"max_hp_loss":0,"event_name":"Big Fish","floor":8,"gold_loss":0},{"damage_healed":0,"gold_gain":0,"player_choice":"Cursed","damage_taken":0,"max_hp_gain":0,"max_hp_loss":0,"event_name":"Wheel of Change","floor":11,"gold_loss":0,"cards_obtained":["Decay"]},{"damage_healed":0,"gold_gain":0,"player_choice":"Max HP","damage_taken":0,"max_hp_gain":0,"max_hp_loss":4,"event_name":"Winding Halls","floor":41,"gold_loss":0},{"cards_removed":["Grand Finale"],"damage_healed":0,"gold_gain":0,"player_choice":"Removed Attack","damage_taken":0,"max_hp_gain":0,"max_hp_loss":0,"event_name":"Falling","floor":46,"gold_loss":0}],"is_beta":false,"boss_relics":[{"not_picked":["Ring of the Serpent","WristBlade"],"picked":"Calling Bell"},{"not_picked":["Empty Cage","Runic Dome"],"picked":"Tiny House"}],"items_purged_floors":[13,20],"is_endless":false,"potions_floor_spawned":[2,3,5,10,23,28,31,33,38,45],"ascension_level":0}}