{"host":"Ringo","time":1611938669,"event":{"mods":["BaseMod","Colored Map","Conspire","Dota2Spire","Hubris","Minty Spire (QoL Compilation)","Replay The Spire","StSLib","The Construct","[IsaacMod]ÒÔÈö¼âËþ","¡¾ÒÅÎï¿¨ÅÆ¡¿REMEMod"],"gold_per_floor":[117,136,136,136,153,182,216,252,306,335,363,374,402,33,33,121,171,197,29,72,99,118,148,148,148],"floor_reached":24,"language":"ZHS","playtime":895,"items_purged":[],"score":982,"play_id":"a561e0f2-0b27-4351-ba11-a51112eaa790","local_time":"20210130004429","daily_mods":["SealedDeck","Vintage","Colorless Cards","Heirloom","Time Dilation","Flight","DeadlyEvents","Elite Swarm","Lethality","Binary"],"is_ascension_mode":true,"campfire_choices":[{"data":"Flex","floor":15,"key":"SMITH"}],"circlet_count":0,"master_deck":["AscendersBane","Shrug It Off+1","Panacea+1","construct:SuppressiveFire","Flex+1","Shrug It Off+1","Anger","Thunderclap","construct:ScopeCore","Uppercut+1","Skim","construct:Reserves+1","REME_SingleHolding+1","construct:MetalShell+1","construct:Anticipate+1"],"relics":["Burning Blood","Busted Crown","HushsDoor","REME_ComplimentaryCards","replay:Trail_Library","Counterbalance","DeadEye","MoneyPower","BFFS","Ring of Hypnosis","SalivaCoin","Paper Frog","Dota2Spire:Mjollnir","conspire:DeflatedDodgeball","MealTicket","Replay:Bottled Eggs","PunchingBag","Ornamental Fan","Champion Belt","Calipers","Tiny House","SatanicBible","SharpPlug","Chaos","Guide Book","Astrolabe","hubris:SphereOfDissonance","SacredBark"],"acts_visited":["Exordium","TheCity"],"potions_floor_usage":[8,8,16,16],"damage_taken":[{"damage":0,"enemies":"Jaw Worm","floor":1,"turns":2},{"damage":9,"enemies":"Small Slimes","floor":2,"turns":2},{"damage":0,"enemies":"Cultist","floor":5,"turns":2},{"damage":0,"enemies":"Gremlin Nob","floor":6,"turns":2},{"damage":0,"enemies":"Lagavulin","floor":7,"turns":3},{"damage":3,"enemies":"3 Sentries","floor":8,"turns":2},{"damage":0,"enemies":"Lagavulin","floor":10,"turns":2},{"damage":0,"enemies":"3 Sentries","floor":11,"turns":2},{"damage":0,"enemies":"Red Slaver","floor":12,"turns":1},{"damage":0,"enemies":"Lagavulin","floor":13,"turns":2},{"damage":13,"enemies":"The Guardian","floor":16,"turns":3},{"damage":0,"enemies":"conspire:FuzzyDice","floor":18,"turns":2},{"damage":0,"enemies":"2 Thieves","floor":20,"turns":2},{"damage":0,"enemies":"Shelled Parasite and Fungi","floor":21,"turns":2},{"damage":0,"enemies":"Cultist and Chosen","floor":22,"turns":4},{"damage":0,"enemies":"Book of Stabbing","floor":23,"turns":4},{"damage":0,"enemies":"Slavers","floor":24,"turns":1}],"seed_played":"-5247831502206686469","potions_obtained":[{"floor":2,"key":"SkillPotion"},{"floor":5,"key":"Toxic Potion"},{"floor":10,"key":"Death Potion"},{"floor":11,"key":"Venom Potion"},{"floor":17,"key":"Doom Potion"},{"floor":21,"key":"Dota2Spire:Clarity"}],"is_trial":true,"path_per_floor":["M","M","?","?","M","E","E","E","T","E","E","M","E","$","R","B",null,"M","$","M","M","M","E","E"],"character_chosen":"IRONCLAD","items_purchased":["Calipers","Warcry","SatanicBible","construct:Reserves","ReplayTheSpireMod:Limb From Limb","Chaos"],"campfire_rested":0,"item_purchase_floors":[14,14,17,17,17,19],"current_hp_per_floor":[74,71,71,71,75,75,75,75,75,75,75,75,75,75,75,68,64,64,64,64,64,64,64,64,64],"gold":148,"neow_bonus":"","is_daily":false,"chose_seed":false,"campfire_upgraded":1,"win_rate":0.0,"timestamp":1611938669,"path_taken":["M","M","?","?","M","E","E","E","T","E","E","M","E","$","R","BOSS","M","?","M","M","M","E","E"],"items_purchased_type":["Relic","Card","Relic","Card","Card","Card"],"build_version":"2020-12-18","purchased_purges":0,"victory":false,"max_hp_per_floor":[75,75,75,75,75,75,75,75,75,75,75,75,75,75,75,75,64,64,64,64,64,64,64,64,64],"card_choices":[],"player_experience":586677,"relics_obtained":[{"floor":1,"key":"MoneyPower"},{"floor":2,"key":"BFFS"},{"floor":3,"key":"Ring of Hypnosis"},{"floor":5,"key":"SalivaCoin"},{"floor":6,"key":"Paper Frog"},{"floor":7,"key":"Dota2Spire:Mjollnir"},{"floor":8,"key":"conspire:DeflatedDodgeball"},{"floor":9,"key":"MealTicket"},{"floor":10,"key":"Replay:Bottled Eggs"},{"floor":11,"key":"PunchingBag"},{"floor":12,"key":"Ornamental Fan"},{"floor":13,"key":"Champion Belt"},{"floor":18,"key":"SharpPlug"},{"floor":20,"key":"Guide Book"},{"floor":21,"key":"Astrolabe"},{"floor":22,"key":"hubris:SphereOfDissonance"},{"floor":23,"key":"SacredBark"}],"event_choices":[],"is_beta":true,"boss_relics":[{"not_picked":["ChewingGum","hubris:BlackHole"],"picked":"Tiny House"},{"not_picked":[]}],"items_purged_floors":[],"is_endless":false,"potions_floor_spawned":[2,5,10,11,21,22,23],"killed_by":"Slavers","ascension_level":20}}