{"host":"3y2rtlgteqp2nuo3","time":1611928691,"event":{"mods":["2.2 Compatiblity","AchievementEnabler","BaseMod","Colored Map","DeckTracker","Highlight Path","Keyboard Shortcuts","Minty Spire (QoL Compilation)","Permanent Neow","Quick Restart","StSLib","SuperFastMode","everything is the same but u backflip on backflip"],"gold_per_floor":[109,119,134,309,324,324,335,37,37,54,54,54,68,92,92,92,92],"floor_reached":16,"language":"KOR","playtime":309,"items_purged":["Strike_R"],"score":139,"play_id":"f9c8c3c7-0eb1-4e25-b3c4-b8ddf08d625e","local_time":"20210129225811","is_ascension_mode":true,"campfire_choices":[{"data":"Bash","floor":6.0,"key":"SMITH"},{"data":"Dropkick","floor":11.0,"key":"SMITH"},{"data":"Immolate","floor":15.0,"key":"SMITH"}],"circlet_count":0,"master_deck":["Strike_R","Strike_R","Strike_R","Defend_R","Defend_R","Defend_R","Bash+1","Dropkick+1","Headbutt","Heavy Blade","Doubt","Pommel Strike","Dropkick","Power Through","Immolate+1","True Grit"],"relics":["Burning Blood","DollysMirror","Self Forming Clay","Golden Idol"],"acts_visited":["Exordium"],"potions_floor_usage":[],"damage_taken":[{"damage":13.0,"enemies":"Jaw Worm","floor":1.0,"turns":4.0},{"damage":12.0,"enemies":"Small Slimes","floor":2.0,"turns":5.0},{"damage":0.0,"enemies":"Cultist","floor":3.0,"turns":2.0},{"damage":22.0,"enemies":"3 Louse","floor":5.0,"turns":4.0},{"damage":17.0,"enemies":"2 Fungi Beasts","floor":7.0,"turns":4.0},{"damage":10.0,"enemies":"Large Slime","floor":10.0,"turns":7.0},{"damage":10.0,"enemies":"Exordium Thugs","floor":13.0,"turns":4.0},{"damage":13.0,"enemies":"Blue Slaver","floor":14.0,"turns":4.0},{"damage":24,"enemies":"Hexaghost","floor":16,"turns":7}],"seed_played":"2725372968753950489","potions_obtained":[{"floor":2.0,"key":"SteroidPotion"},{"floor":5.0,"key":"Ancient Potion"},{"floor":10.0,"key":"FearPotion"}],"is_trial":false,"path_per_floor":["M","M","M","?","M","R","M","$","T","M","R","?","M","M","R","B"],"character_chosen":"IRONCLAD","items_purchased":["DollysMirror","Power Through"],"campfire_rested":0,"item_purchase_floors":[8,8],"current_hp_per_floor":[65,59,65,65,49,49,38,38,38,34,34,34,30,23,23,0,0],"gold":92,"neow_bonus":"REMOVE_TWO","is_daily":false,"chose_seed":false,"campfire_upgraded":3,"win_rate":0.0,"timestamp":1611928691,"path_taken":["M","M","M","?","M","R","M","$","T","M","R","?","M","M","R","BOSS"],"items_purchased_type":["Relic","Card"],"build_version":"2020-12-22","purchased_purges":1,"victory":false,"max_hp_per_floor":[72,72,72,72,72,72,72,72,72,72,72,67,67,67,67,67,67],"card_choices":[{"not_picked":["Armaments","Pommel Strike"],"picked":"Dropkick","floor":1.0},{"not_picked":["Shrug It Off","Sword Boomerang"],"picked":"Headbutt","floor":2.0},{"not_picked":["Hemokinesis","Cleave"],"picked":"Heavy Blade","floor":3.0},{"not_picked":["Perfected Strike","Fire Breathing"],"picked":"Pommel Strike","floor":5.0},{"not_picked":["Pommel Strike","Havoc","Clash"],"picked":"SKIP","floor":7.0},{"not_picked":["Sword Boomerang","Hemokinesis"],"picked":"Immolate","floor":10.0},{"not_picked":["Iron Wave","Clash","Sword Boomerang"],"picked":"SKIP","floor":13.0},{"not_picked":["Pommel Strike","Sword Boomerang"],"picked":"True Grit","floor":14.0}],"player_experience":733899,"relics_obtained":[{"floor":9.0,"key":"Self Forming Clay"}],"event_choices":[{"damage_healed":0.0,"max_hp_gain":0.0,"max_hp_loss":0.0,"gold_gain":175.0,"event_name":"Liars Game","player_choice":"AGREE","floor":4.0,"gold_loss":0.0,"damage_taken":0.0,"cards_obtained":["Doubt"]},{"damage_healed":0.0,"max_hp_gain":0.0,"max_hp_loss":5.0,"gold_gain":0.0,"event_name":"Golden Idol","player_choice":"Lose Max HP","floor":12.0,"gold_loss":0.0,"damage_taken":0.0,"relics_obtained":["Golden Idol"]}],"is_beta":false,"boss_relics":[],"items_purged_floors":[8],"is_endless":false,"potions_floor_spawned":[2,5,10,13],"killed_by":"Hexaghost","ascension_level":9}}