{"host":"1xo5g347e5o4auts","time":1611954187,"event":{"mods":["BaseMod","Minty Spire (QoL Compilation)","Permanent Neow","StSLib"],"gold_per_floor":[10,23,34,34,53,83,83,124,148,148,113,38,75,10,10,92,92,111,135,160,85,0,0,32,32,32,32,74,74,116,140,140,224,224,245,269,278,327,9,47,47,89,101,146,158,170,198,210,222,234,234],"floor_reached":50,"language":"ENG","playtime":1415,"items_purged":["Strike_P","Strike_P+1"],"score":1304,"play_id":"ceba5e1b-c698-4a5f-89b8-902717021801","local_time":"20210129230307","is_ascension_mode":true,"campfire_choices":[{"data":"Judgement","floor":7.0,"key":"SMITH"},{"data":"TalkToTheHand","floor":10.0,"key":"SMITH"},{"data":"SandsOfTime","floor":15.0,"key":"SMITH"},{"data":"Blasphemy","floor":23.0,"key":"SMITH"},{"floor":32.0,"key":"REST"},{"data":"Nirvana","floor":46,"key":"SMITH"},{"floor":49,"key":"RECALL"}],"circlet_count":0,"master_deck":["AscendersBane","Strike_P+1","Defend_P+1","Defend_P+1","Defend_P+1","Defend_P+1","Eruption","Vigilance","Brilliance","FearNoEvil","EmptyFist+1","Consecrate","Judgement+1","TalkToTheHand+1","SpiritShield","SandsOfTime+1","Blasphemy+1","BowlingBash+1","BattleHymn+1","EmptyBody+1","ClearTheMind+1","ThirdEye+1","DeusExMachina+1","Wireheading","Secret Weapon+1","Nirvana","WaveOfTheHand+1","InnerPeace+1","Tantrum","Nirvana+1"],"relics":["PureWater","Orichalcum","CeramicFish","Lantern","Nunchaku","VioletLotus","Bag of Marbles","Eternal Feather","Toxic Egg 2","Question Card","MutagenicStrength","Gambling Chip","Coffee Dripper","Toy Ornithopter","Bottled Lightning","MawBank","Torii","Darkstone Periapt"],"acts_visited":["Exordium","TheCity","TheBeyond"],"potions_floor_usage":[42],"damage_taken":[{"damage":4.0,"enemies":"Small Slimes","floor":1.0,"turns":2.0},{"damage":3.0,"enemies":"2 Louse","floor":2.0,"turns":2.0},{"damage":7.0,"enemies":"Jaw Worm","floor":3.0,"turns":2.0},{"damage":7.0,"enemies":"Exordium Wildlife","floor":5.0,"turns":3.0},{"damage":5.0,"enemies":"3 Sentries","floor":6.0,"turns":4.0},{"damage":7.0,"enemies":"Lagavulin","floor":8.0,"turns":4.0},{"damage":6.0,"enemies":"3 Sentries","floor":13.0,"turns":4.0},{"damage":21.0,"enemies":"The Guardian","floor":16.0,"turns":13.0},{"damage":2.0,"enemies":"3 Byrds","floor":18.0,"turns":3.0},{"damage":2.0,"enemies":"Shell Parasite","floor":19.0,"turns":3.0},{"damage":14.0,"enemies":"Shelled Parasite and Fungi","floor":20.0,"turns":3.0},{"damage":15.0,"enemies":"Slavers","floor":24.0,"turns":3.0},{"damage":15.0,"enemies":"Gremlin Leader","floor":28.0,"turns":4.0},{"damage":0.0,"enemies":"Slavers","floor":30.0,"turns":3.0},{"damage":0.0,"enemies":"Centurion and Healer","floor":31.0,"turns":4.0},{"damage":26.0,"enemies":"Collector","floor":33.0,"turns":6.0},{"damage":0.0,"enemies":"3 Darklings","floor":35.0,"turns":4.0},{"damage":0.0,"enemies":"Orb Walker","floor":36.0,"turns":1.0},{"damage":3.0,"enemies":"Reptomancer","floor":40.0,"turns":2.0},{"damage":21,"enemies":"Nemesis","floor":42,"turns":5},{"damage":5,"enemies":"Reptomancer","floor":44,"turns":3},{"damage":12,"enemies":"4 Shapes","floor":47,"turns":5},{"damage":60,"enemies":"Donu and Deca","floor":50,"turns":9}],"seed_played":"-8822122584533148040","potions_obtained":[{"floor":2.0,"key":"GamblersBrew"},{"floor":3.0,"key":"Regen Potion"},{"floor":5.0,"key":"DuplicationPotion"},{"floor":6.0,"key":"AttackPotion"},{"floor":8.0,"key":"FairyPotion"},{"floor":19.0,"key":"Block Potion"},{"floor":24.0,"key":"BottledMiracle"},{"floor":31.0,"key":"CultistPotion"},{"floor":42,"key":"Dexterity Potion"},{"floor":44,"key":"BlessingOfTheForge"}],"is_trial":false,"path_per_floor":["M","M","M","?","M","E","R","E","T","R","?","$","E","$","R","B",null,"M","M","M","?","?","R","E","?","T","?","E","?","E","M","R","B",null,"M","M","?","T","$","E","?","E","T","E","T","R","M","?","R","B"],"character_chosen":"WATCHER","items_purchased":["SandsOfTime","Nirvana","WaveOfTheHand+1","InnerPeace+1"],"campfire_rested":1,"item_purchase_floors":[14,39,39,39],"current_hp_per_floor":[57,54,47,47,40,47,47,40,40,40,57,57,51,51,51,30,59,57,55,41,41,41,41,26,26,26,26,11,11,11,11,43,17,55,55,55,55,55,55,52,52,36,36,31,31,49,37,37,55,0,0],"gold":234,"neow_bonus":"THREE_RARE_CARDS","is_daily":false,"chose_seed":false,"campfire_upgraded":5,"win_rate":0.0,"timestamp":1611954187,"path_taken":["M","M","M","?","M","E","R","E","T","R","?","$","E","?","R","BOSS","M","M","M","?","?","R","E","?","T","?","E","?","E","M","R","BOSS","M","M","?","?","?","E","?","E","T","E","?","R","M","?","R","BOSS"],"items_purchased_type":["Card","Card","Card","Card"],"build_version":"2020-12-22","purchased_purges":2,"victory":false,"max_hp_per_floor":[68,68,68,68,68,68,68,68,68,68,68,68,68,68,68,68,68,68,68,68,68,68,68,68,68,68,68,68,68,68,68,68,68,68,68,68,68,68,68,68,68,68,68,68,68,68,68,68,68,68,68],"card_choices":[{"not_picked":["Omniscience","Vault"],"picked":"Brilliance","floor":0.0},{"not_picked":["BowlingBash","SashWhip"],"picked":"FearNoEvil","floor":1.0},{"not_picked":["Prostrate","Perseverance"],"picked":"EmptyFist","floor":2.0},{"not_picked":["FearNoEvil","WaveOfTheHand"],"picked":"Consecrate","floor":3.0},{"not_picked":["Crescendo","EmptyBody","CutThroughFate"],"picked":"SKIP","floor":5.0},{"not_picked":["Sanctity","Perseverance"],"picked":"Judgement","floor":6.0},{"not_picked":["CutThroughFate","Conclude"],"picked":"TalkToTheHand","floor":8.0},{"not_picked":["CutThroughFate","SashWhip"],"picked":"SpiritShield","floor":13.0},{"not_picked":["SpiritShield","Devotion"],"picked":"Blasphemy","floor":16.0},{"not_picked":["Consecrate","SandsOfTime","WindmillStrike"],"picked":"SKIP","floor":18.0},{"not_picked":["Crescendo","SashWhip"],"picked":"BowlingBash+1","floor":19.0},{"not_picked":["FlyingSleeves","CrushJoints"],"picked":"BattleHymn+1","floor":20.0},{"not_picked":["Alpha","JustLucky","Pray"],"picked":"SKIP","floor":24.0},{"not_picked":["WreathOfFlame+1","JustLucky"],"picked":"EmptyBody+1","floor":28.0},{"not_picked":["FlyingSleeves","BowlingBash","SashWhip"],"picked":"ClearTheMind+1","floor":30.0},{"not_picked":["Prostrate+1","Crescendo+1","SashWhip"],"picked":"ThirdEye+1","floor":31.0},{"not_picked":["DevaForm","Brilliance","MasterReality"],"picked":"DeusExMachina+1","floor":33.0},{"not_picked":["BattleHymn","SandsOfTime","Crescendo+1"],"picked":"CutThroughFate+1","floor":35.0},{"not_picked":["Prostrate+1","DeceiveReality+1","Crescendo+1"],"picked":"Wireheading","floor":36.0},{"not_picked":["Enlightenment+1","Discovery+1","HandOfGreed"],"picked":"Secret Weapon+1","floor":37.0},{"not_picked":["Wallop+1","FearNoEvil+1","WaveOfTheHand+1"],"picked":"Tantrum","floor":40.0},{"not_picked":["CrushJoints","ThirdEye+1","FlyingSleeves"],"picked":"Nirvana","floor":42},{"not_picked":["Establishment","Conclude","Halt+1","WaveOfTheHand+1"],"picked":"SKIP","floor":44},{"not_picked":["EmptyFist+1","BowlingBash","WindmillStrike+1","FollowUp+1"],"picked":"SKIP","floor":47}],"player_experience":1381122,"relics_obtained":[{"floor":6.0,"key":"Orichalcum"},{"floor":8.0,"key":"CeramicFish"},{"floor":9.0,"key":"Lantern"},{"floor":13.0,"key":"Nunchaku"},{"floor":24.0,"key":"Eternal Feather"},{"floor":26.0,"key":"Toxic Egg 2"},{"floor":28.0,"key":"Question Card"},{"floor":30.0,"key":"Gambling Chip"},{"floor":38.0,"key":"Toy Ornithopter"},{"floor":40.0,"key":"Bottled Lightning"},{"floor":42,"key":"MawBank"},{"floor":44,"key":"Torii"},{"floor":45,"key":"Darkstone Periapt"}],"event_choices":[{"damage_healed":0.0,"max_hp_gain":0.0,"max_hp_loss":0.0,"gold_gain":0.0,"event_name":"Living Wall","player_choice":"Grow","floor":4.0,"gold_loss":0.0,"damage_taken":0.0,"cards_upgraded":["EmptyFist"]},{"damage_healed":17.0,"max_hp_gain":0.0,"max_hp_loss":0.0,"gold_gain":0.0,"event_name":"The Cleric","player_choice":"Healed","floor":11.0,"gold_loss":35.0,"damage_taken":0.0},{"cards_removed":["Strike_P"],"damage_healed":0.0,"max_hp_gain":0.0,"max_hp_loss":0.0,"gold_gain":0.0,"event_name":"Beggar","player_choice":"Gave Gold","floor":21.0,"gold_loss":75.0,"damage_taken":0.0},{"damage_healed":0.0,"max_hp_gain":0.0,"max_hp_loss":0.0,"gold_gain":0.0,"event_name":"Addict","player_choice":"Obtained Relic","floor":22.0,"gold_loss":85.0,"damage_taken":0.0,"relics_obtained":["Bag of Marbles"]},{"damage_healed":0.0,"max_hp_gain":0.0,"max_hp_loss":0.0,"gold_gain":0.0,"event_name":"Vampires","player_choice":"Ignored","floor":25.0,"gold_loss":0.0,"damage_taken":0.0},{"damage_healed":0.0,"max_hp_gain":0.0,"max_hp_loss":0.0,"gold_gain":0.0,"event_name":"Back to Basics","player_choice":"Simplicity","floor":27.0,"gold_loss":0.0,"damage_taken":0.0,"cards_upgraded":["Strike_P","Strike_P","Defend_P","Defend_P","Defend_P","Defend_P"]},{"damage_healed":0.0,"max_hp_gain":0.0,"max_hp_loss":0.0,"gold_gain":0.0,"event_name":"Drug Dealer","player_choice":"Inject Mutagens","floor":29.0,"gold_loss":0.0,"damage_taken":0.0,"relics_obtained":["MutagenicStrength"]},{"damage_healed":0.0,"max_hp_gain":0.0,"max_hp_loss":0.0,"gold_gain":0.0,"event_name":"SensoryStone","player_choice":"Memory 1","floor":37.0,"gold_loss":0.0,"damage_taken":0.0},{"cards_removed":["CutThroughFate"],"damage_healed":0.0,"max_hp_gain":0.0,"max_hp_loss":0.0,"gold_gain":0.0,"event_name":"Falling","player_choice":"Removed Attack","floor":41.0,"gold_loss":0.0,"damage_taken":0.0},{"damage_healed":0,"gold_gain":0,"player_choice":"Ignored","damage_taken":0,"max_hp_gain":0,"max_hp_loss":0,"event_name":"Tomb of Lord Red Mask","floor":48,"gold_loss":0}],"is_beta":false,"boss_relics":[{"not_picked":["Fusion Hammer","Runic Pyramid"],"picked":"VioletLotus"},{"not_picked":["SacredBark","Tiny House"],"picked":"Coffee Dripper"}],"items_purged_floors":[12,39],"is_endless":false,"potions_floor_spawned":[2,3,5,6,8,19,24,31,42,44],"killed_by":"Donu and Deca","ascension_level":20}}