{"host":"gj3450u0c4def4mj","time":1611913296,"event":{"mods":["Act Like it!","BaseMod","Gensokyo","Minty Spire (QoL Compilation)","Reimu??????","StSLib"],"gold_per_floor":[218,218,218,231,231,231,47,79,102,3,17,34,68,80,80,153,153,165,165,179,43,125,125,154,167,167,417,417,468,495,511,511,589,589,606,606,410,422,440,440,440,440,510,523,543,154,154,168,168,168],"floor_reached":51,"language":"ENG","playtime":5070,"items_purged":["Pain","Clumsy","Strike_Lin:ReiMu","Pride"],"score":1300,"play_id":"93417882-06c6-478d-bd30-a92e98e8f3e1","local_time":"20210129044136","is_ascension_mode":true,"campfire_choices":[{"floor":6,"key":"REST"},{"floor":15,"key":"REST"},{"data":"Revelation:ReiMu","floor":23,"key":"SMITH"},{"floor":28,"key":"REST"},{"floor":32,"key":"REST"},{"data":"Authority:ReiMu","floor":40,"key":"SMITH"},{"data":"Gathering:ReiMu","floor":49,"key":"SMITH"}],"circlet_count":0,"master_deck":["AscendersBane","Strike_Lin:ReiMu","Strike_Lin:ReiMu","Strike_Lin:ReiMu","Defend_Lin:ReiMu","Defend_Lin:ReiMu","Defend_Lin:ReiMu","Defend_Lin:ReiMu","NB:ReiMu","Stagnation:ReiMu","MountainWay:ReiMu","Intuition:ReiMu","FoulBorder2:ReiMu","ShadowOfCrow2:ReiMu","Enchanting:ReiMu","Gathering:ReiMu+1","SubAcupoint:ReiMu","Conquer:ReiMu","Intuition:ReiMu","SafetyPray:ReiMu","SubAcupoint:ReiMu","Authority:ReiMu+1","Revelation:ReiMu+1","PassingAway:ReiMu","Enchanting:ReiMu","LearningPray:ReiMu+1","KamiRite:ReiMu","CareerPray:ReiMu","MikOfLucky:ReiMu","SpreadBorder2:ReiMu","Intuition:ReiMu","Gensokyo:PrivateSquare","Meditation:ReiMu+1","Meditation:ReiMu","Meditation:ReiMu"],"relics":["FlyPower:ReiMu","Gensokyo:LunaticRedEyes","Strawberry","Gensokyo:NagashiBinaDoll","Potion Belt","Bag of Marbles","Bottled Flame","RedLine:ReiMu","Bottled Lightning","RuthlessExorcism:ReiMu","Centennial Puzzle","Bow_fan:ReiMu","HornCleat","Philosopher\u0027s Stone","Ornamental Fan","Gremlin Horn"],"acts_visited":["Gensokyo:Gensokyo","Gensokyo:Gensokyoer","Gensokyo:Gensokyoest"],"potions_floor_usage":[16,16,24,31,31,48,50],"damage_taken":[{"damage":5,"enemies":"Gensokyo:2_Kodama","floor":1,"turns":8},{"damage":14,"enemies":"Gensokyo:3_Fairies","floor":4,"turns":7},{"damage":8,"enemies":"Gensokyo:Aya","floor":8,"turns":9},{"damage":1,"enemies":"Gensokyo:Gryphon","floor":11,"turns":4},{"damage":8,"enemies":"Gensokyo:CorruptedTreant","floor":12,"turns":6},{"damage":14,"enemies":"Gensokyo:Cirno","floor":13,"turns":11},{"damage":2,"enemies":"Gensokyo:LivingMonolith","floor":14,"turns":5},{"damage":4,"enemies":"Gensokyo:Reimu","floor":16,"turns":13},{"damage":8,"enemies":"Gensokyo:CosmicMonolith","floor":18,"turns":8},{"damage":21,"enemies":"Gensokyo:2_Gloops","floor":20,"turns":5},{"damage":7,"enemies":"Gensokyo:Koishi","floor":24,"turns":11},{"damage":4,"enemies":"Gensokyo:Wraith","floor":25,"turns":8},{"damage":22,"enemies":"Gensokyo:Reisen","floor":30,"turns":8},{"damage":1,"enemies":"Gensokyo:Slime_Group","floor":31,"turns":7},{"damage":0,"enemies":"Gensokyo:Eternal_Rivals","floor":33,"turns":11},{"damage":0,"enemies":"Gensokyo:3_Bats","floor":35,"turns":3},{"damage":0,"enemies":"Gensokyo:AncientGuardian","floor":38,"turns":10},{"damage":5,"enemies":"Gensokyo:3_Boulders","floor":39,"turns":5},{"damage":9,"enemies":"Gensokyo:Sharpion","floor":44,"turns":7},{"damage":0,"enemies":"Gensokyo:Dusk_and_Dawn","floor":45,"turns":7},{"damage":3,"enemies":"Gensokyo:AtlasGolem","floor":48,"turns":8},{"damage":0,"enemies":"Gensokyo:Yuyuko","floor":50,"turns":10}],"seed_played":"-7704568704762919106","potions_obtained":[{"floor":8,"key":"Strength Potion"},{"floor":12,"key":"PinkPotion:ReiMu"},{"floor":13,"key":"PinkPotion:ReiMu"},{"floor":20,"key":"Energy Potion"},{"floor":24,"key":"Regen Potion"},{"floor":33,"key":"SkillPotion"},{"floor":38,"key":"LiquidMemories"},{"floor":45,"key":"SteroidPotion"},{"floor":48,"key":"BlessingOfTheForge"}],"is_trial":false,"path_per_floor":["M","?","?","M","?","R","$","E","T","$","M","M","E","M","R","B",null,"M","?","M","$","T","R","E","M","T","?","R","T","E","M","R","B",null,"M","?","$","M","M","R","?","?","T","M","M","$","?","M","R","B",null],"character_chosen":"REIMU","items_purchased":["FoulBorder2:ReiMu","ShadowOfCrow2:ReiMu","Gathering:ReiMu","SubAcupoint:ReiMu","Revelation:ReiMu","MikOfLucky:ReiMu","Gremlin Horn"],"campfire_rested":4,"item_purchase_floors":[7,7,10,10,21,37,46],"current_hp_per_floor":[49,49,46,32,32,52,52,44,44,44,43,35,21,19,39,35,59,51,51,30,30,30,30,23,19,19,19,37,37,15,29,47,47,59,59,59,59,59,54,54,54,54,54,45,45,45,45,42,42,42],"gold":168,"neow_bonus":"HUNDRED_GOLD","is_daily":false,"chose_seed":false,"campfire_upgraded":3,"win_rate":0.0,"timestamp":1611913296,"path_taken":["M","?","?","M","?","R","$","E","T","?","?","M","E","?","R","BOSS","M","?","M","$","?","R","E","M","T","?","R","?","E","?","R","BOSS","M","?","?","M","M","R","?","?","T","M","M","$","?","M","R","BOSS"],"items_purchased_type":["Card","Card","Card","Card","Card","Card","Relic"],"build_version":"2020-12-22","purchased_purges":4,"victory":true,"max_hp_per_floor":[60,60,67,67,67,67,67,67,67,67,67,67,67,67,67,67,67,67,67,67,67,67,67,67,67,67,63,63,63,63,63,63,63,63,63,63,63,63,63,63,63,63,63,63,63,63,63,63,63,63],"card_choices":[{"not_picked":["SpringWay:ReiMu","PhosphorusFlame:ReiMu"],"picked":"MountainWay:ReiMu","floor":1},{"not_picked":["TightArray:ReiMu","CareerPray:ReiMu"],"picked":"Intuition:ReiMu","floor":4},{"not_picked":["ManaGlint:ReiMu","DoubleButterfly:ReiMu"],"picked":"Enchanting:ReiMu","floor":8},{"not_picked":["SpreadBorder2:ReiMu","AlertArray:ReiMu"],"picked":"Conquer:ReiMu","floor":11},{"not_picked":["PassingAway:ReiMu","InherentArray:ReiMu"],"picked":"Intuition:ReiMu","floor":12},{"not_picked":["Meditation:ReiMu","RunawayExorcism:ReiMu"],"picked":"SafetyPray:ReiMu","floor":13},{"not_picked":["TakeOff:ReiMu","EmergencyTakeOff:ReiMu"],"picked":"SubAcupoint:ReiMu","floor":14},{"not_picked":["YinYang:ReiMu","HakureiPhantom:ReiMu"],"picked":"Authority:ReiMu","floor":16},{"not_picked":["Intuition:ReiMu","SpringWay:ReiMu","OrbThrow:ReiMu"],"picked":"SKIP","floor":18},{"not_picked":["SubcavityInstant:ReiMu","Intuition:ReiMu","Conquer:ReiMu"],"picked":"SKIP","floor":20},{"not_picked":["EmergencyTakeOff:ReiMu+1","AlertArray:ReiMu+1"],"picked":"PassingAway:ReiMu","floor":24},{"not_picked":["Conquer:ReiMu","Free:ReiMu"],"picked":"Enchanting:ReiMu","floor":25},{"not_picked":["Intuition:ReiMu","InherentArray:ReiMu","BarrageOfMoneybags:ReiMu"],"picked":"SKIP","floor":30},{"not_picked":["SubcavityInstant:ReiMu+1","Enchanting:ReiMu+1"],"picked":"LearningPray:ReiMu+1","floor":31},{"not_picked":["CeremonyResonance:ReiMu","HakureiPhantom:ReiMu"],"picked":"KamiRite:ReiMu","floor":33},{"not_picked":["DoubleButterfly:ReiMu","SubAcupoint:ReiMu"],"picked":"CareerPray:ReiMu","floor":35},{"not_picked":["InherentArray:ReiMu","Dreaming2:ReiMu"],"picked":"SpreadBorder2:ReiMu","floor":38},{"not_picked":["SubAcupoint:ReiMu+1","SubcavityInstant:ReiMu"],"picked":"Intuition:ReiMu","floor":39},{"not_picked":["Amulet:ReiMu","KamiSacrifice:ReiMu+1"],"picked":"Meditation:ReiMu+1","floor":44},{"not_picked":["OrbThrow:ReiMu","SafetyPray:ReiMu"],"picked":"Meditation:ReiMu","floor":45},{"not_picked":["SpringWay:ReiMu","UniversalSpiritual:ReiMu"],"picked":"Meditation:ReiMu","floor":48}],"player_experience":104660,"relics_obtained":[{"floor":8,"key":"Potion Belt"},{"floor":9,"key":"Bag of Marbles"},{"floor":13,"key":"Bottled Flame"},{"floor":22,"key":"Bottled Lightning"},{"floor":24,"key":"RuthlessExorcism:ReiMu"},{"floor":26,"key":"Centennial Puzzle"},{"floor":29,"key":"Bow_fan:ReiMu"},{"floor":30,"key":"HornCleat"},{"floor":43,"key":"Ornamental Fan"}],"event_choices":[],"is_beta":false,"boss_relics":[{"not_picked":["Pandora\u0027s Box","Snecko Eye"],"picked":"RedLine:ReiMu"},{"not_picked":["DonationBox:ReiMu","ShineYinYang:ReiMu"],"picked":"Philosopher\u0027s Stone"}],"items_purged_floors":[7,21,37,46],"is_endless":false,"potions_floor_spawned":[8,12,13,20,24,33,38,45,48],"ascension_level":14}}