{"host":"haq22x9zdvtvc76a","time":1611936452,"event":{"mods":["BaseMod","Downfall","Minty Spire (QoL Compilation)","StSLib"],"gold_per_floor":[99,99,99,99,119,152,152,152,302,319,319,229,259,272,286,286,286,286],"floor_reached":16,"language":"ENG","playtime":1045,"items_purged":["bronze:Strike"],"score":146,"play_id":"7614bcdf-eed0-4bee-8a19-645f3495d0a5","local_time":"20210129110732","is_ascension_mode":true,"campfire_choices":[{"floor":1,"key":"RECALL"}],"circlet_count":0,"master_deck":["bronze:Strike","bronze:Strike","bronze:Strike","bronze:Defend","bronze:Defend","bronze:Defend","bronze:Defend","bronze:Replicate","bronze:Goto","bronze:FollowUp","bronze:Constructor","bronze:HardenedForm","bronze:Shell","bronze:DazingPulse","bronze:Separator","bronze:Boost","bronze:RecursiveStrike","bronze:ChosenStrike"],"relics":["bronze:BronzeCore","downfall:HeartsMalice","Tiny Chest","Matryoshka"],"acts_visited":["Exordium"],"potions_floor_usage":[16],"damage_taken":[{"damage":0,"enemies":"Jaw Worm","floor":2,"turns":1},{"damage":0,"enemies":"2 Louse","floor":3,"turns":1},{"damage":0,"enemies":"Small Slimes","floor":4,"turns":1},{"damage":0,"enemies":"Blue Slaver","floor":5,"turns":4},{"damage":34,"enemies":"Gremlin Nob","floor":6,"turns":7},{"damage":0,"enemies":"Gremlin Nob","floor":8,"turns":5},{"damage":2,"enemies":"Exordium Wildlife","floor":10,"turns":4},{"damage":0,"enemies":"downfall:FleeingMerchant","floor":12,"turns":4},{"damage":0,"enemies":"Lagavulin","floor":13,"turns":7},{"damage":14,"enemies":"Lots of Slimes","floor":14,"turns":4},{"damage":7,"enemies":"Blue Slaver","floor":15,"turns":5},{"damage":19,"enemies":"SI_SHIV_ARCHETYPE","floor":16,"turns":8}],"seed_played":"-4790856808978389023","potions_obtained":[{"floor":5,"key":"Dexterity Potion"},{"floor":6,"key":"bronze:CleanCodePotion"},{"floor":13,"key":"Ancient Potion"},{"floor":14,"key":"Fire Potion"}],"is_trial":false,"path_per_floor":["R","M","M","M","M","E","T","?","?","M","?","$","E","M","M","B"],"character_chosen":"THE_AUTOMATON","items_purchased":[],"campfire_rested":0,"item_purchase_floors":[],"current_hp_per_floor":[70,70,70,70,70,36,36,36,36,34,34,34,34,20,13,0,0,0],"gold":286,"neow_bonus":"THREE_ENEMY_KILL","is_daily":false,"chose_seed":false,"campfire_upgraded":0,"win_rate":0.0,"timestamp":1611936452,"path_taken":["R","M","M","M","M","E","T","?","?","M","?","$","E","M","M","BOSS"],"items_purchased_type":[],"build_version":"2020-12-22","purchased_purges":1,"victory":false,"max_hp_per_floor":[70,70,70,70,70,70,70,70,70,70,70,70,70,70,70,70,70,70],"card_choices":[{"not_picked":["bronze:DelayedSlice","bronze:MaxOutput"],"picked":"bronze:FollowUp","floor":2},{"not_picked":["bronze:BugBarrage","bronze:DelayedSlice"],"picked":"bronze:Constructor","floor":3},{"not_picked":["bronze:MaxOutput","bronze:Overload","bronze:Safeguard"],"picked":"SKIP","floor":4},{"not_picked":["bronze:MaxOutput","bronze:DigitalCarnage"],"picked":"bronze:HardenedForm","floor":5},{"not_picked":["bronze:Turbo","bronze:MaxOutput"],"picked":"bronze:Shell","floor":6},{"not_picked":[],"picked":"bronze:DazingPulse","floor":8},{"not_picked":["bronze:WhirlingStrike","bronze:CutThrough"],"picked":"bronze:Separator","floor":8},{"not_picked":["bronze:Shield","bronze:Separator","bronze:Iterate"],"picked":"SKIP","floor":10},{"not_picked":["bronze:ForceShield","bronze:Turbo"],"picked":"bronze:Boost","floor":12},{"not_picked":["bronze:BronzeOrb","bronze:WildBeam"],"picked":"bronze:RecursiveStrike","floor":13},{"not_picked":["bronze:ForLoop","bronze:WildBeam"],"picked":"bronze:ChosenStrike","floor":14},{"not_picked":["bronze:Return","bronze:CutThrough","bronze:DelayedSlice"],"picked":"SKIP","floor":15}],"player_experience":1684628,"relics_obtained":[{"floor":6,"key":"Tiny Chest"},{"floor":13,"key":"Matryoshka"}],"event_choices":[{"cards_removed":["downfall:Icky"],"damage_healed":0,"gold_gain":0,"player_choice":"Card Removal","damage_taken":0,"max_hp_gain":0,"max_hp_loss":0,"event_name":"The Cleric","floor":11,"gold_loss":0}],"is_beta":false,"boss_relics":[],"items_purged_floors":[12],"is_endless":false,"potions_floor_spawned":[5,6,13,14,15],"killed_by":"SI_SHIV_ARCHETYPE","ascension_level":2}}