{"host":"9slw7l0ws16384qq","time":1611904194,"event":{"mods":["A Penny For Your Troubles","BaseMod","Colored Map","Downfall","Evolution","Hubris","Minty Spire (QoL Compilation)","Replay The Spire","StS++","StSLib"],"gold_per_floor":[99,115,135,135,135,161,187,97,114,114,264,169,169,183,198,198,198,198],"floor_reached":16,"language":"FRA","playtime":1500,"items_purged":["hexamod:Defend"],"score":100,"play_id":"37958b65-c0f5-4f8d-b4b9-d56bb42d412a","local_time":"20210129080954","is_ascension_mode":false,"campfire_choices":[{"data":"hexamod:Float","floor":1.0,"key":"SMITH"},{"data":"hexamod:Sear","floor":10.0,"key":"SMITH"}],"circlet_count":0,"master_deck":["hexamod:Strike","hexamod:Strike+1","hexamod:Strike+1","hexamod:Strike+1","hexamod:Defend","hexamod:Defend+1","hexamod:Sear+1","hexamod:Float+1","hexamod:Hexaguard","hexamod:FifthSeal","hexamod:SixthSeal","hexamod:ThirdSeal","downfall:Icky","hexamod:NightmareStrike","hexamod:WildfireWeapon","hexamod:PhantomCloak","hexamod:PhantomCloak","hexamod:NightmareGuise","hexamod:FourthSeal"],"relics":["hexamod:SpiritBrand","EVO:Axolotl","Happy Flower","StSpp:BrokenTotem"],"acts_visited":["Exordium"],"potions_floor_usage":[],"damage_taken":[{"damage":0.0,"enemies":"Cultist","floor":2.0,"turns":5.0},{"damage":2.0,"enemies":"Small Slimes","floor":3.0,"turns":4.0},{"damage":14.0,"enemies":"Gremlin Nob","floor":6.0,"turns":4.0},{"damage":0.0,"enemies":"downfall:FleeingMerchant","floor":8.0,"turns":4.0},{"damage":6.0,"enemies":"2 Louse","floor":9.0,"turns":4.0},{"damage":0.0,"enemies":"downfall:FleeingMerchant","floor":12.0,"turns":4.0},{"damage":14.0,"enemies":"Red Slaver","floor":14.0,"turns":4.0},{"damage":13,"enemies":"Large Slime","floor":15,"turns":8},{"damage":33,"enemies":"WA_ARCHETYPE_RETAIN","floor":16,"turns":6}],"seed_played":"6546875019956811879","potions_obtained":[{"floor":2.0,"key":"Dexterity Potion"},{"floor":6.0,"key":"Strength Potion"},{"floor":15,"key":"StSpp:ScatteredPotion"}],"is_trial":false,"path_per_floor":["R","M","M","?","?","E","T","$","M","R","?","$","?","M","M","B"],"character_chosen":"THE_SPIRIT","items_purchased":["hexamod:PhantomCloak"],"campfire_rested":0,"item_purchase_floors":[12],"current_hp_per_floor":[77,77,75,75,75,61,61,61,55,55,55,55,55,41,28,0,0,0],"gold":198,"neow_bonus":"TEN_PERCENT_HP_BONUS","is_daily":false,"chose_seed":false,"campfire_upgraded":2,"win_rate":0.0,"timestamp":1611904194,"path_taken":["R","M","M","?","?","E","T","$","M","R","?","$","?","?","M","BOSS"],"items_purchased_type":["Card"],"build_version":"2020-12-22","purchased_purges":1,"victory":false,"max_hp_per_floor":[77,77,77,77,77,77,77,77,77,77,77,77,77,77,77,77,77,77],"card_choices":[{"not_picked":["hexamod:GhostLash","hexamod:RadiantFlame","hexamod:SpectralAdrenaline"],"picked":"SKIP","floor":2.0},{"not_picked":["hexamod:Incineration","hexamod:SpectralAdrenaline"],"picked":"hexamod:Hexaguard","floor":3.0},{"not_picked":["hexamod:EtherealExpedition","hexamod:GhostShield"],"picked":"hexamod:FifthSeal","floor":6.0},{"not_picked":["hexamod:FirstSeal","hexamod:ThirdSeal"],"picked":"hexamod:SixthSeal","floor":8.0},{"not_picked":["hexamod:Incineration","hexamod:AdvancingGuard","hexamod:InspiringFlames"],"picked":"SKIP","floor":8.0},{"not_picked":["hexamod:SixthSeal","hexamod:SecondSeal"],"picked":"hexamod:ThirdSeal","floor":9.0},{"not_picked":["hexamod:EtherealExpedition","hexamod:ChargedBarrage","hexamod:ThermalTransfer"],"picked":"SKIP","floor":9.0},{"not_picked":["hexamod:ThirdSeal","hexamod:InspiringFlames"],"picked":"hexamod:NightmareStrike","floor":12.0},{"not_picked":["hexamod:CatchUp","hexamod:ForkedFlame"],"picked":"hexamod:WildfireWeapon","floor":12.0},{"not_picked":["hexamod:GhostOfSpirePast","hexamod:ExtraCrispy"],"picked":"hexamod:NightmareGuise","floor":14.0},{"not_picked":["hexamod:SpectersWail","hexamod:SkipABeat","hexamod:Again"],"picked":"SKIP","floor":14.0},{"not_picked":["hexamod:FirstSeal","hexamod:ThirdSeal"],"picked":"hexamod:FourthSeal","floor":15},{"not_picked":["hexamod:Again","hexamod:InspiringFlames","hexamod:ExtraCrispy"],"picked":"SKIP","floor":15},{"not_picked":["hexamod:Again","hexamod:BacktrackSmack","hexamod:FastForward"],"picked":"SKIP","floor":15}],"player_experience":1524590,"relics_obtained":[{"floor":6.0,"key":"Happy Flower"},{"floor":7.0,"key":"StSpp:BrokenTotem"}],"event_choices":[{"cards_removed":["hexamod:Defend"],"damage_healed":0.0,"max_hp_gain":0.0,"max_hp_loss":0.0,"gold_gain":0.0,"event_name":"The Cleric","player_choice":"Card Removal","floor":4.0,"gold_loss":0.0,"damage_taken":0.0}],"is_beta":false,"boss_relics":[],"items_purged_floors":[8],"is_endless":false,"potions_floor_spawned":[2,6,15],"killed_by":"WA_ARCHETYPE_RETAIN","ascension_level":0}}