{"host":"q2j4ef1ti78v4imq","time":1611939258,"event":{"mods":["AchievementEnabler","BaseMod","Better Altar","Better Match","Better Note","Better Sensory Stone","Better Skull","Better Third Choice","Block Reminder","Hermit","Minty Spire (QoL Compilation)","Relic Stats","Replay The Spire","Shade Mod","StSLib"],"gold_per_floor":[115,128,128,4,4,29,29,55,55,65,75,3,3,3,3,76,76,89,107,107,107,124,124,154,154,154,165,165,194,194,48,48,124,124,134,202,74,74,48,48,77,93,93,93,93,120,120,120],"floor_reached":47,"language":"ENG","playtime":2128,"items_purged":["Pain"],"score":969,"play_id":"38fcaa5a-5b7f-4b68-8703-35483f8c4419","local_time":"20210129165418","is_ascension_mode":true,"campfire_choices":[{"data":"Zap","floor":7,"key":"SMITH"},{"floor":23,"key":"REST"},{"data":"Defragment","floor":25,"key":"SMITH"},{"floor":28,"key":"REST"},{"floor":30,"key":"REST"},{"data":"Defragment","floor":32,"key":"SMITH"},{"data":"Dualcast","floor":40,"key":"SMITH"},{"floor":44,"key":"REST"}],"circlet_count":0,"master_deck":["AscendersBane","Strike_B","Strike_B","Strike_B","Defend_B","Defend_B","Defend_B","Zap+1","Dualcast+1","Sweeping Beam","Capacitor","Stack","Chill","Conserve Battery","Coolheaded","Reboot","Static Discharge+1","Buffer","Loop","Cold Snap","Echo Form","Defragment+1","Sunder","Defragment+1","Leap","Machine Learning","Crystallizer","Capacitor","Turbo","Redo+1","Loop","Leap+1","Static Discharge"],"relics":["Cracked Core","Replay:Wax Seal","MealTicket","Replay:WaspNest","SacredBark","Replay:Ringing Soul","HornCleat","PreservedInsect","Gremlin Food","Nuclear Battery","ReplayTheSpireMod:Lightbulb","InkBottle","Ancient Tea Set","Akabeko"],"acts_visited":["Exordium","TheCity","TheBeyond"],"potions_floor_usage":[8,8,8,22,29,38],"damage_taken":[{"damage":0,"enemies":"Cultist","floor":1,"turns":3},{"damage":8,"enemies":"Small Slimes","floor":2,"turns":3},{"damage":44,"enemies":"Gremlin Nob","floor":6,"turns":5},{"damage":15,"enemies":"Lagavulin","floor":8,"turns":6},{"damage":2,"enemies":"2 Louse","floor":10,"turns":2},{"damage":10,"enemies":"2 Fungi Beasts","floor":11,"turns":4},{"damage":34,"enemies":"Hexaghost","floor":16,"turns":9},{"damage":15,"enemies":"Spheric Guardian","floor":18,"turns":5},{"damage":6,"enemies":"3 Byrds","floor":19,"turns":3},{"damage":18,"enemies":"Snecko","floor":22,"turns":5},{"damage":52,"enemies":"Slavers","floor":24,"turns":5},{"damage":25,"enemies":"Snake Plant","floor":27,"turns":4},{"damage":20,"enemies":"Book of Stabbing","floor":29,"turns":6},{"damage":51,"enemies":"Collector","floor":33,"turns":7},{"damage":20,"enemies":"Orb Walker","floor":35,"turns":6},{"damage":19,"enemies":"2 Orb Walkers","floor":38,"turns":2},{"damage":36,"enemies":"Reptomancer","floor":41,"turns":10},{"damage":14,"enemies":"3 Shapes","floor":42,"turns":5},{"damage":39,"enemies":"Nemesis","floor":46,"turns":7},{"damage":21,"enemies":"3 Darklings","floor":47,"turns":2}],"seed_played":"-4868381326021117986","potions_obtained":[{"floor":6,"key":"EntropicBrew"},{"floor":10,"key":"SneckoOil"},{"floor":11,"key":"FairyPotion"},{"floor":27,"key":"SkillPotion"},{"floor":29,"key":"SmokeBomb"},{"floor":35,"key":"Fire Potion"},{"floor":42,"key":"Fire Potion"}],"is_trial":false,"path_per_floor":["M","M","?","$","?","E","R","E","T","M","M","$","?","$","R","B",null,"M","M","?","?","M","R","E","R","T","M","R","E","R","$","R","B",null,"M","?","$","?","$","R","E","M","T","R","?","E","M"],"character_chosen":"DEFECT","items_purchased":["Capacitor","Stack","Static Discharge","Gremlin Food","Turbo","Redo"],"campfire_rested":4,"item_purchase_floors":[4,4,12,31,37,39],"current_hp_per_floor":[71,63,63,63,78,34,34,19,19,17,7,22,22,37,60,26,65,50,44,25,25,7,30,30,30,30,8,33,16,42,57,57,9,70,50,53,71,52,70,70,37,26,26,57,57,21,0,0],"gold":120,"neow_bonus":"TEN_PERCENT_HP_BONUS","is_daily":false,"chose_seed":false,"campfire_upgraded":4,"win_rate":0.0,"timestamp":1611939258,"path_taken":["M","M","?","?","?","E","R","E","T","M","?","$","?","?","R","BOSS","M","?","?","?","M","R","E","R","T","M","R","E","R","$","R","BOSS","M","?","$","?","$","R","E","M","T","R","?","E","M"],"items_purchased_type":["Card","Card","Card","Relic","Card","Card"],"build_version":"2020-12-22","purchased_purges":1,"victory":false,"max_hp_per_floor":[78,78,78,78,78,78,78,78,78,78,78,78,78,78,78,78,78,78,78,78,78,78,78,81,81,81,84,84,87,87,87,87,90,90,90,93,96,96,99,99,102,105,105,105,105,108,108,108],"relic_stats":{"counters":[20,98],"MealTicket":75,"PreservedInsect":110,"obtain_stats":[{"Gremlin Food":31,"SacredBark":17,"Replay:WaspNest":9,"PreservedInsect":29,"Ancient Tea Set":43,"Akabeko":46,"Nuclear Battery":34,"Replay:Ringing Soul":24,"HornCleat":26,"MealTicket":8,"Replay:Wax Seal":6,"Cracked Core":0,"ReplayTheSpireMod:Lightbulb":36,"InkBottle":41},{"Gremlin Food":13,"SacredBark":7,"Replay:WaspNest":4,"PreservedInsect":13,"Ancient Tea Set":18,"Akabeko":19,"Nuclear Battery":14,"Replay:Ringing Soul":11,"HornCleat":11,"MealTicket":4,"Replay:Wax Seal":3,"Cracked Core":0,"ReplayTheSpireMod:Lightbulb":15,"InkBottle":17},{"Gremlin Food":60,"SacredBark":32,"Replay:WaspNest":17,"PreservedInsect":60,"Ancient Tea Set":89,"Akabeko":96,"Nuclear Battery":67,"Replay:Ringing Soul":50,"HornCleat":50,"MealTicket":17,"Replay:Wax Seal":11,"Cracked Core":0,"ReplayTheSpireMod:Lightbulb":72,"InkBottle":84}],"InkBottle":[6]},"card_choices":[{"not_picked":["Barrage","Turbo"],"picked":"Sweeping Beam","floor":1},{"not_picked":["Sweeping Beam","Streamline","Reprogram"],"picked":"SKIP","floor":2},{"not_picked":["Stack","Hologram"],"picked":"Chill","floor":6},{"not_picked":["Force Field","Tempest"],"picked":"Conserve Battery","floor":8},{"not_picked":["Go for the Eyes","Stack"],"picked":"Coolheaded","floor":10},{"not_picked":["Chaos","Crystallizer"],"picked":"Reboot","floor":11},{"not_picked":["Fission","ReplayRNGCard"],"picked":"Buffer","floor":16},{"not_picked":["Leap","Redo"],"picked":"Loop","floor":18},{"not_picked":["BasicCrystalCard","Beam Cell"],"picked":"Cold Snap","floor":19},{"not_picked":["Loop","Conserve Battery"],"picked":"Defragment","floor":22},{"not_picked":["Panic Button","Time Bomb"],"picked":"Sunder","floor":24},{"not_picked":["Sweeping Beam","Cold Snap"],"picked":"Defragment","floor":27},{"not_picked":["Echo Form","White Noise"],"picked":"Leap","floor":29},{"not_picked":["Echo Form","Buffer"],"picked":"Machine Learning","floor":33},{"not_picked":["Compile Driver+1","Ball Lightning","Conserve Battery"],"picked":"SKIP","floor":35},{"not_picked":["Cold Snap","Steam"],"picked":"Crystallizer","floor":36},{"not_picked":["ReplayGash","BasicCrystalCard+1"],"picked":"Capacitor","floor":36},{"not_picked":["Redo","Sweeping Beam+1"],"picked":"Loop","floor":41},{"not_picked":["Stack","Gash"],"picked":"Leap+1","floor":42},{"not_picked":["Steam","Barrage"],"picked":"Static Discharge","floor":46}],"player_experience":865916,"relics_obtained":[{"floor":6,"key":"Replay:Wax Seal"},{"floor":8,"key":"MealTicket"},{"floor":9,"key":"Replay:WaspNest"},{"floor":24,"key":"Replay:Ringing Soul"},{"floor":26,"key":"HornCleat"},{"floor":29,"key":"PreservedInsect"},{"floor":36,"key":"ReplayTheSpireMod:Lightbulb"},{"floor":41,"key":"InkBottle"},{"floor":43,"key":"Ancient Tea Set"},{"floor":46,"key":"Akabeko"}],"event_choices":[{"cards_removed":["Defend_B"],"damage_healed":0,"gold_gain":0,"player_choice":"Offered Basic","damage_taken":0,"max_hp_gain":0,"max_hp_loss":0,"event_name":"Bonfire Elementals","floor":3,"gold_loss":0},{"damage_healed":15,"gold_gain":0,"player_choice":"Full Heal","damage_taken":0,"max_hp_gain":0,"max_hp_loss":0,"event_name":"Wheel of Change","floor":5,"gold_loss":0},{"damage_healed":0,"gold_gain":0,"player_choice":"Ignored","damage_taken":0,"max_hp_gain":0,"max_hp_loss":0,"event_name":"WeMeetAgain","floor":13,"gold_loss":0},{"damage_healed":0,"gold_gain":2,"player_choice":"2","damage_taken":0,"max_hp_gain":0,"max_hp_loss":19,"event_name":"betterStone:BetterStone","floor":20,"gold_loss":0},{"damage_healed":0,"gold_gain":0,"player_choice":"Adaptability","damage_taken":0,"max_hp_gain":0,"max_hp_loss":0,"event_name":"betterThird:BetterWriting","floor":21,"gold_loss":0},{"damage_healed":0,"gold_gain":0,"player_choice":"Fight","damage_taken":0,"max_hp_gain":0,"max_hp_loss":0,"event_name":"Mysterious Sphere","floor":38,"gold_loss":0},{"cards_removed":["Strike_B"],"damage_healed":0,"gold_gain":0,"player_choice":"Removed Attack","damage_taken":0,"max_hp_gain":0,"max_hp_loss":0,"event_name":"Falling","floor":45,"gold_loss":0}],"is_beta":false,"boss_relics":[{"not_picked":["Ectoplasm","Sozu"],"picked":"SacredBark"},{"not_picked":["Snecko Eye","Coffee Dripper"],"picked":"Nuclear Battery"}],"items_purged_floors":[37],"is_endless":false,"potions_floor_spawned":[6,10,11,27,29,35,42],"killed_by":"3 Darklings","ascension_level":15}}