{"host":"pdsyh71gl8fwuuoe","time":1611885616,"event":{"mods":["AchievementEnabler","BaseMod","Bestiary","Colored Powertips","Curses Come First","Custom Start","Highlight Path","Minty Spire (QoL Compilation)","Permanent Neow","Quick Restart","Relic Stats","StSLib"],"gold_per_floor":[110,126,76,56,73,104,104,133,156,175,13,13,29,29,29,133,133,150,350,360,86,102,102,23,56,56,56,56,68,268,30,30,128,128,143,154,154,16,30,30,57,71,71,71,71,82,82,116,116,116],"floor_reached":51,"language":"ENG","playtime":4212,"items_purged":["Strike_G","Strike_G","Dagger Spray"],"score":1125,"play_id":"be5b90e7-b58e-450e-8d0e-4b077c5740e4","local_time":"20210128210016","is_ascension_mode":true,"campfire_choices":[{"data":"Deadly Poison","floor":7.0,"key":"SMITH"},{"floor":12.0,"key":"REST"},{"data":"Crippling Poison","floor":15.0,"key":"SMITH"},{"data":"Adrenaline","floor":23.0,"key":"SMITH"},{"data":"Wraith Form v2","floor":27.0,"key":"SMITH"},{"data":"Catalyst","floor":32.0,"key":"SMITH"},{"data":"Noxious Fumes","floor":40.0,"key":"SMITH"},{"data":"Night Terror","floor":45.0,"key":"SMITH"},{"floor":49.0,"key":"REST"}],"circlet_count":0,"master_deck":["AscendersBane","Defend_G","Defend_G","Defend_G","Defend_G","Defend_G","Survivor","Neutralize","Bane+1","Flying Knee","Deadly Poison+1","Calculated Gamble","Deflect","Crippling Poison+1","Noxious Fumes+1","Noxious Fumes","Adrenaline+1","Cloak And Dagger","Backflip+1","Wraith Form v2+1","Slice+1","Dodge and Roll+1","Catalyst+1","Infinite Blades","Tools of the Trade","Slice","Adrenaline+1","Night Terror+1","Caltrops","Noxious Fumes","Bane+1"],"relics":["Ring of the Snake","Dream Catcher","Ancient Tea Set","Potion Belt","WristBlade","Membership Card","OrangePellets","Bronze Scales","Mercury Hourglass","White Beast Statue","Whetstone","SlaversCollar","DollysMirror","Happy Flower","Blue Candle","Juzu Bracelet"],"acts_visited":["Exordium","TheCity","TheBeyond"],"potions_floor_usage":[50,50,50,50,50],"damage_taken":[{"damage":0.0,"enemies":"Small Slimes","floor":1.0,"turns":3.0},{"damage":0.0,"enemies":"Jaw Worm","floor":2.0,"turns":3.0},{"damage":0.0,"enemies":"Cultist","floor":5.0,"turns":3.0},{"damage":22.0,"enemies":"Lagavulin","floor":6.0,"turns":6.0},{"damage":14.0,"enemies":"3 Sentries","floor":8.0,"turns":11.0},{"damage":3.0,"enemies":"Red Slaver","floor":10.0,"turns":4.0},{"damage":0.0,"enemies":"3 Louse","floor":13.0,"turns":1.0},{"damage":19.0,"enemies":"The Guardian","floor":16.0,"turns":8.0},{"damage":2.0,"enemies":"Shell Parasite","floor":18.0,"turns":5.0},{"damage":9.0,"enemies":"2 Thieves","floor":20.0,"turns":4.0},{"damage":2.0,"enemies":"Cultist and Chosen","floor":22.0,"turns":4.0},{"damage":1.0,"enemies":"Gremlin Leader","floor":25.0,"turns":6.0},{"damage":2.0,"enemies":"Centurion and Healer","floor":29.0,"turns":5.0},{"damage":15.0,"enemies":"Champ","floor":33.0,"turns":11.0},{"damage":7.0,"enemies":"3 Shapes","floor":35.0,"turns":3.0},{"damage":11.0,"enemies":"Orb Walker","floor":36.0,"turns":4.0},{"damage":0.0,"enemies":"Maw","floor":39.0,"turns":6.0},{"damage":0.0,"enemies":"Giant Head","floor":41.0,"turns":6.0},{"damage":2.0,"enemies":"4 Shapes","floor":42.0,"turns":4.0},{"damage":0.0,"enemies":"Transient","floor":46.0,"turns":5.0},{"damage":26.0,"enemies":"Reptomancer","floor":48.0,"turns":4.0},{"damage":5,"enemies":"Donu and Deca","floor":50,"turns":7}],"seed_played":"-7927936137181799456","potions_obtained":[{"floor":1.0,"key":"LiquidMemories"},{"floor":2.0,"key":"Explosive Potion"},{"floor":4.0,"key":"Fire Potion"},{"floor":13.0,"key":"Fire Potion"},{"floor":16.0,"key":"EssenceOfSteel"},{"floor":20.0,"key":"Fire Potion"},{"floor":29.0,"key":"Strength Potion"},{"floor":33.0,"key":"LiquidBronze"},{"floor":35.0,"key":"SpeedPotion"},{"floor":36.0,"key":"Poison Potion"},{"floor":41.0,"key":"EssenceOfSteel"},{"floor":48.0,"key":"PowerPotion"}],"is_trial":false,"path_per_floor":["M","M","?","?","M","E","R","E","T","M","$","R","M","$","R","B",null,"M","?","M","$","M","R","$","E","T","R","$","M","?","$","R","B",null,"M","M","?","$","M","R","E","M","T","?","R","M","?","E","R","B",null],"character_chosen":"THE_SILENT","items_purchased":["Noxious Fumes","Dagger Spray","Membership Card","Wraith Form v2","OrangePellets","Infinite Blades","White Beast Statue","Whetstone","DollysMirror"],"campfire_rested":2,"item_purchase_floors":[11,11,21,21,24,31,31,31,38],"current_hp_per_floor":[63,63,63,63,63,41,41,27,27,24,24,42,42,42,42,23,53,51,51,42,42,40,40,40,39,39,39,39,37,37,37,37,22,53,46,35,35,35,35,35,35,33,33,33,33,33,33,7,25,20],"gold":116,"neow_bonus":"TRANSFORM_TWO_CARDS","is_daily":false,"chose_seed":false,"campfire_upgraded":7,"win_rate":0.0,"timestamp":1611885616,"path_taken":["M","M","?","?","M","E","R","E","T","?","$","R","M","?","R","BOSS","M","?","M","$","M","R","$","E","T","R","?","M","?","$","R","BOSS","M","?","?","?","M","R","E","M","T","?","R","?","?","E","R","BOSS"],"items_purchased_type":["Card","Card","Relic","Card","Relic","Card","Relic","Relic","Relic"],"build_version":"2020-12-22","purchased_purges":3,"victory":true,"max_hp_per_floor":[63,63,63,63,63,63,63,63,63,63,63,63,63,63,63,63,63,63,63,63,63,63,63,63,63,63,63,63,63,63,63,63,63,63,63,63,63,63,63,63,63,63,63,63,63,63,60,60,60,60],"relic_stats":{"OrangePellets":[14],"Dream Catcher":2,"Happy Flower":[6],"counters":[22,113],"Bronze Scales":[141],"Blue Candle":[0],"Juzu Bracelet":0,"Whetstone":["Slice","Bane"],"obtain_stats":[{"Potion Belt":9,"Happy Flower":41,"Blue Candle":43,"Juzu Bracelet":48,"Whetstone":31,"Ancient Tea Set":8,"White Beast Statue":31,"Mercury Hourglass":26,"OrangePellets":24,"SlaversCollar":34,"Dream Catcher":6,"WristBlade":17,"DollysMirror":38,"Bronze Scales":25,"Membership Card":21,"Ring of the Snake":0},{"Potion Belt":5,"Happy Flower":18,"Blue Candle":19,"Juzu Bracelet":21,"Whetstone":13,"Ancient Tea Set":5,"White Beast Statue":13,"Mercury Hourglass":12,"OrangePellets":11,"SlaversCollar":14,"Dream Catcher":4,"WristBlade":8,"DollysMirror":16,"Bronze Scales":12,"Membership Card":10,"Ring of the Snake":0},{"Potion Belt":26,"Happy Flower":93,"Blue Candle":97,"Juzu Bracelet":106,"Whetstone":63,"Ancient Tea Set":26,"White Beast Statue":63,"Mercury Hourglass":58,"OrangePellets":52,"SlaversCollar":74,"Dream Catcher":15,"WristBlade":39,"DollysMirror":81,"Bronze Scales":58,"Membership Card":48,"Ring of the Snake":0}],"Ring of the Snake":[44],"Mercury Hourglass":[213]},"card_choices":[{"not_picked":["Caltrops","Heel Hook"],"picked":"Flying Knee","floor":1.0},{"not_picked":["Blur","Sucker Punch"],"picked":"Deadly Poison","floor":2.0},{"not_picked":["Expertise","Flechettes"],"picked":"Calculated Gamble","floor":5.0},{"not_picked":["Blur","Prepared"],"picked":"Deflect","floor":6.0},{"not_picked":["Deadly Poison","Prepared"],"picked":"Crippling Poison","floor":8.0},{"not_picked":["Blur","Dash"],"picked":"Noxious Fumes","floor":10.0},{"not_picked":["Terror","Deflect","Flying Knee"],"picked":"SKIP","floor":13.0},{"not_picked":["Bullet Time","Malaise"],"picked":"Adrenaline","floor":16.0},{"not_picked":["Underhanded Strike","Prepared"],"picked":"Cloak And Dagger","floor":18.0},{"not_picked":["Expertise","Outmaneuver"],"picked":"Backflip+1","floor":20.0},{"not_picked":["Masterful Stab","Flying Knee"],"picked":"Slice","floor":22.0},{"not_picked":["Cloak And Dagger","Blur"],"picked":"Dodge and Roll+1","floor":25.0},{"not_picked":["All Out Attack+1","Deadly Poison"],"picked":"Catalyst","floor":29.0},{"not_picked":["Unload","A Thousand Cuts"],"picked":"Tools of the Trade","floor":33.0},{"not_picked":["Deadly Poison","Outmaneuver+1","Reflex"],"picked":"SKIP","floor":35.0},{"not_picked":["Dash","Sucker Punch+1"],"picked":"Slice","floor":36.0},{"not_picked":["Dash+1","Accuracy+1"],"picked":"Night Terror","floor":39.0},{"not_picked":["Backflip","Dagger Throw"],"picked":"Caltrops","floor":41.0},{"not_picked":["Slice","Flying Knee+1"],"picked":"Noxious Fumes","floor":42.0},{"not_picked":["Acrobatics+1","Deadly Poison","Dagger Spray+1"],"picked":"SKIP","floor":46.0},{"not_picked":["Masterful Stab","Blur+1","Dodge and Roll"],"picked":"SKIP","floor":48.0},{"not_picked":["Slice+1","Dash"],"picked":"Bane+1","floor":49.0}],"player_experience":545329,"relics_obtained":[{"floor":6.0,"key":"Dream Catcher"},{"floor":8.0,"key":"Ancient Tea Set"},{"floor":9.0,"key":"Potion Belt"},{"floor":25.0,"key":"Bronze Scales"},{"floor":26.0,"key":"Mercury Hourglass"},{"floor":41.0,"key":"Happy Flower"},{"floor":43.0,"key":"Blue Candle"},{"floor":48.0,"key":"Juzu Bracelet"}],"event_choices":[{"cards_removed":["Strike_G"],"damage_healed":0.0,"max_hp_gain":0.0,"max_hp_loss":0.0,"gold_gain":0.0,"event_name":"The Cleric","player_choice":"Card Removal","floor":3.0,"gold_loss":50.0,"damage_taken":0.0},{"damage_healed":0.0,"max_hp_gain":0.0,"max_hp_loss":0.0,"gold_gain":0.0,"event_name":"The Woman in Blue","player_choice":"Bought 1 Potion","floor":4.0,"gold_loss":0.0,"damage_taken":0.0},{"damage_healed":0.0,"max_hp_gain":0.0,"max_hp_loss":0.0,"gold_gain":200.0,"event_name":"Wheel of Change","player_choice":"Gold","floor":19.0,"gold_loss":0.0,"damage_taken":0.0},{"damage_healed":0.0,"max_hp_gain":0.0,"max_hp_loss":0.0,"gold_gain":250.0,"event_name":"The Joust","player_choice":"Bet on Owner","floor":30.0,"gold_loss":50.0,"damage_taken":0.0},{"damage_healed":0.0,"max_hp_gain":0.0,"max_hp_loss":0.0,"gold_gain":0.0,"event_name":"Match and Keep!","player_choice":"0 cards matched","floor":37.0,"gold_loss":0.0,"damage_taken":0.0,"cards_obtained":[]},{"cards_removed":["Slice"],"damage_healed":0.0,"max_hp_gain":0.0,"max_hp_loss":0.0,"gold_gain":0.0,"event_name":"Falling","player_choice":"Removed Attack","floor":44.0,"gold_loss":0.0,"damage_taken":0.0},{"damage_healed":0.0,"max_hp_gain":0.0,"max_hp_loss":3.0,"gold_gain":0.0,"event_name":"Winding Halls","player_choice":"Max HP","floor":47.0,"gold_loss":0.0,"damage_taken":0.0}],"is_beta":false,"boss_relics":[{"not_picked":["Velvet Choker","Sozu"],"picked":"WristBlade"},{"not_picked":["Coffee Dripper","Fusion Hammer"],"picked":"SlaversCollar"}],"items_purged_floors":[11,21,38],"is_endless":false,"potions_floor_spawned":[1,2,13,16,20,29,33,35,36,39,41,42,46,48],"ascension_level":10}}