{"host":"2j5d0uw0vihq8b8w","time":1611959162,"event":{"mods":["2.2 Compatiblity","AchievementEnabler","BaseMod","BetterRewards","Colored Map","Colored Powertips","Custom Start","DeckTracker","Minty Spire (QoL Compilation)","Permanent Neow","Quick Restart","Rare Cards Sparkle","StSLib","SuperFastMode"],"gold_per_floor":[112,187,204,221,221,221,247,267,267,192,192,212,225,225,225],"floor_reached":14,"language":"KOR","playtime":804,"items_purged":["Strike_G"],"score":184,"play_id":"b2fe491d-0b85-44e3-8dfe-93d9938b47c4","local_time":"20210130072602","is_ascension_mode":true,"campfire_choices":[{"data":"Dagger Spray","floor":6.0,"key":"SMITH"},{"floor":11,"key":"REST"}],"circlet_count":0,"master_deck":["AscendersBane","Strike_G","Strike_G","Strike_G","Strike_G","Defend_G","Defend_G","Defend_G","Defend_G","Defend_G","Survivor","Neutralize","Dagger Spray+1","Well Laid Plans","Backflip","Footwork"],"relics":["Black Star","Blue Candle","Shovel","Vajra","Pantograph"],"acts_visited":["Exordium"],"potions_floor_usage":[14],"damage_taken":[{"damage":5.0,"enemies":"2 Louse","floor":1.0,"turns":6.0},{"damage":7.0,"enemies":"Jaw Worm","floor":3.0,"turns":5.0},{"damage":4.0,"enemies":"Small Slimes","floor":4.0,"turns":4.0},{"damage":16.0,"enemies":"3 Sentries","floor":7.0,"turns":9.0},{"damage":13,"enemies":"Exordium Thugs","floor":8,"turns":4},{"damage":0,"enemies":"Exordium Wildlife","floor":12,"turns":1},{"damage":0,"enemies":"2 Fungi Beasts","floor":13,"turns":4},{"damage":32,"enemies":"Gremlin Nob","floor":14,"turns":4}],"seed_played":"-2213490257549648630","potions_obtained":[{"floor":3.0,"key":"GhostInAJar"},{"floor":12,"key":"Ancient Potion"}],"is_trial":false,"path_per_floor":["M","?","M","M","T","R","E","M","T","$","R","M","M","E"],"character_chosen":"THE_SILENT","items_purchased":[],"campfire_rested":1,"item_purchase_floors":[],"current_hp_per_floor":[54,43,36,32,32,32,16,3,3,3,22,22,22,0,0],"gold":225,"neow_bonus":"BOSS_RELIC","is_daily":false,"chose_seed":false,"campfire_upgraded":1,"win_rate":0.0,"timestamp":1611959162,"path_taken":["M","?","M","M","?","R","E","M","T","?","R","M","M","E"],"items_purchased_type":[],"build_version":"2020-12-22","purchased_purges":1,"victory":false,"max_hp_per_floor":[66,66,66,66,66,66,66,66,66,66,66,66,66,66,66],"card_choices":[{"not_picked":["Quick Slash","Bane"],"picked":"Dagger Spray","floor":1.0},{"not_picked":["Blade Dance","PiercingWail","Catalyst"],"picked":"SKIP","floor":3.0},{"not_picked":["Riddle With Holes","Acrobatics"],"picked":"Well Laid Plans","floor":4.0},{"not_picked":["Poisoned Stab","Bane"],"picked":"Backflip","floor":7.0},{"not_picked":["Flying Knee","Deadly Poison"],"picked":"Footwork","floor":8},{"not_picked":["Cloak And Dagger","Sucker Punch","Catalyst"],"picked":"SKIP","floor":12},{"not_picked":["Cloak And Dagger","Sucker Punch","Catalyst"],"picked":"SKIP","floor":12},{"not_picked":["Backflip","Bane","All Out Attack"],"picked":"SKIP","floor":13}],"player_experience":639540,"relics_obtained":[{"floor":5.0,"key":"Blue Candle"},{"floor":7.0,"key":"Shovel"},{"floor":7.0,"key":"Vajra"},{"floor":9,"key":"Pantograph"}],"event_choices":[{"damage_healed":0.0,"max_hp_gain":0.0,"max_hp_loss":0.0,"gold_gain":75.0,"event_name":"World of Goop","player_choice":"Gather Gold","floor":2.0,"gold_loss":0.0,"damage_taken":11.0}],"is_beta":false,"boss_relics":[],"items_purged_floors":[10],"is_endless":false,"potions_floor_spawned":[3,12],"killed_by":"Gremlin Nob","ascension_level":20}}