{"host":"amyouew1jj5rel7b","time":1611949863,"event":{"mods":["AchievementEnabler","Arknights The Spire","BaseMod","Better Altar","Better Match","Better Note","Better Skull","Better Third Choice","CapriCore","Minty Spire (QoL Compilation)","Permanent Neow","Spicy Shops","StSLib","SuperFastMode"],"gold_per_floor":[209,209,309,328,136,167,182,182,229,249,249,76,96,127,127,257,257,272,295,370,268,287,307,327,367,438,472,490,508,508,31,31,151,151,164,109,130,149,174,208,271,315,615,615,640,660,726,741,741,741,741],"floor_reached":50,"language":"KOR","playtime":2572,"items_purged":["ats:Strike S","ats:Strike C"],"score":583,"play_id":"69d18ae7-4cf2-42eb-b458-e7b5dc2539d8","local_time":"20210130045103","is_ascension_mode":false,"campfire_choices":[{"data":"ats:Demon Strength","floor":8,"key":"SMITH"},{"floor":11,"key":"REST"},{"data":"ats:Part Time Job","floor":15,"key":"SMITH"},{"data":"ats:Composite Medical Shells","floor":30,"key":"SMITH"},{"data":"ats:Emotion Absorption","floor":32,"key":"SMITH"},{"data":"ats:Thorns","floor":44,"key":"SMITH"},{"floor":49,"key":"REST"}],"circlet_count":0,"master_deck":["ats:Strike G","ats:Strike V","ats:Armor Crushing Shot","ats:Defend","ats:Defend","ats:Defend","ats:Defend","ats:Emotion Absorption+1","ats:Sashimi Platter","ats:Sword Rain","ats:Demon Strength+1","ats:Cat Scratch","ats:Closed Bolt Burst Fire","ats:Overload","ats:Part Time Job+1","ats:Guard Mode","ats:Shadow Assault","ats:Shell Defense+1","ats:Apocalypse","ats:Overload","ats:Guard Mode","ats:Composite Medical Shells+1","ats:Part Time Job","ats:Thorns+1","Parasite","ats:Red Shift+1","ats:Defend Order+1","ats:Revitalization"],"relics":["ats:Sanity","Golden Idol","ats:Originium","Pen Nib","Vajra","Dead Branch","ats:Tactical Delivery","ClockworkSouvenir","Boot","Matryoshka","PreservedInsect","Bird Faced Urn","Strange Spoon","ats:Military Tradition","SlaversCollar","ats:Ability Aura","Du-Vu Doll","Darkstone Periapt","ats:Lavender","Old Coin","Ginger"],"acts_visited":["Exordium","TheCity","TheBeyond"],"potions_floor_usage":[6,14,14,33,33,47,50,50],"damage_taken":[{"damage":9,"enemies":"Small Slimes","floor":1,"turns":5},{"damage":1,"enemies":"Cultist","floor":4,"turns":4},{"damage":30,"enemies":"Lagavulin","floor":6,"turns":6},{"damage":1,"enemies":"Jaw Worm","floor":7,"turns":3},{"damage":19,"enemies":"Exordium Wildlife","floor":10,"turns":3},{"damage":5,"enemies":"3 Louse","floor":13,"turns":2},{"damage":12,"enemies":"Gremlin Nob","floor":14,"turns":3},{"damage":29,"enemies":"Slime Boss","floor":16,"turns":5},{"damage":20,"enemies":"2 Thieves","floor":18,"turns":3},{"damage":22,"enemies":"Spheric Guardian","floor":19,"turns":4},{"damage":11,"enemies":"Snecko","floor":22,"turns":4},{"damage":2,"enemies":"3 Cultists","floor":23,"turns":4},{"damage":15,"enemies":"Centurion and Healer","floor":24,"turns":3},{"damage":65,"enemies":"Book of Stabbing","floor":25,"turns":7},{"damage":8,"enemies":"Gremlin Leader","floor":27,"turns":4},{"damage":16,"enemies":"Snecko","floor":28,"turns":4},{"damage":10,"enemies":"Sentry and Sphere","floor":29,"turns":4},{"damage":73,"enemies":"Champ","floor":33,"turns":8},{"damage":37,"enemies":"3 Darklings","floor":35,"turns":4},{"damage":21,"enemies":"3 Shapes","floor":37,"turns":4},{"damage":7,"enemies":"Maw","floor":38,"turns":6},{"damage":13,"enemies":"Writhing Mass","floor":39,"turns":4},{"damage":42,"enemies":"Giant Head","floor":40,"turns":6},{"damage":0,"enemies":"Mind Bloom Boss Battle","floor":41,"turns":5},{"damage":35,"enemies":"Reptomancer","floor":42,"turns":4},{"damage":23,"enemies":"Sphere and 2 Shapes","floor":45,"turns":3},{"damage":34,"enemies":"Jaw Worm Horde","floor":46,"turns":3},{"damage":53,"enemies":"2 Orb Walkers","floor":47,"turns":5},{"damage":31,"enemies":"4 Shapes","floor":48,"turns":5},{"damage":132,"enemies":"Awakened One","floor":50,"turns":8}],"seed_played":"2375885974997010049","potions_obtained":[{"floor":1,"key":"Ancient Potion"},{"floor":4,"key":"Strength Potion"},{"floor":7,"key":"ColorlessPotion"},{"floor":16,"key":"ats:Emergency Sanity Potion"},{"floor":18,"key":"Swift Potion"},{"floor":24,"key":"SneckoOil"},{"floor":27,"key":"EssenceOfSteel"},{"floor":38,"key":"Dexterity Potion"},{"floor":40,"key":"EssenceOfSteel"},{"floor":47,"key":"DuplicationPotion"}],"is_trial":false,"path_per_floor":["M","?","?","M","$","E","M","R","T","M","R","$","M","E","R","B",null,"M","M","?","$","M","M","M","E","T","E","M","M","R","$","R","B",null,"M","$","M","M","M","E","?","E","T","R","M","M","?","M","R","B"],"character_chosen":"DOCTOR_CLASS","items_purchased":["ats:Demon Strength","ats:Overload","ClockworkSouvenir","ats:Apocalypse","Bird Faced Urn","Strange Spoon","ats:Military Tradition","ats:Part Time Job"],"campfire_rested":2,"item_purchase_floors":[5,12,21,21,31,31,31,36],"current_hp_per_floor":[63,63,63,66,66,36,41,41,41,29,49,49,57,55,55,39,67,49,40,34,34,29,58,58,24,24,27,44,53,53,53,53,27,67,48,48,44,66,67,42,67,40,40,40,47,40,21,34,54,0,0],"gold":741,"neow_bonus":"HUNDRED_GOLD","is_daily":false,"chose_seed":false,"campfire_upgraded":5,"win_rate":0.0,"timestamp":1611949863,"path_taken":["M","?","?","M","$","E","M","R","T","?","R","$","M","E","R","BOSS","M","?","?","$","M","M","M","E","T","E","M","M","R","?","R","BOSS","M","?","M","M","M","E","?","E","T","R","M","?","?","M","R","BOSS"],"items_purchased_type":["Card","Card","Relic","Card","Relic","Relic","Relic","Card"],"build_version":"2020-12-22","purchased_purges":2,"victory":false,"max_hp_per_floor":[72,67,67,67,67,67,67,67,67,67,67,67,67,67,67,67,67,67,67,67,67,67,67,67,67,67,67,67,67,67,67,67,67,67,67,67,67,67,67,67,67,67,67,67,67,67,67,67,67,67,67],"card_choices":[{"not_picked":["ats:LN2 Cannon","ats:Blood Oath"],"picked":"ats:Sashimi Platter","floor":1},{"not_picked":["ats:Serious Mode","ats:Beaten Up"],"picked":"ats:Sword Rain","floor":4},{"not_picked":["ats:Flexible Camouflage","ats:Sunburst"],"picked":"ats:Cat Scratch","floor":6},{"not_picked":["ats:Explosion Area Strengthen","ats:Absolute Focus","ats:Burning Ground"],"picked":"SKIP","floor":7},{"not_picked":["ats:Shell Defense","ats:Poison Spread"],"picked":"ats:Closed Bolt Burst Fire","floor":10},{"not_picked":["ats:Soul Absorption","ats:Absolute Focus"],"picked":"ats:Part Time Job","floor":13},{"not_picked":["ats:Explosion Area Strengthen","ats:Guardian Obelisk"],"picked":"ats:Guard Mode","floor":14},{"not_picked":["ats:Dogmatic Field","ats:Calcification"],"picked":"ats:Shadow Assault","floor":16},{"not_picked":["ats:Composite Medical Shells","ats:Ignite","ats:Curse Doll"],"picked":"SKIP","floor":18},{"not_picked":["ats:Guard Mode","ats:Powerful Strike+1"],"picked":"ats:Shell Defense+1","floor":19},{"not_picked":["ats:Blood Oath+1","ats:Absolute Focus","ats:Collapsing Strike"],"picked":"SKIP","floor":22},{"not_picked":["ats:Poison Spread","ats:Assault Order","ats:Steam Pump"],"picked":"SKIP","floor":23},{"not_picked":["ats:Phantom+1","ats:Directed Diagnosis","ats:Healing Drone"],"picked":"SKIP","floor":24},{"not_picked":["ats:Sunburst","ats:Rat Pack"],"picked":"ats:Overload","floor":25},{"not_picked":["ats:Hook Shot","ats:Very Hot Blade"],"picked":"ats:Guard Mode","floor":27},{"not_picked":["ats:Apocalypse","ats:Poison Spread","ats:Closed Bolt Burst Fire+1"],"picked":"SKIP","floor":28},{"not_picked":["ats:LN2 Cannon","ats:Leaping Hammer"],"picked":"ats:Composite Medical Shells","floor":29},{"not_picked":["ats:Neurotoxin+1","ats:Flexible Camouflage","ats:Shadow Raid"],"picked":"SKIP","floor":35},{"not_picked":["ats:Poison Spread+1","ats:Hammer On+1","ats:Flexible Camouflage+1"],"picked":"SKIP","floor":37},{"not_picked":["ats:Soul Absorption","ats:Hammer On"],"picked":"ats:Thorns","floor":38},{"not_picked":["ats:Absolute Focus","ats:Closed Bolt Burst Fire+1","ats:Hook Shot"],"picked":"SKIP","floor":39},{"not_picked":["ats:Support Order+1","ats:Closed Bolt Burst Fire","ats:Durian"],"picked":"SKIP","floor":40},{"not_picked":["ats:Magnetic Hammer+1","ats:Consecutive Shot Auto"],"picked":"ats:Red Shift+1","floor":42},{"not_picked":["ats:Hammer On","ats:Hook Shot+1"],"picked":"ats:Defend Order+1","floor":45},{"not_picked":["ats:LN2 Cannon+1","ats:Hammer On+1","ats:Flexible Camouflage"],"picked":"SKIP","floor":46},{"not_picked":["ats:Flexible Camouflage+1","ats:Consecutive Shot Auto+1"],"picked":"ats:Revitalization","floor":48}],"player_experience":260523,"relics_obtained":[{"floor":6,"key":"ats:Originium"},{"floor":6,"key":"Pen Nib"},{"floor":9,"key":"Vajra"},{"floor":14,"key":"ats:Originium"},{"floor":14,"key":"Dead Branch"},{"floor":25,"key":"Boot"},{"floor":26,"key":"Matryoshka"},{"floor":27,"key":"PreservedInsect"},{"floor":40,"key":"ats:Ability Aura"},{"floor":41,"key":"Du-Vu Doll"},{"floor":42,"key":"Darkstone Periapt"},{"floor":43,"key":"ats:Lavender"},{"floor":43,"key":"Old Coin"},{"floor":47,"key":"Ginger"}],"event_choices":[{"damage_healed":0,"gold_gain":0,"player_choice":"Lose Max HP","damage_taken":0,"relics_obtained":["Golden Idol"],"max_hp_gain":0,"max_hp_loss":5,"event_name":"Golden Idol","floor":2,"gold_loss":0},{"damage_healed":0,"gold_gain":100,"player_choice":"Gold","damage_taken":0,"max_hp_gain":0,"max_hp_loss":0,"event_name":"Wheel of Change","floor":3,"gold_loss":0},{"damage_healed":0,"gold_gain":75,"player_choice":"Touch","damage_taken":6,"max_hp_gain":0,"max_hp_loss":0,"event_name":"FaceTrader","floor":20,"gold_loss":0},{"damage_healed":0,"gold_gain":0,"player_choice":"Fight","damage_taken":0,"max_hp_gain":0,"max_hp_loss":0,"event_name":"MindBloom","floor":41,"gold_loss":0},{"damage_healed":0,"gold_gain":0,"player_choice":"Fight","damage_taken":0,"max_hp_gain":0,"max_hp_loss":0,"event_name":"Mysterious Sphere","floor":47,"gold_loss":0}],"is_beta":false,"boss_relics":[{"not_picked":["Philosopher\u0027s Stone","Runic Dome"],"picked":"ats:Tactical Delivery"},{"not_picked":["Pandora\u0027s Box","Calling Bell"],"picked":"SlaversCollar"}],"items_purged_floors":[5,12],"is_endless":false,"potions_floor_spawned":[1,4,7,16,18,24,27,29,38,40,41,45,47],"killed_by":"Awakened One","ascension_level":0}}