{"host":"tyeg9214rgutn7tb","time":1611892340,"event":{"mods":["BaseMod","Colored Map","Custom Start","Downfall","Minty Spire (QoL Compilation)","StSLib"],"gold_per_floor":[99,117,133,152,152,152,225,245,245,256,289,307,318,343,362,362,362,362],"floor_reached":16,"language":"ENG","playtime":678,"items_purged":[],"score":151,"play_id":"bd848262-4208-4789-944b-64b46561850b","local_time":"20210129045220","is_ascension_mode":true,"campfire_choices":[{"data":"bronze:Goto","floor":1,"key":"SMITH"},{"data":"bronze:Flail","floor":6,"key":"SMITH"},{"data":"bronze:Frontload","floor":9,"key":"SMITH"}],"circlet_count":0,"master_deck":["bronze:Strike","bronze:Strike","bronze:Strike","bronze:Strike","bronze:Defend","bronze:Defend","bronze:Defend","bronze:Defend","bronze:Replicate","bronze:Goto+1","bronze:ItsAFeature","bronze:Flail+1","bronze:Frontload+1","bronze:HardenedForm","bronze:ForceShield","bronze:TinkerersToolbox","bronze:FineTuning","bronze:Iterate","bronze:ForceShield"],"relics":["bronze:BronzeCore","WingedGreaves","Meat on the Bone","TungstenRod","Vajra"],"acts_visited":["Exordium"],"potions_floor_usage":[16,16],"damage_taken":[{"damage":7,"enemies":"Small Slimes","floor":2,"turns":3},{"damage":1,"enemies":"Cultist","floor":3,"turns":4},{"damage":7,"enemies":"Jaw Worm","floor":4,"turns":2},{"damage":0,"enemies":"3 Louse","floor":8,"turns":1},{"damage":0,"enemies":"Exordium Wildlife","floor":10,"turns":3},{"damage":25,"enemies":"3 Sentries","floor":11,"turns":7},{"damage":0,"enemies":"Lots of Slimes","floor":12,"turns":2},{"damage":14,"enemies":"Large Slime","floor":13,"turns":3},{"damage":10,"enemies":"Lagavulin","floor":14,"turns":8},{"damage":7,"enemies":"Blue Slaver","floor":15,"turns":4},{"damage":40,"enemies":"SI_SHIV_ARCHETYPE","floor":16,"turns":8}],"seed_played":"-5429737753840728528","potions_obtained":[{"floor":2,"key":"ColorlessPotion"},{"floor":4,"key":"Slimebound:ThreeZeroPotion"},{"floor":10,"key":"Guardian:BlockOnCardUsePotion"}],"is_trial":false,"path_per_floor":["R","M","M","M","?","R","T","M","R","M","E","M","M","E","M","B"],"character_chosen":"THE_AUTOMATON","items_purchased":[],"campfire_rested":0,"item_purchase_floors":[],"current_hp_per_floor":[63,56,55,48,48,48,48,48,48,48,35,35,33,35,40,0,0,0],"gold":362,"neow_bonus":"ONE_RARE_RELIC","is_daily":false,"chose_seed":false,"campfire_upgraded":3,"win_rate":0.0,"timestamp":1611892340,"path_taken":["R","M","M","M","?","R","T","?","R","M","E","M","M","E","M","BOSS"],"items_purchased_type":[],"build_version":"2020-12-22","purchased_purges":0,"victory":false,"max_hp_per_floor":[63,63,63,63,63,63,63,63,63,63,63,63,63,63,63,63,63,63],"card_choices":[{"not_picked":["bronze:ChildClass","bronze:Branch"],"picked":"bronze:ItsAFeature","floor":2},{"not_picked":["bronze:Deprecate","bronze:FineTuning"],"picked":"bronze:Flail","floor":3},{"not_picked":["bronze:WhirlingStrike","bronze:CloningBeam"],"picked":"bronze:Frontload","floor":4},{"not_picked":["bronze:BitShift","bronze:Separator","bronze:Overheat"],"picked":"SKIP","floor":8},{"not_picked":["bronze:CutThrough","bronze:DelayedGuard"],"picked":"bronze:ForceShield","floor":10},{"not_picked":["bronze:FineTuning","bronze:DelayedGuard"],"picked":"bronze:TinkerersToolbox","floor":11},{"not_picked":["bronze:Overheat","bronze:DelayedSlice"],"picked":"bronze:FineTuning","floor":12},{"not_picked":["bronze:ForceShield","bronze:Invalidate"],"picked":"bronze:Iterate","floor":13},{"not_picked":["bronze:CloningBeam","bronze:Return","bronze:WhirlingStrike"],"picked":"SKIP","floor":14},{"not_picked":["bronze:Invalidate","bronze:WhirlingStrike"],"picked":"bronze:ForceShield","floor":15}],"player_experience":714667,"relics_obtained":[{"floor":7,"key":"Meat on the Bone"},{"floor":11,"key":"TungstenRod"},{"floor":14,"key":"Vajra"}],"event_choices":[],"is_beta":false,"boss_relics":[],"items_purged_floors":[],"is_endless":false,"potions_floor_spawned":[2,4,10,11,12],"killed_by":"SI_SHIV_ARCHETYPE","ascension_level":6}}