{"host":"2q82lssse0ckn8xu","time":1611931281,"event":{"mods":["AchievementEnabler","BaseMod","Colored Map","Colored Powertips","Minty Spire (QoL Compilation)","Permanent Neow","Quick Restart","StSLib","The Saiyan","Unceasing Turn Reminder"],"gold_per_floor":[111,131,149,72,89,89,116,133,133,159,159,159,83,83,83,161,161,172,172,186,70,70,70,82,82,82],"floor_reached":25,"language":"ENG","playtime":1113,"items_purged":["Shame"],"score":380,"play_id":"57b8e18c-a36c-4a1a-b814-eedbe0a1f0cb","local_time":"20210129201121","is_ascension_mode":true,"campfire_choices":[{"data":"Darkness","floor":6.0,"key":"SMITH"},{"floor":12.0,"key":"REST"},{"data":"Defragment","floor":15.0,"key":"SMITH"},{"data":"Defragment","floor":23,"key":"SMITH"}],"circlet_count":0,"master_deck":["AscendersBane","Strike_B","Defend_B","Defend_B","Defend_B","Defend_B","Zap","Dualcast","Melter","Darkness+1","Hologram","Self Repair","FTL","Defragment+1","Tempest","Turbo","Zap","Rebound","Defragment+1","Rainbow","Conserve Battery","Leap","BootSequence","Skim","Streamline"],"relics":["Cracked Core","Meat on the Bone","Letter Opener","Juzu Bracelet","Empty Cage","InkBottle"],"acts_visited":["Exordium","TheCity"],"potions_floor_usage":[16],"damage_taken":[{"damage":6.0,"enemies":"2 Louse","floor":1.0,"turns":2.0},{"damage":1.0,"enemies":"Cultist","floor":2.0,"turns":3.0},{"damage":13.0,"enemies":"Small Slimes","floor":3.0,"turns":4.0},{"damage":18.0,"enemies":"3 Louse","floor":5.0,"turns":3.0},{"damage":8.0,"enemies":"Gremlin Nob","floor":7.0,"turns":3.0},{"damage":20.0,"enemies":"Exordium Thugs","floor":8.0,"turns":5.0},{"damage":25.0,"enemies":"Lagavulin","floor":10.0,"turns":6.0},{"damage":35,"enemies":"The Guardian","floor":16,"turns":8},{"damage":11,"enemies":"Spheric Guardian","floor":18,"turns":3},{"damage":42,"enemies":"3 Byrds","floor":20,"turns":4},{"damage":29,"enemies":"Snake Plant","floor":24,"turns":4},{"damage":30,"enemies":"Snecko","floor":25,"turns":5}],"seed_played":"4652075874522412959","potions_obtained":[{"floor":1.0,"key":"DuplicationPotion"},{"floor":3.0,"key":"PotionOfCapacity"},{"floor":5.0,"key":"EntropicBrew"},{"floor":7.0,"key":"Block Potion"},{"floor":16,"key":"BlessingOfTheForge"}],"is_trial":false,"path_per_floor":["M","M","M","$","M","R","E","M","T","E","?","R","$","$","R","B",null,"M","?","M","$","?","R","M","M"],"character_chosen":"DEFECT","items_purchased":["Self Repair","Defragment","BootSequence"],"campfire_rested":1,"item_purchase_floors":[4,13,21],"current_hp_per_floor":[65,64,51,51,40,40,39,38,38,32,32,55,55,55,55,39,68,64,64,41,41,41,41,31,1,1],"gold":82,"neow_bonus":"TEN_PERCENT_HP_BONUS","is_daily":false,"chose_seed":false,"campfire_upgraded":3,"win_rate":0.0,"timestamp":1611931281,"path_taken":["M","M","M","$","M","R","E","M","T","E","?","R","?","$","R","BOSS","M","?","M","$","?","R","M","M"],"items_purchased_type":["Card","Card","Card"],"build_version":"2020-12-22","purchased_purges":1,"victory":false,"max_hp_per_floor":[78,78,78,78,78,78,78,78,78,78,78,78,78,78,78,78,78,78,78,78,78,78,78,78,78,78],"card_choices":[{"not_picked":["Darkness","Undo"],"picked":"Melter","floor":1.0},{"not_picked":["Beam Cell","Consume"],"picked":"Darkness","floor":2.0},{"not_picked":["Undo","Cold Snap"],"picked":"Hologram","floor":3.0},{"not_picked":["Undo","Streamline"],"picked":"FTL","floor":5.0},{"not_picked":["Seek","Darkness"],"picked":"Defragment","floor":7.0},{"not_picked":["Reprogram","Compile Driver"],"picked":"Tempest","floor":8.0},{"not_picked":["Steam","Gash"],"picked":"Turbo","floor":10.0},{"not_picked":["Reboot","Multi-Cast"],"picked":"Rainbow","floor":16},{"not_picked":["Hologram","Consume"],"picked":"Conserve Battery","floor":18},{"not_picked":["Beam Cell","Steam"],"picked":"Leap","floor":20},{"not_picked":["Hologram","Storm"],"picked":"Streamline","floor":24}],"player_experience":644433,"relics_obtained":[{"floor":7.0,"key":"Meat on the Bone"},{"floor":9.0,"key":"Letter Opener"},{"floor":10.0,"key":"Juzu Bracelet"}],"event_choices":[{"damage_healed":0.0,"max_hp_gain":0.0,"max_hp_loss":0.0,"gold_gain":0.0,"event_name":"Match and Keep!","player_choice":"2 cards matched","floor":11.0,"gold_loss":0.0,"damage_taken":0.0,"cards_obtained":["Zap","Rebound"]},{"damage_healed":0,"gold_gain":0,"player_choice":"Stole Relic","damage_taken":0,"relics_obtained":["InkBottle"],"max_hp_gain":0,"max_hp_loss":0,"event_name":"Addict","floor":19,"gold_loss":0,"cards_obtained":["Shame"]},{"damage_healed":0,"gold_gain":0,"cards_transformed":["Strike_B"],"player_choice":"Transformed","damage_taken":0,"max_hp_gain":0,"max_hp_loss":0,"event_name":"Transmorgrifier","floor":22,"gold_loss":0,"cards_obtained":["Skim"]}],"is_beta":false,"boss_relics":[{"not_picked":["SacredBark","Runic Pyramid"],"picked":"Empty Cage"}],"items_purged_floors":[21],"is_endless":false,"potions_floor_spawned":[1,3,5,7,16,18],"killed_by":"Snecko","ascension_level":16}}