{"host":"mmqs5ul2bvb60kyc","time":1611905497,"event":{"mods":["AchievementEnabler","BaseMod","Colored Map","Colored Powertips","Minty Spire (QoL Compilation)","Quick Restart","StSLib"],"gold_per_floor":[109,120,120,45,45,45,80,80,107,142,217,240,254,275,275,366,366,387,387,410,423,311,354,354,389,389,54,54,54],"floor_reached":28,"language":"ZHS","playtime":823,"items_purged":["Strike_P","Defend_P"],"score":509,"play_id":"cfb43651-62d8-4029-a5c6-1e9deaaeec84","local_time":"20210129153137","is_ascension_mode":true,"campfire_choices":[{"data":"Eruption","floor":6.0,"key":"SMITH"},{"data":"Adaptation","floor":8.0,"key":"SMITH"},{"data":"CutThroughFate","floor":15.0,"key":"SMITH"},{"data":"Adaptation","floor":24.0,"key":"SMITH"}],"circlet_count":0,"master_deck":["AscendersBane","Strike_P","Strike_P","Strike_P","Defend_P","Eruption+1","Vigilance","Adaptation+1","BowlingBash","Injury","Fasting2","DeusExMachina","CutThroughFate+1","Omniscience","Conclude+1","EmptyBody+1","Adaptation+1","Vault","FlurryOfBlows","Tantrum","InnerPeace","MentalFortress"],"relics":["PureWater","Du-Vu Doll","Golden Idol","Calipers","Blood Vial","Bottled Tornado","SlaversCollar","Nilry\u0027s Codex","Potion Belt","WingedGreaves"],"acts_visited":["Exordium","TheCity"],"potions_floor_usage":[],"damage_taken":[{"damage":0.0,"enemies":"Small Slimes","floor":1.0,"turns":3.0},{"damage":0.0,"enemies":"2 Louse","floor":2.0,"turns":2.0},{"damage":10.0,"enemies":"Gremlin Nob","floor":7.0,"turns":3.0},{"damage":0.0,"enemies":"Lagavulin","floor":10.0,"turns":4.0},{"damage":0.0,"enemies":"Jaw Worm","floor":12.0,"turns":1.0},{"damage":12.0,"enemies":"2 Fungi Beasts","floor":13.0,"turns":3.0},{"damage":6.0,"enemies":"3 Louse","floor":14.0,"turns":4.0},{"damage":10.0,"enemies":"Hexaghost","floor":16.0,"turns":7.0},{"damage":10.0,"enemies":"Shell Parasite","floor":18.0,"turns":4.0},{"damage":0.0,"enemies":"Spheric Guardian","floor":20.0,"turns":2.0},{"damage":0.0,"enemies":"Centurion and Healer","floor":21.0,"turns":2.0},{"damage":11.0,"enemies":"Gremlin Leader","floor":23.0,"turns":2.0},{"damage":9.0,"enemies":"Book of Stabbing","floor":25.0,"turns":3.0},{"damage":14,"enemies":"Shelled Parasite and Fungi","floor":28,"turns":1}],"seed_played":"-3461264165159820688","potions_obtained":[{"floor":7.0,"key":"Swift Potion"},{"floor":12.0,"key":"DistilledChaos"},{"floor":13.0,"key":"Weak Potion"},{"floor":18.0,"key":"Weak Potion"},{"floor":23.0,"key":"SpeedPotion"}],"is_trial":false,"path_per_floor":["M","M","?","?","?","R","E","R","T","E","?","M","M","M","R","B",null,"M","?","M","M","$","E","R","E","T","$","M"],"character_chosen":"WATCHER","items_purchased":["Adaptation","Tantrum","InnerPeace","MentalFortress"],"campfire_rested":0,"item_purchase_floors":[22,27,27,27],"current_hp_per_floor":[43,43,43,43,43,43,33,33,33,35,24,26,16,12,12,4,52,44,23,25,27,27,18,18,11,11,11,0,0],"gold":54,"neow_bonus":"ONE_RARE_RELIC","is_daily":false,"chose_seed":false,"campfire_upgraded":4,"win_rate":0.0,"timestamp":1611905497,"path_taken":["M","M","?","?","?","R","E","R","T","E","?","M","?","M","R","BOSS","M","?","M","M","$","E","R","E","T","$","M"],"items_purchased_type":["Card","Card","Card","Card"],"build_version":"2020-12-22","purchased_purges":2,"victory":false,"max_hp_per_floor":[68,68,68,68,68,68,68,68,68,68,68,68,68,68,68,68,68,68,68,68,68,68,68,68,68,68,68,68,68],"card_choices":[{"not_picked":["CrushJoints","Vengeance"],"picked":"Adaptation","floor":1.0},{"not_picked":["ThirdEye","FollowUp"],"picked":"BowlingBash","floor":2.0},{"not_picked":["ClearTheMind","Meditate"],"picked":"Fasting2","floor":7.0},{"not_picked":["EmptyBody","WreathOfFlame","Consecrate"],"picked":"SKIP","floor":10.0},{"not_picked":["Meditate","FlyingSleeves","SashWhip"],"picked":"SKIP","floor":12.0},{"not_picked":["PathToVictory","SignatureMove"],"picked":"DeusExMachina","floor":13.0},{"not_picked":["Consecrate","CrushJoints"],"picked":"CutThroughFate","floor":14.0},{"not_picked":["Devotion","DeusExMachina"],"picked":"Omniscience","floor":16.0},{"not_picked":["EmptyMind","Perseverance+1","SashWhip"],"picked":"SKIP","floor":18.0},{"not_picked":["CrushJoints","Prostrate"],"picked":"Conclude+1","floor":20.0},{"not_picked":["SashWhip+1","ThirdEye"],"picked":"EmptyBody+1","floor":21.0},{"not_picked":["SashWhip","Perseverance"],"picked":"Vault","floor":23.0},{"not_picked":["DeceiveReality","CutThroughFate"],"picked":"FlurryOfBlows","floor":25.0}],"player_experience":311620,"relics_obtained":[{"floor":7.0,"key":"Calipers"},{"floor":9.0,"key":"Blood Vial"},{"floor":10.0,"key":"Bottled Tornado"},{"floor":19.0,"key":"Nilry\u0027s Codex"},{"floor":23.0,"key":"Potion Belt"},{"floor":25.0,"key":"WingedGreaves"}],"event_choices":[{"damage_healed":0.0,"max_hp_gain":0.0,"max_hp_loss":0.0,"gold_gain":0.0,"event_name":"Golden Idol","player_choice":"Take Wound","floor":3.0,"gold_loss":0.0,"damage_taken":0.0,"relics_obtained":["Golden Idol"],"cards_obtained":["Injury"]},{"cards_removed":["Defend_P"],"damage_healed":0.0,"max_hp_gain":0.0,"max_hp_loss":0.0,"gold_gain":0.0,"event_name":"The Cleric","player_choice":"Card Removal","floor":4.0,"gold_loss":75.0,"damage_taken":0.0},{"cards_removed":["Defend_P"],"damage_healed":0.0,"max_hp_gain":0.0,"max_hp_loss":0.0,"gold_gain":0.0,"event_name":"Living Wall","player_choice":"Forget","floor":5.0,"gold_loss":0.0,"damage_taken":0.0},{"damage_healed":0.0,"max_hp_gain":0.0,"max_hp_loss":0.0,"gold_gain":75.0,"event_name":"World of Goop","player_choice":"Gather Gold","floor":11.0,"gold_loss":0.0,"damage_taken":11.0},{"damage_healed":0.0,"max_hp_gain":0.0,"max_hp_loss":0.0,"gold_gain":0.0,"event_name":"Cursed Tome","player_choice":"Obtained Book","floor":19.0,"gold_loss":0.0,"damage_taken":21.0}],"is_beta":false,"boss_relics":[{"not_picked":["Velvet Choker","Fusion Hammer"],"picked":"SlaversCollar"}],"items_purged_floors":[22,27],"is_endless":false,"potions_floor_spawned":[7,12,13,18,23],"killed_by":"Shelled Parasite and Fungi","ascension_level":15}}