{"host":"y7357sx8ps3jkgoj","time":1611961248,"event":{"mods":["BaseMod","Friendly Minions","Minty Spire (QoL Compilation)","Permanent Neow","Relic Stats","Shop Mod","StSLib","The Alterego","Uncapped","Unceasing Turn Reminder"],"gold_per_floor":[361,361,137,156,167,197,167,167,221,249,324,339,339,339,339,439,439,439,439,50,5,5,5,5,5,5,5,5,5,5,5,5,5,5,5,5,5,5,5,5,5,5,5,5,5,5,5,5,5,5,5,5,5,5,5,5],"floor_reached":55,"language":"ENG","playtime":4994,"items_purged":["Regret","alterego_mod:Strike"],"score":1165,"play_id":"39c21752-ec02-4b2a-942b-cccbe40baf4e","local_time":"20210129170048","is_ascension_mode":true,"campfire_choices":[{"floor":8,"key":"REST"},{"data":"alterego_mod:TrashNCrash","floor":15,"key":"SMITH"},{"data":"alterego_mod:BrynhildrRomantia","floor":24,"key":"SMITH"},{"data":"alterego_mod:ClassAdvantage","floor":30,"key":"SMITH"},{"floor":32,"key":"RECALL"},{"data":"alterego_mod:IdEs","floor":41,"key":"SMITH"},{"floor":49,"key":"REST"},{"data":"alterego_mod:AlterEgo","floor":52,"key":"SMITH"}],"circlet_count":0,"master_deck":["alterego_mod:Strike","alterego_mod:Strike","alterego_mod:Strike+1","alterego_mod:Defend","alterego_mod:Defend","alterego_mod:Defend","alterego_mod:Defend+1","alterego_mod:Impale","alterego_mod:BigMeatyClaws","alterego_mod:BrynhildrsRune","alterego_mod:MagicResistance","alterego_mod:Birthday","alterego_mod:MaintainEyeContact","alterego_mod:AlterEgo+1","alterego_mod:Birthday","alterego_mod:BiFurious","alterego_mod:Maid","alterego_mod:PerceptionDisorder","alterego_mod:Exercise","alterego_mod:TrashNCrash+1","alterego_mod:BrynhildrRomantia+1","alterego_mod:Birthday","alterego_mod:IndependentAction","alterego_mod:MagicResistance+1","alterego_mod:Punishment+1","alterego_mod:SakuraFive","alterego_mod:ClassAdvantage+1","alterego_mod:IdEs+1","alterego_mod:Pet+1","alterego_mod:AlterEgo+1","alterego_mod:1TonWallop+1","alterego_mod:Support","alterego_mod:Nekomimi"],"relics":["alterego_mod:MasochisticConstitution","Bag of Marbles","Lantern","PreservedInsect","Anchor","Ectoplasm","Nilry\u0027s Codex","Torii","HornCleat","MawBank","Orichalcum","Busted Crown","Oddly Smooth Stone","Regal Pillow","Sundial","TungstenRod","Bottled Flame","Bag of Preparation"],"acts_visited":["Exordium","TheCity","TheBeyond","TheEnding"],"potions_floor_usage":[6,6,18,23,25,33,38,39,39,55,55],"damage_taken":[{"damage":8,"enemies":"Small Slimes","floor":1,"turns":4},{"damage":0,"enemies":"2 Louse","floor":4,"turns":1},{"damage":9,"enemies":"Jaw Worm","floor":5,"turns":8},{"damage":40,"enemies":"Gremlin Nob","floor":6,"turns":5},{"damage":3,"enemies":"Looter","floor":7,"turns":4},{"damage":18,"enemies":"Lagavulin","floor":10,"turns":8},{"damage":7,"enemies":"2 Fungi Beasts","floor":12,"turns":6},{"damage":19,"enemies":"Hexaghost","floor":16,"turns":10},{"damage":20,"enemies":"Shell Parasite","floor":18,"turns":4},{"damage":9,"enemies":"2 Thieves","floor":21,"turns":3},{"damage":2,"enemies":"3 Cultists","floor":22,"turns":4},{"damage":9,"enemies":"Slavers","floor":23,"turns":5},{"damage":17,"enemies":"Snake Plant","floor":25,"turns":4},{"damage":34,"enemies":"Gremlin Leader","floor":27,"turns":7},{"damage":15,"enemies":"Slavers","floor":29,"turns":6},{"damage":44,"enemies":"Automaton","floor":33,"turns":8},{"damage":41,"enemies":"3 Shapes","floor":35,"turns":5},{"damage":37,"enemies":"3 Darklings","floor":36,"turns":6},{"damage":15,"enemies":"4 Shapes","floor":38,"turns":10},{"damage":38,"enemies":"Transient","floor":39,"turns":5},{"damage":26,"enemies":"Reptomancer","floor":40,"turns":7},{"damage":41,"enemies":"Nemesis","floor":42,"turns":5},{"damage":20,"enemies":"Reptomancer","floor":44,"turns":6},{"damage":84,"enemies":"Spire Growth","floor":46,"turns":8},{"damage":33,"enemies":"Giant Head","floor":48,"turns":6},{"damage":107,"enemies":"Time Eater","floor":50,"turns":13},{"damage":88,"enemies":"Shield and Spear","floor":54,"turns":5},{"damage":76,"enemies":"The Heart","floor":55,"turns":8}],"seed_played":"-5160152481068860276","potions_obtained":[{"floor":5,"key":"EntropicBrew"},{"floor":10,"key":"ColorlessPotion"},{"floor":18,"key":"Fire Potion"},{"floor":23,"key":"AttackPotion"},{"floor":25,"key":"SteroidPotion"},{"floor":38,"key":"AttackPotion"},{"floor":44,"key":"Fire Potion"},{"floor":48,"key":"Dexterity Potion"}],"is_trial":false,"path_per_floor":["M","?","$","M","M","E","M","R","T","E","?","M","?","?","R","B",null,"M","?","$","M","M","E","R","M","T","E","?","E","R","?","R","B",null,"M","M","?","M","M","E","R","E","T","E","?","M","?","E","R","B",null,"R","$","E","B"],"character_chosen":"The_Alterego","items_purchased":["Bag of Marbles","Torii"],"campfire_rested":2,"item_purchase_floors":[3,20],"current_hp_per_floor":[63,49,49,49,50,20,20,42,42,34,23,35,35,28,28,21,63,53,37,37,40,69,77,77,74,74,76,76,90,90,90,90,60,87,76,54,102,109,88,93,93,76,76,94,94,66,66,65,117,24,101,101,101,50,0,0],"gold":5,"neow_bonus":"TWO_FIFTY_GOLD","is_daily":false,"chose_seed":false,"campfire_upgraded":5,"win_rate":0.0,"timestamp":1611961248,"path_taken":["M","?","$","M","M","E","M","R","T","E","?","M","?","?","R","BOSS","M","?","$","M","M","E","R","M","T","E","?","E","R","?","R","BOSS","M","M","?","?","M","E","R","E","T","E","?","?","?","E","R","BOSS","R","$","E","BOSS"],"items_purchased_type":["Relic","Relic"],"build_version":"2020-12-22","purchased_purges":2,"victory":false,"max_hp_per_floor":[71,71,71,71,72,73,74,74,74,75,75,76,76,76,76,77,77,77,77,77,77,80,84,84,85,85,86,86,91,91,91,91,96,96,101,102,102,111,112,117,117,122,122,123,123,124,124,125,125,126,126,126,126,131,131,131],"relic_stats":{"Regal Pillow":15,"Busted Crown":20,"Torii":57,"counters":[28,171],"Sundial":[4],"PreservedInsect":522,"Ectoplasm":879,"Bag of Preparation":[2],"Orichalcum":[126],"MawBank":0,"obtain_stats":[{"alterego_mod:MasochisticConstitution":0,"Lantern":6,"Regal Pillow":42,"Torii":20,"Nilry\u0027s Codex":19,"Oddly Smooth Stone":40,"PreservedInsect":9,"Bag of Preparation":54,"Orichalcum":29,"MawBank":27,"Anchor":10,"Bottled Flame":48,"HornCleat":23,"Busted Crown":34,"Sundial":43,"Ectoplasm":17,"Bag of Marbles":3,"TungstenRod":44},{"alterego_mod:MasochisticConstitution":0,"Lantern":4,"Regal Pillow":22,"Torii":9,"Nilry\u0027s Codex":9,"Oddly Smooth Stone":21,"PreservedInsect":5,"Bag of Preparation":27,"Orichalcum":15,"MawBank":14,"Anchor":6,"Bottled Flame":25,"HornCleat":12,"Busted Crown":16,"Sundial":22,"Ectoplasm":8,"Bag of Marbles":1,"TungstenRod":23},{"alterego_mod:MasochisticConstitution":0,"Lantern":18,"Regal Pillow":125,"Torii":50,"Nilry\u0027s Codex":50,"Oddly Smooth Stone":120,"PreservedInsect":22,"Bag of Preparation":163,"Orichalcum":79,"MawBank":73,"Anchor":30,"Bottled Flame":145,"HornCleat":62,"Busted Crown":87,"Sundial":125,"Ectoplasm":46,"Bag of Marbles":4,"TungstenRod":131}],"TungstenRod":78},"card_choices":[{"not_picked":["alterego_mod:Skirt","alterego_mod:Swimsuit"],"picked":"alterego_mod:MagicResistance","floor":1},{"not_picked":["alterego_mod:PerceptionDisorder","alterego_mod:Cooking"],"picked":"alterego_mod:Birthday","floor":4},{"not_picked":["alterego_mod:DiscoLights","alterego_mod:Complex"],"picked":"alterego_mod:MaintainEyeContact","floor":5},{"not_picked":["alterego_mod:1TonWallop","alterego_mod:Cooking"],"picked":"alterego_mod:BusterCard","floor":6},{"not_picked":["alterego_mod:1TonWallop","alterego_mod:SakuraPetals"],"picked":"alterego_mod:AlterEgo","floor":7},{"not_picked":["alterego_mod:MaintainEyeContact","alterego_mod:DiscoLights"],"picked":"alterego_mod:Birthday","floor":10},{"not_picked":["alterego_mod:Jiggle","alterego_mod:Valentines"],"picked":"alterego_mod:BiFurious","floor":12},{"not_picked":["alterego_mod:AlterEgo","alterego_mod:SideboobHour"],"picked":"alterego_mod:BrynhildrRomantia","floor":16},{"not_picked":["alterego_mod:Maid","alterego_mod:Cooking"],"picked":"alterego_mod:Birthday","floor":18},{"not_picked":["alterego_mod:Mirror","alterego_mod:Cooking","alterego_mod:PerceptionDisorder"],"picked":"SKIP","floor":21},{"not_picked":["alterego_mod:DeftHands+1","alterego_mod:Punishment"],"picked":"alterego_mod:IndependentAction","floor":22},{"not_picked":["alterego_mod:Pet","alterego_mod:MaintainEyeContact+1"],"picked":"alterego_mod:MagicResistance+1","floor":23},{"not_picked":["alterego_mod:DeftHands","alterego_mod:BustOut"],"picked":"alterego_mod:Punishment+1","floor":25},{"not_picked":["alterego_mod:Rip","alterego_mod:IndependentAction"],"picked":"alterego_mod:SakuraFive","floor":27},{"not_picked":["alterego_mod:RocketPunch","alterego_mod:Pet","alterego_mod:Jiggle+1"],"picked":"SKIP","floor":29},{"not_picked":["alterego_mod:SideboobHour","alterego_mod:Lift"],"picked":"alterego_mod:IdEs","floor":33},{"not_picked":["alterego_mod:Skirt"],"picked":"SKIP","floor":35},{"not_picked":["alterego_mod:Jiggle"],"picked":"SKIP","floor":36},{"not_picked":[],"picked":"alterego_mod:Pet+1","floor":38},{"not_picked":["alterego_mod:RocketPunch"],"picked":"SKIP","floor":39},{"not_picked":["alterego_mod:Mirror"],"picked":"SKIP","floor":40},{"not_picked":[],"picked":"alterego_mod:AlterEgo","floor":42},{"not_picked":[],"picked":"alterego_mod:Skirt+1","floor":44},{"not_picked":[],"picked":"alterego_mod:1TonWallop+1","floor":46},{"not_picked":[],"picked":"alterego_mod:Support","floor":48},{"not_picked":[],"picked":"alterego_mod:Nekomimi","floor":54}],"player_experience":347412,"relics_obtained":[{"floor":6,"key":"Lantern"},{"floor":9,"key":"PreservedInsect"},{"floor":10,"key":"Anchor"},{"floor":19,"key":"Nilry\u0027s Codex"},{"floor":23,"key":"HornCleat"},{"floor":27,"key":"MawBank"},{"floor":29,"key":"Orichalcum"},{"floor":40,"key":"Oddly Smooth Stone"},{"floor":42,"key":"Regal Pillow"},{"floor":43,"key":"Sundial"},{"floor":44,"key":"TungstenRod"},{"floor":48,"key":"Bottled Flame"},{"floor":54,"key":"Bag of Preparation"}],"event_choices":[{"damage_healed":0,"gold_gain":0,"player_choice":"Entered Light","damage_taken":14,"max_hp_gain":0,"max_hp_loss":0,"event_name":"Shining Light","floor":2,"gold_loss":0,"cards_upgraded":["alterego_mod:Strike","alterego_mod:Defend"]},{"damage_healed":0,"gold_gain":75,"player_choice":"Gather Gold","damage_taken":11,"max_hp_gain":0,"max_hp_loss":0,"event_name":"World of Goop","floor":11,"gold_loss":0},{"cards_removed":["alterego_mod:Cooking"],"damage_healed":0,"gold_gain":0,"player_choice":"Card Removal","damage_taken":7,"max_hp_gain":0,"max_hp_loss":0,"event_name":"Golden Wing","floor":14,"gold_loss":0},{"damage_healed":0,"gold_gain":0,"player_choice":"Obtained Book","damage_taken":16,"max_hp_gain":0,"max_hp_loss":0,"event_name":"Cursed Tome","floor":19,"gold_loss":0},{"damage_healed":0,"gold_gain":0,"player_choice":"Read","damage_taken":0,"max_hp_gain":0,"max_hp_loss":0,"event_name":"The Library","floor":28,"gold_loss":0,"cards_obtained":["alterego_mod:ClassAdvantage"]},{"damage_healed":0,"gold_gain":0,"player_choice":"Ignored","damage_taken":0,"max_hp_gain":0,"max_hp_loss":0,"event_name":"Ghosts","floor":31,"gold_loss":0},{"cards_removed":["alterego_mod:BusterCard"],"damage_healed":48,"gold_gain":0,"player_choice":"Offered Uncommon","damage_taken":0,"max_hp_gain":0,"max_hp_loss":0,"event_name":"Bonfire Elementals","floor":37,"gold_loss":0},{"damage_healed":0,"gold_gain":0,"player_choice":"Upgraded","damage_taken":0,"max_hp_gain":0,"max_hp_loss":0,"event_name":"Upgrade Shrine","floor":45,"gold_loss":0,"cards_upgraded":["alterego_mod:AlterEgo"]},{"cards_removed":["alterego_mod:Skirt"],"damage_healed":0,"gold_gain":0,"player_choice":"Removed Attack","damage_taken":0,"max_hp_gain":0,"max_hp_loss":0,"event_name":"Falling","floor":47,"gold_loss":0}],"is_beta":false,"boss_relics":[{"not_picked":["Velvet Choker","Runic Dome"],"picked":"Ectoplasm"},{"not_picked":["SlaversCollar","Tiny House"],"picked":"Busted Crown"}],"items_purged_floors":[3,20],"is_endless":false,"potions_floor_spawned":[5,10,16,18,22,23,25,38,44,48],"killed_by":"The Heart","ascension_level":7}}