{"host":"avjwtc49fhlk6kym","time":1611950743,"event":{"mods":["AchievementEnabler","BaseMod","Better Match","Better Note","Better Third Choice","Colored Map","Colored Powertips","Displayed Cursed Tome","Highlight Path","Minty Spire (QoL Compilation)","Permanent Neow","Quick Restart","StSLib"],"gold_per_floor":[114,134,154,166,184,184,35,61,87,104,121,121,151,170,170,271,271,291,24,44,59,59,59,59,59],"floor_reached":24,"language":"ENG","playtime":991,"items_purged":["Strike_P"],"score":202,"play_id":"6ba78f1f-b54d-4147-b8d3-191583ace88d","local_time":"20210129150543","is_ascension_mode":false,"campfire_choices":[{"data":"Eruption","floor":6,"key":"SMITH"},{"floor":12,"key":"REST"},{"floor":15,"key":"REST"},{"floor":23,"key":"REST"}],"circlet_count":0,"master_deck":["Strike_P","Strike_P","Strike_P","Defend_P","Defend_P","Defend_P","Defend_P","Eruption+1","Vigilance","DevaForm","ThirdEye","FlyingSleeves","BowlingBash","Wireheading","CrushJoints","Consecrate","SandsOfTime","ConjureBlade","ReachHeaven","Wallop","WheelKick","BattleHymn"],"relics":["PureWater","PreservedInsect","Toy Ornithopter","Damaru","SlaversCollar","Bronze Scales"],"acts_visited":["Exordium","TheCity"],"potions_floor_usage":[2,10,14,16,16,16,18,21],"damage_taken":[{"damage":2,"enemies":"Cultist","floor":1,"turns":3},{"damage":4,"enemies":"2 Louse","floor":2,"turns":4},{"damage":6,"enemies":"Jaw Worm","floor":3,"turns":3},{"damage":0,"enemies":"Large Slime","floor":4,"turns":4},{"damage":14,"enemies":"Lots of Slimes","floor":5,"turns":6},{"damage":29,"enemies":"Lagavulin","floor":8,"turns":4},{"damage":1,"enemies":"Exordium Wildlife","floor":10,"turns":4},{"damage":13,"enemies":"Large Slime","floor":11,"turns":7},{"damage":0,"enemies":"Looter","floor":14,"turns":2},{"damage":33,"enemies":"Hexaghost","floor":16,"turns":7},{"damage":20,"enemies":"3 Byrds","floor":18,"turns":5},{"damage":36,"enemies":"2 Thieves","floor":20,"turns":4},{"damage":22,"enemies":"Shelled Parasite and Fungi","floor":21,"turns":7},{"damage":25,"enemies":"Snake Plant","floor":24,"turns":2}],"seed_played":"8974939026442548940","potions_obtained":[{"floor":1,"key":"Weak Potion"},{"floor":3,"key":"SpeedPotion"},{"floor":11,"key":"EntropicBrew"},{"floor":14,"key":"LiquidMemories"},{"floor":16,"key":"GamblersBrew"},{"floor":20,"key":"Ancient Potion"}],"is_trial":false,"path_per_floor":["M","M","M","M","M","R","$","E","T","M","M","R","?","M","R","B",null,"M","$","M","M","?","R","M"],"character_chosen":"WATCHER","items_purchased":["PreservedInsect","Bronze Scales","Wallop"],"campfire_rested":3,"item_purchase_floors":[7,19,19],"current_hp_per_floor":[70,66,60,60,46,46,46,17,17,21,8,29,29,34,55,37,72,57,57,21,4,4,25,0,0],"gold":59,"neow_bonus":"ONE_RANDOM_RARE_CARD","is_daily":false,"chose_seed":false,"campfire_upgraded":1,"win_rate":0.0,"timestamp":1611950743,"path_taken":["M","M","M","M","M","R","$","E","T","?","M","R","?","M","R","BOSS","M","$","M","M","?","R","M"],"items_purchased_type":["Relic","Relic","Card"],"build_version":"2020-12-22","purchased_purges":1,"victory":false,"max_hp_per_floor":[72,72,72,72,72,72,72,72,72,72,72,72,72,72,72,72,72,72,72,72,72,72,72,72,72],"card_choices":[{"not_picked":["Indignation","WreathOfFlame","Adaptation"],"picked":"SKIP","floor":1},{"not_picked":["EmptyBody","FlyingSleeves"],"picked":"ThirdEye","floor":2},{"not_picked":["SashWhip","Tantrum"],"picked":"FlyingSleeves","floor":3},{"not_picked":["MentalFortress","Halt"],"picked":"BowlingBash","floor":4},{"not_picked":["TalkToTheHand","Vault","Meditate"],"picked":"SKIP","floor":5},{"not_picked":["InnerPeace","Halt"],"picked":"Wireheading","floor":8},{"not_picked":["Prostrate","SashWhip"],"picked":"CrushJoints","floor":10},{"not_picked":["WreathOfFlame","EmptyBody"],"picked":"Consecrate","floor":11},{"not_picked":["Consecrate","ForeignInfluence"],"picked":"SandsOfTime","floor":14},{"not_picked":["Omniscience","Blasphemy"],"picked":"ConjureBlade","floor":16},{"not_picked":["Prostrate+1","FlurryOfBlows+1"],"picked":"ReachHeaven","floor":18},{"not_picked":["ClearTheMind","WindmillStrike"],"picked":"WheelKick","floor":20},{"not_picked":["FlyingSleeves","EmptyBody"],"picked":"BattleHymn","floor":21}],"player_experience":417457,"relics_obtained":[{"floor":8,"key":"Toy Ornithopter"},{"floor":9,"key":"Damaru"}],"event_choices":[{"damage_healed":0,"gold_gain":30,"player_choice":"Searched \u00272\u0027 times","damage_taken":0,"max_hp_gain":0,"max_hp_loss":0,"event_name":"Dead Adventurer","floor":13,"gold_loss":0},{"cards_removed":["Defend_P"],"damage_healed":0,"gold_gain":0,"player_choice":"Give","damage_taken":0,"max_hp_gain":0,"max_hp_loss":0,"event_name":"betterNote:BetterNote","floor":22,"gold_loss":0,"cards_obtained":["Strike_P"]}],"is_beta":false,"boss_relics":[{"not_picked":["Black Star","Fusion Hammer"],"picked":"SlaversCollar"}],"items_purged_floors":[19],"is_endless":false,"potions_floor_spawned":[1,3,11,14,16,20],"killed_by":"Snake Plant","ascension_level":0}}