{"host":"121m0oxswv9tg9hk","time":1611962479,"event":{"mods":["AchievementEnabler","BaseMod","Better Third Choice","Downfall","Minty Spire (QoL Compilation)","StSLib"],"gold_per_floor":[0,100,113,98,110,10,10,45,59,88,88,188,188,215,230,335,335,135,153,166,182,195,18,18,18,3,3,3,3,3,21,37,138,138,138,138,149,149,34,46,46,72,72,158,158,171,171,202,216,216,216,248,24,24,24,24,24,24],"floor_reached":56,"language":"ENG","playtime":5667,"items_purged":["champ:Defend","Writhe","champ:Execute"],"score":1043,"play_id":"4c3af0e6-3826-4865-9548-383112f4f902","local_time":"20210130002119","is_ascension_mode":true,"campfire_choices":[{"floor":1,"key":"RECALL"},{"data":"champ:SteelEdge","floor":6,"key":"SMITH"},{"floor":11,"key":"REST"},{"data":"champ:SkillfulDodge","floor":18,"key":"SMITH"},{"data":"champ:DefensiveShout","floor":29,"key":"SMITH"},{"data":"champ:IronFortress","floor":35,"key":"SMITH"},{"floor":43,"key":"REST"},{"data":"champ:StrikeOfGenius","floor":45,"key":"SMITH"},{"data":"champ:ShieldWall","floor":47,"key":"SMITH"},{"floor":54,"key":"REST"}],"circlet_count":0,"master_deck":["champ:Strike","champ:Strike","champ:Strike","champ:Taunt","champ:DefensiveShout+1","champ:SteelEdge+1","champ:GutPunch","champ:BerserkersShout","champ:SkillfulDodge+1","champ:BringItOn","champ:FlashCut","champ:ShieldWall+1","champ:EnchantSword","champ:IronFortress+1","champ:VampiricStrike","champ:Backstep+1","champ:EnGarde+1","champ:IronFortress","expansioncontent:Chronoboost","champ:Circumvent+1","champ:DefensiveStyle","champ:BringItOn","champ:UltimateStance","expansioncontent:PolyBeam","champ:EnGarde+1","champ:ArenaPreparation+1","champ:StrikeOfGenius+1","champ:FlashCut+1","champ:StrikeOfGenius","champ:ShieldSigil+1","champ:DefensiveStyle","champ:StanceDance+1"],"relics":["champ:ChampionCrown","downfall:HeartBlessingRed","Calipers","Orichalcum","champ:SpectersHand","Cursed Key","downfall:HeartBlessingBlue","downfall:HeartBlessingGreen","champ:DefensiveTrainingManual","Dream Catcher","Busted Crown","Toy Ornithopter","Potion Belt","Happy Flower","champ:Barbells"],"acts_visited":["Exordium","TheCity","TheBeyond","TheEnding"],"potions_floor_usage":[16,16,31,37,39,42,48,55,55],"damage_taken":[{"damage":10,"enemies":"Small Slimes","floor":3,"turns":3},{"damage":10,"enemies":"downfall:FleeingMerchant","floor":4,"turns":4},{"damage":25,"enemies":"Jaw Worm","floor":5,"turns":3},{"damage":59,"enemies":"Lagavulin","floor":8,"turns":6},{"damage":5,"enemies":"Cultist","floor":9,"turns":2},{"damage":25,"enemies":"3 Sentries","floor":10,"turns":5},{"damage":19,"enemies":"Lagavulin","floor":14,"turns":5},{"damage":10,"enemies":"Large Slime","floor":15,"turns":5},{"damage":91,"enemies":"DF_ARCHETYPE_STREAMLINE","floor":16,"turns":11},{"damage":15,"enemies":"Chosen","floor":19,"turns":4},{"damage":20,"enemies":"Shell Parasite","floor":20,"turns":3},{"damage":25,"enemies":"Centurion and Healer","floor":21,"turns":7},{"damage":0,"enemies":"Snake Plant","floor":22,"turns":3},{"damage":25,"enemies":"downfall:FleeingMerchant","floor":23,"turns":4},{"damage":32,"enemies":"downfall:FleeingMerchant","floor":26,"turns":4},{"damage":21,"enemies":"3 Cultists","floor":31,"turns":7},{"damage":20,"enemies":"Centurion and Healer","floor":32,"turns":5},{"damage":35,"enemies":"WA_ARCHETYPE_CALM","floor":33,"turns":11},{"damage":42,"enemies":"3 Darklings","floor":37,"turns":7},{"damage":20,"enemies":"downfall:FleeingMerchant","floor":39,"turns":4},{"damage":28,"enemies":"3 Shapes","floor":40,"turns":5},{"damage":30,"enemies":"Giant Head","floor":42,"turns":10},{"damage":15,"enemies":"downfall:FleeingMerchant","floor":44,"turns":3},{"damage":25,"enemies":"Writhing Mass","floor":46,"turns":6},{"damage":61,"enemies":"Nemesis","floor":48,"turns":9},{"damage":28,"enemies":"Spire Growth","floor":49,"turns":5},{"damage":81,"enemies":"SI_POISON_ARCHETYPE","floor":50,"turns":14},{"damage":101,"enemies":"downfall:CharBossMerchant","floor":52,"turns":10},{"damage":101,"enemies":"downfall:NeowBoss","floor":55,"turns":12},{"damage":91,"enemies":"downfall:NeowBossFinal","floor":56,"turns":8}],"seed_played":"493665940978557383","potions_obtained":[{"floor":8,"key":"champ:OpenerPotion"},{"floor":9,"key":"SteroidPotion"},{"floor":10,"key":"champ:OpenerPotion"},{"floor":14,"key":"Energy Potion"},{"floor":21,"key":"Energy Potion"},{"floor":22,"key":"SteroidPotion"},{"floor":33,"key":"Dexterity Potion"},{"floor":37,"key":"BlessingOfTheForge"},{"floor":40,"key":"Swift Potion"},{"floor":46,"key":"champ:UltimateStancePotion"}],"is_trial":false,"path_per_floor":["R","?","M","$","M","R","T","E","M","E","R","?","?","E","M","B",null,"R","M","M","M","M","$","T","?","$","?","?","R","?","M","M","B",null,"R","?","M","T","$","M","T","E","R","$","R","M","R","E","M","B",null,"E","$","R","B","B"],"character_chosen":"THE_CHAMP","items_purchased":["expansioncontent:Chronoboost","champ:StrikeOfGenius","champ:Barbells","champ:DefensiveStyle"],"campfire_rested":3,"item_purchase_floors":[23,44,53,53],"current_hp_per_floor":[90,90,90,90,90,90,90,66,66,56,83,83,83,79,79,43,90,100,100,100,100,100,100,100,100,88,88,88,88,73,72,72,72,100,100,100,73,73,73,55,55,55,85,85,85,85,85,59,41,35,100,64,64,94,84,0,0,0],"gold":24,"neow_bonus":"TRANSFORM_TWO_CARDS","is_daily":false,"chose_seed":false,"campfire_upgraded":6,"win_rate":0.0,"timestamp":1611962479,"path_taken":["R","?","M","?","M","R","T","E","M","E","R","?","?","E","M","BOSS","R","M","M","?","M","$","T","?","$","?","?","R","?","?","M","BOSS","R","?","M","?","$","M","T","E","R","$","R","M","R","E","M","BOSS","E","$","R","BOSS","BOSS"],"items_purchased_type":["Card","Card","Relic","Card"],"build_version":"2020-12-22","purchased_purges":3,"victory":false,"max_hp_per_floor":[90,90,90,90,90,90,90,90,90,90,90,90,90,90,90,90,90,100,100,100,100,100,100,100,100,100,100,100,100,100,100,100,100,100,100,100,100,100,100,100,100,100,100,100,100,100,100,100,100,100,100,100,100,100,100,100,100,100],"card_choices":[{"not_picked":["champ:CrownThrow","champ:Backstep"],"picked":"champ:GutPunch","floor":3},{"not_picked":["champ:StanceDance","champ:CalledShot"],"picked":"champ:BerserkersShout","floor":4},{"not_picked":["champ:Circumvent","champ:FaceSlap"],"picked":"champ:SkillfulDodge","floor":5},{"not_picked":["champ:BladeFlurry","champ:HoldFirm"],"picked":"champ:BringItOn","floor":8},{"not_picked":["champ:BringItOn","champ:ShieldSigil"],"picked":"champ:FlashCut","floor":9},{"not_picked":["champ:BladeFlurry","champ:FocusedDefense"],"picked":"champ:ShieldWall","floor":10},{"not_picked":["champ:RapidStrikes","champ:TornadoPunch","champ:RisingSlash"],"picked":"SKIP","floor":14},{"not_picked":["champ:SwordSigil","champ:ShieldSigil"],"picked":"champ:IronFortress","floor":15},{"not_picked":["champ:SwordThrow","champ:UltimateStance"],"picked":"champ:VampiricStrike","floor":16},{"not_picked":["champ:BladeFlurry","champ:AdrenalArmor"],"picked":"champ:Backstep+1","floor":19},{"not_picked":["champ:ShieldSlam","champ:PerfectedStrike","champ:Shatter"],"picked":"SKIP","floor":20},{"not_picked":["champ:FocusedDefense","champ:GutPunch+1","champ:FlashCut+1"],"picked":"SKIP","floor":21},{"not_picked":["champ:GladiatorStyle","champ:ViciousMockery"],"picked":"champ:EnGarde+1","floor":22},{"not_picked":["champ:Backstep+1","champ:StanceDance"],"picked":"champ:IronFortress","floor":23},{"not_picked":["champ:Haymaker+1","champ:FaceSlap"],"picked":"champ:Circumvent","floor":26},{"not_picked":["champ:Backstep","champ:ArenaPreparation"],"picked":"champ:DefensiveStyle","floor":31},{"not_picked":["champ:CheapShot","champ:Haymaker"],"picked":"champ:BringItOn","floor":32},{"not_picked":["champ:IgnorePain","champ:HeavySlash"],"picked":"champ:UltimateStance","floor":33},{"not_picked":["expansioncontent:GuardianWhirl","expansioncontent:AwakenDeath"],"picked":"expansioncontent:PolyBeam","floor":36},{"not_picked":["champ:ShieldSigil"],"picked":"SKIP","floor":37},{"not_picked":["champ:Haymaker+1"],"picked":"SKIP","floor":39},{"not_picked":[],"picked":"champ:EnGarde+1","floor":40},{"not_picked":["champ:FanOfKnives"],"picked":"SKIP","floor":42},{"not_picked":[],"picked":"champ:ArenaPreparation+1","floor":44},{"not_picked":[],"picked":"champ:FlashCut+1","floor":46},{"not_picked":[],"picked":"champ:StrikeOfGenius","floor":48},{"not_picked":[],"picked":"champ:ShieldSigil+1","floor":49},{"not_picked":["champ:Duel"],"picked":"SKIP","floor":52},{"not_picked":[],"picked":"champ:StanceDance+1","floor":54}],"player_experience":2583004,"relics_obtained":[{"floor":8,"key":"Calipers"},{"floor":10,"key":"Orichalcum"},{"floor":14,"key":"champ:SpectersHand"},{"floor":42,"key":"Toy Ornithopter"},{"floor":48,"key":"Potion Belt"},{"floor":52,"key":"Happy Flower"}],"event_choices":[],"is_beta":false,"boss_relics":[{"not_picked":["Runic Dome","Coffee Dripper"],"picked":"Cursed Key"},{"not_picked":["Velvet Choker","Sozu"],"picked":"Busted Crown"}],"items_purged_floors":[23,39,44],"is_endless":false,"potions_floor_spawned":[8,9,10,14,15,21,22,33,37,40,46],"killed_by":"downfall:NeowBossFinal","ascension_level":4}}