{"host":"oz0i1fpezyhy8r2h","time":1611931632,"event":{"mods":["ATMod(∞¢Ë™Mod)","Act Like it!","Arknights The Spire","BaseMod","KinomotoSakuraMod(ƒæ÷Æ±æ”£)","Minty Spire (QoL Compilation)","Reimu£®≤©¿ˆ¡È√Œ£©","Remilia£®¿Ÿ√◊¿Ú—«£©","StSLib","The Bug Knight","°æ“≈ŒÔø®≈∆°øREMEMod"],"gold_per_floor":[115,135,60,70,88,113,113,113,137,171,182,210,210,226,226,325,325,335,335,345,345,358,358,391,391,472,504,256,275,288,300,300,401,401,421,434,470,482,482,516,160,160,160,195,205,125,148,198,198,198],"floor_reached":51,"language":"ZHS","playtime":2426,"items_purged":["ClowCardTheShield","ClowCardTheSword","ClowCardTheSword"],"score":1537,"play_id":"76a1c5c0-14d5-41a2-bbfa-da28a50e7bbd","local_time":"20210129224712","is_ascension_mode":true,"campfire_choices":[{"data":"ClowCardTheFloat","floor":7,"key":"SMITH"},{"data":"AT_ChampionStep","floor":13,"key":"SMITH"},{"data":"ClowCardTheFly","floor":15,"key":"SMITH"},{"data":"ClowCardTheLight","floor":23,"key":"SMITH"},{"data":"ClowCardTheDash","floor":32,"key":"SMITH"},{"data":"SpellCardSeal","floor":42,"key":"SMITH"},{"data":"ClowCardTheFight","floor":49,"key":"SMITH"}],"circlet_count":0,"master_deck":["SakuraCardTheRain+","SakuraCardTheSong+","ClowCardTheSword","ClowCardTheSword","ClowCardTheShield","SpellCardSeal+1","SpellCardRelease","AT_ChampionStep+1","ClowCardTheFly+1","ClowCardTheDash+1","ClowCardTheLight+1","ClowCardTheFight+1","ClowCardTheNothing","ClowCardTheWindy+1"],"relics":["KSMOD_SealedBook","KSMOD_SealedWand","AT_ATBox","REME_ComplimentaryCards","Centennial Puzzle","PreservedInsect","AT_ChloranthyRing","KSMOD_Cerberus","SacredBark","Blood Vial","KSMOD_RollerSkates","Bird Faced Urn","Toxic Egg 2","Orichalcum","REME_OnlineShoppingPlatform","Coffee Dripper","Bag of Preparation","Unceasing Top","AT_Kusabimaru","Vajra","Incense Burner"],"acts_visited":["Exordium","TheCity","TheBeyond"],"potions_floor_usage":[6],"damage_taken":[{"damage":0,"enemies":"Cultist","floor":1,"turns":3},{"damage":1,"enemies":"2 Louse","floor":2,"turns":4},{"damage":10,"enemies":"Small Slimes","floor":4,"turns":3},{"damage":1,"enemies":"2 Fungi Beasts","floor":5,"turns":4},{"damage":21,"enemies":"Gremlin Nob","floor":6,"turns":4},{"damage":1,"enemies":"HollowMod:MossKnight","floor":10,"turns":2},{"damage":0,"enemies":"Lots of Slimes","floor":11,"turns":1},{"damage":0,"enemies":"Lagavulin","floor":12,"turns":3},{"damage":3,"enemies":"Exordium Wildlife","floor":14,"turns":2},{"damage":0,"enemies":"The Guardian","floor":16,"turns":2},{"damage":0,"enemies":"Shell Parasite","floor":18,"turns":1},{"damage":0,"enemies":"3 Byrds","floor":20,"turns":4},{"damage":5,"enemies":"Shelled Parasite and Fungi","floor":22,"turns":3},{"damage":0,"enemies":"REME_1_Revenger","floor":24,"turns":2},{"damage":0,"enemies":"HollowMod:Nosk","floor":27,"turns":2},{"damage":0,"enemies":"3 Cultists","floor":29,"turns":4},{"damage":0,"enemies":"Snecko","floor":30,"turns":3},{"damage":11,"enemies":"Chosen and Byrds","floor":31,"turns":3},{"damage":0,"enemies":"Collector","floor":33,"turns":2},{"damage":0,"enemies":"3 Darklings","floor":35,"turns":4},{"damage":7,"enemies":"Orb Walker","floor":36,"turns":2},{"damage":0,"enemies":"KSMOD_TheNothingMonster","floor":37,"turns":2},{"damage":0,"enemies":"4 Shapes","floor":38,"turns":1},{"damage":0,"enemies":"Giant Head","floor":40,"turns":1},{"damage":0,"enemies":"HollowMod:StalkingDevout","floor":44,"turns":2},{"damage":0,"enemies":"Sphere and 2 Shapes","floor":45,"turns":1},{"damage":0,"enemies":"Mind Bloom Boss Battle","floor":48,"turns":2},{"damage":0,"enemies":"Awakened One","floor":50,"turns":2}],"seed_played":"-2114878098451748462","potions_obtained":[{"floor":1,"key":"ColorlessPotion"},{"floor":2,"key":"AttackPotion"},{"floor":10,"key":"ColorlessPotion"},{"floor":12,"key":"Strength Potion"},{"floor":22,"key":"MagicPotion:ReiMu"}],"is_trial":false,"path_per_floor":["M","M","$","M","M","E","R","?","T","E","M","E","R","M","R","B",null,"M","?","M","?","M","R","E","?","T","E","$","M","M","M","R","B",null,"M","M","?","M","?","E","$","R","T","E","M","$","T","?","R","B",null],"character_chosen":"KINOMOTOSAKURA","items_purchased":["REME_OnlineShoppingPlatform","ClowCardTheFlower+1","Bag of Preparation","ClowCardTheWindy+1"],"campfire_rested":0,"item_purchase_floors":[28,41,41,46],"current_hp_per_floor":[70,69,69,59,58,37,37,37,37,36,36,36,36,33,33,33,66,66,66,66,66,61,61,61,77,77,77,77,77,77,70,70,77,77,77,70,77,77,77,77,77,77,77,77,77,77,77,77,77,77],"gold":198,"neow_bonus":"TEN_PERCENT_HP_BONUS","is_daily":false,"chose_seed":false,"campfire_upgraded":7,"win_rate":0.0,"timestamp":1611931632,"path_taken":["M","M","?","M","M","E","R","?","T","E","?","E","R","M","R","BOSS","M","?","M","?","M","R","E","?","T","E","$","M","M","?","R","BOSS","M","M","?","M","?","E","$","R","T","E","?","$","?","?","R","BOSS"],"items_purchased_type":["Relic","Card","Relic","Card"],"build_version":"2020-12-22","purchased_purges":3,"victory":true,"max_hp_per_floor":[77,77,77,77,77,77,77,77,77,77,77,77,77,77,77,77,77,77,77,77,77,77,77,77,77,77,77,77,77,77,77,77,77,77,77,77,77,77,77,77,77,77,77,77,77,77,77,77,77,77],"card_choices":[{"not_picked":["ClowCardTheWindy","ClowCardTheMirror"],"picked":"ClowCardTheFloat","floor":1},{"not_picked":["ClowCardTheIllusion","ClowCardTheErase","ClowCardTheSleep"],"picked":"SKIP","floor":2},{"not_picked":["ClowCardTheIllusion","ClowCardTheBig"],"picked":"ClowCardTheSong","floor":4},{"not_picked":["ClowCardTheJump","ClowCardTheGlow"],"picked":"ClowCardTheFly","floor":5},{"not_picked":["ClowCardTheIllusion","ClowCardTheLoop","ClowCardTheShot"],"picked":"SKIP","floor":6},{"not_picked":["ClowCardTheShadow","ClowCardTheErase","ClowCardTheMirror"],"picked":"SKIP","floor":10},{"not_picked":["ClowCardTheVoice","ClowCardTheThunder","ClowCardTheMist"],"picked":"SKIP","floor":11},{"not_picked":["ClowCardTheIllusion","ClowCardTheChange"],"picked":"ClowCardTheDash","floor":12},{"not_picked":["ClowCardTheLoop","ClowCardTheVoice","ClowCardTheLock"],"picked":"SKIP","floor":14},{"not_picked":["ClowCardTheReturn","ClowCardTheTime"],"picked":"ClowCardTheCreate","floor":16},{"not_picked":["ClowCardTheJump+1","ClowCardTheIllusion+1","ClowCardTheLittle"],"picked":"SKIP","floor":18},{"not_picked":["ClowCardTheErase","ClowCardTheLibra","ClowCardTheShadow"],"picked":"SKIP","floor":20},{"not_picked":["ClowCardTheIllusion","ClowCardTheArrow","ClowCardTheShadow+1"],"picked":"SKIP","floor":22},{"not_picked":["ClowCardTheSweet","ClowCardTheErase"],"picked":"ClowCardTheRain","floor":24},{"not_picked":["ClowCardTheSweet+1","ClowCardTheBig","ClowCardTheEarthy+1"],"picked":"SKIP","floor":27},{"not_picked":["ClowCardTheLibra+1","ClowCardTheSand","ClowCardTheStorm"],"picked":"SKIP","floor":29},{"not_picked":["ClowCardTheCloud+1","ClowCardTheDream+1","ClowCardTheArrow"],"picked":"SKIP","floor":30},{"not_picked":["ClowCardTheMaze+1","ClowCardTheChange+1","ClowCardTheFirey+1"],"picked":"SKIP","floor":31},{"not_picked":["ClowCardTheTwin","ClowCardTheThunder"],"picked":"ClowCardTheFight","floor":33},{"not_picked":["ClowCardTheSand+1","ClowCardTheMirror+1","ClowCardTheChange+1"],"picked":"SKIP","floor":35},{"not_picked":["ClowCardTheVoice+1","ClowCardTheCloud+1","ClowCardTheMove+1"],"picked":"SKIP","floor":36},{"not_picked":["ClowCardTheStorm+1","ClowCardTheSleep+1","ClowCardTheSilent+1"],"picked":"SKIP","floor":38},{"not_picked":["ClowCardTheSong+1","ClowCardTheFirey+1","ClowCardTheDream+1"],"picked":"SKIP","floor":40},{"not_picked":["ClowCardTheSong+1","ClowCardTheFirey+1","ClowCardTheDream+1"],"picked":"SKIP","floor":40},{"not_picked":["ClowCardTheSong","ClowCardTheSweet+1","ClowCardTheFloat+1"],"picked":"SKIP","floor":44},{"not_picked":["ClowCardTheBig","ClowCardThePower","ClowCardTheWood+1"],"picked":"SKIP","floor":45}],"player_experience":209264,"relics_obtained":[{"floor":6,"key":"Centennial Puzzle"},{"floor":9,"key":"PreservedInsect"},{"floor":10,"key":"AT_ChloranthyRing"},{"floor":12,"key":"KSMOD_Cerberus"},{"floor":24,"key":"Blood Vial"},{"floor":24,"key":"KSMOD_RollerSkates"},{"floor":24,"key":"Bird Faced Urn"},{"floor":26,"key":"Toxic Egg 2"},{"floor":27,"key":"Orichalcum"},{"floor":43,"key":"Unceasing Top"},{"floor":44,"key":"AT_Kusabimaru"},{"floor":47,"key":"Vajra"},{"floor":48,"key":"Incense Burner"}],"event_choices":[{"damage_healed":0,"gold_gain":0,"cards_transformed":["ClowCardTheShield","ClowCardTheShield"],"player_choice":"Became Test Subject","damage_taken":0,"max_hp_gain":0,"max_hp_loss":0,"event_name":"Drug Dealer","floor":19,"gold_loss":0,"cards_obtained":["ClowCardTheLight","ClowCardTheLittle"]},{"damage_healed":0,"gold_gain":0,"player_choice":"Ignored","damage_taken":0,"max_hp_gain":0,"max_hp_loss":0,"event_name":"Ghosts","floor":21,"gold_loss":0},{"cards_removed":["ClowCardTheLittle"],"damage_healed":16,"gold_gain":0,"player_choice":"Offered Uncommon","damage_taken":0,"max_hp_gain":0,"max_hp_loss":0,"event_name":"Bonfire Elementals","floor":25,"gold_loss":0},{"damage_healed":0,"gold_gain":0,"player_choice":"Got Potions","damage_taken":0,"max_hp_gain":0,"max_hp_loss":0,"event_name":"Lab","floor":39,"gold_loss":0},{"damage_healed":0,"gold_gain":0,"player_choice":"Fight","damage_taken":0,"max_hp_gain":0,"max_hp_loss":0,"event_name":"MindBloom","floor":48,"gold_loss":0}],"is_beta":false,"boss_relics":[{"not_picked":["Ectoplasm","AT_MortalBlade"],"picked":"SacredBark"},{"not_picked":["Runic Pyramid","Sozu"],"picked":"Coffee Dripper"}],"items_purged_floors":[3,28,41],"is_endless":false,"potions_floor_spawned":[1,2,10,12,16,18,20,22,29,31,35,40,44],"ascension_level":6}}