{"host":"7f7cdfy4xmkutrl8","time":1611924022,"event":{"mods":["AchievementEnabler","BaseMod","Downfall","Hermit","Marisa????????","Minty Spire (QoL Compilation)","Replay The Spire","Shop Mod","StSLib","The Animator","The Cursed","The Hierophant","The Servant 0.9.4"],"gold_per_floor":[114,114,114,134,152,152,197,14,14,60,60,98,141,166,166,299,299,339,339,368,118,143,143,183,185,185],"floor_reached":25,"language":"ENG","playtime":4335,"items_purged":[],"score":266,"play_id":"f4e77683-05cd-47ff-8da9-523ddf4407cf","local_time":"20210129074022","is_ascension_mode":false,"campfire_choices":[{"floor":6,"key":"RECALL"},{"floor":15,"key":"REST"},{"data":"BlazeAway","floor":23,"key":"SMITH"}],"circlet_count":0,"master_deck":["hermit:Strike_Hermit","hermit:Strike_Hermit","hermit:Strike_Hermit","hermit:Strike_Hermit","hermit:Defend_Hermit","hermit:Defend_Hermit","hermit:Defend_Hermit","hermit:Defend_Hermit","hermit:Snapshot","hermit:Covet","hermit:Scavenge","animator:KyokoSakura","BlazeAway+1","hermit:Gestalt","hermit:DeadOrAlive","hermit:TrackingShot","hierophant:Batter","Doom and Gloom","Shrug It Off","Pommel Strike","Chrysalis","MysteriousBeam","downfall:Bewildered","CrushJoints+1","hermit:GoldenBullet","hermit:LowProfile+1","hermit:DeadOrAlive","Bandage Up","Self Repair+1"],"relics":["hermit:Momento","PrismaticShard","Golden Idol","Matryoshka","Question Card","Simple Rune","hermit:RedScarf","Honey Jar","sneckomod:BabySnecko","Replay:Bandana"],"acts_visited":["Exordium","TheCity"],"potions_floor_usage":[],"damage_taken":[{"damage":2,"enemies":"2 Louse","floor":1,"turns":3},{"damage":0,"enemies":"Small Slimes","floor":4,"turns":4},{"damage":2,"enemies":"Jaw Worm","floor":5,"turns":3},{"damage":23,"enemies":"3 Sentries","floor":7,"turns":6},{"damage":0,"enemies":"Replay:BlueRogue","floor":10,"turns":5},{"damage":0,"enemies":"Large Slime","floor":12,"turns":4},{"damage":2,"enemies":"Gremlin Nob","floor":13,"turns":4},{"damage":2,"enemies":"Exordium Thugs","floor":14,"turns":4},{"damage":41,"enemies":"Fading Forest","floor":16,"turns":11},{"damage":25,"enemies":"2 Thieves","floor":18,"turns":4},{"damage":13,"enemies":"3 Byrds","floor":20,"turns":4},{"damage":4,"enemies":"Centurion and Healer","floor":22,"turns":5},{"damage":36,"enemies":"Book of Stabbing","floor":24,"turns":5},{"damage":10,"enemies":"Cultist and Chosen","floor":25,"turns":1}],"seed_played":"6085360402370919750","potions_obtained":[{"floor":5,"key":"Adrenaline Potion"},{"floor":7,"key":"Elixir"},{"floor":10,"key":"Reflective Coating"},{"floor":13,"key":"Slimebound:ThreeZeroPotion"},{"floor":20,"key":"Strength Potion"},{"floor":22,"key":"Dexterity Potion"},{"floor":24,"key":"Guardian:BlockOnCardUsePotion"}],"is_trial":false,"path_per_floor":["M","?","?","M","M","R","E","$","T","E","?","M","E","M","R","B",null,"M","?","M","$","M","R","E","M"],"character_chosen":"HERMIT","items_purchased":["hermit:DeadOrAlive","hermit:TrackingShot","hermit:GoldenBullet","hermit:LowProfile+1","hermit:DeadOrAlive"],"campfire_rested":1,"item_purchase_floors":[8,8,21,21,21],"current_hp_per_floor":[80,80,60,60,58,58,35,35,35,35,35,35,33,31,55,14,82,57,57,44,44,40,40,8,0,0],"gold":185,"neow_bonus":"TEN_PERCENT_HP_BONUS","is_daily":false,"chose_seed":false,"campfire_upgraded":1,"win_rate":0.0,"timestamp":1611924022,"path_taken":["M","?","?","M","M","R","E","?","T","E","?","?","E","M","R","BOSS","M","?","M","$","M","R","E","M"],"items_purchased_type":["Card","Card","Card","Card","Card"],"build_version":"2020-12-22","purchased_purges":0,"victory":false,"max_hp_per_floor":[82,82,82,82,82,82,82,82,82,82,82,82,82,82,82,82,82,82,82,82,82,82,82,82,82,82],"card_choices":[{"not_picked":["hermit:Feint","hermit:Snipe"],"picked":"hermit:Scavenge","floor":1},{"not_picked":["DoubleEdge","hierophant:Remorse"],"picked":"animator:KyokoSakura","floor":4},{"not_picked":["champ:IgnorePain","PowerUp"],"picked":"BlazeAway","floor":5},{"not_picked":["DoubleEdge","animator:Vanir"],"picked":"hermit:Gestalt","floor":7},{"not_picked":["animator:Kuribayashi","ReplayTheSpireMod:Stacked","TheCursedMod:WearCloak"],"picked":"hierophant:Batter","floor":10},{"not_picked":["hierophant:ConvertCurrency","hermit:Malice","Cleave"],"picked":"Doom and Gloom","floor":12},{"not_picked":["hierophant:Remorse","TheCursedMod:SpitefulPlan","Vengeance"],"picked":"Shrug It Off","floor":13},{"not_picked":["Cleave","ThirdEye","MachineGunSpark"],"picked":"Pommel Strike","floor":14},{"not_picked":["ReplayTheSpireMod:Necrogeddon","champ:Devastate","bronze:Verify"],"picked":"Chrysalis","floor":16},{"not_picked":["Fasting2","TheCursedMod:ReleasedKnowledge+1","Guardian:WalkerClaw","bronze:BronzeArmor+1"],"picked":"MysteriousBeam","floor":18},{"not_picked":["animator:Megumin","hierophant:Upheaval","hexamod:ThirdSeal","sneckomod:UnknownVulnerable"],"picked":"CrushJoints+1","floor":20},{"not_picked":["Perfected Strike","Rewind+1","hermit:Misfire","Storm"],"picked":"Bandage Up","floor":22},{"not_picked":["sneckomod:UnknownExhaust","ShatteredReality","animator:KyokoSakura","Replay:Sssssssssstrike+1"],"picked":"Self Repair+1","floor":24}],"player_experience":4592,"relics_obtained":[{"floor":7,"key":"Matryoshka"},{"floor":9,"key":"Question Card"},{"floor":10,"key":"Simple Rune"},{"floor":13,"key":"hermit:RedScarf"},{"floor":24,"key":"Replay:Bandana"}],"event_choices":[{"damage_healed":0,"gold_gain":0,"player_choice":"Take Damage","damage_taken":20,"relics_obtained":["Golden Idol"],"max_hp_gain":0,"max_hp_loss":0,"event_name":"Golden Idol","floor":3,"gold_loss":0},{"cards_removed":["downfall:Icky"],"damage_healed":0,"gold_gain":0,"player_choice":"Purged","damage_taken":0,"max_hp_gain":0,"max_hp_loss":0,"event_name":"Purifier","floor":11,"gold_loss":0}],"is_beta":false,"boss_relics":[{"not_picked":["Cursed Key","hermit:BartenderGlass"],"picked":"Honey Jar"}],"items_purged_floors":[],"is_endless":false,"potions_floor_spawned":[5,7,10,13,14,20,22,24],"killed_by":"Cultist and Chosen","ascension_level":0}}