{"host":"y7357sx8ps3jkgoj","time":1611908155,"event":{"mods":["BaseMod","Friendly Minions","Minty Spire (QoL Compilation)","Permanent Neow","Relic Stats","Shop Mod","StSLib","The Alterego","Uncapped","Unceasing Turn Reminder"],"gold_per_floor":[12,12,28,48,48,48,78,89,89,106,141,141,172,191,191,296,296,308,223,3,3,3,32,32,57,111,111,129,29,63,82,82,187,187,204,217,92,109,178,178,204,204,204,231,248,266,314,340,340,340,340,340,22,54,54],"floor_reached":56,"language":"ENG","playtime":3885,"items_purged":["alterego_mod:Strike","alterego_mod:Strike","alterego_mod:Strike","alterego_mod:Strike+1"],"score":1789,"play_id":"f4a0daf6-3162-4de2-af08-82f70e25b628","local_time":"20210129021555","is_ascension_mode":true,"campfire_choices":[{"data":"alterego_mod:BrynhildrsRune","floor":6,"key":"SMITH"},{"data":"alterego_mod:ChallengeComplete","floor":12,"key":"SMITH"},{"data":"alterego_mod:ChallengeComplete","floor":15,"key":"SMITH"},{"data":"alterego_mod:Venus","floor":24,"key":"SMITH"},{"floor":27,"key":"RECALL"},{"data":"alterego_mod:Clones","floor":32,"key":"SMITH"},{"data":"alterego_mod:Mirror","floor":40,"key":"SMITH"},{"data":"alterego_mod:Table","floor":42,"key":"SMITH"},{"floor":49,"key":"REST"},{"data":"alterego_mod:Rake","floor":52,"key":"SMITH"}],"circlet_count":0,"master_deck":["alterego_mod:Defend","alterego_mod:Defend+1","alterego_mod:Defend","alterego_mod:Defend","alterego_mod:BrynhildrsRune+1","alterego_mod:ChallengeComplete+1","alterego_mod:ChallengeComplete+1","alterego_mod:PurpleHair","alterego_mod:Mirror+1","alterego_mod:PerceptionDisorder+1","alterego_mod:Venus+1","Necronomicurse","alterego_mod:Birthday","alterego_mod:Punishment+1","alterego_mod:Clones+1","alterego_mod:Rake+1","alterego_mod:ChallengeComplete+1","alterego_mod:PresenceConcealment+1","alterego_mod:Table+1","alterego_mod:ChallengeComplete+1","alterego_mod:PresenceConcealment+1","alterego_mod:Nekomimi+1","alterego_mod:DeftHands+1","alterego_mod:GoddessCore+1"],"relics":["alterego_mod:MasochisticConstitution","Tiny Chest","Frozen Egg 2","Anchor","Mercury Hourglass","Matryoshka","SlaversCollar","Boot","Lantern","Necronomicon","Strawberry","Ancient Tea Set","Omamori","Juzu Bracelet","Kunai","Calling Bell","MealTicket","Molten Egg 2","Incense Burner","Regal Pillow","Potion Belt","Bottled Lightning","Bottled Flame","Mango","Blood Vial","Ornamental Fan"],"acts_visited":["Exordium","TheCity","TheBeyond","TheEnding"],"potions_floor_usage":[11,45,53,54,55,55,55],"damage_taken":[{"damage":2,"enemies":"Small Slimes","floor":1,"turns":9},{"damage":1,"enemies":"Jaw Worm","floor":3,"turns":6},{"damage":1,"enemies":"2 Louse","floor":4,"turns":3},{"damage":17,"enemies":"Gremlin Nob","floor":7,"turns":6},{"damage":5,"enemies":"Blue Slaver","floor":8,"turns":7},{"damage":2,"enemies":"Large Slime","floor":10,"turns":11},{"damage":0,"enemies":"Lagavulin","floor":11,"turns":14},{"damage":0,"enemies":"3 Sentries","floor":13,"turns":9},{"damage":0,"enemies":"3 Louse","floor":14,"turns":3},{"damage":12,"enemies":"The Guardian","floor":16,"turns":11},{"damage":6,"enemies":"Spheric Guardian","floor":18,"turns":4},{"damage":2,"enemies":"Slavers","floor":23,"turns":5},{"damage":3,"enemies":"Book of Stabbing","floor":25,"turns":4},{"damage":0,"enemies":"2 Thieves","floor":28,"turns":3},{"damage":6,"enemies":"Gremlin Leader","floor":30,"turns":4},{"damage":14,"enemies":"Shelled Parasite and Fungi","floor":31,"turns":3},{"damage":8,"enemies":"Collector","floor":33,"turns":4},{"damage":0,"enemies":"Orb Walker","floor":35,"turns":1},{"damage":5,"enemies":"3 Darklings","floor":36,"turns":6},{"damage":34,"enemies":"4 Shapes","floor":38,"turns":10},{"damage":2,"enemies":"Nemesis","floor":41,"turns":5},{"damage":3,"enemies":"Giant Head","floor":44,"turns":8},{"damage":21,"enemies":"Jaw Worm Horde","floor":45,"turns":5},{"damage":5,"enemies":"Maw","floor":46,"turns":7},{"damage":43,"enemies":"2 Orb Walkers","floor":47,"turns":5},{"damage":22,"enemies":"Nemesis","floor":48,"turns":5},{"damage":14,"enemies":"Time Eater","floor":50,"turns":11},{"damage":20,"enemies":"Shield and Spear","floor":54,"turns":9},{"damage":49,"enemies":"The Heart","floor":55,"turns":11}],"seed_played":"-4749269488817357043","potions_obtained":[{"floor":1,"key":"SteroidPotion"},{"floor":3,"key":"AttackPotion"},{"floor":10,"key":"ColorlessPotion"},{"floor":16,"key":"LiquidBronze"},{"floor":18,"key":"Energy Potion"},{"floor":36,"key":"EntropicBrew"},{"floor":41,"key":"AttackPotion"},{"floor":44,"key":"DuplicationPotion"},{"floor":54,"key":"LiquidMemories"}],"is_trial":false,"path_per_floor":["M","?","M","M","?","R","E","M","T","M","E","R","E","M","R","B",null,"M","?","$","?","?","E","R","E","T","R","M","$","E","M","R","B",null,"M","M","$","M","T","R","E","R","T","E","M","M","?","E","R","B",null,"R","$","E","B",null],"character_chosen":"The_Alterego","items_purchased":["Lantern","alterego_mod:DeftHands+1","Fruit Juice","Weak Potion"],"campfire_rested":1,"item_purchase_floors":[20,53,53,53],"current_hp_per_floor":[71,57,64,73,70,70,54,57,57,76,76,76,76,76,76,72,76,78,78,78,62,62,75,75,82,82,82,85,85,88,89,89,90,90,90,91,91,81,81,81,90,90,90,94,83,88,69,57,105,103,111,111,118,115,78],"gold":54,"neow_bonus":"REMOVE_TWO","is_daily":false,"chose_seed":false,"campfire_upgraded":8,"win_rate":0.0,"timestamp":1611908155,"path_taken":["M","?","M","M","?","R","E","M","T","M","E","R","E","M","R","BOSS","M","?","$","?","?","E","R","E","T","R","M","$","E","M","R","BOSS","M","M","$","M","?","R","E","R","T","E","M","M","?","E","R","BOSS","R","$","E","BOSS"],"items_purchased_type":["Relic","Card","Potion","Potion"],"build_version":"2020-12-22","purchased_purges":4,"victory":true,"max_hp_per_floor":[71,71,72,73,73,73,74,75,75,76,76,76,76,76,76,77,77,78,78,78,78,78,86,86,87,87,87,87,87,88,89,89,90,90,90,91,91,92,92,92,93,93,93,94,95,96,111,112,112,113,113,113,118,119,120],"relic_stats":{"Blood Vial":4,"Regal Pillow":15,"counters":[29,188],"Ornamental Fan":[4],"Tiny Chest":1,"MealTicket":2,"Necronomicon":[48],"Juzu Bracelet":0,"Kunai":[11],"Boot":[138],"obtain_stats":[{"Lantern":20,"Regal Pillow":39,"Mango":47,"Juzu Bracelet":26,"Incense Burner":34,"Boot":19,"Ancient Tea Set":25,"Blood Vial":48,"Matryoshka":13,"Strawberry":23,"Tiny Chest":5,"MealTicket":34,"Necronomicon":21,"Kunai":30,"Potion Belt":41,"alterego_mod:MasochisticConstitution":0,"Omamori":26,"Frozen Egg 2":7,"Mercury Hourglass":11,"Calling Bell":34,"SlaversCollar":17,"Anchor":9,"Bottled Flame":44,"Ornamental Fan":54,"Molten Egg 2":34,"Bottled Lightning":43},{"Lantern":11,"Regal Pillow":20,"Mango":25,"Juzu Bracelet":13,"Incense Burner":17,"Boot":11,"Ancient Tea Set":13,"Blood Vial":26,"Matryoshka":8,"Strawberry":12,"Tiny Chest":3,"MealTicket":17,"Necronomicon":11,"Kunai":15,"Potion Belt":21,"alterego_mod:MasochisticConstitution":0,"Omamori":13,"Frozen Egg 2":4,"Mercury Hourglass":7,"Calling Bell":17,"SlaversCollar":10,"Anchor":5,"Bottled Flame":22,"Ornamental Fan":28,"Molten Egg 2":17,"Bottled Lightning":21},{"Lantern":83,"Regal Pillow":122,"Mango":152,"Juzu Bracelet":91,"Incense Burner":105,"Boot":83,"Ancient Tea Set":91,"Blood Vial":157,"Matryoshka":65,"Strawberry":88,"Tiny Chest":18,"MealTicket":105,"Necronomicon":83,"Kunai":98,"Potion Belt":127,"alterego_mod:MasochisticConstitution":0,"Omamori":91,"Frozen Egg 2":24,"Mercury Hourglass":56,"Calling Bell":105,"SlaversCollar":79,"Anchor":31,"Bottled Flame":135,"Ornamental Fan":177,"Molten Egg 2":105,"Bottled Lightning":127}],"Mercury Hourglass":[515]},"card_choices":[{"not_picked":["alterego_mod:Santa","alterego_mod:1TonWallop","alterego_mod:SakuraPetals"],"picked":"SKIP","floor":1},{"not_picked":["alterego_mod:Bloomers","alterego_mod:GoddessCore"],"picked":"alterego_mod:ChallengeComplete","floor":3},{"not_picked":["alterego_mod:Jiggle","alterego_mod:Mirror"],"picked":"alterego_mod:ChallengeComplete","floor":4},{"not_picked":["alterego_mod:Maid","alterego_mod:Lingerie","alterego_mod:MagicResistance"],"picked":"SKIP","floor":7},{"not_picked":["alterego_mod:1TonWallop","alterego_mod:Cushion","alterego_mod:Bounce"],"picked":"SKIP","floor":8},{"not_picked":["alterego_mod:BiFurious","alterego_mod:Bounce"],"picked":"alterego_mod:PurpleHair","floor":10},{"not_picked":["alterego_mod:Support+1","alterego_mod:SideboobHour"],"picked":"alterego_mod:Mirror","floor":11},{"not_picked":["alterego_mod:Maid","alterego_mod:Mirror"],"picked":"alterego_mod:PerceptionDisorder+1","floor":13},{"not_picked":["alterego_mod:DeftHands","alterego_mod:Maid","alterego_mod:HighServant"],"picked":"SKIP","floor":14},{"not_picked":["alterego_mod:Weigh","alterego_mod:InsideBaseball+1"],"picked":"alterego_mod:Venus","floor":16},{"not_picked":["alterego_mod:HighServant+1","alterego_mod:Jiggle","alterego_mod:RocketPunch"],"picked":"SKIP","floor":18},{"not_picked":["alterego_mod:DiscoLights+1","alterego_mod:RocketPunch"],"picked":"alterego_mod:Birthday","floor":23},{"not_picked":["alterego_mod:Undulate","alterego_mod:Collar","alterego_mod:1TonWallop"],"picked":"SKIP","floor":25},{"not_picked":["alterego_mod:MaintainEyeContact+1","alterego_mod:HighServant"],"picked":"alterego_mod:Punishment+1","floor":28},{"not_picked":["alterego_mod:Bunnysuit","alterego_mod:Vow","alterego_mod:Cooking+1"],"picked":"SKIP","floor":30},{"not_picked":["alterego_mod:DiscoLights+1","alterego_mod:BustOut+1"],"picked":"alterego_mod:Clones","floor":31},{"not_picked":["alterego_mod:GIGAMILK","alterego_mod:Vow"],"picked":"alterego_mod:Rake","floor":33},{"not_picked":["alterego_mod:Jiggle+1","alterego_mod:Schoolgirl"],"picked":"alterego_mod:ChallengeComplete+1","floor":35},{"not_picked":["alterego_mod:BusterCard+1","alterego_mod:Bloomers"],"picked":"alterego_mod:PresenceConcealment+1","floor":36},{"not_picked":["alterego_mod:Collar+1","alterego_mod:TrashNCrash","alterego_mod:Undulate"],"picked":"SKIP","floor":38},{"not_picked":["alterego_mod:Collar+1","alterego_mod:TrashNCrash","alterego_mod:Undulate"],"picked":"SKIP","floor":38},{"not_picked":["alterego_mod:Pet","alterego_mod:Punishment+1"],"picked":"alterego_mod:Table","floor":41},{"not_picked":["alterego_mod:HighServant+1","alterego_mod:Undulate","alterego_mod:1TonWallop+1"],"picked":"SKIP","floor":44},{"not_picked":["alterego_mod:DestructionOfProperty+1","alterego_mod:Undulate"],"picked":"alterego_mod:ChallengeComplete+1","floor":45},{"not_picked":["alterego_mod:BoobPocket+1","alterego_mod:Complex+1"],"picked":"alterego_mod:PresenceConcealment+1","floor":46},{"not_picked":["alterego_mod:Bounce+1","alterego_mod:HighServant+1"],"picked":"alterego_mod:Nekomimi+1","floor":47},{"not_picked":["alterego_mod:Bounce+1","alterego_mod:STier","alterego_mod:SakuraFive+1"],"picked":"SKIP","floor":48},{"not_picked":["alterego_mod:Antipathy","alterego_mod:Cycle"],"picked":"alterego_mod:GoddessCore+1","floor":54}],"player_experience":340543,"relics_obtained":[{"floor":7,"key":"Frozen Egg 2"},{"floor":9,"key":"Anchor"},{"floor":11,"key":"Mercury Hourglass"},{"floor":13,"key":"Matryoshka"},{"floor":21,"key":"Necronomicon"},{"floor":23,"key":"Strawberry"},{"floor":25,"key":"Ancient Tea Set"},{"floor":26,"key":"Omamori"},{"floor":26,"key":"Juzu Bracelet"},{"floor":30,"key":"Kunai"},{"floor":34,"key":"MealTicket"},{"floor":34,"key":"Molten Egg 2"},{"floor":34,"key":"Incense Burner"},{"floor":39,"key":"Regal Pillow"},{"floor":41,"key":"Potion Belt"},{"floor":43,"key":"Bottled Lightning"},{"floor":44,"key":"Bottled Flame"},{"floor":47,"key":"Mango"},{"floor":48,"key":"Blood Vial"},{"floor":54,"key":"Ornamental Fan"}],"event_choices":[{"damage_healed":0,"gold_gain":0,"player_choice":"Entered Light","damage_taken":14,"max_hp_gain":0,"max_hp_loss":0,"event_name":"Shining Light","floor":2,"gold_loss":0,"cards_upgraded":["alterego_mod:Strike","alterego_mod:Defend"]},{"damage_healed":0,"gold_gain":0,"player_choice":"Success","damage_taken":3,"relics_obtained":["Tiny Chest"],"max_hp_gain":0,"max_hp_loss":0,"event_name":"Scrap Ooze","floor":5,"gold_loss":0},{"damage_healed":0,"gold_gain":0,"player_choice":"Obtained Relic","damage_taken":0,"relics_obtained":["Boot"],"max_hp_gain":0,"max_hp_loss":0,"event_name":"Addict","floor":19,"gold_loss":85},{"damage_healed":0,"gold_gain":0,"player_choice":"Obtained Book","damage_taken":16,"max_hp_gain":0,"max_hp_loss":0,"event_name":"Cursed Tome","floor":21,"gold_loss":0},{"damage_healed":0,"gold_gain":0,"player_choice":"Ignored","damage_taken":0,"max_hp_gain":0,"max_hp_loss":0,"event_name":"Ghosts","floor":22,"gold_loss":0},{"damage_healed":0,"gold_gain":0,"player_choice":"Fight","damage_taken":0,"max_hp_gain":0,"max_hp_loss":0,"event_name":"Mysterious Sphere","floor":47,"gold_loss":0}],"is_beta":false,"boss_relics":[{"not_picked":["Velvet Choker","Empty Cage"],"picked":"SlaversCollar"},{"not_picked":["Pandora\u0027s Box","Snecko Eye"],"picked":"Calling Bell"}],"items_purged_floors":[20,29,37,53],"is_endless":false,"potions_floor_spawned":[1,3,10,16,18,28,31,33,36,38,41,44,54],"ascension_level":6}}