{"host":"l2xo1ry2dtjh5eh4","time":1611948864,"event":{"mods":["BaseMod","Colored Powertips","GifTheSpireLib","Minty Spire (QoL Compilation)","StSLib","The Animator","slay the spire mod where everything is the same but ironclad has a cowboy hat"],"gold_per_floor":[116,140,42,42,54,99,99,129,129,134,134],"floor_reached":10,"language":"ENG","playtime":585,"items_purged":[],"score":80,"play_id":"ff400ddf-9bd1-44da-a603-459d0632df24","local_time":"20210129203424","is_ascension_mode":true,"campfire_choices":[{"floor":7,"key":"REST"}],"circlet_count":0,"master_deck":["animator:Strike_FullmetalAlchemist+1","animator:Defend_FullmetalAlchemist","animator:ElricEdward","animator:Kaijin","animator:Strike_HitsugiNoChaika","animator:Strike_Kancolle","animator:Strike_Elsword","animator:Defend_Overlord","animator:Defend_FullmetalAlchemist","animator:Defend_Konosuba","animator:Aqua","animator:MaesHughes","animator:Shuna"],"relics":["animator:LivingPicture","animator:TheMissingPiece","Art of War","Pocketwatch","animator:OldCoffin"],"acts_visited":["Exordium"],"potions_floor_usage":[8],"damage_taken":[{"damage":6,"enemies":"Jaw Worm","floor":1,"turns":4},{"damage":7,"enemies":"2 Louse","floor":2,"turns":3},{"damage":0,"enemies":"Cultist","floor":5,"turns":4},{"damage":33,"enemies":"Gremlin Nob","floor":6,"turns":5},{"damage":20,"enemies":"3 Sentries","floor":8,"turns":8},{"damage":34,"enemies":"Lagavulin","floor":10,"turns":5}],"seed_played":"8467855413920465861","potions_obtained":[{"floor":2,"key":"Explosive Potion"},{"floor":8,"key":"AttackPotion"}],"is_trial":false,"path_per_floor":["M","M","?","?","M","E","R","E","T","E"],"character_chosen":"THE_ANIMATOR","items_purchased":[],"campfire_rested":1,"item_purchase_floors":[],"current_hp_per_floor":[66,59,59,59,59,28,49,32,32,0,0],"gold":134,"neow_bonus":"TEN_PERCENT_HP_BONUS","is_daily":false,"chose_seed":false,"campfire_upgraded":0,"win_rate":0.0,"timestamp":1611948864,"path_taken":["M","M","?","?","M","E","R","E","T","E"],"items_purchased_type":[],"build_version":"2020-12-22","purchased_purges":0,"victory":false,"max_hp_per_floor":[72,72,72,72,72,72,72,73,73,73,73],"card_choices":[{"not_picked":["animator:Illya","animator:ElricAlphonse","animator:Hakurou"],"picked":"SKIP","floor":1},{"not_picked":["animator:IrohaTamaki","animator:Millim"],"picked":"animator:Kaijin","floor":2},{"not_picked":["animator:Souei","animator:LizardPriest"],"picked":"animator:Aqua","floor":5},{"not_picked":["animator:ElricEdward","animator:ElricAlphonse"],"picked":"animator:MaesHughes","floor":6},{"not_picked":["animator:Gluttony","animator:Eris"],"picked":"animator:Shuna","floor":8}],"player_experience":149260,"relics_obtained":[{"floor":6,"key":"Art of War"},{"floor":8,"key":"Pocketwatch"},{"floor":9,"key":"animator:OldCoffin"}],"event_choices":[{"cards_removed":["animator:ElricAlphonse"],"damage_healed":0,"gold_gain":0,"player_choice":"Purged","damage_taken":0,"max_hp_gain":0,"max_hp_loss":0,"event_name":"Purifier","floor":4,"gold_loss":0}],"is_beta":false,"boss_relics":[],"items_purged_floors":[],"is_endless":false,"potions_floor_spawned":[2,8],"killed_by":"Lagavulin","ascension_level":1}}