{"host":"ye2yc4zsa4mr9ewr","time":1611902581,"event":{"mods":["BaseMod","Downfall","Minty Spire (QoL Compilation)","Relic Stats","StSLib"],"gold_per_floor":[99,119,130,130,150,60,60,78,78,92,92,111,140,140,155,155,155,155],"floor_reached":16,"language":"ENG","playtime":1683,"items_purged":["champ:Strike"],"score":104,"play_id":"f870c7e4-9fe7-4bb9-a52e-eabc0301311b","local_time":"20210129004301","is_ascension_mode":false,"campfire_choices":[{"floor":1.0,"key":"RECALL"},{"data":"champ:FanOfKnives","floor":11.0,"key":"SMITH"}],"circlet_count":0,"master_deck":["champ:Strike","champ:Strike+1","champ:Defend","champ:Defend","champ:Defend","champ:Execute","champ:Taunt","champ:FanOfKnives+1","champ:FanOfKnives","champ:BerserkersShout","champ:HeartStrike","champ:BringItOn","champ:Haymaker+1","champ:TripleStrike","champ:BerserkersShout"],"relics":["champ:ChampionCrown","Oddly Smooth Stone","champ:LiftRelic","Whetstone"],"acts_visited":["Exordium"],"potions_floor_usage":[],"damage_taken":[{"damage":2.0,"enemies":"Small Slimes","floor":2.0,"turns":4.0},{"damage":10.0,"enemies":"Cultist","floor":3.0,"turns":3.0},{"damage":11.0,"enemies":"Jaw Worm","floor":5.0,"turns":4.0},{"damage":30.0,"enemies":"downfall:FleeingMerchant","floor":6.0,"turns":4.0},{"damage":10.0,"enemies":"2 Fungi Beasts","floor":8.0,"turns":2.0},{"damage":14.0,"enemies":"Exordium Thugs","floor":10.0,"turns":2.0},{"damage":17.0,"enemies":"Red Slaver","floor":12.0,"turns":3.0},{"damage":34.0,"enemies":"Lagavulin","floor":13.0,"turns":6.0},{"damage":4.0,"enemies":"2 Fungi Beasts","floor":15.0,"turns":2.0},{"damage":51,"enemies":"WA_ARCHETYPE_RETAIN","floor":16,"turns":4}],"seed_played":"7931887219997730067","potions_obtained":[{"floor":2.0,"key":"Swift Potion"},{"floor":8.0,"key":"sneckomod:MuddlingPotion"},{"floor":13.0,"key":"GamblersBrew"}],"is_trial":false,"path_per_floor":["R","M","M","?","M","$","T","M","?","M","R","M","E","?","M","B"],"character_chosen":"THE_CHAMP","items_purchased":[],"campfire_rested":0,"item_purchase_floors":[],"current_hp_per_floor":[90,88,88,88,87,87,87,87,87,78,78,71,52,52,48,0,0,0],"gold":155,"neow_bonus":"RANDOM_COMMON_RELIC","is_daily":false,"chose_seed":false,"campfire_upgraded":1,"win_rate":0.0,"timestamp":1611902581,"path_taken":["R","M","M","?","M","$","T","?","?","M","R","M","E","?","M","BOSS"],"items_purchased_type":[],"build_version":"2020-12-22","purchased_purges":1,"victory":false,"max_hp_per_floor":[90,90,90,90,90,90,90,90,90,90,90,90,90,90,90,90,90,90],"relic_stats":{"counters":[10,34],"Whetstone":["champ:Strike","champ:Haymaker"],"obtain_stats":[{"champ:LiftRelic":9,"Oddly Smooth Stone":0,"champ:ChampionCrown":0,"Whetstone":13},{"champ:LiftRelic":5,"Oddly Smooth Stone":0,"champ:ChampionCrown":0,"Whetstone":8},{"champ:LiftRelic":17,"Oddly Smooth Stone":0,"champ:ChampionCrown":0,"Whetstone":28}]},"card_choices":[{"not_picked":["champ:IronFortress","champ:Shatter"],"picked":"champ:FanOfKnives","floor":2.0},{"not_picked":["champ:PreciseThrust","champ:BerserkersShout"],"picked":"champ:FanOfKnives","floor":3.0},{"not_picked":["champ:Shatter","champ:PerfectedStrike"],"picked":"champ:HeartStrike","floor":5.0},{"not_picked":["champ:IronFortress","champ:GutPunch"],"picked":"champ:BringItOn","floor":6.0},{"not_picked":["champ:DancingMaster","champ:BringItOn"],"picked":"champ:Haymaker","floor":8.0},{"not_picked":["champ:BringItOn","champ:CrownThrow","champ:FlashCut"],"picked":"SKIP","floor":10.0},{"not_picked":["champ:CrownThrow","champ:TornadoPunch","champ:Circumvent"],"picked":"SKIP","floor":12.0},{"not_picked":["champ:PreciseThrust","champ:Endure"],"picked":"champ:TripleStrike","floor":13.0},{"not_picked":["champ:IronFortress","champ:FanOfKnives"],"picked":"champ:BerserkersShout","floor":15.0}],"player_experience":929631,"relics_obtained":[{"floor":13.0,"key":"Whetstone"}],"event_choices":[{"cards_removed":["champ:Defend"],"damage_healed":0.0,"max_hp_gain":0.0,"max_hp_loss":0.0,"gold_gain":0.0,"event_name":"The Cleric","player_choice":"Card Removal","floor":14.0,"gold_loss":0.0,"damage_taken":0.0}],"is_beta":false,"boss_relics":[],"items_purged_floors":[6],"is_endless":false,"potions_floor_spawned":[2,8,13],"killed_by":"WA_ARCHETYPE_RETAIN","ascension_level":0}}