{"host":"l84l8xigz5v5foa2","time":1611887051,"event":{"mods":["2.2 Compatiblity","AchievementEnabler","BaseMod","Better Note","Better Vampires","Card Filter","Colored Map","DeckTracker","Downfall","Gremlin Skip","Highlight Path","Keyboard Shortcuts","Minty Spire (QoL Compilation)","Permanent Neow","Quick Restart","Relic Filter","Relic Stats","StSLib","SuperFastMode","Transform Curses","Unknown Chances"],"gold_per_floor":[116,116,129,129,139,169,169,196,196,196,216,216,216,229,229,229,229],"floor_reached":16,"language":"ENG","playtime":580,"items_purged":[],"score":220,"play_id":"1aec7474-a783-45d7-b93b-627a2713239a","local_time":"20210129112411","is_ascension_mode":true,"campfire_choices":[{"data":"Eruption","floor":7.0,"key":"SMITH"},{"data":"CrushJoints","floor":10.0,"key":"SMITH"},{"data":"Strike_P","floor":12.0,"key":"PURGE"},{"floor":15,"key":"REST"}],"circlet_count":0,"master_deck":["AscendersBane","Strike_P","Strike_P","Strike_P","Defend_P","Defend_P","Defend_P","Eruption+1","Vigilance","Scrawl","ThirdEye","CrushJoints+1","Conclude","Halt","FearNoEvil"],"relics":["PureWater","Oddly Smooth Stone","Peace Pipe","Regal Pillow","The Courier"],"acts_visited":[],"potions_floor_usage":[16],"damage_taken":[{"damage":0.0,"enemies":"Jaw Worm","floor":1.0,"turns":2.0},{"damage":0.0,"enemies":"Cultist","floor":3.0,"turns":2.0},{"damage":0.0,"enemies":"2 Louse","floor":5.0,"turns":3.0},{"damage":13.0,"enemies":"Lagavulin","floor":6.0,"turns":7.0},{"damage":28.0,"enemies":"Gremlin Nob","floor":8.0,"turns":3.0},{"damage":0.0,"enemies":"Looter","floor":11.0,"turns":4.0},{"damage":7,"enemies":"Blue Slaver","floor":14,"turns":4},{"damage":46,"enemies":"Hexaghost","floor":16,"turns":10}],"seed_played":"-8355089748369518038","potions_obtained":[{"floor":2.0,"key":"DistilledChaos"},{"floor":2.0,"key":"BottledMiracle"},{"floor":6.0,"key":"LiquidBronze"}],"is_trial":false,"path_per_floor":["M","?","M","?","M","E","R","E","T","R","M","R","?","M","R","B"],"character_chosen":"WATCHER","items_purchased":[],"campfire_rested":1,"item_purchase_floors":[],"current_hp_per_floor":[61,61,61,56,56,43,43,15,15,15,15,15,15,8,43,0,0],"gold":229,"neow_bonus":"ONE_RANDOM_RARE_CARD","is_daily":false,"chose_seed":false,"campfire_upgraded":2,"win_rate":0.0,"timestamp":1611887051,"path_taken":["M","?","?","?","M","E","R","E","T","R","M","R","?","M","R","BOSS"],"items_purchased_type":[],"build_version":"2020-12-22","purchased_purges":0,"victory":false,"max_hp_per_floor":[68,68,68,68,68,68,68,68,68,68,68,68,68,68,68,68,68],"relic_stats":{"Peace Pipe":1,"Regal Pillow":15,"counters":[8,35],"obtain_stats":[{"Peace Pipe":6,"Regal Pillow":8,"Oddly Smooth Stone":4,"The Courier":9,"PureWater":0},{"Peace Pipe":4,"Regal Pillow":5,"Oddly Smooth Stone":2,"The Courier":5,"PureWater":0},{"Peace Pipe":14,"Regal Pillow":17,"Oddly Smooth Stone":4,"The Courier":17,"PureWater":0}]},"card_choices":[{"not_picked":["Protect","Pray"],"picked":"ThirdEye","floor":1.0},{"not_picked":["SashWhip","EmptyFist"],"picked":"CrushJoints","floor":3.0},{"not_picked":["Crescendo","Fasting2","ReachHeaven"],"picked":"SKIP","floor":5.0},{"not_picked":["Ragnarok","Evaluate","ConjureBlade"],"picked":"SKIP","floor":6.0},{"not_picked":["EmptyFist","ReachHeaven"],"picked":"Conclude","floor":8.0},{"not_picked":["FollowUp","FlurryOfBlows"],"picked":"Halt","floor":11.0},{"not_picked":["CutThroughFate","Evaluate"],"picked":"FearNoEvil","floor":14}],"player_experience":3478130,"relics_obtained":[{"floor":6.0,"key":"Peace Pipe"},{"floor":8.0,"key":"Regal Pillow"},{"floor":9.0,"key":"The Courier"}],"event_choices":[{"damage_healed":0.0,"max_hp_gain":0.0,"max_hp_loss":0.0,"gold_gain":0.0,"event_name":"Lab","player_choice":"Got Potions","floor":2.0,"gold_loss":0.0,"damage_taken":0.0},{"damage_healed":0.0,"max_hp_gain":0.0,"max_hp_loss":0.0,"gold_gain":0.0,"event_name":"Scrap Ooze","player_choice":"Success","floor":4.0,"gold_loss":0.0,"damage_taken":5.0,"relics_obtained":["Oddly Smooth Stone"]},{"cards_removed":["Defend_P"],"damage_healed":0.0,"max_hp_gain":0.0,"max_hp_loss":0.0,"gold_gain":0.0,"event_name":"Living Wall","player_choice":"Forget","floor":13.0,"gold_loss":0.0,"damage_taken":0.0}],"is_beta":false,"boss_relics":[],"items_purged_floors":[],"is_endless":false,"potions_floor_spawned":[3,5,6],"killed_by":"Hexaghost","ascension_level":20}}