{"host":"bht7q8dqip9du99t","time":1611938187,"event":{"mods":["BaseMod","Colored Map","Colored Powertips","Highlight Path","Minty Spire (QoL Compilation)","Quick Restart","StSLib"],"gold_per_floor":[116,135,135,147,147,172,182,195,218,245,316,316,330,346,346,346,346],"floor_reached":16,"language":"ENG","playtime":805,"items_purged":[],"score":194,"play_id":"585a1454-b363-4c92-82c8-be342ba176fc","local_time":"20210129113627","is_ascension_mode":true,"campfire_choices":[{"data":"Devotion","floor":12.0,"key":"SMITH"},{"floor":15.0,"key":"REST"}],"circlet_count":0,"master_deck":["AscendersBane","Strike_P","Strike_P","Strike_P","Strike_P","Defend_P","Defend_P","Defend_P","Defend_P","Eruption","Vigilance","Devotion+1"],"relics":["Snecko Eye","Mango","Bag of Marbles","Boot","TungstenRod","Toxic Egg 2"],"acts_visited":["Exordium"],"potions_floor_usage":[],"damage_taken":[{"damage":0.0,"enemies":"Cultist","floor":1.0,"turns":2.0},{"damage":4.0,"enemies":"Jaw Worm","floor":2.0,"turns":2.0},{"damage":0.0,"enemies":"2 Louse","floor":4.0,"turns":2.0},{"damage":22.0,"enemies":"Lagavulin","floor":6.0,"turns":6.0},{"damage":8.0,"enemies":"Blue Slaver","floor":7.0,"turns":5.0},{"damage":0.0,"enemies":"2 Fungi Beasts","floor":8.0,"turns":2.0},{"damage":10.0,"enemies":"3 Sentries","floor":10.0,"turns":9.0},{"damage":13.0,"enemies":"Lots of Slimes","floor":13.0,"turns":5.0},{"damage":0.0,"enemies":"Gremlin Gang","floor":14.0,"turns":3.0},{"damage":42,"enemies":"Hexaghost","floor":16,"turns":7}],"seed_played":"8029679253289600501","potions_obtained":[{"floor":2.0,"key":"BottledMiracle"},{"floor":7.0,"key":"SkillPotion"},{"floor":10.0,"key":"Dexterity Potion"},{"floor":13.0,"key":"Explosive Potion"}],"is_trial":false,"path_per_floor":["M","M","?","M","T","E","M","M","T","E","T","R","M","M","R","B"],"character_chosen":"WATCHER","items_purchased":[],"campfire_rested":1,"item_purchase_floors":[],"current_hp_per_floor":[61,57,57,57,71,49,41,41,41,31,31,31,18,18,42,0,0],"gold":346,"neow_bonus":"BOSS_RELIC","is_daily":false,"chose_seed":false,"campfire_upgraded":1,"win_rate":0.0,"timestamp":1611938187,"path_taken":["M","?","?","?","?","E","M","M","T","E","?","R","M","M","R","BOSS"],"items_purchased_type":[],"build_version":"2020-12-22","purchased_purges":0,"victory":false,"max_hp_per_floor":[68,68,68,68,82,82,82,82,82,82,82,82,82,82,82,82,82],"card_choices":[{"not_picked":["SashWhip","Consecrate","CrushJoints"],"picked":"SKIP","floor":1.0},{"not_picked":["Fasting2","Evaluate","Perseverance"],"picked":"SKIP","floor":2.0},{"not_picked":["Conclude","SashWhip","CrushJoints"],"picked":"SKIP","floor":4.0},{"not_picked":["Prostrate","Adaptation","BattleHymn"],"picked":"SKIP","floor":6.0},{"not_picked":["FollowUp","ThirdEye","EmptyBody"],"picked":"SKIP","floor":7.0},{"not_picked":["JustLucky","Halt","PathToVictory"],"picked":"SKIP","floor":8.0},{"not_picked":["Adaptation","FollowUp"],"picked":"Devotion","floor":10.0},{"not_picked":["Crescendo+1","Perseverance+1","JustLucky"],"picked":"SKIP","floor":13.0},{"not_picked":["ThirdEye+1","Wireheading","FlyingSleeves"],"picked":"SKIP","floor":14.0}],"player_experience":676851,"relics_obtained":[{"floor":5.0,"key":"Mango"},{"floor":6.0,"key":"Bag of Marbles"},{"floor":9.0,"key":"Boot"},{"floor":10.0,"key":"TungstenRod"},{"floor":11.0,"key":"Toxic Egg 2"}],"event_choices":[{"damage_healed":0.0,"max_hp_gain":0.0,"max_hp_loss":0.0,"gold_gain":0.0,"event_name":"The Woman in Blue","player_choice":"Bought 0 Potions","floor":3.0,"gold_loss":0.0,"damage_taken":0.0}],"is_beta":false,"boss_relics":[],"items_purged_floors":[],"is_endless":false,"potions_floor_spawned":[2,7,10,13],"killed_by":"Hexaghost","ascension_level":14}}