{"host":"t7mx8yfj1no5p62f","time":1611892171,"event":{"mods":["BaseMod","Colored Map","Colored Powertips","Minty Spire (QoL Compilation)","Relic Stats","StSLib"],"gold_per_floor":[113,113,128,13,13,13,33,68,68,99,111,128,139,172,172,247,247,258,276,304,354,33,33,66,66,66,66,66,101,101,120,120,192,192,203,220,220,236,236,236,236],"floor_reached":40,"language":"ENG","playtime":2849,"items_purged":["Strike_R"],"score":888,"play_id":"b8c6471b-7ef1-4baa-8272-5b5e68cb1854","local_time":"20210128224931","is_ascension_mode":true,"campfire_choices":[{"data":"Inflame","floor":6.0,"key":"SMITH"},{"data":"Spot Weakness","floor":15.0,"key":"SMITH"},{"data":"Whirlwind","floor":23.0,"key":"SMITH"},{"data":"Pummel","floor":25.0,"key":"SMITH"},{"data":"Bash","floor":27.0,"key":"SMITH"},{"data":"Dual Wield","floor":30.0,"key":"SMITH"},{"data":"Battle Trance","floor":32,"key":"SMITH"}],"circlet_count":0,"master_deck":["AscendersBane","Strike_R","Strike_R","Strike_R","Defend_R","Defend_R","Defend_R","Defend_R","Bash+1","Spot Weakness+1","Twin Strike+1","Pummel+1","Inflame+1","Whirlwind+1","Ghostly Armor","Battle Trance+1","Battle Trance","Reaper","Inflame+1","Metallicize+1","Dual Wield+1","Power Through+1","Reaper","Pummel"],"relics":["Burning Blood","Nunchaku","Sundial","Akabeko","Orichalcum","Frozen Egg 2","Paper Frog","SlaversCollar","Red Mask","Frozen Eye","Magic Flower","HornCleat","Mango","Black Star"],"acts_visited":["Exordium","TheCity","TheBeyond"],"potions_floor_usage":[40],"damage_taken":[{"damage":6.0,"enemies":"Small Slimes","floor":1.0,"turns":5.0},{"damage":2.0,"enemies":"Jaw Worm","floor":3.0,"turns":3.0},{"damage":0.0,"enemies":"Cultist","floor":7.0,"turns":2.0},{"damage":8.0,"enemies":"Gremlin Nob","floor":8.0,"turns":3.0},{"damage":24.0,"enemies":"3 Sentries","floor":10.0,"turns":8.0},{"damage":11.0,"enemies":"Gremlin Gang","floor":11.0,"turns":4.0},{"damage":6.0,"enemies":"Exordium Wildlife","floor":12.0,"turns":3.0},{"damage":0.0,"enemies":"Large Slime","floor":13.0,"turns":4.0},{"damage":30.0,"enemies":"Lagavulin","floor":14.0,"turns":5.0},{"damage":30.0,"enemies":"The Guardian","floor":16.0,"turns":9.0},{"damage":11.0,"enemies":"Shell Parasite","floor":18.0,"turns":4.0},{"damage":12.0,"enemies":"Chosen","floor":19.0,"turns":5.0},{"damage":6.0,"enemies":"Masked Bandits","floor":20.0,"turns":2.0},{"damage":15.0,"enemies":"Book of Stabbing","floor":24.0,"turns":3.0},{"damage":11.0,"enemies":"Gremlin Leader","floor":29.0,"turns":6.0},{"damage":0.0,"enemies":"Centurion and Healer","floor":31.0,"turns":3.0},{"damage":75,"enemies":"Automaton","floor":33,"turns":9},{"damage":14,"enemies":"3 Shapes","floor":35,"turns":4},{"damage":51,"enemies":"3 Darklings","floor":36,"turns":8},{"damage":93,"enemies":"Transient","floor":38,"turns":6},{"damage":93,"enemies":"Nemesis","floor":40,"turns":6}],"seed_played":"-5617198760180539982","potions_obtained":[{"floor":1.0,"key":"Weak Potion"},{"floor":8.0,"key":"EssenceOfSteel"},{"floor":10.0,"key":"SpeedPotion"},{"floor":14.0,"key":"Fire Potion"},{"floor":16.0,"key":"Block Potion"},{"floor":18.0,"key":"AttackPotion"},{"floor":19.0,"key":"SkillPotion"},{"floor":29.0,"key":"EssenceOfSteel"}],"is_trial":false,"path_per_floor":["M","?","M","$","?","R","M","E","T","E","M","M","M","E","R","B",null,"M","M","?","?","$","R","E","R","T","R","?","E","R","M","R","B",null,"M","M","?","M","?","E"],"character_chosen":"IRONCLAD","items_purchased":["Pummel","Inflame","Metallicize+1","Frozen Eye"],"campfire_rested":0,"item_purchase_floors":[4,4,22,22],"current_hp_per_floor":[68,68,72,72,72,72,75,73,73,55,50,50,56,32,32,8,58,64,69,69,69,69,69,75,75,75,75,75,89,89,89,89,53,80,75,89,85,42,42,0,0],"gold":236,"neow_bonus":"RANDOM_COMMON_RELIC","is_daily":false,"chose_seed":false,"campfire_upgraded":7,"win_rate":0.0,"timestamp":1611892171,"path_taken":["M","?","M","$","?","R","M","E","T","E","?","?","M","E","R","BOSS","M","?","?","?","?","R","E","R","T","R","?","E","R","?","R","BOSS","M","M","?","M","?","E"],"items_purchased_type":["Card","Card","Card","Relic"],"build_version":"2020-12-22","purchased_purges":1,"victory":false,"max_hp_per_floor":[75,75,75,75,75,75,75,75,75,75,75,75,75,75,75,75,75,75,75,75,75,75,75,75,75,75,75,75,89,89,89,89,89,89,89,89,85,85,85,85,85],"relic_stats":{"Nunchaku":[15],"counters":[21,102],"Sundial":[12],"Magic Flower":[60],"Black Star":0,"Orichalcum":[252],"obtain_stats":[{"Magic Flower":24,"Mango":29,"Orichalcum":9,"Frozen Egg 2":10,"Burning Blood":0,"Akabeko":8,"SlaversCollar":17,"Frozen Eye":22,"Nunchaku":0,"HornCleat":26,"Sundial":5,"Red Mask":20,"Black Star":34,"Paper Frog":14},{"Magic Flower":14,"Mango":15,"Orichalcum":4,"Frozen Egg 2":5,"Burning Blood":0,"Akabeko":4,"SlaversCollar":10,"Frozen Eye":13,"Nunchaku":0,"HornCleat":14,"Sundial":2,"Red Mask":13,"Black Star":17,"Paper Frog":9},{"Magic Flower":60,"Mango":66,"Orichalcum":13,"Frozen Egg 2":21,"Burning Blood":0,"Akabeko":13,"SlaversCollar":46,"Frozen Eye":57,"Nunchaku":0,"HornCleat":60,"Sundial":8,"Red Mask":57,"Black Star":78,"Paper Frog":37}],"Burning Blood":108},"card_choices":[{"not_picked":["Combust","Warcry"],"picked":"Spot Weakness","floor":1.0},{"not_picked":["Thunderclap","Flame Barrier"],"picked":"Twin Strike","floor":3.0},{"not_picked":["Flex","Cleave","Armaments"],"picked":"SKIP","floor":7.0},{"not_picked":["Dropkick","Twin Strike","Burning Pact"],"picked":"SKIP","floor":8.0},{"not_picked":["Second Wind","Sentinel","Perfected Strike"],"picked":"SKIP","floor":10.0},{"not_picked":["Sever Soul","Pommel Strike"],"picked":"Whirlwind","floor":11.0},{"not_picked":["Twin Strike","Exhume"],"picked":"Ghostly Armor","floor":12.0},{"not_picked":["Anger","Bloodletting"],"picked":"Battle Trance","floor":13.0},{"not_picked":["Blood for Blood","Fire Breathing+1"],"picked":"Battle Trance","floor":14.0},{"not_picked":["Juggernaut+1","Brutality+1"],"picked":"Reaper","floor":16.0},{"not_picked":["Cleave","Pommel Strike","Battle Trance"],"picked":"SKIP","floor":18.0},{"not_picked":["Infernal Blade","Dark Embrace+1"],"picked":"Inflame+1","floor":19.0},{"not_picked":["Hemokinesis","Havoc+1","Intimidate"],"picked":"SKIP","floor":24.0},{"not_picked":["Anger","Armaments"],"picked":"Dual Wield","floor":29.0},{"not_picked":["True Grit","Whirlwind"],"picked":"Power Through+1","floor":31},{"not_picked":["Demon Form+1","Feed"],"picked":"Reaper","floor":33},{"not_picked":["Iron Wave","True Grit","Wild Strike"],"picked":"SKIP","floor":35},{"not_picked":["Thunderclap","Clash"],"picked":"Pummel","floor":36},{"not_picked":["Clothesline","Iron Wave","Twin Strike+1"],"picked":"SKIP","floor":38}],"player_experience":1878247,"relics_obtained":[{"floor":8.0,"key":"Akabeko"},{"floor":9.0,"key":"Orichalcum"},{"floor":10.0,"key":"Frozen Egg 2"},{"floor":14.0,"key":"Paper Frog"},{"floor":20.0,"key":"Red Mask"},{"floor":24.0,"key":"Magic Flower"},{"floor":26.0,"key":"HornCleat"},{"floor":29.0,"key":"Mango"}],"event_choices":[{"damage_healed":0.0,"max_hp_gain":0.0,"max_hp_loss":0.0,"gold_gain":0.0,"event_name":"The Cleric","player_choice":"Leave","floor":2.0,"gold_loss":0.0,"damage_taken":0.0},{"damage_healed":0.0,"max_hp_gain":0.0,"max_hp_loss":0.0,"gold_gain":0.0,"event_name":"WeMeetAgain","player_choice":"Gave Potion","floor":5.0,"gold_loss":0.0,"damage_taken":0.0,"relics_obtained":["Sundial"]},{"damage_healed":0.0,"max_hp_gain":0.0,"max_hp_loss":0.0,"gold_gain":0.0,"event_name":"Masked Bandits","player_choice":"Fought Bandits","floor":20.0,"gold_loss":0.0,"damage_taken":0.0},{"damage_healed":0.0,"max_hp_gain":0.0,"max_hp_loss":0.0,"gold_gain":50.0,"event_name":"Nest","player_choice":"Stole From Cult","floor":21.0,"gold_loss":0.0,"damage_taken":0.0},{"damage_healed":0.0,"max_hp_gain":0.0,"max_hp_loss":0.0,"gold_gain":0.0,"event_name":"Accursed Blacksmith","player_choice":"Forge","floor":28.0,"gold_loss":0.0,"damage_taken":0.0,"cards_upgraded":["Twin Strike"]},{"damage_healed":0,"gold_gain":0,"player_choice":"Max HP","damage_taken":0,"max_hp_gain":0,"max_hp_loss":4,"event_name":"Winding Halls","floor":37,"gold_loss":0},{"cards_removed":["Strike_R"],"damage_healed":0,"gold_gain":0,"player_choice":"Removed Attack","damage_taken":0,"max_hp_gain":0,"max_hp_loss":0,"event_name":"Falling","floor":39,"gold_loss":0}],"is_beta":false,"boss_relics":[{"not_picked":["Sozu","Black Blood"],"picked":"SlaversCollar"},{"not_picked":["Runic Dome","Runic Pyramid"],"picked":"Black Star"}],"items_purged_floors":[22],"is_endless":false,"potions_floor_spawned":[1,8,10,14,16,18,19,29,35],"killed_by":"Nemesis","ascension_level":20}}