{"host":"l84l8xigz5v5foa2","time":1611933069,"event":{"mods":["2.2 Compatiblity","AchievementEnabler","BaseMod","Better Note","Better Vampires","Card Filter","Colored Map","DeckTracker","Downfall","Gremlin Skip","Highlight Path","Keyboard Shortcuts","Minty Spire (QoL Compilation)","Permanent Neow","Quick Restart","Relic Filter","Relic Stats","StSLib","SuperFastMode","Transform Curses","Unknown Chances"],"gold_per_floor":[99,117,137,156,206,206,229,244,144,164,164,179,179,214,232,232,232,232],"floor_reached":16,"language":"ENG","playtime":798,"items_purged":[],"score":258,"play_id":"a1d69022-f669-449d-ac20-0d6eec983ff9","local_time":"20210130001109","is_ascension_mode":true,"campfire_choices":[{"data":"champ:Taunt","floor":1.0,"key":"SMITH"},{"data":"champ:EnchantShield","floor":6.0,"key":"SMITH"},{"data":"champ:EnGarde","floor":9.0,"key":"SMITH"},{"data":"champ:Backstep","floor":11.0,"key":"SMITH"}],"circlet_count":0,"master_deck":["AscendersBane","champ:Strike","champ:Strike","champ:Strike","champ:Strike","champ:Defend","champ:Defend","champ:Defend","champ:Defend","champ:Execute","champ:Taunt+1","champ:EnchantShield+1","champ:EnGarde+1","champ:StanceDance","champ:FocusedBerserking","champ:CrownThrow","champ:Backstep+1","champ:VampiricStrike","champ:AdrenalArmor"],"relics":["champ:ChampionCrown","downfall:HeartBlessingBlue","downfall:BrokenWingStatue","Bronze Scales"],"acts_visited":["Exordium"],"potions_floor_usage":[16],"damage_taken":[{"damage":10.0,"enemies":"2 Louse","floor":2.0,"turns":3.0},{"damage":20.0,"enemies":"Cultist","floor":3.0,"turns":4.0},{"damage":14.0,"enemies":"Jaw Worm","floor":4.0,"turns":5.0},{"damage":64.0,"enemies":"Large Slime","floor":8.0,"turns":7.0},{"damage":25.0,"enemies":"Lots of Slimes","floor":10.0,"turns":4.0},{"damage":30.0,"enemies":"Red Slaver","floor":12.0,"turns":4.0},{"damage":30,"enemies":"Lagavulin","floor":14,"turns":8},{"damage":10,"enemies":"Exordium Wildlife","floor":15,"turns":4},{"damage":86,"enemies":"SI_SHIV_ARCHETYPE","floor":16,"turns":8}],"seed_played":"-2330916578847002519","potions_obtained":[{"floor":2.0,"key":"sneckomod:MuddlingPotion"},{"floor":8.0,"key":"DistilledChaos"},{"floor":14,"key":"Swift Potion"}],"is_trial":false,"path_per_floor":["R","M","M","M","?","R","T","M","R","M","R","M","?","E","M","B"],"character_chosen":"THE_CHAMP","items_purchased":[],"campfire_rested":0,"item_purchase_floors":[],"current_hp_per_floor":[73,73,73,69,69,69,69,40,50,50,50,40,40,40,40,0,0,0],"gold":232,"neow_bonus":"ONE_RANDOM_RARE_CARD","is_daily":false,"chose_seed":false,"campfire_upgraded":4,"win_rate":0.0,"timestamp":1611933069,"path_taken":["R","M","M","M","?","R","T","?","R","M","R","M","?","E","M","BOSS"],"items_purchased_type":[],"build_version":"2020-12-22","purchased_purges":0,"victory":false,"max_hp_per_floor":[81,81,81,81,81,81,81,81,91,91,91,91,91,91,91,91,91,91],"relic_stats":{"counters":[9,47],"Bronze Scales":[49],"obtain_stats":[{"downfall:BrokenWingStatue":13,"downfall:HeartBlessingBlue":9,"Bronze Scales":14,"champ:ChampionCrown":0},{"downfall:BrokenWingStatue":6,"downfall:HeartBlessingBlue":4,"Bronze Scales":7,"champ:ChampionCrown":0},{"downfall:BrokenWingStatue":27,"downfall:HeartBlessingBlue":19,"Bronze Scales":35,"champ:ChampionCrown":0}]},"card_choices":[{"not_picked":["champ:PreemptiveStrike","champ:TornadoPunch"],"picked":"champ:EnGarde","floor":2.0},{"not_picked":["champ:PreciseThrust","champ:SwordSigil"],"picked":"champ:StanceDance","floor":3.0},{"not_picked":["champ:Encircle","champ:CrownThrow"],"picked":"champ:FocusedBerserking","floor":4.0},{"not_picked":["champ:StanceDance","champ:EnGarde"],"picked":"champ:CrownThrow","floor":8.0},{"not_picked":["champ:HeartStrike","champ:FlashCut"],"picked":"champ:Backstep","floor":10.0},{"not_picked":["champ:FancyFootwork","champ:CrownThrow"],"picked":"champ:VampiricStrike","floor":12.0},{"not_picked":["champ:BerserkerStyle","champ:SkillfulDodge"],"picked":"champ:AdrenalArmor","floor":14},{"not_picked":["champ:ShieldSigil","champ:HeartStrike","champ:TornadoPunch"],"picked":"SKIP","floor":15}],"player_experience":3498367,"relics_obtained":[{"floor":14,"key":"Bronze Scales"}],"event_choices":[],"is_beta":false,"boss_relics":[],"items_purged_floors":[],"is_endless":false,"potions_floor_spawned":[2,8,14],"killed_by":"SI_SHIV_ARCHETYPE","ascension_level":20}}