{"host":"qbjtml023iza03hb","time":1611934638,"event":{"mods":["AchievementEnabler","BaseMod","Better Sensory Stone","Hermit","Minty Spire (QoL Compilation)","StSLib","The Animator","The Cursed"],"gold_per_floor":[121,46,65,81,104,146,146,146,146],"floor_reached":8,"language":"FRA","playtime":639,"items_purged":["animator:Defend"],"score":58,"play_id":"c1db2ced-6f49-4c45-9a54-8fa1d39ff842","local_time":"20210129163718","is_ascension_mode":false,"campfire_choices":[{"data":"animator:OrikoMikuni","floor":7,"key":"SMITH"}],"circlet_count":0,"master_deck":["animator:Strike_MadokaMagica","animator:Defend_MadokaMagica","animator:Strike","animator:Strike","animator:Strike","animator:Defend","animator:Defend","animator:IrohaTamaki","animator:YuiTsuruno","animator:Mitsuba","animator:Tatsumaki","animator:Guren","animator:OrikoMikuni+1","animator:Hitei"],"relics":["animator:LivingPicture","animator:TheMissingPiece","NeowsBlessing","Omamori"],"acts_visited":["Exordium"],"potions_floor_usage":[6,8],"damage_taken":[{"damage":0.0,"enemies":"Small Slimes","floor":1.0,"turns":1.0},{"damage":0.0,"enemies":"Cultist","floor":3.0,"turns":1.0},{"damage":0.0,"enemies":"Jaw Worm","floor":4.0,"turns":1.0},{"damage":9.0,"enemies":"Blue Slaver","floor":5.0,"turns":4.0},{"damage":32,"enemies":"Gremlin Nob","floor":6,"turns":5},{"damage":27,"enemies":"3 Sentries","floor":8,"turns":2}],"seed_played":"6101204008487566160","potions_obtained":[{"floor":4.0,"key":"DuplicationPotion"},{"floor":6,"key":"BlessingOfTheForge"}],"is_trial":false,"path_per_floor":["M","$","M","M","M","E","R","E"],"character_chosen":"THE_ANIMATOR","items_purchased":[],"campfire_rested":0,"item_purchase_floors":[],"current_hp_per_floor":[66,66,66,67,58,26,26,0,0],"gold":146,"neow_bonus":"THREE_ENEMY_KILL","is_daily":false,"chose_seed":false,"campfire_upgraded":1,"win_rate":0.0,"timestamp":1611934638,"path_taken":["M","$","M","M","M","E","R","E"],"items_purchased_type":[],"build_version":"2020-12-22","purchased_purges":1,"victory":false,"max_hp_per_floor":[66,66,66,67,67,67,67,67,67],"card_choices":[{"not_picked":["animator:Genos","animator:IzunaHatsuse"],"picked":"animator:Mitsuba","floor":1.0},{"not_picked":["animator:Shinoa","animator:PandorasActor"],"picked":"animator:Tatsumaki","floor":3.0},{"not_picked":["animator:HighElfArcher","animator:Yuuichirou"],"picked":"animator:Guren","floor":4.0},{"not_picked":["animator:SayakaMiki","animator:IrohaTamaki"],"picked":"animator:OrikoMikuni","floor":5},{"not_picked":["animator:YachiyoNanami","animator:Shiro"],"picked":"animator:Hitei","floor":6}],"player_experience":508098,"relics_obtained":[{"floor":6,"key":"Omamori"}],"event_choices":[],"is_beta":false,"boss_relics":[],"items_purged_floors":[2],"is_endless":false,"potions_floor_spawned":[4,6],"killed_by":"3 Sentries","ascension_level":0}}