{"host":"vyiqbz5w606ur92t","time":1611893021,"event":{"mods":["BaseMod","Downfall","Minty Spire (QoL Compilation)","StSLib"],"gold_per_floor":[99,113,49,49,49,75,129,39,66,100,122,165,191,232,256,369,381,293,324,355,367,379,408,420,465,492,536,566,609,521,549,571,685,697,709,733,762,774,786,833,845,256,256,285,338,238,270,370,390,390,390,421,27,27,27,27],"floor_reached":57,"language":"ENG","playtime":8790,"items_purged":["champ:Strike","downfall:Icky"],"score":1742,"play_id":"54175a69-99a3-4330-a3db-a76b8804e8a3","local_time":"20210129040341","is_ascension_mode":true,"campfire_choices":[{"data":"champ:Taunt","floor":1,"key":"SMITH"},{"floor":18,"key":"RECALL"},{"data":"champ:Lariat","floor":30,"key":"SMITH"},{"data":"champ:DefensiveShout","floor":35,"key":"SMITH"},{"data":"champ:UltimateStance","floor":46,"key":"SMITH"},{"data":"champ:StanceDance","floor":54,"key":"SMITH"}],"circlet_count":0,"master_deck":["champ:Strike","champ:Strike","champ:Defend","champ:Defend","champ:Defend","champ:Defend","champ:Execute","champ:Taunt+1","champ:ShieldWall","champ:TornadoPunch","champ:Haymaker","champ:PreemptiveStrike","champ:Lariat+1","champ:DefensiveShout+1","champ:CalledShot","champ:RisingSlash","champ:Circumvent","champ:PreciseThrust","champ:FlashCut","champ:ShieldThrow","champ:SwordSigil","champ:StanceDance+1","champ:FalseCounter+1","champ:StanceDance","champ:Circumvent+1","champ:FancyFootwork+1","champ:CalledShot+1","champ:GutPunch+1","champ:PreciseThrust+1","champ:Parry","champ:VampiricStrike+1","expansioncontent:DashGenerateEvil+1","expansioncontent:Chronoboost","expansioncontent:InvincibleStrength","champ:UltimateStance+1","champ:SkillfulDodge+1","champ:SwordSigil","champ:RisingSlash+1","Mayhem","Consecrate+1","Predator+1","champ:EnGarde","champ:SteelEdge+1"],"relics":["champ:ChampionCrown","Thread and Needle","Akabeko","Orichalcum","Odd Mushroom","MawBank","Mango","Dream Catcher","Coffee Dripper","downfall:HeartBlessingGreen","Enchiridion","Centennial Puzzle","Pen Nib","Juzu Bracelet","Molten Egg 2","downfall:HeartBlessingRed","Cursed Key","Happy Flower","Bronze Scales","Blood Vial","PrismaticShard","Vajra","StoneCalendar","downfall:HeartBlessingBlue","Slimebound:StickyStick","Potion Belt","Bottled Tornado","Chemical X"],"acts_visited":["Exordium","TheCity","TheBeyond","TheEnding"],"potions_floor_usage":[20,28,40,44,47,49,49,50,55,56,56,56,56],"damage_taken":[{"damage":20,"enemies":"Jaw Worm","floor":2,"turns":4},{"damage":20,"enemies":"downfall:FleeingMerchant","floor":3,"turns":4},{"damage":10,"enemies":"Lagavulin","floor":6,"turns":7},{"damage":15,"enemies":"downfall:FleeingMerchant","floor":8,"turns":4},{"damage":0,"enemies":"The Mushroom Lair","floor":9,"turns":3},{"damage":10,"enemies":"3 Sentries","floor":10,"turns":5},{"damage":0,"enemies":"2 Louse","floor":11,"turns":1},{"damage":15,"enemies":"Lagavulin","floor":12,"turns":7},{"damage":10,"enemies":"Small Slimes","floor":13,"turns":2},{"damage":10,"enemies":"Gremlin Nob","floor":14,"turns":3},{"damage":0,"enemies":"2 Fungi Beasts","floor":15,"turns":2},{"damage":16,"enemies":"SI_SHIV_ARCHETYPE","floor":16,"turns":8},{"damage":0,"enemies":"Shell Parasite","floor":19,"turns":3},{"damage":10,"enemies":"Chosen","floor":20,"turns":3},{"damage":10,"enemies":"Snake Plant","floor":23,"turns":4},{"damage":20,"enemies":"Gremlin Leader","floor":25,"turns":6},{"damage":0,"enemies":"Snecko","floor":26,"turns":4},{"damage":10,"enemies":"Book of Stabbing","floor":27,"turns":2},{"damage":5,"enemies":"Chosen and Byrds","floor":28,"turns":4},{"damage":5,"enemies":"Gremlin Leader","floor":29,"turns":10},{"damage":10,"enemies":"Cultist and Chosen","floor":31,"turns":3},{"damage":5,"enemies":"3 Cultists","floor":32,"turns":4},{"damage":40,"enemies":"DF_ARCHETYPE_CLAW","floor":33,"turns":6},{"damage":0,"enemies":"Orb Walker","floor":36,"turns":2},{"damage":0,"enemies":"3 Darklings","floor":37,"turns":3},{"damage":10,"enemies":"Nemesis","floor":40,"turns":7},{"damage":35,"enemies":"downfall:FleeingMerchant","floor":42,"turns":4},{"damage":40,"enemies":"Reptomancer","floor":44,"turns":3},{"damage":22,"enemies":"2 Orb Walkers","floor":45,"turns":4},{"damage":30,"enemies":"Nemesis","floor":47,"turns":5},{"damage":90,"enemies":"downfall:LadyInBlue","floor":48,"turns":6},{"damage":50,"enemies":"Transient","floor":49,"turns":5},{"damage":95,"enemies":"WA_ARCHETYPE_DIVINITY","floor":50,"turns":7},{"damage":48,"enemies":"downfall:CharBossMerchant","floor":52,"turns":7},{"damage":75,"enemies":"downfall:NeowBoss","floor":55,"turns":14},{"damage":39,"enemies":"downfall:NeowBossFinal","floor":56,"turns":8}],"seed_played":"-5690900352778382487","potions_obtained":[{"floor":6,"key":"Fire Potion"},{"floor":10,"key":"BlessingOfTheForge"},{"floor":11,"key":"sneckomod:MuddlingPotion"},{"floor":12,"key":"AttackPotion"},{"floor":16,"key":"champ:OpenerPotion"},{"floor":26,"key":"LiquidBronze"},{"floor":27,"key":"champ:UltimateStancePotion"},{"floor":29,"key":"sneckomod:MuddlingPotion"},{"floor":36,"key":"DistilledChaos"},{"floor":47,"key":"GamblersBrew"},{"floor":48,"key":"champ:TechniquePotion"},{"floor":48,"key":"CultistPotion"},{"floor":48,"key":"champ:TechniquePotion"},{"floor":49,"key":"EntropicBrew"}],"is_trial":false,"path_per_floor":["R","M","$","?","?","E","T","$","?","E","M","E","M","E","M","B",null,"R","M","M","?","?","M","T","E","M","E","M","E","R","M","M","B",null,"R","M","M","?","?","E","T","$","?","E","?","R","E","?","M","B",null,"E","$","R","B","B",null],"character_chosen":"THE_CHAMP","items_purchased":["champ:Haymaker","FairyPotion","champ:SwordSigil","champ:RisingSlash+1","Mayhem","Bronze Scales","Blood Vial","PrismaticShard","Chemical X","champ:SteelEdge+1","champ:UltimateStancePotion"],"campfire_rested":0,"item_purchase_floors":[3,42,42,42,42,42,42,42,53,53,53],"current_hp_per_floor":[63,63,63,68,78,78,78,73,73,73,73,82,82,82,82,76,119,119,119,119,119,103,103,103,103,103,103,103,103,103,103,103,103,119,119,119,119,109,109,109,109,109,109,111,101,111,103,100,107,94,129,121,121,121,128,120],"gold":27,"neow_bonus":"ONE_RARE_RELIC","is_daily":false,"chose_seed":false,"campfire_upgraded":5,"win_rate":0.0,"timestamp":1611893021,"path_taken":["R","M","$","?","?","E","T","$","?","E","M","E","M","E","M","BOSS","R","M","M","?","?","M","T","E","M","E","M","E","R","M","M","BOSS","R","M","M","?","?","E","T","$","?","E","?","R","E","?","M","BOSS","E","$","R","BOSS","BOSS"],"items_purchased_type":["Card","Potion","Card","Card","Card","Relic","Relic","Relic","Relic","Card","Potion"],"build_version":"2020-12-22","purchased_purges":2,"victory":true,"max_hp_per_floor":[90,90,90,95,105,105,105,105,105,105,105,119,119,119,119,119,119,119,119,119,119,119,119,119,119,119,119,119,119,119,119,119,119,119,119,119,119,119,119,119,119,119,119,119,119,129,129,129,129,129,129,129,129,129,129,129],"card_choices":[{"not_picked":["champ:FanOfKnives","champ:EndlessRage"],"picked":"champ:ShieldWall","floor":2},{"not_picked":["champ:StrikeOfGenius","champ:Backstep"],"picked":"champ:TornadoPunch","floor":3},{"not_picked":["champ:Improvising","champ:Encircle"],"picked":"champ:PreemptiveStrike","floor":6},{"not_picked":["champ:Shatter","champ:BringItOn"],"picked":"champ:Lariat","floor":8},{"not_picked":["champ:Shatter","champ:BringItOn"],"picked":"champ:DefensiveShout","floor":9},{"not_picked":["champ:RecklessLeap","champ:PreemptiveStrike"],"picked":"champ:CalledShot","floor":10},{"not_picked":["champ:RapidStrikes","champ:FancyFootwork"],"picked":"champ:RisingSlash","floor":11},{"not_picked":["champ:DancingMaster","champ:BerserkerStyle"],"picked":"champ:Circumvent","floor":12},{"not_picked":["champ:FanOfKnives","champ:Backstep"],"picked":"champ:PreciseThrust","floor":13},{"not_picked":["champ:Encircle","champ:Devastate","champ:DefensiveShout"],"picked":"SKIP","floor":14},{"not_picked":["champ:TornadoPunch","champ:ShieldSigil"],"picked":"champ:FlashCut","floor":15},{"not_picked":["champ:MurderStrike","champ:UltimateStance"],"picked":"champ:ShieldThrow","floor":16},{"not_picked":["champ:GutPunch","champ:CalledShot"],"picked":"champ:SwordSigil","floor":19},{"not_picked":["champ:EnGarde","champ:AdrenalArmor+1"],"picked":"champ:StanceDance","floor":20},{"not_picked":["champ:PreemptiveStrike","champ:ShieldWall"],"picked":"champ:FalseCounter+1","floor":23},{"not_picked":["champ:Devastate","champ:BladeFlurry"],"picked":"champ:StanceDance","floor":25},{"not_picked":["champ:Shatter+1","champ:Backstep"],"picked":"champ:Circumvent+1","floor":26},{"not_picked":["champ:ShieldWall","champ:GladiatorForm"],"picked":"champ:FancyFootwork+1","floor":27},{"not_picked":["champ:PerfectedStrike+1","champ:StanceDance"],"picked":"champ:CalledShot+1","floor":28},{"not_picked":["champ:Shatter+1","champ:TornadoPunch+1"],"picked":"champ:GutPunch+1","floor":29},{"not_picked":["champ:PerfectedStrike+1","champ:BerserkersShout"],"picked":"champ:PreciseThrust+1","floor":31},{"not_picked":["champ:BladeFlurry+1","champ:FlashCut+1"],"picked":"champ:Parry","floor":32},{"not_picked":["champ:HeavySlash+1","champ:StrikeOfGenius"],"picked":"champ:VampiricStrike+1","floor":33},{"not_picked":["champ:FancyFootwork","champ:BerserkersShout","champ:GutPunch+1"],"picked":"SKIP","floor":36},{"not_picked":["champ:CrownThrow+1","champ:EnGarde","champ:Endure+1"],"picked":"SKIP","floor":37},{"not_picked":["expansioncontent:DecaShield","expansioncontent:AwakenDeath"],"picked":"expansioncontent:DashGenerateEvil","floor":38},{"not_picked":["expansioncontent:DashGenerateEvil","expansioncontent:AwakenDeath"],"picked":"expansioncontent:Chronoboost","floor":38},{"not_picked":["expansioncontent:Hexaburn","expansioncontent:DecaShield"],"picked":"expansioncontent:InvincibleStrength","floor":38},{"not_picked":["champ:IronFortress","champ:GladiatorForm"],"picked":"champ:UltimateStance","floor":40},{"not_picked":["champ:FancyFootwork+1","champ:FlashCut+1"],"picked":"champ:SkillfulDodge+1","floor":42},{"not_picked":["ClearTheMind","champ:CrownThrow+1","Anger+1"],"picked":"SKIP","floor":44},{"not_picked":["Flechettes+1","Slimebound:SlimeSpikes"],"picked":"Consecrate+1","floor":45},{"not_picked":["champ:BladeFlurry+1","hexamod:DynamicBlow+1","Deflect+1"],"picked":"SKIP","floor":47},{"not_picked":["Protect","Guardian:TemporalShield"],"picked":"Predator+1","floor":48},{"not_picked":["bronze:CutThrough+1","sneckomod:UnknownBlock"],"picked":"champ:EnGarde","floor":49},{"not_picked":["Melter+1","Guardian:Planning+1","hexamod:Haunt"],"picked":"SKIP","floor":52}],"player_experience":1193330,"relics_obtained":[{"floor":6,"key":"Akabeko"},{"floor":7,"key":"Orichalcum"},{"floor":9,"key":"Odd Mushroom"},{"floor":10,"key":"MawBank"},{"floor":12,"key":"Mango"},{"floor":14,"key":"Dream Catcher"},{"floor":22,"key":"Enchiridion"},{"floor":24,"key":"Centennial Puzzle"},{"floor":25,"key":"Pen Nib"},{"floor":27,"key":"Juzu Bracelet"},{"floor":29,"key":"Molten Egg 2"},{"floor":40,"key":"Happy Flower"},{"floor":44,"key":"Vajra"},{"floor":45,"key":"StoneCalendar"},{"floor":47,"key":"Slimebound:StickyStick"},{"floor":48,"key":"Potion Belt"},{"floor":52,"key":"Bottled Tornado"}],"event_choices":[{"damage_healed":0,"gold_gain":0,"player_choice":"Donut","damage_taken":0,"max_hp_gain":5,"max_hp_loss":0,"event_name":"Big Fish","floor":4,"gold_loss":0},{"damage_healed":0,"gold_gain":0,"player_choice":"Fought Mushrooms","damage_taken":0,"max_hp_gain":0,"max_hp_loss":0,"event_name":"Mushrooms","floor":9,"gold_loss":0},{"damage_healed":0,"gold_gain":0,"player_choice":"Fight","damage_taken":0,"max_hp_gain":0,"max_hp_loss":0,"event_name":"Mysterious Sphere","floor":45,"gold_loss":0}],"is_beta":false,"boss_relics":[{"not_picked":["Philosopher\u0027s Stone","bronze:MakeshiftBattery"],"picked":"Coffee Dripper"},{"not_picked":["Snecko Eye","champ:ChampionCrownUpgraded"],"picked":"Cursed Key"}],"items_purged_floors":[8,42],"is_endless":false,"potions_floor_spawned":[6,10,11,12,16,19,26,27,29,32,36,37,47,48,49],"ascension_level":1}}