{"host":"sav7uxregyirlf69","time":1611932490,"event":{"mods":["AchievementEnabler","BaseMod","Colored Map","DeckTracker","Keyboard Shortcuts","Minty Spire (QoL Compilation)","READ ME - Guardian Mod","StSLib","SuperFastMode"],"gold_per_floor":[112,187,187,187,56,72,88,115,115,115,130,43,54,67,67,141,141,160,160,3,17,17,17,17],"floor_reached":23,"language":"KOR","playtime":388,"items_purged":["Strike_G"],"score":482,"play_id":"d80fb980-f834-4669-bc9e-16d64da165d7","local_time":"20210130000130","is_ascension_mode":true,"campfire_choices":[{"data":"Noxious Fumes","floor":15.0,"key":"SMITH"}],"circlet_count":0,"master_deck":["AscendersBane","Strike_G","Strike_G","Strike_G","Strike_G","Defend_G","Defend_G","Defend_G","Defend_G","Defend_G","Survivor","Neutralize+1","Dagger Spray","Dagger Throw","Dash","Terror","Backflip","Cloak And Dagger+1","Noxious Fumes+1","Footwork","Malaise+1","Dodge and Roll+1","Tactician+1","Backflip+1"],"relics":["Ring of the Snake","MealTicket","The Specimen","Toxic Egg 2","Darkstone Periapt","Sozu","Omamori","InkBottle"],"acts_visited":["Exordium","TheCity"],"potions_floor_usage":[],"damage_taken":[{"damage":0.0,"enemies":"Jaw Worm","floor":1.0,"turns":5.0},{"damage":0.0,"enemies":"2 Louse","floor":6.0,"turns":2.0},{"damage":0.0,"enemies":"Small Slimes","floor":7.0,"turns":3.0},{"damage":34.0,"enemies":"Gremlin Nob","floor":8.0,"turns":5.0},{"damage":7.0,"enemies":"2 Fungi Beasts","floor":11.0,"turns":4.0},{"damage":1.0,"enemies":"Looter","floor":13.0,"turns":3.0},{"damage":4.0,"enemies":"Lots of Slimes","floor":14.0,"turns":3.0},{"damage":0.0,"enemies":"The Guardian","floor":16.0,"turns":10.0},{"damage":6.0,"enemies":"Chosen","floor":18.0,"turns":6.0},{"damage":8.0,"enemies":"2 Thieves","floor":21.0,"turns":5.0},{"damage":62,"enemies":"Gremlin Leader","floor":23,"turns":6}],"seed_played":"-9222459639473077749","potions_obtained":[{"floor":8.0,"key":"SneckoOil"},{"floor":11.0,"key":"SkillPotion"},{"floor":14.0,"key":"AttackPotion"}],"is_trial":false,"path_per_floor":["M","?","?","T","$","M","M","E","T","?","M","$","M","M","R","B",null,"M","?","$","M","?","E"],"character_chosen":"THE_SILENT","items_purchased":["Dagger Throw","Noxious Fumes","Omamori"],"campfire_rested":0,"item_purchase_floors":[5,12,20],"current_hp_per_floor":[59,48,53,53,68,68,68,34,34,23,16,31,30,26,26,26,60,54,54,69,61,61,0,0],"gold":17,"neow_bonus":"UPGRADE_CARD","is_daily":false,"chose_seed":false,"campfire_upgraded":1,"win_rate":0.0,"timestamp":1611932490,"path_taken":["M","?","?","?","$","M","M","E","T","?","M","$","M","M","R","BOSS","M","?","$","M","?","E"],"items_purchased_type":["Card","Card","Relic"],"build_version":"2020-12-22","purchased_purges":1,"victory":false,"max_hp_per_floor":[66,66,71,71,71,71,71,71,71,71,71,71,71,71,71,71,71,71,71,71,71,71,71,71],"card_choices":[{"not_picked":["Dodge and Roll","Deflect"],"picked":"Dagger Spray","floor":1.0},{"not_picked":["Poisoned Stab","Slice"],"picked":"Dash","floor":6.0},{"not_picked":["Deflect","Bane"],"picked":"Terror","floor":7.0},{"not_picked":["Outmaneuver","Flechettes"],"picked":"Backflip","floor":8.0},{"not_picked":["Bane","Blur+1"],"picked":"Cloak And Dagger+1","floor":11.0},{"not_picked":["Cloak And Dagger+1","Predator"],"picked":"Footwork","floor":13.0},{"not_picked":["Heel Hook","Skewer","Glass Knife"],"picked":"SKIP","floor":14.0},{"not_picked":["Doppelganger+1","Glass Knife"],"picked":"Malaise+1","floor":16.0},{"not_picked":["Cloak And Dagger+1","Slice"],"picked":"Dodge and Roll+1","floor":18.0},{"not_picked":["Sucker Punch","Poisoned Stab"],"picked":"Backflip+1","floor":21.0}],"player_experience":1429104,"relics_obtained":[{"floor":4.0,"key":"MealTicket"},{"floor":8.0,"key":"The Specimen"},{"floor":9.0,"key":"Toxic Egg 2"}],"event_choices":[{"damage_healed":0.0,"max_hp_gain":0.0,"max_hp_loss":0.0,"gold_gain":75.0,"event_name":"World of Goop","player_choice":"Gather Gold","floor":2.0,"gold_loss":0.0,"damage_taken":11.0},{"damage_healed":0.0,"max_hp_gain":5.0,"max_hp_loss":0.0,"gold_gain":0.0,"event_name":"Big Fish","player_choice":"Donut","floor":3.0,"gold_loss":0.0,"damage_taken":0.0},{"damage_healed":0.0,"max_hp_gain":0.0,"max_hp_loss":0.0,"gold_gain":0.0,"event_name":"Scrap Ooze","player_choice":"Success","floor":10.0,"gold_loss":0.0,"damage_taken":11.0,"relics_obtained":["Darkstone Periapt"]},{"damage_healed":0.0,"max_hp_gain":0.0,"max_hp_loss":0.0,"gold_gain":0.0,"event_name":"The Library","player_choice":"Read","floor":19.0,"gold_loss":0.0,"damage_taken":0.0,"cards_obtained":["Tactician"]},{"damage_healed":0,"gold_gain":0,"player_choice":"Opened","damage_taken":0,"relics_obtained":["InkBottle"],"max_hp_gain":0,"max_hp_loss":0,"event_name":"The Mausoleum","floor":22,"gold_loss":0,"cards_obtained":["Writhe"]}],"is_beta":false,"boss_relics":[{"not_picked":["Ring of the Serpent","Ectoplasm"],"picked":"Sozu"}],"items_purged_floors":[5],"is_endless":false,"potions_floor_spawned":[8,11,14,21],"killed_by":"Gremlin Leader","ascension_level":20}}