{"host":"miejrq8yypas90n2","time":1611900985,"event":{"mods":["100% Spire Juice","Act Like it!","BaseMod","Colored Powertips","Gensokyo","Marisa£®ÏF”Í°°ƒß¿Ì…≥£©","Minty Spire (QoL Compilation)","Reimu£®≤©¿ˆ¡È√Œ£©","StSLib"],"gold_per_floor":[123,137,17,32,32,64,83,83,83,83,96,130,148,148,148,273,33,51,51,51,72,103,103,138,98,125,125,50,50,94,115,138,169,169,297,297,316,335,350,98,154,194,194,194,246,246,262,137,157,180,180,180,180,180,30,73,73,73],"floor_reached":57,"language":"ZHS","playtime":2017,"items_purged":["Moonworks:Strike","Moonworks:Defend","Shame","Madness"],"score":1017,"play_id":"c116276c-598d-429a-8eea-6b807de21102","local_time":"20210129141625","is_ascension_mode":true,"campfire_choices":[{"data":"Moonworks:CookingTime","floor":8.0,"key":"SMITH"},{"data":"Moonworks:MiracleRedBeanIceCream","floor":15.0,"key":"SMITH"},{"data":"Moonworks:WindyEnchantment","floor":23.0,"key":"SMITH"},{"data":"Moonworks:AccelHyper","floor":34.0,"key":"SMITH"},{"data":"Moonworks:SubspaceTunnel","floor":44.0,"key":"SMITH"},{"data":"ZunPunch:ReiMu","floor":46.0,"key":"SMITH"},{"floor":51.0,"key":"RECALL"},{"data":"Moonworks:SealedMemories","floor":54.0,"key":"SMITH"}],"circlet_count":0,"master_deck":["Moonworks:Strike","Moonworks:Strike","Moonworks:Defend","Moonworks:Defend","Moonworks:Defend","Moonworks:Ambush+1","Moonworks:LongDistanceShot","Moonworks:FullSpeedAlicianrone+1","Moonworks:AngelHand","Moonworks:EvilSpyWorkPreparation","Moonworks:EvilSpyWorkPreparation","Moonworks:CookingTime+1","Moonworks:Flamethrower","Moonworks:MiracleRedBeanIceCream+1","Moonworks:AccelHyper+1","Moonworks:IndiscriminateFireSupport+1","Moonworks:MiracleRedBeanIceCream","Moonworks:WindyEnchantment+1","Moonworks:FinalBattle+1","ZunPunch:ReiMu+1","Moonworks:SealedMemories+1","Moonworks:ImOnFire","Moonworks:Wanted","Moonworks:Dash+1","Moonworks:NicePresent+1","Moonworks:SubspaceTunnel+1","Madness","Moonworks:IndiscriminateFireSupport+1","Moonworks:LuckyCharm+1"],"relics":["Moonworks:BrokenBomb","Moonworks:Homemark","Ancient Tea Set","Shuriken","Girya","Golden Idol","Coffee Dripper","Ornamental Fan","Bag of Marbles","Red Mask","RuthlessExorcism:ReiMu","Pen Nib","Incense Burner","Mummified Hand","Anchor","SlaversCollar","ClockworkSouvenir","Dead Branch","Thread and Needle","Strawberry"],"acts_visited":["Exordium","TheCity","TheBeyond","TheEnding"],"potions_floor_usage":[57,57,57],"damage_taken":[{"damage":0.0,"enemies":"Small Slimes","floor":1.0,"turns":3.0},{"damage":6.0,"enemies":"Cultist","floor":2.0,"turns":3.0},{"damage":0.0,"enemies":"2 Louse","floor":4.0,"turns":2.0},{"damage":16.0,"enemies":"Gremlin Nob","floor":6.0,"turns":3.0},{"damage":22.0,"enemies":"Exordium Thugs","floor":7.0,"turns":4.0},{"damage":2.0,"enemies":"Large Slime","floor":11.0,"turns":4.0},{"damage":4.0,"enemies":"3 Sentries","floor":12.0,"turns":3.0},{"damage":0.0,"enemies":"2 Fungi Beasts","floor":13.0,"turns":1.0},{"damage":22.0,"enemies":"Slime Boss","floor":16.0,"turns":6.0},{"damage":7.0,"enemies":"Shell Parasite","floor":18.0,"turns":3.0},{"damage":22.0,"enemies":"2 Thieves","floor":21.0,"turns":2.0},{"damage":0.0,"enemies":"Masked Bandits","floor":22.0,"turns":1.0},{"damage":0.0,"enemies":"Gremlin Leader","floor":24.0,"turns":4.0},{"damage":26.0,"enemies":"Book of Stabbing","floor":30.0,"turns":3.0},{"damage":0.0,"enemies":"Centurion and Healer","floor":31.0,"turns":2.0},{"damage":1.0,"enemies":"Sentry and Sphere","floor":32.0,"turns":3.0},{"damage":7.0,"enemies":"Slavers","floor":33.0,"turns":2.0},{"damage":0.0,"enemies":"Automaton","floor":35.0,"turns":4.0},{"damage":0.0,"enemies":"Orb Walker","floor":37.0,"turns":1.0},{"damage":6.0,"enemies":"3 Shapes","floor":38.0,"turns":2.0},{"damage":0.0,"enemies":"Spire Growth","floor":39.0,"turns":2.0},{"damage":14.0,"enemies":"2 Orb Walkers","floor":41.0,"turns":3.0},{"damage":8.0,"enemies":"Nemesis","floor":42.0,"turns":4.0},{"damage":0.0,"enemies":"Writhing Mass","floor":47.0,"turns":1.0},{"damage":11.0,"enemies":"Maw","floor":49.0,"turns":3.0},{"damage":0.0,"enemies":"Sphere and 2 Shapes","floor":50.0,"turns":2.0},{"damage":0.0,"enemies":"Donu and Deca","floor":52.0,"turns":2.0},{"damage":0,"enemies":"Shield and Spear","floor":56,"turns":2},{"damage":59,"enemies":"The Heart","floor":57,"turns":4}],"seed_played":"4350059663808362943","potions_obtained":[{"floor":4.0,"key":"GrandPatriotsElixir:ReiMu"},{"floor":11.0,"key":"PowerPotion"},{"floor":12.0,"key":"Moonworks:OneHundredPercentOrangeJuicePotion"},{"floor":22.0,"key":"FearPotion"},{"floor":31.0,"key":"EntropicBrew"},{"floor":33.0,"key":"AttackPotion"},{"floor":41.0,"key":"Weak Potion"}],"is_trial":false,"path_per_floor":["M","M","?","M","?","E","M","R","T","?","M","E","M","?","R","B",null,"M","?","?","M","?","R","E","?","T","T","$","?","E","M","M","E","R","B",null,"M","M","M","$","?","E","?","R","T","R","M","$","M","M","R","B",null,"R","$","E","B"],"character_chosen":"THE_STARBREAKER","items_purchased":["ClockworkSouvenir"],"campfire_rested":0,"item_purchase_floors":[40],"current_hp_per_floor":[54,48,48,48,48,32,10,10,10,10,16,12,26,26,26,17,50,43,43,43,21,34,34,50,50,50,50,50,50,32,32,39,32,32,42,50,50,44,44,44,30,40,34,34,34,34,39,39,33,43,43,43,50,50,50,57,0,0],"gold":73,"neow_bonus":"TWO_FIFTY_GOLD","is_daily":false,"chose_seed":false,"campfire_upgraded":7,"win_rate":0.0,"timestamp":1611900985,"path_taken":["M","M","?","?","?","E","M","R","T","?","M","E","?","?","R","BOSS","M","?","?","M","?","R","E","?","T","T","$","?","E","M","?","E","R","BOSS","M","M","M","$","?","E","?","R","T","R","M","$","M","M","R","BOSS","R","$","E","BOSS"],"items_purchased_type":["Relic"],"build_version":"2020-12-22","purchased_purges":4,"victory":false,"max_hp_per_floor":[54,54,54,54,54,54,54,54,54,54,54,54,54,50,50,50,50,50,50,50,50,50,50,50,50,50,50,50,50,50,50,50,50,50,50,50,50,50,50,50,50,50,50,50,50,50,50,50,50,50,50,50,50,50,50,57,57,57],"card_choices":[{"not_picked":["Moonworks:LulusLuckyEgg","Moonworks:SakisCookie"],"picked":"Moonworks:FullSpeedAlicianrone","floor":1.0},{"not_picked":["Moonworks:TreasureThief","Moonworks:ImmovableObject"],"picked":"Moonworks:AngelHand","floor":2.0},{"not_picked":["Moonworks:JonathanRush","Moonworks:BindingChains"],"picked":"Moonworks:EvilSpyWorkPreparation","floor":4.0},{"not_picked":["Moonworks:Assault","Moonworks:JonathanRush"],"picked":"Moonworks:EvilSpyWorkPreparation","floor":6.0},{"not_picked":["Moonworks:ExtendedPhotonRifle","Moonworks:NicePresent"],"picked":"Moonworks:CookingTime","floor":7.0},{"not_picked":["Moonworks:ScrambledEve","Moonworks:DevilHand"],"picked":"Moonworks:Flamethrower","floor":11.0},{"not_picked":["Moonworks:SakisCookie","Moonworks:LulusLuckyEgg","Moonworks:UnpaidWork"],"picked":"SKIP","floor":12.0},{"not_picked":["Moonworks:ReproductionOfRecords","Moonworks:CloudOfSeagulls"],"picked":"Moonworks:MiracleRedBeanIceCream","floor":13.0},{"not_picked":["Moonworks:RocketCannon","Moonworks:PlushieMaster"],"picked":"Moonworks:AccelHyper","floor":16.0},{"not_picked":["Moonworks:NicePresent","Moonworks:DeployBits"],"picked":"Moonworks:IndiscriminateFireSupport+1","floor":18.0},{"not_picked":["Moonworks:Assault","Moonworks:BigMagnum+1"],"picked":"Moonworks:MiracleRedBeanIceCream","floor":21.0},{"not_picked":["Moonworks:DeployBits","Moonworks:Assault"],"picked":"Moonworks:WindyEnchantment","floor":22.0},{"not_picked":["Moonworks:CompletionReward","Moonworks:MiracleRedBeanIceCream"],"picked":"Moonworks:FinalBattle","floor":24.0},{"not_picked":["Moonworks:MiracleRedBeanIceCream","Moonworks:Dinner","Moonworks:DeployBits+1"],"picked":"SKIP","floor":30.0},{"not_picked":["Moonworks:ReproductionOfRecords","Moonworks:DeployBits+1","Moonworks:UnpaidWork"],"picked":"SKIP","floor":31.0},{"not_picked":["Moonworks:BigMagnum","Moonworks:LulusLuckyEgg"],"picked":"Moonworks:SealedMemories","floor":32.0},{"not_picked":["Moonworks:RedAndBlue","Moonworks:ImOnFire","Moonworks:CloudOfSeagulls"],"picked":"SKIP","floor":33.0},{"not_picked":["Moonworks:RedAndBlue","Moonworks:CloudOfSeagulls"],"picked":"Moonworks:ImOnFire","floor":33.0},{"not_picked":["Moonworks:HolyNight","Moonworks:Encore"],"picked":"Moonworks:Wanted","floor":35.0},{"not_picked":["Moonworks:LuckyCharm+1","Moonworks:CloudOfSeagulls+1","Moonworks:ExtendedPhotonRifle"],"picked":"SKIP","floor":37.0},{"not_picked":["Moonworks:JonathanRush+1","Moonworks:BigBangBell"],"picked":"Moonworks:Dash+1","floor":38.0},{"not_picked":["Moonworks:JonathanRush","Moonworks:SakisCookie"],"picked":"Moonworks:NicePresent+1","floor":39.0},{"not_picked":["Moonworks:ForcedRevival+1","Moonworks:BackdoorTrade+1"],"picked":"Moonworks:SubspaceTunnel","floor":42.0},{"not_picked":["Moonworks:LulusLuckyEgg","Moonworks:SakisCookie+1","Moonworks:x16BigRocket+1"],"picked":"SKIP","floor":47.0},{"not_picked":["Moonworks:StiffCrystal+1","Moonworks:JonathanRush"],"picked":"Moonworks:IndiscriminateFireSupport+1","floor":49.0},{"not_picked":["Moonworks:IndiscriminateFireSupport+1","Moonworks:HolyNight"],"picked":"Moonworks:LuckyCharm+1","floor":50.0},{"not_picked":["Moonworks:SelfDestruct","Moonworks:JonathanRush","Moonworks:BackdoorTrade+1"],"picked":"SKIP","floor":56}],"player_experience":320502,"relics_obtained":[{"floor":6.0,"key":"Ancient Tea Set"},{"floor":9.0,"key":"Shuriken"},{"floor":12.0,"key":"Girya"},{"floor":22.0,"key":"Red Mask"},{"floor":24.0,"key":"RuthlessExorcism:ReiMu"},{"floor":26.0,"key":"Pen Nib"},{"floor":27.0,"key":"Incense Burner"},{"floor":30.0,"key":"Mummified Hand"},{"floor":33.0,"key":"Anchor"},{"floor":41.0,"key":"Dead Branch"},{"floor":42.0,"key":"Thread and Needle"},{"floor":56,"key":"Strawberry"}],"event_choices":[{"damage_healed":0.0,"max_hp_gain":0.0,"max_hp_loss":0.0,"gold_gain":0.0,"event_name":"Upgrade Shrine","player_choice":"Upgraded","floor":3.0,"gold_loss":0.0,"damage_taken":0.0,"cards_upgraded":["Moonworks:FullSpeedAlicianrone"]},{"damage_healed":0.0,"max_hp_gain":0.0,"max_hp_loss":0.0,"gold_gain":0.0,"event_name":"Living Wall","player_choice":"Grow","floor":5.0,"gold_loss":0.0,"damage_taken":0.0,"cards_upgraded":["Moonworks:Ambush"]},{"cards_removed":["Moonworks:Strike"],"damage_healed":0.0,"max_hp_gain":0.0,"max_hp_loss":0.0,"gold_gain":0.0,"event_name":"Purifier","player_choice":"Purged","floor":10.0,"gold_loss":0.0,"damage_taken":0.0},{"damage_healed":0.0,"max_hp_gain":0.0,"max_hp_loss":4.0,"gold_gain":0.0,"event_name":"Golden Idol","player_choice":"Lose Max HP","floor":14.0,"gold_loss":0.0,"damage_taken":0.0,"relics_obtained":["Golden Idol"]},{"damage_healed":0.0,"max_hp_gain":0.0,"max_hp_loss":0.0,"gold_gain":0.0,"event_name":"Addict","player_choice":"Stole Relic","floor":19.0,"gold_loss":0.0,"damage_taken":0.0,"relics_obtained":["Ornamental Fan"],"cards_obtained":["Shame"]},{"damage_healed":0.0,"max_hp_gain":0.0,"max_hp_loss":0.0,"gold_gain":0.0,"event_name":"The Mausoleum","player_choice":"Opened","floor":20.0,"gold_loss":0.0,"damage_taken":0.0,"relics_obtained":["Bag of Marbles"]},{"damage_healed":0.0,"max_hp_gain":0.0,"max_hp_loss":0.0,"gold_gain":0.0,"event_name":"Masked Bandits","player_choice":"Fought Bandits","floor":22.0,"gold_loss":0.0,"damage_taken":0.0},{"damage_healed":0.0,"max_hp_gain":0.0,"max_hp_loss":0.0,"gold_gain":0.0,"event_name":"ZunEvent","player_choice":"Ωª≥ˆ…Òæ∆","floor":25.0,"relics_lost":["ZunR:ReiMu"],"gold_loss":0.0,"damage_taken":0.0,"cards_obtained":["ZunPunch:ReiMu"]},{"damage_healed":0.0,"max_hp_gain":0.0,"max_hp_loss":0.0,"gold_gain":0.0,"event_name":"Upgrade Shrine","player_choice":"Upgraded","floor":29.0,"gold_loss":0.0,"damage_taken":0.0,"cards_upgraded":["Moonworks:FinalBattle"]},{"damage_healed":0.0,"max_hp_gain":0.0,"max_hp_loss":0.0,"gold_gain":0.0,"event_name":"Mysterious Sphere","player_choice":"Fight","floor":41.0,"gold_loss":0.0,"damage_taken":0.0},{"damage_healed":0.0,"max_hp_gain":0.0,"max_hp_loss":0.0,"gold_gain":0.0,"event_name":"Winding Halls","player_choice":"Embrace Madness","floor":43.0,"gold_loss":0.0,"damage_taken":6.0,"cards_obtained":["Madness","Madness"]}],"is_beta":false,"boss_relics":[{"not_picked":["Fusion Hammer","Sozu"],"picked":"Coffee Dripper"},{"not_picked":["Velvet Choker","Empty Cage"],"picked":"SlaversCollar"}],"items_purged_floors":[28,40,48,55],"is_endless":false,"potions_floor_spawned":[4,11,12,22,24,31,33,37,41,47,50],"killed_by":"The Heart","ascension_level":2}}