{"host":"v0xbo920qxoewo3e","time":1611953767,"event":{"mods":["Act Like it!","Aspiration","Astrologer","BaseMod","Conspire","Downfall","Friendly Minions","GifTheSpireLib","Halation","Hermit","Hubris","Infinite Spire","Jedi Mod","Jorbs\u0027s Wanderer Trilogy","Koishi","Marisa????????","Minty Spire (QoL Compilation)","Potionbrewer","Rare Cards Sparkle","Reimu??????","Remilia??????","Replay The Spire","StSLib","Stuff the Spire","The Animator","The Blackbeard","The Bladedancer","The Bug Knight","The Construct","The Cursed","The Disciple","The Gatherer","The Jungle","The Problem Sleuth","The Runesmith","The Servant 0.9.4","TheBandit","Unceasing Turn Reminder"],"gold_per_floor":[110,128,53,71,88,88,114,42,68,68,81,81,107,126,126,199,199,213,228,228,247,41,41,69,69,148,148,148,164,192,192,192,268,268,282,282,301,301,320,320,357,357,437,455,455,474,484,47,47,47],"floor_reached":51,"language":"ENG","playtime":17397,"items_purged":["Strike_R","Strike_R"],"score":1118,"play_id":"6593a384-6ee4-4ab8-a4a4-e8919f603461","local_time":"20210129225607","is_ascension_mode":true,"campfire_choices":[{"data":"Abandon","floor":6,"key":"SMITH"},{"floor":10,"key":"REST"},{"data":"Fire Breathing","floor":15,"key":"SMITH"},{"data":"Flame Barrier","floor":23,"key":"SMITH"},{"data":"True Grit","floor":25,"key":"SMITH"},{"data":"StuffTheSpire:RockThrow","floor":32,"key":"SMITH"},{"data":"infinitespire:NeuralNetwork","floor":40,"key":"SMITH"},{"data":"jedi:harder","floor":42,"key":"SMITH"},{"floor":45,"key":"REST"},{"floor":49,"key":"REST"}],"circlet_count":0,"master_deck":["AscendersBane","Strike_R","Defend_R","Defend_R","Defend_R","Defend_R","Bash","Abandon+1","Clothesline","Reckless Charge","Flame Barrier+1","StuffTheSpire:Incineration","Fire Breathing+1","Power Through","Battle Trance","Reaper","Headbutt","True Grit+1","infinitespire:NeuralNetwork+1","StuffTheSpire:Slingshot","ReplayTheSpireMod:Strike From Hell","ReplayTheSpireMod:Strike From Hell","Feel No Pain","StuffTheSpire:RockThrow+1","Envy_TH","jedi:harder+1","Pot Of Greed","Pot Of Greed","Pot Of Greed","TheCursedMod:Dregs","stsjorbsmod:PollutedStrike","hubris:Wrath","infinitespire:Gouge","Evolve+1","Second Wind","Power Through+1","Fire Breathing+1","Demon Form","Fire Breathing+1","Pot Of Greed"],"relics":["Burning Blood","jedi:crownofsimplicity","Bag of Preparation","infinitespire:ShieldingShard","conspire:SlowCooker","aspiration:HiddenCompartment","hubris:Metronome","hubris:Icosahedron","hubris:Towel","hubris:CrystalStatue","Replay:Ancient Bell","Grinning Jar","HollowMod:LifeEnderRelic","halation:QuantumPhysicsTextbook","halation:PinkSoulGem","Garlic","hubris:BottledRain","Thread and Needle","DollysMirror"],"acts_visited":["Exordium","TheCity","TheBeyond"],"potions_floor_usage":[5,13,33,44,50],"damage_taken":[{"damage":3,"enemies":"Small Slimes","floor":1,"turns":6},{"damage":8,"enemies":"Jaw Worm","floor":2,"turns":4},{"damage":0,"enemies":"conspire:RoseBush","floor":4,"turns":4},{"damage":15,"enemies":"Exordium Thugs","floor":5,"turns":6},{"damage":63,"enemies":"HollowMod:MossKnight","floor":7,"turns":18},{"damage":0,"enemies":"3 Louse","floor":11,"turns":3},{"damage":6,"enemies":"Gremlin Nob","floor":13,"turns":3},{"damage":0,"enemies":"Looter","floor":14,"turns":3},{"damage":6,"enemies":"Hexaghost","floor":16,"turns":8},{"damage":5,"enemies":"3 Byrds","floor":18,"turns":4},{"damage":0,"enemies":"Chosen","floor":19,"turns":5},{"damage":21,"enemies":"Snake Plant","floor":21,"turns":5},{"damage":21,"enemies":"Book of Stabbing","floor":24,"turns":5},{"damage":1,"enemies":"3 Cultists","floor":29,"turns":5},{"damage":24,"enemies":"Replay:Snechameleon","floor":30,"turns":6},{"damage":14,"enemies":"Pondfish","floor":33,"turns":9},{"damage":8,"enemies":"3 Darklings","floor":35,"turns":4},{"damage":18,"enemies":"Orb Walker","floor":37,"turns":5},{"damage":24,"enemies":"Writhing Mass","floor":39,"turns":8},{"damage":13,"enemies":"conspire:MimicChest","floor":41,"turns":6},{"damage":27,"enemies":"Transient","floor":44,"turns":5},{"damage":3,"enemies":"4 Shapes","floor":46,"turns":5},{"damage":0,"enemies":"Maw","floor":47,"turns":7},{"damage":9,"enemies":"Replay:Hell Engine","floor":50,"turns":9}],"seed_played":"769895484284682794","potions_obtained":[{"floor":1,"key":"potionbrewer:ToxicPotion"},{"floor":11,"key":"sneckomod:MuddlingPotion"},{"floor":13,"key":"GrandPatriotsElixir:ReiMu"},{"floor":16,"key":"bronze:BurnAndBuffPotion"},{"floor":21,"key":"infinitespire:BlackPotion"},{"floor":33,"key":"potionbrewer:DiscountPotion"}],"is_trial":false,"path_per_floor":["M","M","$","M","M","R","E","$","T","R","M","?","E","M","R","B",null,"M","M","AVR","M","$","R","E","R","T","?","?","M","E","?","R","B",null,"M","?","M","?","M","R","?","R","T","M","R","M","M","$","R","B",null],"character_chosen":"IRONCLAD","items_purchased":["Fire Breathing","ReplayTheSpireMod:Strike From Hell","Feel No Pain","Thread and Needle","DollysMirror"],"campfire_rested":3,"item_purchase_floors":[8,22,22,48,48],"current_hp_per_floor":[83,81,81,87,78,78,21,21,21,47,53,53,53,59,59,59,81,84,88,88,74,74,74,59,59,59,59,59,64,55,55,55,49,78,86,64,58,58,40,40,33,33,33,19,45,48,54,54,80,79],"gold":47,"neow_bonus":"TEN_PERCENT_HP_BONUS","is_daily":false,"chose_seed":false,"campfire_upgraded":7,"win_rate":0.0,"timestamp":1611953767,"path_taken":["M","M","$","M","M","R","E","$","T","R","M","?","E","M","R","BOSS","M","M","AVR","M","$","R","E","R","T","?","?","M","E","?","R","BOSS","M","?","M","?","M","R","?","R","T","M","R","?","M","$","R","BOSS"],"items_purchased_type":["Card","Card","Card","Relic","Relic"],"build_version":"2020-12-22","purchased_purges":2,"victory":true,"max_hp_per_floor":[88,88,88,88,88,88,88,88,88,88,88,88,88,88,88,88,88,88,88,88,88,88,88,88,88,88,88,88,88,88,88,88,88,88,88,88,88,88,88,88,88,88,88,88,88,88,88,88,88,88],"card_choices":[{"not_picked":["Flex","Wild Strike"],"picked":"Abandon","floor":1},{"not_picked":["Havoc","Sword Boomerang"],"picked":"Clothesline","floor":2},{"not_picked":["Clothesline","StuffTheSpire:Incineration"],"picked":"Reckless Charge","floor":4},{"not_picked":["Warcry","jedi:controlledanger"],"picked":"Flame Barrier","floor":5},{"not_picked":["Thunderclap","Warcry"],"picked":"StuffTheSpire:Incineration","floor":7},{"not_picked":["ReplayReversal","StuffTheSpire:Incineration"],"picked":"Power Through","floor":11},{"not_picked":["Clash","Cleave","Flex"],"picked":"SKIP","floor":13},{"not_picked":["Body Slam","Armaments"],"picked":"Battle Trance","floor":14},{"not_picked":["jedi:unlimitedpower","Juggernaut"],"picked":"Reaper","floor":16},{"not_picked":["Uppercut","Thunderclap"],"picked":"Headbutt","floor":18},{"not_picked":["Metallicize","ReplayTheSpireMod:LeadingStrike+1"],"picked":"True Grit","floor":19},{"not_picked":["Sword Boomerang","Flex"],"picked":"StuffTheSpire:Slingshot","floor":21},{"not_picked":["conspire:Charge","Rage"],"picked":"StuffTheSpire:RockThrow","floor":24},{"not_picked":["Havoc","Rage","Body Slam"],"picked":"SKIP","floor":29},{"not_picked":["Replay:Undeath\u0027s Touch","StuffTheSpire:Incineration","Run Through"],"picked":"SKIP","floor":30},{"not_picked":["StuffTheSpire:TitanForm","Demon Form"],"picked":"jedi:harder","floor":33},{"not_picked":["hubris:Greed","Delirium"],"picked":"TheCursedMod:Dregs","floor":34},{"not_picked":["stsjorbsmod:Procrastination","ReplayTheSpireMod:Doomed"],"picked":"stsjorbsmod:PollutedStrike","floor":34},{"not_picked":["Languid","conspire:NecroticWound"],"picked":"hubris:Wrath","floor":34},{"not_picked":["Cleave","Intimidate","ReplayTheSpireMod:Corrosion Curse"],"picked":"SKIP","floor":35},{"not_picked":["infinitespire:DeathsTouch","ReplayTheSpireMod:Black Plague"],"picked":"infinitespire:Gouge","floor":36},{"not_picked":["Cleave","jedi:controlledanger"],"picked":"Evolve+1","floor":37},{"not_picked":["Rupture","Anger","conspire:ExplosiveBarrier"],"picked":"SKIP","floor":39},{"not_picked":["Clothesline","True Grit"],"picked":"Second Wind","floor":41},{"not_picked":["Flex","StuffTheSpire:Incineration"],"picked":"Power Through+1","floor":44},{"not_picked":["jedi:fear","StuffTheSpire:RockThrow"],"picked":"Fire Breathing+1","floor":46},{"not_picked":["Uppercut","Rage"],"picked":"Demon Form","floor":47}],"player_experience":1426714,"relics_obtained":[{"floor":7,"key":"jedi:crownofsimplicity"},{"floor":9,"key":"Bag of Preparation"},{"floor":13,"key":"infinitespire:ShieldingShard"},{"floor":24,"key":"aspiration:HiddenCompartment"},{"floor":26,"key":"hubris:Metronome"},{"floor":30,"key":"hubris:CrystalStatue"},{"floor":41,"key":"Garlic"},{"floor":43,"key":"hubris:BottledRain"}],"event_choices":[{"damage_healed":0,"gold_gain":0,"player_choice":"Disagree","damage_taken":0,"max_hp_gain":0,"max_hp_loss":0,"event_name":"conspire:LoneGhost","floor":12,"gold_loss":0}],"is_beta":false,"boss_relics":[{"not_picked":["Runesmith:UraniumAnvil","aspiration:PoetsPen_weak"],"picked":"conspire:SlowCooker"},{"not_picked":["Fusion Hammer","halation:SmartPhone"],"picked":"Replay:Ancient Bell"},{"not_picked":["aspiration:Lifesprig","Pet Ghost"],"picked":"Grinning Jar"},{"not_picked":["StuffTheSpire:EmeraldSignet","potionbrewer:MortarAndPestle"],"picked":"HollowMod:LifeEnderRelic"},{"not_picked":["StuffTheSpire:Nightcore","Pondfish Scales"],"picked":"halation:QuantumPhysicsTextbook"}],"items_purged_floors":[3,22],"is_endless":false,"potions_floor_spawned":[1,11,13,16,19,21,33,39,41],"ascension_level":13}}