{"host":"9tzam4717zt8ei1o","time":1611890839,"event":{"mods":["BaseMod","Colored Map","Keyboard Shortcuts","Minty Spire (QoL Compilation)","Quick Restart","StSLib","SuperFastMode"],"gold_per_floor":[112,126,126,72,247,290,240,240,240,240,240,254,60,73,73,73,73],"floor_reached":16,"language":"KOR","playtime":201,"items_purged":["Strike_G"],"score":203,"play_id":"cedcdbad-3c9a-4fe4-af57-c5d4432e35ab","local_time":"20210129122719","is_ascension_mode":true,"campfire_choices":[{"data":"Prepared","floor":8,"key":"SMITH"},{"data":"Tactician","floor":15,"key":"SMITH"}],"circlet_count":0,"master_deck":["AscendersBane","Strike_G","Strike_G","Strike_G","Strike_G","Defend_G","Defend_G","Defend_G","Defend_G","Defend_G","Survivor","Neutralize+1","Prepared+1","Underhanded Strike","Tools of the Trade+1","Tactician+1","Acrobatics","Noxious Fumes"],"relics":["Ring of the Snake","NeowsBlessing","Golden Idol","TungstenRod","Gremlin Horn","Question Card"],"acts_visited":["Exordium"],"potions_floor_usage":[16],"damage_taken":[{"damage":0,"enemies":"Small Slimes","floor":1,"turns":1},{"damage":0,"enemies":"2 Louse","floor":2,"turns":1},{"damage":0,"enemies":"3 Sentries","floor":6,"turns":1},{"damage":0,"enemies":"Jaw Worm","floor":12,"turns":4},{"damage":3,"enemies":"2 Fungi Beasts","floor":14,"turns":3},{"damage":34,"enemies":"Slime Boss","floor":16,"turns":10}],"seed_played":"-1430950614664635063","potions_obtained":[{"floor":6,"key":"Swift Potion"}],"is_trial":false,"path_per_floor":["M","M","?","$","?","E","?","R","T","?","T","M","$","M","R","B"],"character_chosen":"THE_SILENT","items_purchased":["Underhanded Strike","Acrobatics","Noxious Fumes"],"campfire_rested":0,"item_purchase_floors":[4,13,13],"current_hp_per_floor":[63,63,46,46,46,46,46,46,46,33,33,33,33,30,30,0,0],"gold":73,"neow_bonus":"THREE_ENEMY_KILL","is_daily":false,"chose_seed":false,"campfire_upgraded":2,"win_rate":0.0,"timestamp":1611890839,"path_taken":["M","M","?","$","?","E","?","R","T","?","?","?","$","M","R","BOSS"],"items_purchased_type":["Card","Card","Card"],"build_version":"2020-12-22","purchased_purges":1,"victory":false,"max_hp_per_floor":[70,70,70,70,70,70,70,70,70,70,70,70,70,70,70,70,70],"card_choices":[{"not_picked":["Deflect","Quick Slash","Cloak And Dagger"],"picked":"SKIP","floor":1},{"not_picked":["Endless Agony","Slice"],"picked":"Prepared","floor":2},{"not_picked":["Slice","Dagger Spray"],"picked":"Tools of the Trade","floor":6},{"not_picked":["Blade Dance","Slice","All Out Attack"],"picked":"Tactician","floor":12},{"not_picked":["Blade Dance","Skewer","Poisoned Stab","Deflect"],"picked":"SKIP","floor":14}],"player_experience":107025,"relics_obtained":[{"floor":6,"key":"TungstenRod"},{"floor":9,"key":"Gremlin Horn"},{"floor":11,"key":"Question Card"}],"event_choices":[{"damage_healed":0,"gold_gain":0,"player_choice":"Take Damage","damage_taken":17,"relics_obtained":["Golden Idol"],"max_hp_gain":0,"max_hp_loss":0,"event_name":"Golden Idol","floor":3,"gold_loss":0},{"damage_healed":0,"gold_gain":175,"player_choice":"AGREE","damage_taken":0,"max_hp_gain":0,"max_hp_loss":0,"event_name":"Liars Game","floor":5,"gold_loss":0,"cards_obtained":["Doubt"]},{"cards_removed":["Doubt"],"damage_healed":0,"gold_gain":0,"player_choice":"Card Removal","damage_taken":0,"max_hp_gain":0,"max_hp_loss":0,"event_name":"The Cleric","floor":7,"gold_loss":50},{"damage_healed":0,"gold_gain":0,"player_choice":"Entered Light","damage_taken":14,"max_hp_gain":0,"max_hp_loss":0,"event_name":"Shining Light","floor":10,"gold_loss":0,"cards_upgraded":["Neutralize","Tools of the Trade"]}],"is_beta":false,"boss_relics":[],"items_purged_floors":[13],"is_endless":false,"potions_floor_spawned":[6],"killed_by":"Slime Boss","ascension_level":13}}