{"host":"l84l8xigz5v5foa2","time":1611890318,"event":{"mods":["2.2 Compatiblity","AchievementEnabler","BaseMod","Better Note","Better Vampires","Card Filter","Colored Map","DeckTracker","Downfall","Gremlin Skip","Highlight Path","Keyboard Shortcuts","Minty Spire (QoL Compilation)","Permanent Neow","Quick Restart","Relic Filter","Relic Stats","StSLib","SuperFastMode","Transform Curses","Unknown Chances"],"gold_per_floor":[119,119,44,44,44,71,71,91,91,91,104,104,120,134,134,209,209,220,220,3,14,14,14,14,14],"floor_reached":23,"language":"ENG","playtime":670,"items_purged":["hexamod:Strike","Pain"],"score":378,"play_id":"4e3ad189-4dc6-4d15-8e35-3e357e873206","local_time":"20210129121838","is_ascension_mode":true,"campfire_choices":[{"data":"hexamod:Float","floor":7,"key":"SMITH"},{"data":"hexamod:Rewind","floor":10,"key":"SMITH"},{"data":"hexamod:RadiantFlame","floor":12,"key":"SMITH"},{"floor":15,"key":"REST"}],"circlet_count":0,"master_deck":["AscendersBane","hexamod:Defend","hexamod:Defend","hexamod:Defend","hexamod:Defend","hexamod:Sear","hexamod:Float+1","Sadistic Nature","hexamod:BacktrackSmack","hexamod:HauntingEcho","hexamod:RadiantFlame+1","hexamod:Rewind+1","hexamod:TimeWarp","hexamod:NightmareGuise","hexamod:StepThrough","hexamod:FlameSwitch","hexamod:Incineration","hexamod:TimeWarp"],"relics":["hexamod:SpiritBrand","WarpedTongs","Centennial Puzzle","hexamod:InflammatoryLetter","SlaversCollar","Membership Card"],"acts_visited":["Exordium","TheCity"],"potions_floor_usage":[6,16],"damage_taken":[{"damage":2,"enemies":"Jaw Worm","floor":1,"turns":3},{"damage":32,"enemies":"3 Sentries","floor":6,"turns":13},{"damage":1,"enemies":"2 Louse","floor":8,"turns":4},{"damage":6,"enemies":"Cultist","floor":11,"turns":2},{"damage":5,"enemies":"Blue Slaver","floor":13,"turns":3},{"damage":1,"enemies":"Large Slime","floor":14,"turns":3},{"damage":14,"enemies":"The Guardian","floor":16,"turns":7},{"damage":18,"enemies":"Chosen","floor":18,"turns":5},{"damage":16,"enemies":"Shell Parasite","floor":21,"turns":2},{"damage":26,"enemies":"Cultist and Chosen","floor":23,"turns":4}],"seed_played":"-7818982381536776902","potions_obtained":[{"floor":1,"key":"Explosive Potion"},{"floor":13,"key":"BlessingOfTheForge"}],"is_trial":false,"path_per_floor":["M","?","$","?","?","E","R","M","T","R","M","R","M","M","R","B",null,"M","?","$","M","?","M"],"character_chosen":"THE_SPIRIT","items_purchased":["Membership Card"],"campfire_rested":1,"item_purchase_floors":[20],"current_hp_per_floor":[55,55,55,60,60,28,28,27,27,27,21,21,16,15,33,19,51,33,33,33,17,17,0,0,0],"gold":14,"neow_bonus":"RANDOM_COLORLESS_2","is_daily":false,"chose_seed":false,"campfire_upgraded":3,"win_rate":0.0,"timestamp":1611890318,"path_taken":["M","?","$","?","?","E","R","M","T","R","M","R","?","M","R","BOSS","M","?","$","M","?","M"],"items_purchased_type":["Relic"],"build_version":"2020-12-22","purchased_purges":2,"victory":false,"max_hp_per_floor":[57,57,57,62,62,62,62,62,62,62,62,62,62,62,62,62,62,62,62,62,62,62,62,62,62],"relic_stats":{"Centennial Puzzle":[24],"counters":[10,46],"obtain_stats":[{"SlaversCollar":17,"Centennial Puzzle":6,"hexamod:InflammatoryLetter":9,"Membership Card":20,"hexamod:SpiritBrand":0,"WarpedTongs":5},{"SlaversCollar":7,"Centennial Puzzle":2,"hexamod:InflammatoryLetter":3,"Membership Card":8,"hexamod:SpiritBrand":0,"WarpedTongs":1},{"SlaversCollar":35,"Centennial Puzzle":16,"hexamod:InflammatoryLetter":20,"Membership Card":40,"hexamod:SpiritBrand":0,"WarpedTongs":3}],"WarpedTongs":[38]},"card_choices":[{"not_picked":["Apotheosis","Thinking Ahead"],"picked":"Sadistic Nature","floor":0},{"not_picked":["hexamod:SwordOfDarkness","hexamod:RetreatToShadows"],"picked":"hexamod:BacktrackSmack","floor":1},{"not_picked":["hexamod:FlamesFromBeyond","hexamod:GhostShield"],"picked":"hexamod:RadiantFlame","floor":6},{"not_picked":["hexamod:FastForward","hexamod:FlamesFromBeyond"],"picked":"hexamod:Rewind","floor":8},{"not_picked":["hexamod:HauntingEcho","hexamod:Firestarter"],"picked":"hexamod:TimeWarp","floor":11},{"not_picked":["hexamod:BacktrackSmack","hexamod:InspiringFlames"],"picked":"hexamod:NightmareGuise","floor":13},{"not_picked":["hexamod:ShieldOfDarkness","hexamod:EmpoweredFlame"],"picked":"hexamod:StepThrough","floor":14},{"not_picked":["hexamod:TimeOfNeed","hexamod:Toasty"],"picked":"hexamod:FlameSwitch","floor":16},{"not_picked":["hexamod:GhostflameBarrier","hexamod:SuperheatedStrike+1","hexamod:InspiringFlames"],"picked":"SKIP","floor":18},{"not_picked":["hexamod:CatchUp","hexamod:FlamesFromBeyond","hexamod:NightmareStrike"],"picked":"SKIP","floor":21}],"player_experience":3478710,"relics_obtained":[{"floor":6,"key":"Centennial Puzzle"},{"floor":9,"key":"hexamod:InflammatoryLetter"}],"event_choices":[{"damage_healed":0,"gold_gain":0,"cards_transformed":["hexamod:Strike"],"player_choice":"Change","damage_taken":0,"max_hp_gain":0,"max_hp_loss":0,"event_name":"Living Wall","floor":2,"gold_loss":0,"cards_obtained":["hexamod:HauntingEcho"]},{"damage_healed":0,"gold_gain":0,"player_choice":"Donut","damage_taken":0,"max_hp_gain":5,"max_hp_loss":0,"event_name":"Big Fish","floor":4,"gold_loss":0},{"damage_healed":0,"gold_gain":0,"player_choice":"Rummage","damage_taken":0,"relics_obtained":["WarpedTongs"],"max_hp_gain":0,"max_hp_loss":0,"event_name":"Accursed Blacksmith","floor":5,"gold_loss":0,"cards_obtained":["Pain"]},{"damage_healed":0,"gold_gain":0,"cards_transformed":["hexamod:Strike","hexamod:Strike"],"player_choice":"Became Test Subject","damage_taken":0,"max_hp_gain":0,"max_hp_loss":0,"event_name":"Drug Dealer","floor":19,"gold_loss":0,"cards_obtained":["hexamod:Incineration","hexamod:TimeWarp"]}],"is_beta":false,"boss_relics":[{"not_picked":["Fusion Hammer","SacredBark"],"picked":"SlaversCollar"}],"items_purged_floors":[3,20],"is_endless":false,"potions_floor_spawned":[1,13],"killed_by":"Cultist and Chosen","ascension_level":20}}