{"host":"juoup3p5tvzzktl5","time":1611897491,"event":{"mods":["ATMod(∞¢Ë™Mod)","Aspiration","BaseMod","Better Vampires","BetterRewards","Colored Map","Colored Powertips","Friendly Minions","GifTheSpireLib","Hermit","Hubris","Infinite Spire","KinomotoSakuraMod(ƒæ÷Æ±æ”£)","Koishi","KomeijiMod","Marisa£®ÏF”Í°°ƒß¿Ì…≥£©","Minty Spire (QoL Compilation)","Quick Restart","Reimu£®≤©¿ˆ¡È√Œ£©","Relic Filter Mod","Reliquary","Replay The Spire","Shop Mod","StSLib","The Administrix","The Alterego","The Bug Knight","The Construct","The Cursed","The Jungle","The Mystic","The Runesmith","The Senshi","Youmu£®ªÍ∆«—˝√Œ£©","Yuyuko"],"gold_per_floor":[113,130,140,140,153,153,78,78,78,107,121,121,21,50,50,124,124,140,140,159,34,47,72,86,86,86],"floor_reached":25,"language":"ZHS","playtime":831,"items_purged":["Defend_R","Strike_R","Defend_R"],"score":566,"play_id":"3c70da04-f751-49e7-9cf1-6d34dacfe027","local_time":"20210129141811","is_ascension_mode":true,"campfire_choices":[{"data":"infinitespire:Oblivion","floor":6.0,"key":"SMITH"},{"data":"Eruption","floor":15.0,"key":"SMITH"}],"circlet_count":0,"master_deck":["AscendersBane","Strike_R","Strike_R","Strike_R","Strike_R","Defend_R","Defend_R","AT_FamilyPortrait","Clash","infinitespire:Oblivion+1","AT_ShrugMaster","Eruption+1","Feed","ReplayTheSpireMod:Muscle Training","Ragnarok","Flex"],"relics":["AT_ATBox","Anchor","TungstenRod","Replay:M_SmolderingBlood","hubris:SlimyHat","reliquary:WritOfMandamus","Golden Egg"],"acts_visited":["Exordium","TheCity"],"potions_floor_usage":[],"damage_taken":[{"damage":10.0,"enemies":"Small Slimes","floor":1.0,"turns":4.0},{"damage":10.0,"enemies":"2 Louse","floor":2.0,"turns":3.0},{"damage":0.0,"enemies":"Cultist","floor":3.0,"turns":2.0},{"damage":15.0,"enemies":"Lots of Slimes","floor":5.0,"turns":4.0},{"damage":0.0,"enemies":"Gremlin Nob","floor":10.0,"turns":2.0},{"damage":5.0,"enemies":"Looter","floor":11.0,"turns":3.0},{"damage":0.0,"enemies":"Lagavulin","floor":14.0,"turns":2.0},{"damage":6.0,"enemies":"The Guardian","floor":16.0,"turns":3.0},{"damage":1.0,"enemies":"3 Byrds","floor":18.0,"turns":2.0},{"damage":0.0,"enemies":"Chosen","floor":20.0,"turns":2.0},{"damage":11.0,"enemies":"Centurion and Healer","floor":22.0,"turns":3.0},{"damage":36.0,"enemies":"Slavers","floor":23.0,"turns":3.0},{"damage":10.0,"enemies":"3 Cultists","floor":24.0,"turns":3.0},{"damage":0,"enemies":"Gremlin Leader","floor":25,"turns":2}],"seed_played":"157399404621125452","potions_obtained":[{"floor":3.0,"key":"Fire Potion"},{"floor":10.0,"key":"DuplicationPotion"},{"floor":14.0,"key":"Elixir"},{"floor":22.0,"key":"ZuzhouPotion:ReiMu"}],"is_trial":false,"path_per_floor":["M","M","M","?","M","R","$","?","T","E","M","?","$","E","R","B",null,"M","?","M","$","M","E","M","E"],"character_chosen":"IRONCLAD","items_purchased":[],"campfire_rested":0,"item_purchase_floors":[],"current_hp_per_floor":[64,60,66,47,38,38,38,63,63,69,70,70,70,70,70,64,72,74,74,77,77,69,36,26,26,26],"gold":86,"neow_bonus":"","is_daily":false,"chose_seed":false,"campfire_upgraded":2,"win_rate":0.0,"timestamp":1611897491,"path_taken":["M","M","M","?","M","R","$","?","T","E","M","?","$","E","R","BOSS","M","?","?","?","M","E","M","E"],"items_purchased_type":[],"build_version":"2020-12-22","purchased_purges":3,"victory":false,"max_hp_per_floor":[75,75,75,75,75,75,75,75,75,75,75,75,75,75,75,75,75,78,78,81,81,84,87,87,87,87],"card_choices":[{"not_picked":["Havoc","Dual Wield","Twin Strike"],"picked":"SKIP","floor":1.0},{"not_picked":["Sword Boomerang","Metallicize"],"picked":"Clash","floor":2.0},{"not_picked":["Sentinel","Headbutt","Sword Boomerang"],"picked":"SKIP","floor":3.0},{"not_picked":["ReplayTheSpireMod:Black Plague","infinitespire:Execution"],"picked":"infinitespire:Oblivion","floor":4.0},{"not_picked":["Armaments","Anger","Run Through"],"picked":"SKIP","floor":5.0},{"not_picked":["Clash","Heavy Blade"],"picked":"AT_ShrugMaster","floor":10.0},{"not_picked":["Iron Wave","Cleave","Armaments"],"picked":"SKIP","floor":11.0},{"not_picked":["True Grit","AT_BodySlamDance","Cleave"],"picked":"SKIP","floor":14.0},{"not_picked":["Reaper","Demonic Infusion"],"picked":"Feed","floor":16.0},{"not_picked":["AT_ShrugMaster","Abandon"],"picked":"ReplayTheSpireMod:Muscle Training","floor":18.0},{"not_picked":["WreathOfFlame+1","ReplayTheSpireMod:Corrosion Curse","Anger"],"picked":"SKIP","floor":20.0},{"not_picked":["AT_IchimonjiDouble","Infernal Blade+1","FollowUp"],"picked":"SKIP","floor":22.0},{"not_picked":["Burning Pact","FollowUp"],"picked":"Flex","floor":23.0},{"not_picked":["Body Slam","Cleave","ForeignInfluence"],"picked":"SKIP","floor":24.0}],"player_experience":1091374,"relics_obtained":[{"floor":9.0,"key":"Anchor"},{"floor":10.0,"key":"TungstenRod"},{"floor":14.0,"key":"hubris:SlimyHat"},{"floor":23.0,"key":"Golden Egg"}],"event_choices":[{"damage_healed":25.0,"max_hp_gain":0.0,"max_hp_loss":0.0,"gold_gain":0.0,"event_name":"Big Fish","player_choice":"Banana","floor":8.0,"gold_loss":0.0,"damage_taken":0.0},{"damage_healed":0.0,"max_hp_gain":0.0,"max_hp_loss":0.0,"gold_gain":0.0,"event_name":"Match and Keep!","player_choice":"1 cards matched","floor":19.0,"gold_loss":0.0,"damage_taken":0.0,"cards_obtained":["Ragnarok"]}],"is_beta":false,"boss_relics":[{"not_picked":["aspiration:RunicSpoon","reliquary:RedCape"],"picked":"reliquary:WritOfMandamus"}],"items_purged_floors":[7,13,21],"is_endless":false,"potions_floor_spawned":[3,10,11,14,22,24],"killed_by":"Gremlin Leader","ascension_level":20}}