{"host":"nwd160me4iqdtr8u","time":1611942098,"event":{"mods":["AchievementEnabler","Act Like it!","BaseMod","Colored Map","DeckTracker","Keyboard Shortcuts","Minty Spire (QoL Compilation)","Quick Restart","Rare Cards Sparkle","StSLib","SuperFastMode","everything is the same but u backflip on backflip"],"gold_per_floor":[111,122,197,50,15,15,40,57,57,86,98,110,122,146,158,244,556,587,599,631,643,674,686,709,249,249,263,38,38,38,50,50,50,50],"floor_reached":33,"language":"KOR","playtime":1130,"items_purged":["Strike_G","Strike_G","Defend_G"],"score":476,"play_id":"7ce92164-c616-4267-ba64-de8fe61e7185","local_time":"20210130024138","is_ascension_mode":true,"campfire_choices":[{"data":"Adrenaline","floor":6.0,"key":"SMITH"},{"data":"Calculated Gamble","floor":11.0,"key":"SMITH"},{"data":"Caltrops","floor":15.0,"key":"SMITH"},{"floor":23.0,"key":"REST"},{"floor":29.0,"key":"REST"},{"data":"Footwork","floor":32.0,"key":"SMITH"}],"circlet_count":0,"master_deck":["AscendersBane","Strike_G","Defend_G","Defend_G","Defend_G","Defend_G","Survivor","Neutralize","Quick Slash","Calculated Gamble+1","Adrenaline+1","Dagger Spray","Caltrops+1","Backstab","Burst","CurseOfTheBell","Backflip","Footwork+1","Leg Sweep","Endless Agony","Reflex+1","Well Laid Plans","Leg Sweep"],"relics":["Ring of the Snake","NeowsBlessing","Gremlin Horn","MawBank","Vajra","Calling Bell","Bronze Scales","The Courier","Old Coin","Shuriken","Sundial","Question Card","OrangePellets"],"acts_visited":["Exordium","TheCity"],"potions_floor_usage":[33],"damage_taken":[{"damage":0.0,"enemies":"2 Louse","floor":1.0,"turns":1.0},{"damage":0.0,"enemies":"Small Slimes","floor":2.0,"turns":1.0},{"damage":0.0,"enemies":"3 Sentries","floor":7.0,"turns":1.0},{"damage":4.0,"enemies":"Jaw Worm","floor":8.0,"turns":4.0},{"damage":0.0,"enemies":"Large Slime","floor":10.0,"turns":5.0},{"damage":1.0,"enemies":"Red Slaver","floor":14.0,"turns":2.0},{"damage":10.0,"enemies":"The Guardian","floor":16.0,"turns":12.0},{"damage":22.0,"enemies":"2 Thieves","floor":18.0,"turns":4.0},{"damage":11.0,"enemies":"Shell Parasite","floor":20.0,"turns":8.0},{"damage":14.0,"enemies":"Snecko","floor":22.0,"turns":7.0},{"damage":8.0,"enemies":"Centurion and Healer","floor":24.0,"turns":17.0},{"damage":12.0,"enemies":"3 Cultists","floor":27.0,"turns":5.0},{"damage":6.0,"enemies":"Snake Plant","floor":31.0,"turns":4.0},{"damage":35,"enemies":"Collector","floor":33,"turns":5}],"seed_played":"-2216228956251193876","potions_obtained":[{"floor":8.0,"key":"AttackPotion"},{"floor":10.0,"key":"DuplicationPotion"},{"floor":14.0,"key":"LiquidBronze"},{"floor":20.0,"key":"Dexterity Potion"},{"floor":22.0,"key":"SpeedPotion"},{"floor":31.0,"key":"EntropicBrew"}],"is_trial":false,"path_per_floor":["M","M","?","$","?","R","E","M","T","M","R","$","T","M","R","B",null,"M","?","M","?","M","R","M","$","T","M","$","R","?","M","R","B"],"character_chosen":"THE_SILENT","items_purchased":["Adrenaline","Shuriken","Sundial","OrangePellets"],"campfire_rested":2,"item_purchase_floors":[4,25,25,28],"current_hp_per_floor":[59,59,48,48,64,64,64,60,60,60,60,60,60,59,59,49,62,40,40,29,29,15,34,26,26,26,14,14,33,33,27,27,0,0],"gold":50,"neow_bonus":"THREE_ENEMY_KILL","is_daily":false,"chose_seed":false,"campfire_upgraded":4,"win_rate":0.0,"timestamp":1611942098,"path_taken":["M","M","?","$","?","R","E","M","T","M","R","$","?","M","R","BOSS","M","?","?","?","M","R","M","?","T","?","?","R","?","?","R","BOSS"],"items_purchased_type":["Card","Relic","Relic","Relic"],"build_version":"2020-12-22","purchased_purges":3,"victory":false,"max_hp_per_floor":[66,66,66,66,66,66,66,66,66,66,66,66,66,66,66,66,66,66,66,66,66,66,66,66,66,66,66,66,66,66,66,66,66,66],"card_choices":[{"not_picked":["Outmaneuver","Blade Dance"],"picked":"Quick Slash","floor":1.0},{"not_picked":["Predator","Terror"],"picked":"Calculated Gamble","floor":2.0},{"not_picked":["Deflect","Heel Hook"],"picked":"Dagger Spray","floor":7.0},{"not_picked":["Prepared","All Out Attack","Infinite Blades"],"picked":"SKIP","floor":8.0},{"not_picked":["Quick Slash","Dagger Throw"],"picked":"Caltrops","floor":10.0},{"not_picked":["Footwork","Noxious Fumes"],"picked":"Backstab","floor":14.0},{"not_picked":["Tools of the Trade","Phantasmal Killer"],"picked":"Burst","floor":16.0},{"not_picked":["Dagger Spray","Flying Knee"],"picked":"Backflip","floor":18.0},{"not_picked":["Cloak And Dagger","Distraction"],"picked":"Leg Sweep","floor":20.0},{"not_picked":["Terror","Cloak And Dagger"],"picked":"Endless Agony","floor":22.0},{"not_picked":["Poisoned Stab","Blade Dance"],"picked":"Reflex+1","floor":24.0},{"not_picked":["Riddle With Holes+1","Bane","Flechettes"],"picked":"Well Laid Plans","floor":27.0},{"not_picked":["Quick Slash","Skewer","Blade Dance"],"picked":"Leg Sweep","floor":31.0}],"player_experience":322015,"relics_obtained":[{"floor":7.0,"key":"Gremlin Horn"},{"floor":9.0,"key":"MawBank"},{"floor":13.0,"key":"Vajra"},{"floor":17.0,"key":"Bronze Scales"},{"floor":17.0,"key":"The Courier"},{"floor":17.0,"key":"Old Coin"},{"floor":26.0,"key":"Question Card"}],"event_choices":[{"damage_healed":0.0,"max_hp_gain":0.0,"max_hp_loss":0.0,"gold_gain":75.0,"event_name":"World of Goop","player_choice":"Gather Gold","floor":3.0,"gold_loss":0.0,"damage_taken":11.0},{"damage_healed":16.0,"max_hp_gain":0.0,"max_hp_loss":0.0,"gold_gain":0.0,"event_name":"The Cleric","player_choice":"Healed","floor":5.0,"gold_loss":35.0,"damage_taken":0.0},{"damage_healed":0.0,"max_hp_gain":0.0,"max_hp_loss":0.0,"gold_gain":0.0,"event_name":"Match and Keep!","player_choice":"1 cards matched","floor":19.0,"gold_loss":0.0,"damage_taken":0.0,"cards_obtained":["Footwork"]},{"cards_removed":["Strike_G"],"damage_healed":0.0,"max_hp_gain":0.0,"max_hp_loss":0.0,"gold_gain":0.0,"event_name":"Bonfire Elementals","player_choice":"Offered Basic","floor":21.0,"gold_loss":0.0,"damage_taken":0.0},{"cards_removed":["Strike_G"],"damage_healed":0.0,"max_hp_gain":0.0,"max_hp_loss":0.0,"gold_gain":0.0,"event_name":"Purifier","player_choice":"Purged","floor":30.0,"gold_loss":0.0,"damage_taken":0.0}],"is_beta":false,"boss_relics":[{"not_picked":["Empty Cage","Astrolabe"],"picked":"Calling Bell"}],"items_purged_floors":[4,25,28],"is_endless":false,"potions_floor_spawned":[8,10,14,20,22,31],"killed_by":"Collector","ascension_level":15}}