{"host":"0pqkjyfh91td6rj0","time":1611947666,"event":{"mods":["BaseMod","Colored Map","Minty Spire (QoL Compilation)","Relic Stats","UnlockEverythingMod"],"gold_per_floor":[118,131,131,111,121,148,148,174,198,214,247,264,294,219,219,293,293,313,324,324,349,365,400,400,426,426,439,439,449,45,70,70,144,144,158,209,222,247,247,247,281,300,300,328,328,163,189,209,209,209,209,209,209,33,67,67],"floor_reached":57,"language":"ENG","playtime":3984,"items_purged":["Decay"],"score":3256,"play_id":"35ffd9b8-9541-47f9-960b-e68c5e0c89e2","local_time":"20210129141426","is_ascension_mode":true,"campfire_choices":[{"floor":7.0,"key":"REST"},{"data":"Blasphemy","floor":15.0,"key":"SMITH"},{"data":"Vault","floor":24.0,"key":"SMITH"},{"data":"Scrawl","floor":28.0,"key":"SMITH"},{"data":"MasterReality","floor":32.0,"key":"SMITH"},{"data":"TalkToTheHand","floor":40.0,"key":"SMITH"},{"data":"Ragnarok","floor":45.0,"key":"SMITH"},{"floor":49,"key":"RECALL"},{"data":"CutThroughFate","floor":53,"key":"SMITH"}],"circlet_count":0,"master_deck":["AscendersBane","Vigilance","InnerPeace+1","BattleHymn+1","SashWhip+1","JustLucky","CarveReality","JustLucky","Consecrate","ReachHeaven","Wireheading","Vault+1","Blasphemy+1","Scrawl+1","ThirdEye","CutThroughFate+1","ClearTheMind+1","WaveOfTheHand+1","TalkToTheHand+1","MasterReality+1","Vault+1","ReachHeaven","Ragnarok+1","SashWhip","Wallop","Meditate+1","ThirdEye+1","Tantrum+1","Vault+1","Wish+1"],"relics":["Astrolabe","PreservedInsect","Nunchaku","Bag of Marbles","Pantograph","Calipers","Philosopher\u0027s Stone","Red Mask","White Beast Statue","Toxic Egg 2","TungstenRod","Lantern","Pandora\u0027s Box","FossilizedHelix","Potion Belt","Kunai","Turnip","HornCleat","Vajra","Blue Candle","Ginger"],"acts_visited":["Exordium","TheCity","TheBeyond","TheEnding"],"potions_floor_usage":[50,55,56,56,56],"damage_taken":[{"damage":10.0,"enemies":"Small Slimes","floor":1.0,"turns":3.0},{"damage":2.0,"enemies":"Cultist","floor":2.0,"turns":3.0},{"damage":12.0,"enemies":"2 Louse","floor":5.0,"turns":2.0},{"damage":15.0,"enemies":"3 Sentries","floor":6.0,"turns":5.0},{"damage":0.0,"enemies":"Lagavulin","floor":8.0,"turns":4.0},{"damage":0.0,"enemies":"Large Slime","floor":10.0,"turns":4.0},{"damage":0.0,"enemies":"Gremlin Nob","floor":11.0,"turns":2.0},{"damage":8.0,"enemies":"Looter","floor":12.0,"turns":3.0},{"damage":0.0,"enemies":"Lagavulin","floor":13.0,"turns":4.0},{"damage":0.0,"enemies":"Slime Boss","floor":16.0,"turns":3.0},{"damage":31.0,"enemies":"2 Thieves","floor":18.0,"turns":3.0},{"damage":0.0,"enemies":"3 Byrds","floor":19.0,"turns":3.0},{"damage":8.0,"enemies":"Masked Bandits","floor":21.0,"turns":2.0},{"damage":0.0,"enemies":"Centurion and Healer","floor":22.0,"turns":2.0},{"damage":0.0,"enemies":"Gremlin Leader","floor":23.0,"turns":3.0},{"damage":2.0,"enemies":"Book of Stabbing","floor":25.0,"turns":2.0},{"damage":0.0,"enemies":"Cultist and Chosen","floor":27.0,"turns":3.0},{"damage":0.0,"enemies":"Sentry and Sphere","floor":29.0,"turns":3.0},{"damage":23.0,"enemies":"Slavers","floor":31.0,"turns":4.0},{"damage":5.0,"enemies":"Champ","floor":33.0,"turns":10.0},{"damage":0.0,"enemies":"3 Shapes","floor":35.0,"turns":4.0},{"damage":37.0,"enemies":"2 Orb Walkers","floor":36.0,"turns":3.0},{"damage":0.0,"enemies":"3 Darklings","floor":37.0,"turns":3.0},{"damage":0.0,"enemies":"Nemesis","floor":41.0,"turns":2.0},{"damage":0.0,"enemies":"Sphere and 2 Shapes","floor":42.0,"turns":3.0},{"damage":0.0,"enemies":"Giant Head","floor":44.0,"turns":4.0},{"damage":0.0,"enemies":"Reptomancer","floor":47.0,"turns":4.0},{"damage":0,"enemies":"4 Shapes","floor":48,"turns":4},{"damage":6,"enemies":"Awakened One","floor":50,"turns":9},{"damage":8,"enemies":"Donu and Deca","floor":51,"turns":8},{"damage":15,"enemies":"Shield and Spear","floor":55,"turns":5},{"damage":43,"enemies":"The Heart","floor":56,"turns":10}],"seed_played":"-7221992668164835918","potions_obtained":[{"floor":2.0,"key":"Fire Potion"},{"floor":4.0,"key":"Ancient Potion"},{"floor":10.0,"key":"Explosive Potion"},{"floor":13.0,"key":"BottledMiracle"},{"floor":21.0,"key":"FearPotion"},{"floor":23.0,"key":"ColorlessPotion"},{"floor":25.0,"key":"FearPotion"},{"floor":27.0,"key":"Energy Potion"},{"floor":29.0,"key":"EssenceOfSteel"},{"floor":31.0,"key":"GamblersBrew"},{"floor":33.0,"key":"Explosive Potion"},{"floor":35.0,"key":"Fire Potion"},{"floor":36.0,"key":"Ancient Potion"},{"floor":37.0,"key":"Explosive Potion"},{"floor":41.0,"key":"SkillPotion"},{"floor":42.0,"key":"SneckoOil"},{"floor":48,"key":"StancePotion"},{"floor":55,"key":"Regen Potion"}],"is_trial":false,"path_per_floor":["M","M","?","?","M","E","R","E","T","M","E","M","E","?","R","B",null,"M","M","?","?","M","E","R","E","T","M","R","M","$","E","R","B",null,"M","?","M","T","?","R","E","M","T","E","R","$","E","M","R","B","B",null,"R","$","E","B",null],"character_chosen":"WATCHER","items_purchased":["TungstenRod","Vajra","Vault+1"],"campfire_rested":1,"item_purchase_floors":[30,46,54],"current_hp_per_floor":[51,49,49,49,37,22,42,42,42,42,42,34,34,34,34,59,66,35,35,35,27,27,27,27,25,25,25,25,25,25,2,2,22,57,57,20,20,20,20,20,20,20,20,20,20,20,20,20,20,39,56,65,65,65,50,40],"gold":67,"neow_bonus":"BOSS_RELIC","is_daily":false,"chose_seed":false,"campfire_upgraded":7,"win_rate":0.0,"timestamp":1611947666,"path_taken":["M","M","?","?","M","E","R","E","T","?","E","M","E","?","R","BOSS","M","M","?","?","M","E","R","E","T","M","R","M","$","E","R","BOSS","M","?","M","?","?","R","E","M","T","E","R","?","E","?","R","BOSS","BOSS","R","$","E","BOSS"],"items_purchased_type":["Relic","Relic","Card"],"build_version":"2020-12-22","purchased_purges":1,"victory":true,"max_hp_per_floor":[68,68,68,68,68,68,68,68,68,68,68,68,68,68,68,68,68,68,68,68,68,68,68,68,68,68,68,68,68,68,68,68,68,68,68,68,68,68,68,68,68,68,68,68,68,68,68,68,68,68,68,68,68,68,68,68],"relic_stats":{"Nunchaku":[32],"counters":[32,127],"Astrolabe":["InnerPeace","BattleHymn","SashWhip"],"Pantograph":118,"Blue Candle":[0],"Pandora\u0027s Box":["ReachHeaven","Ragnarok","SashWhip","Wallop"],"PreservedInsect":561,"Turnip":[2],"Kunai":[32],"Ginger":[2],"obtain_stats":[{"Potion Belt":38,"Lantern":31,"Calipers":13,"Astrolabe":0,"Blue Candle":47,"Vajra":46,"PreservedInsect":6,"Ginger":55,"White Beast Statue":23,"Nunchaku":8,"HornCleat":44,"Pantograph":11,"Philosopher\u0027s Stone":17,"Pandora\u0027s Box":34,"Turnip":43,"Bag of Marbles":9,"Red Mask":21,"Kunai":41,"PureWater":0,"Toxic Egg 2":25,"TungstenRod":30,"FossilizedHelix":36},{"Potion Belt":23,"Lantern":19,"Calipers":9,"Astrolabe":0,"Blue Candle":27,"Vajra":26,"PreservedInsect":4,"Ginger":31,"White Beast Statue":15,"Nunchaku":5,"HornCleat":26,"Pantograph":7,"Philosopher\u0027s Stone":10,"Pandora\u0027s Box":20,"Turnip":25,"Bag of Marbles":5,"Red Mask":13,"Kunai":24,"PureWater":0,"Toxic Egg 2":16,"TungstenRod":18,"FossilizedHelix":22},{"Potion Belt":78,"Lantern":58,"Calipers":30,"Astrolabe":0,"Blue Candle":91,"Vajra":87,"PreservedInsect":13,"Ginger":117,"White Beast Statue":46,"Nunchaku":17,"HornCleat":87,"Pantograph":23,"Philosopher\u0027s Stone":33,"Pandora\u0027s Box":68,"Turnip":83,"Bag of Marbles":17,"Red Mask":41,"Kunai":80,"PureWater":0,"Toxic Egg 2":48,"TungstenRod":54,"FossilizedHelix":75}],"TungstenRod":22},"card_choices":[{"not_picked":["Crescendo","ClearTheMind"],"picked":"JustLucky","floor":1.0},{"not_picked":["Crescendo","FollowUp"],"picked":"CarveReality","floor":2.0},{"not_picked":["Evaluate","Prostrate"],"picked":"JustLucky","floor":5.0},{"not_picked":["CarveReality","CrushJoints"],"picked":"Consecrate","floor":6.0},{"not_picked":["SandsOfTime","ClearTheMind"],"picked":"ReachHeaven","floor":8.0},{"not_picked":["ReachHeaven","WreathOfFlame"],"picked":"Wireheading","floor":10.0},{"not_picked":["Halt","PathToVictory"],"picked":"Vault","floor":11.0},{"not_picked":["EmptyBody","WaveOfTheHand","BowlingBash"],"picked":"SKIP","floor":12.0},{"not_picked":["FlurryOfBlows","Indignation"],"picked":"Blasphemy","floor":13.0},{"not_picked":["Devotion","Blasphemy"],"picked":"Scrawl","floor":16.0},{"not_picked":["Halt","PathToVictory"],"picked":"ThirdEye","floor":18.0},{"not_picked":["EmptyFist","SignatureMove","JustLucky"],"picked":"SKIP","floor":19.0},{"not_picked":["FlurryOfBlows","ThirdEye"],"picked":"CutThroughFate","floor":22.0},{"not_picked":["ConjureBlade","Protect"],"picked":"ClearTheMind+1","floor":23.0},{"not_picked":["CrushJoints","WindmillStrike","Halt+1"],"picked":"SKIP","floor":25.0},{"not_picked":["BowlingBash","CutThroughFate"],"picked":"WaveOfTheHand+1","floor":27.0},{"not_picked":["SignatureMove","Halt+1"],"picked":"TalkToTheHand","floor":29.0},{"not_picked":["Crescendo+1","Sanctity+1"],"picked":"MasterReality","floor":31.0},{"not_picked":["Devotion","MasterReality"],"picked":"Vault+1","floor":33.0},{"not_picked":["SashWhip","BattleHymn"],"picked":"Meditate+1","floor":35.0},{"not_picked":["Wireheading","Adaptation","Conclude"],"picked":"SKIP","floor":37.0},{"not_picked":["EmptyBody+1","EmptyFist","Ragnarok"],"picked":"SKIP","floor":41.0},{"not_picked":["Collect+1","Prostrate+1"],"picked":"ThirdEye+1","floor":42.0},{"not_picked":["PathToVictory+1","SashWhip+1","CrushJoints"],"picked":"SKIP","floor":44.0},{"not_picked":["Swivel+1","FearNoEvil"],"picked":"Tantrum+1","floor":47.0},{"not_picked":["BowlingBash","SandsOfTime","Indignation+1"],"picked":"SKIP","floor":48},{"not_picked":["PathToVictory+1","JustLucky"],"picked":"Wish+1","floor":55}],"player_experience":130931,"relics_obtained":[{"floor":6.0,"key":"PreservedInsect"},{"floor":8.0,"key":"Nunchaku"},{"floor":9.0,"key":"Bag of Marbles"},{"floor":11.0,"key":"Pantograph"},{"floor":13.0,"key":"Calipers"},{"floor":21.0,"key":"Red Mask"},{"floor":23.0,"key":"White Beast Statue"},{"floor":25.0,"key":"Toxic Egg 2"},{"floor":31.0,"key":"Lantern"},{"floor":36.0,"key":"FossilizedHelix"},{"floor":38.0,"key":"Potion Belt"},{"floor":41.0,"key":"Kunai"},{"floor":43.0,"key":"Turnip"},{"floor":44.0,"key":"HornCleat"},{"floor":47.0,"key":"Blue Candle"},{"floor":55,"key":"Ginger"}],"event_choices":[{"damage_healed":0.0,"max_hp_gain":0.0,"max_hp_loss":0.0,"gold_gain":0.0,"event_name":"Liars Game","player_choice":"Ignored","floor":3.0,"gold_loss":0.0,"damage_taken":0.0},{"damage_healed":0.0,"max_hp_gain":0.0,"max_hp_loss":0.0,"gold_gain":0.0,"event_name":"The Woman in Blue","player_choice":"Bought 1 Potion","floor":4.0,"gold_loss":0.0,"damage_taken":0.0},{"cards_removed":["Defend_P"],"damage_healed":0.0,"max_hp_gain":0.0,"max_hp_loss":0.0,"gold_gain":0.0,"event_name":"The Cleric","player_choice":"Card Removal","floor":14.0,"gold_loss":75.0,"damage_taken":0.0},{"damage_healed":0.0,"max_hp_gain":0.0,"max_hp_loss":0.0,"gold_gain":0.0,"event_name":"Forgotten Altar","player_choice":"Smashed Altar","floor":20.0,"gold_loss":0.0,"damage_taken":0.0,"cards_obtained":["Decay"]},{"damage_healed":0.0,"max_hp_gain":0.0,"max_hp_loss":0.0,"gold_gain":0.0,"event_name":"Masked Bandits","player_choice":"Fought Bandits","floor":21.0,"gold_loss":0.0,"damage_taken":0.0},{"damage_healed":0.0,"max_hp_gain":0.0,"max_hp_loss":0.0,"gold_gain":0.0,"event_name":"Mysterious Sphere","player_choice":"Fight","floor":36.0,"gold_loss":0.0,"damage_taken":0.0},{"cards_removed":["Eruption"],"damage_healed":0.0,"max_hp_gain":0.0,"max_hp_loss":0.0,"gold_gain":0.0,"event_name":"Falling","player_choice":"Removed Attack","floor":39.0,"gold_loss":0.0,"damage_taken":0.0}],"is_beta":false,"boss_relics":[{"not_picked":["Busted Crown","Snecko Eye"],"picked":"Philosopher\u0027s Stone"},{"not_picked":["Velvet Choker","SlaversCollar"],"picked":"Pandora\u0027s Box"}],"items_purged_floors":[30],"is_endless":false,"potions_floor_spawned":[2,10,13,16,18,21,23,25,27,29,31,33,35,36,37,41,42,44,47,48,55],"ascension_level":20}}