{"host":"fdq5pmhluajjrf8d","time":1611946173,"event":{"mods":["BaseMod","Minty Spire (QoL Compilation)"],"gold_per_floor":[118,118,118,268,37,66,81,115,115,130,143,156,174,194,194,265,265,277,277,277],"floor_reached":19,"language":"ENG","playtime":881,"items_purged":["Doubt"],"score":362,"play_id":"21e9cb43-3d76-40dc-8a12-6c4487826100","local_time":"20210129134933","is_ascension_mode":true,"campfire_choices":[{"floor":15.0,"key":"REST"}],"circlet_count":0,"master_deck":["AscendersBane","Strike_B","Strike_B","Strike_B","Defend_B","Defend_B","Defend_B","Zap","Dualcast","Fusion","Self Repair","Ball Lightning","Echo Form","Core Surge","Thunder Strike"],"relics":["Cracked Core","Darkstone Periapt","Matryoshka","Happy Flower","Bronze Scales","Sozu"],"acts_visited":["Exordium","TheCity"],"potions_floor_usage":[18],"damage_taken":[{"damage":2.0,"enemies":"Cultist","floor":1.0,"turns":4.0},{"damage":25.0,"enemies":"Lagavulin","floor":6.0,"turns":5.0},{"damage":5.0,"enemies":"2 Louse","floor":7.0,"turns":3.0},{"damage":39.0,"enemies":"Gremlin Nob","floor":8.0,"turns":4.0},{"damage":14.0,"enemies":"Jaw Worm","floor":10.0,"turns":2.0},{"damage":1.0,"enemies":"Large Slime","floor":11.0,"turns":4.0},{"damage":11.0,"enemies":"Exordium Thugs","floor":12.0,"turns":4.0},{"damage":6.0,"enemies":"Blue Slaver","floor":13.0,"turns":4.0},{"damage":16.0,"enemies":"3 Louse","floor":14.0,"turns":3.0},{"damage":58.0,"enemies":"The Guardian","floor":16.0,"turns":12.0},{"damage":51,"enemies":"2 Thieves","floor":18,"turns":4},{"damage":23,"enemies":"3 Byrds","floor":19,"turns":2}],"seed_played":"-1349477313932978593","potions_obtained":[{"floor":1.0,"key":"DistilledChaos"},{"floor":7.0,"key":"Fruit Juice"},{"floor":12.0,"key":"Weak Potion"},{"floor":13.0,"key":"FairyPotion"},{"floor":16.0,"key":"SpeedPotion"}],"is_trial":false,"path_per_floor":["M","?","$","?","$","E","M","E","T","M","M","M","M","M","R","B",null,"M","M"],"character_chosen":"DEFECT","items_purchased":["Echo Form"],"campfire_rested":1,"item_purchase_floors":[5],"current_hp_per_floor":[69,62,62,62,62,44,51,19,19,12,18,14,22,13,35,8,59,15,0,0],"gold":277,"neow_bonus":"TRANSFORM_TWO_CARDS","is_daily":false,"chose_seed":false,"campfire_upgraded":0,"win_rate":0.0,"timestamp":1611946173,"path_taken":["M","?","$","?","$","E","M","E","T","M","M","M","M","M","R","BOSS","M","M"],"items_purchased_type":["Card"],"build_version":"2020-12-22","purchased_purges":1,"victory":false,"max_hp_per_floor":[71,71,71,71,71,71,76,76,76,76,76,76,76,76,76,76,76,76,76,76],"card_choices":[{"not_picked":["Conserve Battery","White Noise"],"picked":"Ball Lightning","floor":1.0},{"not_picked":["Streamline","Sweeping Beam","Beam Cell"],"picked":"SKIP","floor":6.0},{"not_picked":["Stack","Chill","Steam"],"picked":"SKIP","floor":7.0},{"not_picked":["Stack","Chill","Steam"],"picked":"SKIP","floor":7.0},{"not_picked":["Aggregate","FTL"],"picked":"Core Surge","floor":8.0},{"not_picked":["Doom and Gloom","Turbo","Go for the Eyes"],"picked":"SKIP","floor":10.0},{"not_picked":["Gash","Heatsinks","Coolheaded"],"picked":"SKIP","floor":11.0},{"not_picked":["Leap","Chaos","Streamline"],"picked":"SKIP","floor":12.0},{"not_picked":["Ball Lightning","Leap","Rip and Tear"],"picked":"SKIP","floor":13.0},{"not_picked":["Static Discharge","Rebound","Coolheaded"],"picked":"SKIP","floor":14.0},{"not_picked":["Machine Learning","Reboot"],"picked":"Thunder Strike","floor":16.0},{"not_picked":["Turbo","Sweeping Beam","Go for the Eyes"],"picked":"SKIP","floor":18}],"player_experience":1941294,"relics_obtained":[{"floor":6.0,"key":"Darkstone Periapt"},{"floor":8.0,"key":"Matryoshka"},{"floor":9.0,"key":"Happy Flower"},{"floor":9.0,"key":"Bronze Scales"}],"event_choices":[{"cards_removed":["Clumsy"],"damage_healed":0.0,"max_hp_gain":0.0,"max_hp_loss":0.0,"gold_gain":0.0,"event_name":"Golden Wing","player_choice":"Card Removal","floor":2.0,"gold_loss":0.0,"damage_taken":7.0},{"damage_healed":0.0,"max_hp_gain":0.0,"max_hp_loss":0.0,"gold_gain":150.0,"event_name":"Liars Game","player_choice":"AGREE","floor":4.0,"gold_loss":0.0,"damage_taken":0.0,"cards_obtained":["Doubt"]}],"is_beta":false,"boss_relics":[{"not_picked":["FrozenCore","Pandora\u0027s Box"],"picked":"Sozu"}],"items_purged_floors":[5],"is_endless":false,"potions_floor_spawned":[1,7,12,13,16,18],"killed_by":"3 Byrds","ascension_level":20}}