{"host":"zkayvxppza5j985o","time":1611934167,"event":{"mods":["AchievementEnabler","BaseMod","Better Vampires","Colored Map","Colored Powertips","Minty Spire (QoL Compilation)","StSLib"],"gold_per_floor":[114,129,129,204,204,204,243,243,315,346,360,381,425,2,2,126,126,145,145,160,183,282,316,350,368,450,450,450,450,470,520,520,650,650,671,696,709,931,954,954,27,42,42,42,56,56,74,98,98,98],"floor_reached":51,"language":"ZHS","playtime":2400,"items_purged":["Strike_P","Defend_P"],"score":998,"play_id":"706cafc5-3519-4068-ae67-3b2d64607295","local_time":"20210129232927","is_ascension_mode":true,"campfire_choices":[{"data":"Eruption","floor":6,"key":"SMITH"},{"data":"LessonLearned","floor":8,"key":"SMITH"},{"floor":15,"key":"REST"},{"data":"Apotheosis","floor":27,"key":"SMITH"},{"data":"DeusExMachina","floor":29,"key":"SMITH"},{"data":"SignatureMove","floor":32,"key":"SMITH"},{"data":"TalkToTheHand","floor":40,"key":"SMITH"},{"floor":44,"key":"REST"},{"floor":46,"key":"REST"},{"floor":49,"key":"REST"}],"circlet_count":0,"master_deck":["Defend_P","Defend_P+1","Defend_P+1","Eruption+1","Vigilance","SignatureMove+1","EmptyMind+1","LessonLearned+1","Crescendo+1","ClearTheMind","Crescendo+1","Apotheosis+1","Trip+1","DeusExMachina+1","Halt+1","FlurryOfBlows","Bite","Bite+1","CutThroughFate+1","MasterReality","TalkToTheHand+1","JustLucky+1","WaveOfTheHand","TalkToTheHand+1","Adaptation","Secret Weapon","DeusExMachina","ClearTheMind","Panacea","FlyingSleeves+1","MentalFortress","WheelKick+1"],"relics":["PureWater","NeowsBlessing","Golden Idol","Pen Nib","Bottled Flame","Matryoshka","Shuriken","Philosopher\u0027s Stone","Pantograph","HornCleat","Boot","Red Mask","Letter Opener","VioletLotus","Melange","Darkstone Periapt"],"acts_visited":["Exordium","TheCity","TheBeyond"],"potions_floor_usage":[10,10,13,18,23,39,41,42,42,45,45,50,50],"damage_taken":[{"damage":0,"enemies":"Jaw Worm","floor":1,"turns":1},{"damage":0,"enemies":"Small Slimes","floor":2,"turns":1},{"damage":0,"enemies":"3 Sentries","floor":7,"turns":2},{"damage":39,"enemies":"Lagavulin","floor":10,"turns":8},{"damage":0,"enemies":"2 Louse","floor":11,"turns":2},{"damage":5,"enemies":"Gremlin Gang","floor":12,"turns":4},{"damage":0,"enemies":"Gremlin Nob","floor":13,"turns":2},{"damage":0,"enemies":"Slime Boss","floor":16,"turns":2},{"damage":0,"enemies":"3 Byrds","floor":18,"turns":3},{"damage":0,"enemies":"Shell Parasite","floor":20,"turns":1},{"damage":19,"enemies":"Chosen and Byrds","floor":21,"turns":5},{"damage":0,"enemies":"Book of Stabbing","floor":23,"turns":1},{"damage":7,"enemies":"Masked Bandits","floor":24,"turns":5},{"damage":0,"enemies":"Snake Plant","floor":25,"turns":1},{"damage":0,"enemies":"Sentry and Sphere","floor":30,"turns":3},{"damage":0,"enemies":"Collector","floor":33,"turns":5},{"damage":1,"enemies":"Orb Walker","floor":35,"turns":4},{"damage":11,"enemies":"3 Shapes","floor":36,"turns":3},{"damage":21,"enemies":"Spire Growth","floor":37,"turns":4},{"damage":0,"enemies":"4 Shapes","floor":39,"turns":4},{"damage":62,"enemies":"Writhing Mass","floor":42,"turns":5},{"damage":13,"enemies":"Jaw Worm Horde","floor":45,"turns":3},{"damage":0,"enemies":"Transient","floor":47,"turns":5},{"damage":18,"enemies":"3 Darklings","floor":48,"turns":5},{"damage":81,"enemies":"Time Eater","floor":50,"turns":7}],"seed_played":"1315952719488182857","potions_obtained":[{"floor":1,"key":"SpeedPotion"},{"floor":7,"key":"FearPotion"},{"floor":11,"key":"FearPotion"},{"floor":21,"key":"StancePotion"},{"floor":23,"key":"Weak Potion"},{"floor":25,"key":"Regen Potion"},{"floor":39,"key":"Fruit Juice"},{"floor":42,"key":"GamblersBrew"},{"floor":45,"key":"DuplicationPotion"},{"floor":47,"key":"SmokeBomb"},{"floor":48,"key":"StancePotion"}],"is_trial":false,"path_per_floor":["M","M","?","?","?","R","E","R","T","E","M","M","E","$","R","B",null,"M","T","M","M","?","E","?","M","T","R","?","R","M","?","R","B",null,"M","M","M","?","M","R","$","M","T","R","M","R","M","M","R","B",null],"character_chosen":"WATCHER","items_purchased":["Apotheosis","Trip","LiquidMemories","Fruit Juice","Adaptation","Secret Weapon","DeusExMachina","Melange","ClearTheMind","Panacea","Block Potion"],"campfire_rested":4,"item_purchase_floors":[14,14,14,41,41,41,41,41,41,41,41],"current_hp_per_floor":[72,72,67,56,56,56,56,56,56,17,17,12,12,12,32,32,67,67,67,67,48,48,48,41,41,41,41,41,41,46,46,46,67,67,67,58,43,43,53,53,58,1,1,24,21,44,56,44,67,5],"gold":98,"neow_bonus":"THREE_ENEMY_KILL","is_daily":false,"chose_seed":false,"campfire_upgraded":6,"win_rate":0.0,"timestamp":1611934167,"path_taken":["M","M","?","?","?","R","E","R","T","E","?","M","E","$","R","BOSS","M","?","M","M","?","E","?","M","T","R","?","R","M","?","R","BOSS","M","?","M","?","M","R","$","M","T","R","M","R","M","M","R","BOSS"],"items_purchased_type":["Card","Card","Potion","Potion","Card","Card","Card","Relic","Card","Card","Potion"],"build_version":"2020-12-22","purchased_purges":2,"victory":true,"max_hp_per_floor":[72,72,67,67,67,67,67,67,67,67,67,67,67,67,67,67,67,67,67,67,67,67,67,67,67,67,67,67,67,67,67,67,67,67,67,67,67,67,72,72,77,77,77,77,77,77,77,77,77,77],"card_choices":[{"not_picked":["Evaluate","Nirvana"],"picked":"SignatureMove","floor":1},{"not_picked":["BattleHymn","SashWhip"],"picked":"EmptyMind","floor":2},{"not_picked":["Alpha","SashWhip"],"picked":"LessonLearned","floor":7},{"not_picked":["EmptyFist","FlurryOfBlows"],"picked":"Crescendo","floor":10},{"not_picked":["WreathOfFlame","JustLucky"],"picked":"ClearTheMind","floor":11},{"not_picked":["EmptyFist","Weave","CrushJoints"],"picked":"SKIP","floor":12},{"not_picked":["Protect","Fasting2"],"picked":"Crescendo","floor":13},{"not_picked":["LessonLearned","SpiritShield"],"picked":"DeusExMachina","floor":16},{"not_picked":["FlyingSleeves","Consecrate"],"picked":"Halt+1","floor":18},{"not_picked":["JustLucky","WreathOfFlame","FollowUp"],"picked":"SKIP","floor":20},{"not_picked":["PathToVictory","ClearTheMind","Prostrate"],"picked":"SKIP","floor":21},{"not_picked":["Omniscience","SashWhip","Worship"],"picked":"SKIP","floor":23},{"not_picked":["CrushJoints","Prostrate+1"],"picked":"FlurryOfBlows","floor":24},{"not_picked":["ClearTheMind","Protect","WaveOfTheHand+1"],"picked":"SKIP","floor":25},{"not_picked":["Halt","Wireheading"],"picked":"CutThroughFate+1","floor":30},{"not_picked":["Establishment","Omniscience"],"picked":"MasterReality","floor":33},{"not_picked":["Evaluate","FollowUp"],"picked":"TalkToTheHand+1","floor":35},{"not_picked":["Halt","Wallop"],"picked":"JustLucky","floor":36},{"not_picked":["Halt+1","SashWhip+1"],"picked":"WaveOfTheHand","floor":37},{"not_picked":["ClearTheMind+1","FlurryOfBlows"],"picked":"TalkToTheHand","floor":39},{"not_picked":["PathToVictory","Crescendo+1"],"picked":"FlyingSleeves+1","floor":42},{"not_picked":["Meditate","Conclude+1","WaveOfTheHand+1"],"picked":"SKIP","floor":45},{"not_picked":["Evaluate","Weave+1"],"picked":"MentalFortress","floor":47},{"not_picked":["FlyingSleeves+1","FlurryOfBlows"],"picked":"WheelKick+1","floor":48}],"player_experience":89096,"relics_obtained":[{"floor":7,"key":"Pen Nib"},{"floor":9,"key":"Bottled Flame"},{"floor":10,"key":"Matryoshka"},{"floor":13,"key":"Shuriken"},{"floor":19,"key":"Pantograph"},{"floor":19,"key":"HornCleat"},{"floor":23,"key":"Boot"},{"floor":24,"key":"Red Mask"},{"floor":26,"key":"Blood Vial"},{"floor":26,"key":"Letter Opener"},{"floor":43,"key":"Darkstone Periapt"}],"event_choices":[{"damage_healed":0,"gold_gain":0,"player_choice":"Lose Max HP","damage_taken":0,"relics_obtained":["Golden Idol"],"max_hp_gain":0,"max_hp_loss":5,"event_name":"Golden Idol","floor":3,"gold_loss":0},{"damage_healed":0,"gold_gain":75,"player_choice":"Gather Gold","damage_taken":11,"max_hp_gain":0,"max_hp_loss":0,"event_name":"World of Goop","floor":4,"gold_loss":0},{"cards_removed":["Strike_P"],"damage_healed":0,"gold_gain":0,"player_choice":"Purged","damage_taken":0,"max_hp_gain":0,"max_hp_loss":0,"event_name":"Purifier","floor":5,"gold_loss":0},{"damage_healed":0,"gold_gain":99,"player_choice":"Stole From Cult","damage_taken":0,"max_hp_gain":0,"max_hp_loss":0,"event_name":"Nest","floor":22,"gold_loss":0},{"damage_healed":0,"gold_gain":0,"player_choice":"Fought Bandits","damage_taken":0,"max_hp_gain":0,"max_hp_loss":0,"event_name":"Masked Bandits","floor":24,"gold_loss":0},{"damage_healed":0,"gold_gain":0,"player_choice":"Became a vampire (Vial)","damage_taken":0,"max_hp_gain":0,"max_hp_loss":0,"event_name":"Vampires","floor":28,"relics_lost":["Blood Vial"],"gold_loss":0,"cards_obtained":["Bite","Bite"]},{"damage_healed":0,"gold_gain":100,"player_choice":"Bet on Murderer","damage_taken":0,"max_hp_gain":0,"max_hp_loss":0,"event_name":"The Joust","floor":31,"gold_loss":50},{"damage_healed":0,"gold_gain":222,"player_choice":"Wore Mask","damage_taken":0,"max_hp_gain":0,"max_hp_loss":0,"event_name":"Tomb of Lord Red Mask","floor":38,"gold_loss":0}],"is_beta":false,"boss_relics":[{"not_picked":["Cursed Key","Ectoplasm"],"picked":"Philosopher\u0027s Stone"},{"not_picked":["Tiny House","Coffee Dripper"],"picked":"VioletLotus"}],"items_purged_floors":[14,41],"is_endless":false,"potions_floor_spawned":[1,7,11,21,23,25,39,42,45,47,48],"ascension_level":2}}