{"host":"twbuyd87gsx4w7po","time":1611918591,"event":{"mods":["BaseMod","Downfall","Minty Spire (QoL Compilation)","StSLib"],"gold_per_floor":[99,113,130,143,143,153,153,153,184,199,211,211,211,54,68,166,166,166,178,163,163,173,276,276,276,311,311,111,130,146,158,175,273,273,273,286,142,192,192,237,237,251,285,285,185,198,198,198,210,210,210,245,41,41,41,41],"floor_reached":57,"language":"ENG","playtime":4935,"items_purged":["champ:Defend","downfall:Bewildered"],"score":1304,"play_id":"83cb4f50-fc64-4409-841f-cade04e1cb96","local_time":"20210129030951","is_ascension_mode":false,"campfire_choices":[{"data":"champ:Taunt","floor":1,"key":"SMITH"},{"data":"champ:EnGarde","floor":8,"key":"SMITH"},{"data":"champ:StanceDance","floor":13,"key":"SMITH"},{"data":"champ:Improvising","floor":18,"key":"SMITH"},{"floor":25,"key":"RECALL"},{"data":"champ:FancyFootwork","floor":28,"key":"SMITH"},{"data":"champ:UltimateStance","floor":35,"key":"SMITH"},{"data":"champ:BerserkersShout","floor":45,"key":"SMITH"},{"data":"champ:HoldFirm","floor":47,"key":"SMITH"},{"data":"expansioncontent:StudyTheSpire","floor":54,"key":"SMITH"}],"circlet_count":0,"master_deck":["champ:Strike","champ:Strike","champ:Defend","champ:Defend","champ:Taunt+1","champ:StanceDance+1","champ:CalledShot","champ:CrookedStrike","champ:EnGarde+1","champ:LastStand","champ:BerserkersShout+1","champ:EnGarde+1","champ:ShieldWall","champ:BringItOn","champ:Improvising+1","champ:PerfectedStrike+1","champ:StanceDance+1","champ:ShieldWall+1","champ:GutPunch","champ:HoldFirm+1","champ:FancyFootwork+1","Finesse+1","champ:TornadoPunch+1","champ:ShieldWall+1","champ:Endure","champ:Duel+1","champ:UltimateStance+1","champ:Circumvent+1","champ:Parry+1","CurseOfTheBell","CurseOfTheBell","champ:Duel+1","champ:BerserkersShout+1","expansioncontent:StudyTheSpire+1","expansioncontent:DashGenerateEvil","champ:IronFortress+1","champ:FocusedDefense+1"],"relics":["champ:ChampionCrown","WingedGreaves","Mango","Bag of Marbles","downfall:ShatteredFragment","Astrolabe","sneckomod:BabySnecko","Mummified Hand","InkBottle","downfall:HeartBlessingRed","downfall:HeartBlessingGreen","Philosopher\u0027s Stone","War Paint","FossilizedHelix","downfall:ExtraCursedBell","Bronze Scales","Sundial","Incense Burner","Girya","Mercury Hourglass","downfall:HeartBlessingBlue","champ:DefensiveTrainingManual","Vajra"],"acts_visited":["Exordium","TheCity","TheBeyond","TheEnding"],"potions_floor_usage":[14,14,30,40,56,56],"damage_taken":[{"damage":20,"enemies":"Jaw Worm","floor":2,"turns":4},{"damage":11,"enemies":"Cultist","floor":3,"turns":4},{"damage":14,"enemies":"2 Louse","floor":4,"turns":4},{"damage":10,"enemies":"Blue Slaver","floor":6,"turns":4},{"damage":26,"enemies":"3 Sentries","floor":9,"turns":8},{"damage":11,"enemies":"3 Louse","floor":10,"turns":4},{"damage":37,"enemies":"Large Slime","floor":11,"turns":7},{"damage":20,"enemies":"downfall:FleeingMerchant","floor":14,"turns":4},{"damage":24,"enemies":"2 Fungi Beasts","floor":15,"turns":3},{"damage":40,"enemies":"IC_STATUS_ARCHETYPE","floor":16,"turns":7},{"damage":18,"enemies":"Shell Parasite","floor":19,"turns":4},{"damage":20,"enemies":"downfall:FleeingMerchant","floor":20,"turns":4},{"damage":38,"enemies":"3 Byrds","floor":22,"turns":4},{"damage":35,"enemies":"downfall:FleeingMerchant","floor":23,"turns":4},{"damage":50,"enemies":"Gremlin Leader","floor":26,"turns":7},{"damage":11,"enemies":"Sentry and Sphere","floor":29,"turns":3},{"damage":5,"enemies":"Chosen and Byrds","floor":30,"turns":4},{"damage":30,"enemies":"Snecko","floor":31,"turns":3},{"damage":40,"enemies":"Centurion and Healer","floor":32,"turns":3},{"damage":20,"enemies":"WA_ARCHETYPE_CALM","floor":33,"turns":8},{"damage":10,"enemies":"3 Darklings","floor":36,"turns":4},{"damage":31,"enemies":"3 Darklings","floor":38,"turns":5},{"damage":20,"enemies":"2 Orb Walkers","floor":40,"turns":3},{"damage":6,"enemies":"3 Shapes","floor":42,"turns":5},{"damage":38,"enemies":"Giant Head","floor":43,"turns":7},{"damage":39,"enemies":"Transient","floor":46,"turns":5},{"damage":25,"enemies":"Jaw Worm Horde","floor":49,"turns":3},{"damage":96,"enemies":"DF_ARCHETYPE_ORBS","floor":50,"turns":8},{"damage":43,"enemies":"downfall:CharBossMerchant","floor":52,"turns":8},{"damage":79,"enemies":"downfall:NeowBoss","floor":55,"turns":17},{"damage":82,"enemies":"downfall:NeowBossFinal","floor":56,"turns":9}],"seed_played":"-8575255123634756040","potions_obtained":[{"floor":3,"key":"Dexterity Potion"},{"floor":6,"key":"Guardian:BlockOnCardUsePotion"},{"floor":10,"key":"Weak Potion"},{"floor":11,"key":"Fire Potion"},{"floor":19,"key":"Regen Potion"},{"floor":29,"key":"champ:CounterPotion"},{"floor":31,"key":"SteroidPotion"},{"floor":38,"key":"PowerPotion"},{"floor":43,"key":"Swift Potion"}],"is_trial":false,"path_per_floor":["R","M","M","M","?","M","T","R","E","M","M","?","R","$","M","B",null,"R","M","$","?","M","$","T","R","E","?","R","M","M","M","M","B",null,"R","M","$","?","?","?","T","M","E","?","R","M","R","?","M","B",null,"E","$","R","B","B",null],"character_chosen":"THE_CHAMP","items_purchased":["champ:ShieldWall","champ:FancyFootwork","Finesse","War Paint","Vajra","BlessingOfTheForge"],"campfire_rested":0,"item_purchase_floors":[14,23,23,37,53,53],"current_hp_per_floor":[99,99,98,94,76,76,90,90,84,83,71,44,44,44,40,20,113,113,110,110,110,92,72,72,72,52,52,52,51,51,51,51,51,113,113,113,113,107,107,107,107,113,105,105,115,101,101,96,91,50,123,115,115,115,123,91],"gold":41,"neow_bonus":"TEN_PERCENT_HP_BONUS","is_daily":false,"chose_seed":false,"campfire_upgraded":9,"win_rate":0.0,"timestamp":1611918591,"path_taken":["R","M","M","M","?","M","T","R","E","M","M","?","R","$","M","BOSS","R","M","$","?","M","$","T","R","E","?","R","M","?","M","M","BOSS","R","M","$","?","?","?","T","M","E","?","R","M","R","?","M","BOSS","E","$","R","BOSS","BOSS"],"items_purchased_type":["Card","Card","Card","Relic","Relic","Potion"],"build_version":"2020-12-22","purchased_purges":2,"victory":true,"max_hp_per_floor":[99,99,99,99,99,99,113,113,113,113,113,113,113,113,113,113,113,113,113,113,113,113,113,113,113,113,113,113,113,113,113,113,113,113,113,113,113,113,113,113,113,113,113,113,123,123,123,123,123,123,123,123,123,123,123,123],"card_choices":[{"not_picked":["champ:SetATrap","champ:Duel"],"picked":"champ:StanceDance","floor":2},{"not_picked":["champ:CrookedStrike","champ:GutPunch"],"picked":"champ:CalledShot","floor":3},{"not_picked":["champ:SetATrap","champ:CalledShot"],"picked":"champ:CrookedStrike","floor":4},{"not_picked":["champ:StanceDance","champ:GladiatorStyle"],"picked":"champ:EnGarde","floor":6},{"not_picked":["champ:RecklessLeap","champ:BladeFlurry"],"picked":"champ:LastStand","floor":9},{"not_picked":["champ:BladeFlurry","champ:FalseCounter"],"picked":"champ:BerserkersShout","floor":10},{"not_picked":["champ:FocusedBerserking","champ:FanOfKnives","champ:CalledShot"],"picked":"SKIP","floor":11},{"not_picked":["champ:Haymaker","champ:FaceSlap"],"picked":"champ:EnGarde","floor":14},{"not_picked":["champ:CrownThrow","champ:AdrenalArmor"],"picked":"champ:BringItOn","floor":15},{"not_picked":["champ:HeavySlash","champ:CheapShot"],"picked":"champ:Improvising","floor":16},{"not_picked":["champ:DefensiveShout","champ:CrownThrow","champ:RecklessLeap"],"picked":"SKIP","floor":19},{"not_picked":["champ:Parry","champ:TornadoPunch"],"picked":"champ:GutPunch","floor":20},{"not_picked":["champ:DefensiveShout","champ:FaceSlap","champ:FocusedDefense"],"picked":"SKIP","floor":22},{"not_picked":["champ:EnragedBash","champ:CrookedStrike"],"picked":"champ:HoldFirm","floor":23},{"not_picked":["champ:BerserkersShout","champ:Encircle+1"],"picked":"champ:TornadoPunch+1","floor":26},{"not_picked":["champ:Encircle","champ:PerfectedStrike+1"],"picked":"champ:Endure","floor":29},{"not_picked":["champ:PreciseThrust","champ:Endure"],"picked":"champ:Duel+1","floor":30},{"not_picked":["champ:PreciseThrust+1","champ:PreemptiveStrike","champ:TornadoPunch"],"picked":"SKIP","floor":31},{"not_picked":["champ:Backstep","champ:PreciseThrust","champ:IgnorePain"],"picked":"SKIP","floor":32},{"not_picked":["champ:SwordThrow","champ:LastStand"],"picked":"champ:UltimateStance","floor":33},{"not_picked":["champ:StanceDance+1","champ:PerfectedStrike"],"picked":"champ:Circumvent+1","floor":36},{"not_picked":["champ:Encircle","champ:DeathBlow+1"],"picked":"champ:Parry+1","floor":38},{"not_picked":["champ:Shatter","champ:CalledShot","champ:SwordThrow"],"picked":"SKIP","floor":42},{"not_picked":["champ:AdrenalArmor","champ:Encircle+1"],"picked":"champ:Duel+1","floor":43},{"not_picked":["champ:PreciseThrust","champ:Shatter+1"],"picked":"champ:BerserkersShout+1","floor":46},{"not_picked":["expansioncontent:DashGenerateEvil","expansioncontent:InvincibleStrength"],"picked":"expansioncontent:StudyTheSpire","floor":48},{"not_picked":["expansioncontent:GuardianWhirl","expansioncontent:YouAreMine"],"picked":"expansioncontent:DashGenerateEvil","floor":48},{"not_picked":["champ:FlashCut","champ:BladeFlurry+1"],"picked":"champ:IronFortress+1","floor":49},{"not_picked":["champ:StanceDance","champ:DancingMaster"],"picked":"champ:FocusedDefense+1","floor":52}],"player_experience":377983,"relics_obtained":[{"floor":7,"key":"Mango"},{"floor":9,"key":"Bag of Marbles"},{"floor":24,"key":"Mummified Hand"},{"floor":26,"key":"InkBottle"},{"floor":38,"key":"FossilizedHelix"},{"floor":39,"key":"Bronze Scales"},{"floor":39,"key":"Sundial"},{"floor":39,"key":"Incense Burner"},{"floor":40,"key":"Girya"},{"floor":43,"key":"Mercury Hourglass"},{"floor":52,"key":"champ:DefensiveTrainingManual"}],"event_choices":[{"damage_healed":0,"gold_gain":0,"player_choice":"Success","damage_taken":18,"relics_obtained":["WingedGreaves"],"max_hp_gain":0,"max_hp_loss":0,"event_name":"Scrap Ooze","floor":5,"gold_loss":0},{"damage_healed":0,"gold_gain":0,"player_choice":"Fight","damage_taken":0,"max_hp_gain":0,"max_hp_loss":0,"event_name":"Mysterious Sphere","floor":40,"gold_loss":0},{"cards_removed":["champ:Execute"],"damage_healed":0,"gold_gain":0,"player_choice":"Removed Attack","damage_taken":0,"max_hp_gain":0,"max_hp_loss":0,"event_name":"Falling","floor":44,"gold_loss":0}],"is_beta":false,"boss_relics":[{"not_picked":["bronze:MakeshiftBattery","Black Star"],"picked":"Astrolabe"},{"not_picked":["Velvet Choker","Runic Pyramid"],"picked":"Philosopher\u0027s Stone"}],"items_purged_floors":[14,23],"is_endless":false,"potions_floor_spawned":[3,6,10,11,19,29,31,32,33,38,43,46],"ascension_level":0}}