{"host":"gnfs9pc52tj5b2xa","time":1611892710,"event":{"mods":["BaseMod","Minty Spire (QoL Compilation)","Relic Sorter","Relic Stats","Slay the Relics Exporter","ojb\u0027s Better Paths Mod","ojb\u0027s Info Mod"],"gold_per_floor":[159,159,178,21,31,63,63,88,88,107,107,122,133,166,166,243,243,254,11,28,28,47,47,97,109,163,163,163,191,191,207,207,278,278,293,293,346,346,356,384,384,418,473,473,505,455,475,475,475,475,475,475,475,83,114,114],"floor_reached":57,"language":"ENG","playtime":3514,"items_purged":["Strike_P","Adaptation","HandOfGreed"],"score":3531,"play_id":"34e98a5c-ecfe-4013-81f5-ea8cb3643dd3","local_time":"20210128195830","is_ascension_mode":true,"campfire_choices":[{"data":"Defend_P","floor":7.0,"key":"PURGE"},{"data":"Defend_P","floor":11.0,"key":"PURGE"},{"data":"Strike_P","floor":15.0,"key":"PURGE"},{"data":"Strike_P","floor":23.0,"key":"PURGE"},{"data":"Strike_P","floor":27.0,"key":"PURGE"},{"data":"WindmillStrike","floor":30.0,"key":"PURGE"},{"data":"Defend_P","floor":32.0,"key":"PURGE"},{"data":"Defend_P","floor":41.0,"key":"PURGE"},{"data":"Scrawl","floor":44.0,"key":"SMITH"},{"floor":49,"key":"RECALL"},{"data":"MentalFortress","floor":53,"key":"SMITH"}],"circlet_count":0,"master_deck":["AscendersBane","Eruption+1","Vigilance","FearNoEvil","Adaptation","Scrawl+1","MentalFortress+1"],"relics":["Tiny House","StoneCalendar","Peace Pipe","Smiling Mask","Pantograph","Art of War","Busted Crown","Membership Card","Anchor","Blue Candle","Runic Pyramid","FossilizedHelix","Bag of Marbles","Pocketwatch","Sundial","OrangePellets","Pen Nib","Nunchaku","Toy Ornithopter"],"acts_visited":["Exordium","TheCity","TheBeyond","TheEnding"],"potions_floor_usage":[47,56],"damage_taken":[{"damage":0.0,"enemies":"Cultist","floor":1.0,"turns":3.0},{"damage":0.0,"enemies":"Jaw Worm","floor":3.0,"turns":2.0},{"damage":13.0,"enemies":"Small Slimes","floor":5.0,"turns":3.0},{"damage":10.0,"enemies":"Lagavulin","floor":6.0,"turns":5.0},{"damage":8.0,"enemies":"Gremlin Nob","floor":8.0,"turns":3.0},{"damage":3.0,"enemies":"Looter","floor":10.0,"turns":2.0},{"damage":15.0,"enemies":"3 Louse","floor":12.0,"turns":4.0},{"damage":4.0,"enemies":"Large Slime","floor":13.0,"turns":5.0},{"damage":0.0,"enemies":"Lagavulin","floor":14.0,"turns":3.0},{"damage":38.0,"enemies":"The Guardian","floor":16.0,"turns":6.0},{"damage":12.0,"enemies":"3 Byrds","floor":18.0,"turns":2.0},{"damage":1.0,"enemies":"2 Thieves","floor":20.0,"turns":4.0},{"damage":18.0,"enemies":"Snake Plant","floor":22.0,"turns":4.0},{"damage":3.0,"enemies":"Sentry and Sphere","floor":25.0,"turns":3.0},{"damage":0.0,"enemies":"Book of Stabbing","floor":29.0,"turns":1.0},{"damage":0.0,"enemies":"Centurion and Healer","floor":31.0,"turns":2.0},{"damage":0.0,"enemies":"Champ","floor":33.0,"turns":1.0},{"damage":0.0,"enemies":"3 Darklings","floor":35.0,"turns":1.0},{"damage":0.0,"enemies":"2 Orb Walkers","floor":37.0,"turns":1.0},{"damage":0.0,"enemies":"3 Shapes","floor":39.0,"turns":3.0},{"damage":0.0,"enemies":"Giant Head","floor":40.0,"turns":3.0},{"damage":0.0,"enemies":"Reptomancer","floor":42.0,"turns":2.0},{"damage":0,"enemies":"Nemesis","floor":45,"turns":1},{"damage":0,"enemies":"Jaw Worm Horde","floor":47,"turns":1},{"damage":0,"enemies":"Time Eater","floor":50,"turns":6},{"damage":0,"enemies":"Awakened One","floor":51,"turns":3},{"damage":0,"enemies":"Shield and Spear","floor":55,"turns":1},{"damage":0,"enemies":"The Heart","floor":56,"turns":5}],"seed_played":"3336612332036633008","potions_obtained":[{"floor":0.0,"key":"SmokeBomb"},{"floor":1.0,"key":"FearPotion"},{"floor":10.0,"key":"Fruit Juice"},{"floor":13.0,"key":"LiquidBronze"},{"floor":14.0,"key":"SpeedPotion"},{"floor":20.0,"key":"GamblersBrew"},{"floor":25.0,"key":"SmokeBomb"},{"floor":31.0,"key":"Regen Potion"},{"floor":33.0,"key":"Dexterity Potion"},{"floor":39.0,"key":"BottledMiracle"},{"floor":42.0,"key":"Fruit Juice"},{"floor":47,"key":"BlessingOfTheForge"}],"is_trial":false,"path_per_floor":["M","T","M","$","M","E","R","E","T","M","R","M","M","E","R","B",null,"M","$","M","?","M","R","?","M","T","R","?","E","R","M","R","B",null,"M","?","?","?","M","E","R","E","T","R","E","$","M","?","R","B","B",null,"R","$","E","B",null],"character_chosen":"WATCHER","items_purchased":["FearNoEvil","Adaptation","Membership Card","MentalFortress","OrangePellets","Pen Nib","Nunchaku","HandOfGreed"],"campfire_rested":0,"item_purchase_floors":[4,4,19,19,54,54,54,54],"current_hp_per_floor":[66,66,66,66,53,43,43,35,35,32,32,17,18,18,18,5,60,48,48,47,47,29,29,29,26,26,26,26,26,26,26,26,51,71,71,71,71,71,71,71,71,71,71,71,71,71,76,79,79,79,79,79,79,79,79,79],"gold":114,"neow_bonus":"BOSS_RELIC","is_daily":false,"chose_seed":false,"campfire_upgraded":2,"win_rate":0.0,"timestamp":1611892710,"path_taken":["M","?","M","$","M","E","R","E","T","M","R","M","?","E","R","BOSS","M","$","M","?","M","R","?","M","T","R","?","E","R","M","R","BOSS","M","?","?","?","M","E","R","E","T","R","E","$","M","?","R","BOSS","BOSS","R","$","E","BOSS"],"items_purchased_type":["Card","Card","Relic","Card","Relic","Relic","Relic","Card"],"build_version":"2020-12-22","purchased_purges":3,"victory":true,"max_hp_per_floor":[73,73,73,73,73,73,73,73,73,73,73,73,78,78,78,78,78,78,78,78,78,78,78,78,78,78,78,78,78,78,78,78,78,78,78,74,74,74,74,74,74,74,74,74,74,74,79,79,79,79,79,79,79,79,79,79],"relic_stats":{"counters":[28,80],"Blue Candle":[0],"StoneCalendar":[0],"Pen Nib":[9],"Smiling Mask":1,"Peace Pipe":8,"OrangePellets":[0],"Nunchaku":[9],"Busted Crown":30,"Sundial":[100],"Pantograph":50,"Art of War":[7],"obtain_stats":[{"Tiny House":0,"Blue Candle":29,"StoneCalendar":2,"Pen Nib":54,"Smiling Mask":8,"Peace Pipe":6,"OrangePellets":54,"Anchor":26,"Nunchaku":54,"Busted Crown":17,"Sundial":45,"Pantograph":9,"Art of War":14,"Bag of Marbles":40,"Membership Card":19,"PureWater":0,"FossilizedHelix":37,"Toy Ornithopter":55,"Runic Pyramid":34,"Pocketwatch":42},{"Tiny House":0,"Blue Candle":15,"StoneCalendar":1,"Pen Nib":26,"Smiling Mask":5,"Peace Pipe":4,"OrangePellets":26,"Anchor":14,"Nunchaku":26,"Busted Crown":10,"Sundial":23,"Pantograph":5,"Art of War":9,"Bag of Marbles":21,"Membership Card":11,"PureWater":0,"FossilizedHelix":19,"Toy Ornithopter":27,"Runic Pyramid":17,"Pocketwatch":22},{"Tiny House":0,"Blue Candle":50,"StoneCalendar":3,"Pen Nib":74,"Smiling Mask":16,"Peace Pipe":13,"OrangePellets":74,"Anchor":49,"Nunchaku":74,"Busted Crown":36,"Sundial":64,"Pantograph":16,"Art of War":30,"Bag of Marbles":61,"Membership Card":38,"PureWater":0,"FossilizedHelix":55,"Toy Ornithopter":75,"Runic Pyramid":53,"Pocketwatch":63}],"Toy Ornithopter":0,"Pocketwatch":[0]},"card_choices":[{"not_picked":["ClearTheMind","BowlingBash"],"picked":"SandsOfTime","floor":0.0},{"not_picked":["ThirdEye","Protect"],"picked":"WindmillStrike","floor":1.0},{"not_picked":["ForeignInfluence","JustLucky"],"picked":"Adaptation","floor":3.0},{"not_picked":["Conclude","Wallop","BattleHymn"],"picked":"SKIP","floor":5.0},{"not_picked":["Nirvana","CrushJoints","DeceiveReality"],"picked":"SKIP","floor":6.0},{"not_picked":["FollowUp","EmptyBody","ClearTheMind"],"picked":"SKIP","floor":8.0},{"not_picked":["Consecrate","LikeWater","Nirvana"],"picked":"SKIP","floor":10.0},{"not_picked":["Halt","EmptyFist","Protect"],"picked":"SKIP","floor":12.0},{"not_picked":["Alpha","ReachHeaven","FlurryOfBlows"],"picked":"SKIP","floor":13.0},{"not_picked":["Sanctity","ThirdEye","Consecrate"],"picked":"SKIP","floor":14.0},{"not_picked":["Establishment","Omniscience"],"picked":"Scrawl","floor":16.0},{"not_picked":["Adaptation"],"picked":"SKIP","floor":18.0},{"not_picked":["ThirdEye"],"picked":"SKIP","floor":20.0},{"not_picked":["CrushJoints"],"picked":"SKIP","floor":22.0},{"not_picked":["Wireheading"],"picked":"SKIP","floor":25.0},{"not_picked":["EmptyBody"],"picked":"SKIP","floor":29.0},{"not_picked":["FollowUp"],"picked":"SKIP","floor":31.0},{"not_picked":["SandsOfTime"],"picked":"SKIP","floor":35.0},{"not_picked":["EmptyBody+1"],"picked":"SKIP","floor":39.0},{"not_picked":["CrushJoints"],"picked":"SKIP","floor":40.0},{"not_picked":["SignatureMove"],"picked":"SKIP","floor":42.0},{"not_picked":["TalkToTheHand"],"picked":"SKIP","floor":45},{"not_picked":["FlurryOfBlows+1"],"picked":"SKIP","floor":47},{"not_picked":["Protect"],"picked":"SKIP","floor":55}],"player_experience":1229394,"relics_obtained":[{"floor":2.0,"key":"StoneCalendar"},{"floor":6.0,"key":"Peace Pipe"},{"floor":8.0,"key":"Smiling Mask"},{"floor":9.0,"key":"Pantograph"},{"floor":14.0,"key":"Art of War"},{"floor":26.0,"key":"Anchor"},{"floor":29.0,"key":"Blue Candle"},{"floor":37.0,"key":"FossilizedHelix"},{"floor":40.0,"key":"Bag of Marbles"},{"floor":42.0,"key":"Pocketwatch"},{"floor":45,"key":"Sundial"},{"floor":55,"key":"Toy Ornithopter"}],"event_choices":[{"damage_healed":0.0,"max_hp_gain":0.0,"max_hp_loss":0.0,"gold_gain":50.0,"event_name":"Nest","player_choice":"Stole From Cult","floor":24.0,"gold_loss":0.0,"damage_taken":0.0},{"cards_removed":["SandsOfTime"],"damage_healed":0.0,"max_hp_gain":0.0,"max_hp_loss":0.0,"gold_gain":0.0,"event_name":"Back to Basics","player_choice":"Elegance","floor":28.0,"gold_loss":0.0,"damage_taken":0.0},{"damage_healed":0.0,"max_hp_gain":0.0,"max_hp_loss":4.0,"gold_gain":0.0,"event_name":"Winding Halls","player_choice":"Max HP","floor":36.0,"gold_loss":0.0,"damage_taken":0.0},{"damage_healed":0.0,"max_hp_gain":0.0,"max_hp_loss":0.0,"gold_gain":0.0,"event_name":"Mysterious Sphere","player_choice":"Fight","floor":37.0,"gold_loss":0.0,"damage_taken":0.0},{"damage_healed":0.0,"max_hp_gain":0.0,"max_hp_loss":0.0,"gold_gain":0.0,"event_name":"Tomb of Lord Red Mask","player_choice":"Ignored","floor":38.0,"gold_loss":0.0,"damage_taken":0.0},{"damage_healed":3,"gold_gain":0,"player_choice":"Full Heal","damage_taken":0,"max_hp_gain":0,"max_hp_loss":0,"event_name":"Wheel of Change","floor":48,"gold_loss":0}],"is_beta":false,"boss_relics":[{"not_picked":["Pandora\u0027s Box","Sozu"],"picked":"Busted Crown"},{"not_picked":["Philosopher\u0027s Stone","SlaversCollar"],"picked":"Runic Pyramid"}],"items_purged_floors":[19,46,54],"is_endless":false,"potions_floor_spawned":[1,10,13,14,20,25,31,33,39,42,47],"ascension_level":20}}