{"host":"3a1ypf1irl30q4k8","time":1611958534,"event":{"mods":["AchievementEnabler","BaseMod","Bestiary","Colored Map","Minty Spire (QoL Compilation)","Relic Stats"],"gold_per_floor":[20,20,33,49,49,49,80,95,95,95,107,107,123,123,123,123,123],"floor_reached":16,"language":"ENG","playtime":810,"items_purged":[],"score":117,"play_id":"1eb584e4-0c3c-4ce2-81c0-2a238430d78f","local_time":"20210129221534","is_ascension_mode":true,"campfire_choices":[{"data":"Fasting2","floor":6,"key":"SMITH"},{"floor":12,"key":"REST"},{"floor":15,"key":"REST"}],"circlet_count":0,"master_deck":["Strike_P","Strike_P","Strike_P","Strike_P","Defend_P","Defend_P","Defend_P","Defend_P","Eruption","Vigilance","Sadistic Nature","BowlingBash+1","Fasting2+1","Halt","Blasphemy","ClearTheMind","ThirdEye","FearNoEvil"],"relics":["PureWater","StrikeDummy","Question Card"],"acts_visited":["Exordium"],"potions_floor_usage":[8],"damage_taken":[{"damage":0.0,"enemies":"Small Slimes","floor":1.0,"turns":2.0},{"damage":10.0,"enemies":"Jaw Worm","floor":3.0,"turns":4.0},{"damage":2.0,"enemies":"2 Louse","floor":4.0,"turns":4.0},{"damage":58,"enemies":"Gremlin Nob","floor":7,"turns":5},{"damage":5,"enemies":"Red Slaver","floor":8,"turns":5},{"damage":0,"enemies":"2 Fungi Beasts","floor":11,"turns":3},{"damage":8,"enemies":"Blue Slaver","floor":13,"turns":2},{"damage":36,"enemies":"Hexaghost","floor":16,"turns":7}],"seed_played":"-4728221735189477973","potions_obtained":[{"floor":7,"key":"SpeedPotion"},{"floor":13,"key":"SmokeBomb"}],"is_trial":false,"path_per_floor":["M","?","M","M","?","R","E","M","T","?","M","R","M","?","R","B"],"character_chosen":"WATCHER","items_purchased":[],"campfire_rested":2,"item_purchase_floors":[],"current_hp_per_floor":[72,72,62,60,65,65,7,2,2,2,2,25,17,10,33,0,0],"gold":123,"neow_bonus":"RANDOM_COLORLESS_2","is_daily":false,"chose_seed":false,"campfire_upgraded":1,"win_rate":0.0,"timestamp":1611958534,"path_taken":["M","?","M","M","?","R","E","M","T","?","M","R","M","?","R","BOSS"],"items_purchased_type":[],"build_version":"2020-12-22","purchased_purges":0,"victory":false,"max_hp_per_floor":[72,72,72,72,77,77,77,77,77,77,77,77,77,77,77,77,77],"relic_stats":{"counters":[8,32],"Question Card":2,"obtain_stats":[{"PureWater":0,"StrikeDummy":7,"Question Card":9},{"PureWater":0,"StrikeDummy":4,"Question Card":5},{"PureWater":0,"StrikeDummy":15,"Question Card":20}]},"card_choices":[{"not_picked":["Thinking Ahead","Magnetism"],"picked":"Sadistic Nature","floor":0.0},{"not_picked":["Collect","EmptyBody"],"picked":"BowlingBash","floor":1.0},{"not_picked":["ForeignInfluence","SandsOfTime"],"picked":"Fasting2","floor":3.0},{"not_picked":["JustLucky","Consecrate"],"picked":"Halt","floor":4.0},{"not_picked":["WaveOfTheHand","Indignation"],"picked":"Blasphemy","floor":7},{"not_picked":["Indignation","Nirvana"],"picked":"ClearTheMind","floor":8},{"not_picked":["Pray","Halt","CarveReality"],"picked":"ThirdEye","floor":11},{"not_picked":["CutThroughFate","Consecrate","ThirdEye"],"picked":"FearNoEvil","floor":13}],"player_experience":1249074,"relics_obtained":[{"floor":7,"key":"StrikeDummy"},{"floor":9,"key":"Question Card"}],"event_choices":[{"damage_healed":0.0,"max_hp_gain":0.0,"max_hp_loss":0.0,"gold_gain":0.0,"event_name":"Living Wall","player_choice":"Grow","floor":2.0,"gold_loss":0.0,"damage_taken":0.0,"cards_upgraded":["BowlingBash"]},{"damage_healed":0.0,"max_hp_gain":5.0,"max_hp_loss":0.0,"gold_gain":0.0,"event_name":"Big Fish","player_choice":"Donut","floor":5.0,"gold_loss":0.0,"damage_taken":0.0},{"damage_healed":0,"gold_gain":0,"player_choice":"Ignored","damage_taken":0,"max_hp_gain":0,"max_hp_loss":0,"event_name":"Golden Idol","floor":10,"gold_loss":0},{"damage_healed":0,"gold_gain":0,"player_choice":"Damaged","damage_taken":7,"max_hp_gain":0,"max_hp_loss":0,"event_name":"Wheel of Change","floor":14,"gold_loss":0}],"is_beta":false,"boss_relics":[],"items_purged_floors":[],"is_endless":false,"potions_floor_spawned":[7,13],"killed_by":"Hexaghost","ascension_level":3}}