{"host":"2pffx5rqbod9ds0c","time":1611884063,"event":{"mods":["BaseMod","Better Altar","Better Match","Better Note","Better Sensory Stone","Better Skull","Better Third Choice","Custom Start","HololiveMod","Hubris","Minty Spire (QoL Compilation)","Quick Restart","Relic Stats","Spicy Shops","StSLib"],"gold_per_floor":[80,30,30,51,67,105,105,144,144,175,194,217,217,237,237,365,365,386,211,211,224,99,137,162,162,162,196,196,234,252,266,266,389,389,403,403,474,498,398,398,456,495,564,564,580,580,211,252,252,252],"floor_reached":51,"language":"ENG","playtime":1478,"items_purged":["Hololive_Strike","Hololive_Strike","Hololive_StrengthChampion","Hololive_Defend"],"score":1160,"play_id":"2f93866a-bee4-4837-98e5-d5fe94d042e8","local_time":"20210128173423","is_ascension_mode":true,"campfire_choices":[{"data":"Hololive_CallTokinoSora","floor":7.0,"key":"SMITH"},{"data":"Hololive_CallFriendA","floor":15.0,"key":"SMITH"},{"floor":25.0,"key":"REST"},{"floor":28.0,"key":"REST"},{"floor":32.0,"key":"REST"},{"floor":40.0,"key":"REST"},{"floor":49,"key":"REST"}],"circlet_count":0,"master_deck":["Hololive_CallHoshimachiSuisei+1","Hololive_Defend","Hololive_Defend","Hololive_StrengthChampion","Hololive_CocoNews","Hololive_Rebirth","Hololive_CocoNews","Hololive_MaximGun","Hololive_MaximGun"],"relics":["Hololive_TheStar","Hololive_Chaos","Golden Idol","Centennial Puzzle","Strawberry","Bottled Lightning","hubris:OldNail","hubris:Icosahedron","hubris:RunicObelisk","hubris:Potato","Shuriken","Gambling Chip","Darkstone Periapt","SlaversCollar","White Beast Statue","hubris:Zylophone","Bottled Tornado","Pear","Vajra","Hololive_LightStick","Boot"],"acts_visited":["Exordium","TheCity","TheBeyond"],"potions_floor_usage":[50],"damage_taken":[{"damage":0.0,"enemies":"2 Louse","floor":1.0,"turns":2.0},{"damage":0.0,"enemies":"Small Slimes","floor":4.0,"turns":2.0},{"damage":0.0,"enemies":"Jaw Worm","floor":5.0,"turns":3.0},{"damage":0.0,"enemies":"Lagavulin","floor":6.0,"turns":4.0},{"damage":0.0,"enemies":"Gremlin Nob","floor":8.0,"turns":4.0},{"damage":0.0,"enemies":"Lagavulin","floor":10.0,"turns":6.0},{"damage":9.0,"enemies":"3 Louse","floor":11.0,"turns":4.0},{"damage":0.0,"enemies":"Gremlin Gang","floor":12.0,"turns":3.0},{"damage":0.0,"enemies":"2 Fungi Beasts","floor":14.0,"turns":3.0},{"damage":0.0,"enemies":"The Guardian","floor":16.0,"turns":4.0},{"damage":10.0,"enemies":"Shell Parasite","floor":18.0,"turns":5.0},{"damage":0.0,"enemies":"3 Byrds","floor":21.0,"turns":3.0},{"damage":0.0,"enemies":"Book of Stabbing","floor":23.0,"turns":3.0},{"damage":14.0,"enemies":"Centurion and Healer","floor":24.0,"turns":2.0},{"damage":6.0,"enemies":"Gremlin Leader","floor":27.0,"turns":2.0},{"damage":0.0,"enemies":"Slavers","floor":29.0,"turns":2.0},{"damage":12.0,"enemies":"Snake Plant","floor":30.0,"turns":2.0},{"damage":0.0,"enemies":"Chosen and Byrds","floor":31.0,"turns":2.0},{"damage":19.0,"enemies":"Champ","floor":33.0,"turns":10.0},{"damage":7.0,"enemies":"3 Shapes","floor":35.0,"turns":3.0},{"damage":0.0,"enemies":"3 Darklings","floor":38.0,"turns":2.0},{"damage":33.0,"enemies":"2 Orb Walkers","floor":41.0,"turns":3.0},{"damage":0.0,"enemies":"Giant Head","floor":42.0,"turns":2.0},{"damage":0.0,"enemies":"Writhing Mass","floor":45.0,"turns":1.0},{"damage":0,"enemies":"Nemesis","floor":48,"turns":3},{"damage":0,"enemies":"hubris:GrandSnecko","floor":50,"turns":1}],"seed_played":"-8049864441914030698","potions_obtained":[{"floor":1.0,"key":"Block Potion"},{"floor":4.0,"key":"GamblersBrew"},{"floor":5.0,"key":"Fire Potion"},{"floor":18.0,"key":"Explosive Potion"},{"floor":29.0,"key":"Energy Potion"},{"floor":33.0,"key":"DuplicationPotion"},{"floor":42.0,"key":"Energy Potion"}],"is_trial":false,"path_per_floor":["M","?","?","M","M","E","R","E","T","E","M","M","?","M","R","B",null,"M","$","?","M","$","E","M","R","T","E","R","E","M","M","R","B",null,"M","?","T","M","NS","R","?","E","T","?","M","?","$","E","R","B",null],"character_chosen":"Hololive_HololiveCharacter","items_purchased":["Vajra","Hololive_LightStick"],"campfire_rested":5,"item_purchase_floors":[47,47],"current_hp_per_floor":[35,35,27,27,27,27,27,34,34,34,25,25,25,25,25,25,42,32,32,32,32,32,32,18,30,30,24,36,36,24,24,36,17,42,35,35,35,35,35,42,9,9,19,19,19,19,19,19,33,33],"gold":252,"neow_bonus":"UPGRADE_CARD","is_daily":false,"chose_seed":false,"campfire_upgraded":2,"win_rate":0.0,"timestamp":1611884063,"path_taken":["M","?","?","M","M","E","R","E","T","E","M","M","?","M","R","BOSS","M","$","?","?","$","E","M","R","T","E","R","E","?","M","R","BOSS","M","?","?","M","NS","R","?","E","T","?","?","?","$","E","R","BOSS"],"items_purchased_type":["Relic","Relic"],"build_version":"2020-12-22","purchased_purges":4,"victory":true,"max_hp_per_floor":[35,35,35,35,35,35,35,42,42,42,42,42,42,42,42,42,42,42,42,42,42,42,42,42,42,42,42,42,42,42,42,42,42,42,42,42,42,42,42,42,42,42,52,52,52,49,49,49,49,49],"relic_stats":{"Darkstone Periapt":0,"Centennial Puzzle":[24],"counters":[26,80],"Golden Idol":199,"Shuriken":[6],"Gambling Chip":[33],"Boot":[0],"obtain_stats":[{"Darkstone Periapt":29,"Hololive_Chaos":0,"Pear":43,"Golden Idol":3,"Vajra":47,"hubris:RunicObelisk":17,"Bottled Tornado":42,"Boot":48,"White Beast Statue":37,"hubris:Zylophone":41,"SlaversCollar":34,"Centennial Puzzle":6,"Hololive_LightStick":47,"hubris:Icosahedron":13,"Shuriken":26,"Strawberry":8,"Gambling Chip":27,"Hololive_TheStar":0,"Bottled Lightning":9,"hubris:OldNail":10,"hubris:Potato":23},{"Darkstone Periapt":16,"Hololive_Chaos":0,"Pear":23,"Golden Idol":1,"Vajra":24,"hubris:RunicObelisk":10,"Bottled Tornado":23,"Boot":25,"White Beast Statue":20,"hubris:Zylophone":22,"SlaversCollar":19,"Centennial Puzzle":4,"Hololive_LightStick":24,"hubris:Icosahedron":8,"Shuriken":14,"Strawberry":5,"Gambling Chip":15,"Hololive_TheStar":0,"Bottled Lightning":5,"hubris:OldNail":6,"hubris:Potato":13},{"Darkstone Periapt":51,"Hololive_Chaos":0,"Pear":75,"Golden Idol":2,"Vajra":76,"hubris:RunicObelisk":34,"Bottled Tornado":75,"Boot":79,"White Beast Statue":68,"hubris:Zylophone":73,"SlaversCollar":65,"Centennial Puzzle":11,"Hololive_LightStick":76,"hubris:Icosahedron":27,"Shuriken":47,"Strawberry":15,"Gambling Chip":49,"Hololive_TheStar":0,"Bottled Lightning":15,"hubris:OldNail":21,"hubris:Potato":45}]},"card_choices":[{"not_picked":["Hololive_Drill","Hololive_LuckPotion","Hololive_CallYuzukiChoco"],"picked":"Hololive_StrengthChampion","floor":1.0},{"not_picked":["Hololive_Psychosis","Hololive_StrengthChampion","Hololive_CallSakuraMiko","Hololive_Drill"],"picked":"SKIP","floor":4.0},{"not_picked":["Hololive_ManjiGathering","Hololive_Yoholoon","Hololive_Rebound"],"picked":"Hololive_StrengthChampion","floor":5.0},{"not_picked":["Hololive_CandyCastle","Hololive_Rebirth","Hololive_CallOmaruPolka","Hololive_CallYukihanaLamy"],"picked":"SKIP","floor":6.0},{"not_picked":["Hololive_CallDoris","Hololive_ASMR","Hololive_ScarfAndHalo","Hololive_Trident"],"picked":"SKIP","floor":8.0},{"not_picked":["Hololive_Psychosis","Hololive_RevenueBasedLive","Hololive_Sequa","Hololive_CallSakuraMiko"],"picked":"SKIP","floor":10.0},{"not_picked":["Hololive_Drill","Hololive_SummonFox","Hololive_Psychosis","Hololive_Rebound"],"picked":"SKIP","floor":11.0},{"not_picked":["Hololive_OvertimeWork","Hololive_CallAiraniIofifteen","Hololive_Rebound"],"picked":"Hololive_CocoNews","floor":12.0},{"not_picked":["Hololive_Drill","Hololive_ILoveYou","Hololive_ASMR","Hololive_LuckPotion"],"picked":"SKIP","floor":14.0},{"not_picked":["Hololive_DurableLive","Hololive_DiamondStrike","Hololive_HighAtkLowDef"],"picked":"Hololive_Rebirth","floor":16.0},{"not_picked":["Hololive_Drill+1","Hololive_OvertimeWork","Hololive_FlyingPonyTail"],"picked":"Hololive_CocoNews","floor":18.0},{"not_picked":["Hololive_Rebound+1","Hololive_Drill","Hololive_CallAiraniIofifteen","Hololive_Thief"],"picked":"SKIP","floor":21.0},{"not_picked":["Hololive_CallTokinoSora","Hololive_CocoNews","Hololive_Breathe"],"picked":"Hololive_MaximGun","floor":23.0},{"not_picked":["Hololive_CallTsunomakiWatame+1","Hololive_HuntDinosaur","Hololive_Teleport+1","Hololive_CallUruhaRushia"],"picked":"SKIP","floor":24.0},{"not_picked":["Hololive_CallUsadaPekora","Hololive_CallRoboco","Hololive_CallShiroganeNoel","Hololive_CallShiranuiFlare"],"picked":"SKIP","floor":27.0},{"not_picked":["Hololive_CallUsadaPekora","Hololive_CallRoboco","Hololive_CallShiroganeNoel","Hololive_CallShiranuiFlare"],"picked":"SKIP","floor":27.0},{"not_picked":["Hololive_CallManoAloe","Hololive_CallAmaneKanata","Hololive_CallHimemoriLuna+1","Hololive_Psychosis+1"],"picked":"SKIP","floor":29.0},{"not_picked":["Hololive_CallArtia+1","Hololive_CallHoushouMarine","Hololive_Breathe","Hololive_CallUruhaRushia"],"picked":"SKIP","floor":30.0},{"not_picked":["Hololive_Drill","Hololive_DevilCharm","Hololive_Trident+1","Hololive_CallUsadaPekora"],"picked":"SKIP","floor":31.0},{"not_picked":["Hololive_OpenUp","Hololive_DiamondStrike","Hololive_FlareMind"],"picked":"Hololive_MaximGun","floor":33.0},{"not_picked":["Hololive_Breathe","Hololive_RevenueBasedLive","Hololive_Psychosis+1","Hololive_CallSpadeEcho+1"],"picked":"SKIP","floor":35.0},{"not_picked":["Hololive_Sequa+1","Hololive_Drill","Hololive_Rebound","Hololive_CallTsunomakiWatame"],"picked":"SKIP","floor":38.0},{"not_picked":["Hololive_Sequa+1","Hololive_Drill","Hololive_Rebound","Hololive_CallTsunomakiWatame"],"picked":"SKIP","floor":38.0},{"not_picked":["Hololive_CallFriendA","Hololive_HuntDinosaur+1","Hololive_FlareMind","Hololive_Psychosis"],"picked":"SKIP","floor":42.0},{"not_picked":["Hololive_OvertimeWork","Hololive_Rebound","Hololive_LuckPotion+1","Hololive_StrengthChampion"],"picked":"SKIP","floor":45.0},{"not_picked":["Hololive_Psychosis","Hololive_CallTokinoSora+1","Hololive_CallYogiri+1","Hololive_Drill"],"picked":"SKIP","floor":48}],"player_experience":848332,"relics_obtained":[{"floor":6.0,"key":"Centennial Puzzle"},{"floor":8.0,"key":"Strawberry"},{"floor":9.0,"key":"Bottled Lightning"},{"floor":10.0,"key":"hubris:OldNail"},{"floor":23.0,"key":"hubris:Potato"},{"floor":26.0,"key":"Shuriken"},{"floor":27.0,"key":"Gambling Chip"},{"floor":29.0,"key":"Darkstone Periapt"},{"floor":37.0,"key":"White Beast Statue"},{"floor":41.0,"key":"hubris:Zylophone"},{"floor":42.0,"key":"Bottled Tornado"},{"floor":43.0,"key":"Pear"},{"floor":48,"key":"Boot"}],"event_choices":[{"cards_removed":["Hololive_Strike"],"damage_healed":0.0,"max_hp_gain":0.0,"max_hp_loss":0.0,"gold_gain":0.0,"event_name":"The Cleric","player_choice":"Card Removal","floor":2.0,"gold_loss":50.0,"damage_taken":0.0},{"damage_healed":0.0,"max_hp_gain":0.0,"max_hp_loss":0.0,"gold_gain":0.0,"event_name":"Golden Idol","player_choice":"Take Damage","floor":3.0,"gold_loss":0.0,"damage_taken":8.0,"relics_obtained":["Golden Idol"]},{"cards_removed":["Hololive_ManjiGathering"],"damage_healed":0.0,"max_hp_gain":0.0,"max_hp_loss":0.0,"gold_gain":0.0,"event_name":"Purifier","player_choice":"Purged","floor":20.0,"gold_loss":0.0,"damage_taken":0.0},{"damage_healed":0.0,"max_hp_gain":0.0,"max_hp_loss":0.0,"gold_gain":0.0,"event_name":"Mysterious Sphere","player_choice":"Fight","floor":41.0,"gold_loss":0.0,"damage_taken":0.0},{"damage_healed":0.0,"max_hp_gain":0.0,"max_hp_loss":0.0,"gold_gain":0.0,"event_name":"Lab","player_choice":"Got Potions","floor":44.0,"gold_loss":0.0,"damage_taken":0.0},{"damage_healed":0,"gold_gain":0,"player_choice":"Max HP","damage_taken":0,"max_hp_gain":0,"max_hp_loss":3,"event_name":"Winding Halls","floor":46,"gold_loss":0}],"is_beta":false,"boss_relics":[{"not_picked":["Sozu","SacredBark"],"picked":"hubris:RunicObelisk"},{"not_picked":["Hololive_ChaosS","hubris:GrandSneckoEye"],"picked":"SlaversCollar"}],"items_purged_floors":[19,19,22,47],"is_endless":false,"potions_floor_spawned":[1,4,5,8,18,21,29,33,38,41,42,45,48],"ascension_level":1}}