{"host":"dn6kke80v5f7isus","time":1611885611,"event":{"mods":["AchievementEnabler","Act Like it!","BaseMod","Colored Powertips","Custom Start","Defuse TimeMaze Blight","Duelist Mod","Gremlin Skip","Highlight Path","Hubris","Infinite Spire","Minty Spire (QoL Compilation)","Rare Cards Sparkle","Replay The Spire","StSLib","Uncapped"],"gold_per_floor":[142,157,174,99,99,124,124,151,223,223,241,269,269,285,285,439,439,454,486,486,506,121,172,201,221,221,371,388,388,388,421,421,520,520,539,539,556,556,114,144,196,196,196,228,228,228,228,248,248,349,349,355,355,355,355,350,369,369,378,378,453,452,451,460,471,471,572,622,628,5,5,5,14,83,87,87,91,91,116,116,96,96,77,77,77,154,217,206,206,238,238,238],"floor_reached":91,"language":"ENG","playtime":4122,"items_purged":["theDuelist:Sparks","theDuelist:Sparks","theDuelist:DoubleTool"],"score":2280,"play_id":"cabf3643-e08a-496e-a926-8e76b38a47e8","local_time":"20210128210011","is_ascension_mode":true,"campfire_choices":[{"floor":10.0,"key":"REST"},{"floor":13.0,"key":"REST"},{"floor":27.0,"key":"REST"},{"floor":30.0,"key":"REST"},{"floor":32.0,"key":"REST"},{"data":"infinitespire:FutureSight","floor":42.0,"key":"SMITH"},{"floor":47.0,"key":"REST"},{"floor":49.0,"key":"REST"},{"data":"theDuelist:RevolvingSwitchyard","floor":58.0,"key":"SMITH"},{"data":"theDuelist:Jinzo","floor":66,"key":"SMITH"},{"data":"infinitespire:TheBestDefense","floor":76,"key":"SMITH"},{"data":"theDuelist:JunkKuriboh","floor":78,"key":"SMITH"},{"data":"J.A.X.","floor":85,"key":"SMITH"}],"circlet_count":0,"master_deck":["theDuelist:RoboticKnight+1","theDuelist:GreenGadget","theDuelist:CardsFromTheSky","theDuelist:Deskbot004","theDuelist:JinzoLord","theDuelist:YellowGadget+1","theDuelist:PsychicShockwave","theDuelist:Jinzo+1","theDuelist:YellowGadget+1","theDuelist:OutriggerExtension+1","theDuelist:RevolvingSwitchyard+1","theDuelist:TurretWarrior","theDuelist:BlindDestruction+1","theDuelist:Deskbot005+1","infinitespire:TheBestDefense+1","theDuelist:ZONE+1","theDuelist:AncientGearBox+1","theDuelist:StimPack","theDuelist:AllySalvo","theDuelist:StimPack","theDuelist:DoubleTool","theDuelist:JunkKuriboh+1","theDuelist:Deskbot009+1","theDuelist:MetalDragon+1","infinitespire:FutureSight+1","theDuelist:Geargiauger","theDuelist:Deskbot005+1","theDuelist:TurretWarrior","theDuelist:Deskbot009+1","theDuelist:StrayLambs+1","theDuelist:Biofalcon","theDuelist:GravityLash+1","theDuelist:ElectromagneticTurtle+1","J.A.X.+1","theDuelist:BlockGolem+1","theDuelist:MetalDragon+1","theDuelist:SwordsConcealing+1","theDuelist:GreenGadget+1","theDuelist:DoubleTool+6"],"relics":["theDuelist:MillenniumPuzzle","theDuelist:CardPoolRelic","theDuelist:CardPoolBasicRelic","theDuelist:BoosterPackPoolRelic","theDuelist:CardPoolAddRelic","theDuelist:CardPoolMinusRelic","theDuelist:CardPoolSaveRelic","theDuelist:CardPoolOptionsRelic","Pen Nib","theDuelist:MillenniumArmor","Darkstone Periapt","Self Forming Clay","Pantograph","hubris:MobiusCoin","hubris:Backtick","The Courier","infinitespire:CheckeredPen","Iron Hammer","Toolbox","Replay:Baseball","Calipers","Vampiric Spirits","Enchiridion","hubris:CuriousFeather","Pandora\u0027s Box","SacredBark","Carrot","hubris:Towel","Mango","Chameleon Ring","ReplayFunnel","theDuelist:SummonAnchorRare","theDuelist:TokenArmor","hubris:Icosahedron","Golden Idol","ReplayTheSpireMod:TigerMarble","StrikeDummy","theDuelist:MachineToken","theDuelist:BrazeToken","SlaversCollar","Vajra","theDuelist:RouletteWheel","Tiny Chest","theDuelist:Bombchain","hubris:ToyBattleship","War Paint","Nunchaku","Mirror","Tiny House","hubris:MedicalManual"],"acts_visited":["Exordium","TheCity","TheBeyond","Exordium","TheCity","TheBeyond"],"potions_floor_usage":[62,63,63,63,64,77,77,86],"damage_taken":[{"damage":1.0,"enemies":"Cultist","floor":1.0,"turns":3.0},{"damage":2.0,"enemies":"2 Louse","floor":2.0,"turns":3.0},{"damage":1.0,"enemies":"Jaw Worm","floor":3.0,"turns":3.0},{"damage":37.0,"enemies":"Gremlin Nob","floor":6.0,"turns":5.0},{"damage":11.0,"enemies":"Lagavulin","floor":8.0,"turns":5.0},{"damage":1.0,"enemies":"Exordium Wildlife","floor":11.0,"turns":5.0},{"damage":32.0,"enemies":"Gremlin Nob","floor":12.0,"turns":4.0},{"damage":0.0,"enemies":"Blue Slaver","floor":14.0,"turns":3.0},{"damage":7.0,"enemies":"Slime Boss","floor":16.0,"turns":8.0},{"damage":22.0,"enemies":"3 Byrds","floor":18.0,"turns":3.0},{"damage":4.0,"enemies":"Shell Parasite","floor":21.0,"turns":4.0},{"damage":47.0,"enemies":"Nightmare","floor":24.0,"turns":5.0},{"damage":0.0,"enemies":"Centurion and Healer","floor":25.0,"turns":2.0},{"damage":11.0,"enemies":"Shelled Parasite and Fungi","floor":28.0,"turns":4.0},{"damage":0.0,"enemies":"theDuelist:KaibaA2","floor":31.0,"turns":5.0},{"damage":0.0,"enemies":"Champ","floor":33.0,"turns":7.0},{"damage":0.0,"enemies":"Orb Walker","floor":35.0,"turns":1.0},{"damage":0.0,"enemies":"3 Darklings","floor":37.0,"turns":2.0},{"damage":4.0,"enemies":"Nightmare","floor":40.0,"turns":3.0},{"damage":61.0,"enemies":"Nemesis","floor":44.0,"turns":5.0},{"damage":0.0,"enemies":"Sphere and 2 Shapes","floor":48.0,"turns":2.0},{"damage":75.0,"enemies":"Time Eater","floor":50.0,"turns":9.0},{"damage":0.0,"enemies":"2 Louse","floor":52.0,"turns":2.0},{"damage":0.0,"enemies":"Cultist","floor":56.0,"turns":2.0},{"damage":0.0,"enemies":"3 Sentries","floor":57.0,"turns":5.0},{"damage":0.0,"enemies":"Small Slimes","floor":59.0,"turns":2.0},{"damage":23,"enemies":"Lagavulin","floor":62,"turns":6},{"damage":0,"enemies":"2 Fungi Beasts","floor":63,"turns":1},{"damage":0,"enemies":"Gremlin Nob","floor":64,"turns":4},{"damage":0,"enemies":"3 Louse","floor":65,"turns":1},{"damage":0,"enemies":"Slime Boss","floor":67,"turns":3},{"damage":0,"enemies":"Spheric Guardian","floor":69,"turns":3},{"damage":2,"enemies":"Chosen","floor":73,"turns":3},{"damage":0,"enemies":"Centurion and Healer","floor":75,"turns":1},{"damage":0,"enemies":"Nightmare","floor":77,"turns":2},{"damage":0,"enemies":"Cultist and Chosen","floor":81,"turns":2},{"damage":8,"enemies":"Shelled Parasite and Fungi","floor":83,"turns":4},{"damage":12,"enemies":"Pondfish","floor":86,"turns":3},{"damage":0,"enemies":"3 Darklings","floor":88,"turns":2},{"damage":0,"enemies":"Mind Bloom Boss Battle","floor":90,"turns":1},{"damage":0,"enemies":"3 Shapes","floor":91,"turns":1}],"seed_played":"2743834182894930228","potions_obtained":[{"floor":1.0,"key":"theDuelist:FlamingBottle"},{"floor":6.0,"key":"theDuelist:CoolBottle"},{"floor":11.0,"key":"SpeedPotion"},{"floor":14.0,"key":"theDuelist:VoidBottle"},{"floor":21.0,"key":"FearPotion"},{"floor":25.0,"key":"theDuelist:OrbBottle"},{"floor":33.0,"key":"theDuelist:IcePotion"},{"floor":44.0,"key":"theDuelist:VampireVial"},{"floor":50.0,"key":"Block Potion"},{"floor":52.0,"key":"theDuelist:FusionPotion"},{"floor":63,"key":"Swift Potion"},{"floor":67,"key":"Elixir"},{"floor":69,"key":"theDuelist:TokenPotionB"},{"floor":74,"key":"SpeedPotion"},{"floor":81,"key":"theDuelist:BurningPotion"},{"floor":86,"key":"Dexterity Potion"},{"floor":87,"key":"Energy Potion"}],"is_trial":false,"path_per_floor":["M","M","M","$","?","E","?","E","T","R","M","E","R","M","R","B",null,"M","?","?","M","$","T","NM","M","T","R","M","?","R","E","R","B",null,"M","AVR","M","?","$","NM","T","R","T","E","?","?","R","M","R","B",null,"M","?","?","?","M","E","R","M","T","?","E","M","E","M","R","B",null,"M","$","PTL","PTL","M","?","M","R","NM","R","T","?","M","?","M","T","R","B",null,"M","?","?","M"],"character_chosen":"THE_DUELIST","items_purchased":["Iron Hammer","Toolbox","Mango","EntropicBrew","theDuelist:Jinzo","theDuelist:PsychicShockwave","Vajra","theDuelist:RouletteWheel","Tiny Chest","theDuelist:Bombchain","theDuelist:StimPack","theDuelist:StimPack"],"campfire_rested":7,"item_purchase_floors":[22,22,39,39,39,39,70,70,70,70,70,70],"current_hp_per_floor":[79,77,76,76,76,39,39,28,28,52,51,19,43,43,67,73,80,58,58,58,54,54,54,19,19,19,46,42,26,53,59,86,92,92,92,92,92,92,106,102,102,102,102,45,45,45,76,79,106,31,106,106,80,80,80,106,106,106,106,106,96,73,90,103,106,106,106,106,106,106,106,106,104,78,91,91,93,93,93,93,106,106,98,98,98,94,111,111,114,114,114,114],"gold":238,"neow_bonus":"RANDOM_COMMON_RELIC","is_daily":false,"chose_seed":false,"campfire_upgraded":6,"win_rate":0.0,"timestamp":1611885611,"path_taken":["M","M","M","$","?","E","?","E","T","R","?","E","R","M","R","BOSS","M","?","?","M","$","?","NM","?","T","R","M","?","R","E","R","BOSS","M","AVR","M","?","$","NM","?","R","T","E","?","?","R","M","R","BOSS","M","?","?","?","M","E","R","?","T","?","E","?","E","M","R","BOSS","M","$","PTL","PTL","M","?","M","R","NM","R","T","?","M","?","M","?","R","BOSS","M","?","?","M"],"items_purchased_type":["Relic","Relic","Relic","Potion","Card","Card","Relic","Relic","Relic","Relic","Card","Card"],"build_version":"2020-12-22","purchased_purges":3,"victory":false,"max_hp_per_floor":[80,80,80,80,80,80,80,80,80,80,80,80,80,80,80,80,80,80,80,80,80,80,80,92,92,92,92,92,92,92,92,92,92,92,92,92,92,92,106,106,106,106,106,106,106,106,106,106,106,106,106,106,106,106,106,106,106,106,106,106,106,106,106,106,106,106,106,106,106,106,106,106,106,106,106,106,106,106,106,106,106,106,106,106,106,106,111,111,114,114,114,114],"card_choices":[{"not_picked":["theDuelist:DoubleTool","theDuelist:CoreBlaster","theDuelist:Factory100Machines","theDuelist:CardsFromTheSky"],"picked":"theDuelist:RevolvingSwitchyard","floor":1.0},{"not_picked":["theDuelist:GenexAllyBirdman","theDuelist:Deskbot004","theDuelist:FrontlineObserver","theDuelist:RainbowBridge"],"picked":"theDuelist:CardsFromTheSky","floor":2.0},{"not_picked":["theDuelist:ZONE","theDuelist:WonderGarage","theDuelist:MachineFactory","theDuelist:GravityAxe"],"picked":"SKIP","floor":3.0},{"not_picked":["theDuelist:ScrapBeast","theDuelist:Geargiauger","theDuelist:Deskbot004","theDuelist:Deskbot001","theDuelist:HeavyFreightTrainDerricane"],"picked":"SKIP","floor":6.0},{"not_picked":["theDuelist:ParallelPortArmor","theDuelist:IronDraw","theDuelist:ArtifactIgnition","theDuelist:AncientGearWorkshop","theDuelist:Tuningware"],"picked":"SKIP","floor":8.0},{"not_picked":["theDuelist:DoubleTool","theDuelist:Factory100Machines","theDuelist:Tuningware","theDuelist:CemetaryBomb"],"picked":"theDuelist:YellowGadget","floor":11.0},{"not_picked":["theDuelist:JunkWarrior","theDuelist:Deskbot004","theDuelist:Deskbot003","theDuelist:CyberRaider","theDuelist:RedGadget"],"picked":"SKIP","floor":12.0},{"not_picked":["theDuelist:SlotMachine","theDuelist:PlatinumGadget","theDuelist:Overworked","theDuelist:GoldGadget"],"picked":"theDuelist:TurretWarrior","floor":14.0},{"not_picked":["theDuelist:Shekhinaga","theDuelist:Apoqliphort","theDuelist:SwordsConcealing","theDuelist:Deskbot009"],"picked":"theDuelist:TurretWarrior","floor":16.0},{"not_picked":["theDuelist:CyberArchfiend+1","theDuelist:JunkKuriboh","theDuelist:GearGigant","theDuelist:Geargiauger+1","theDuelist:HeavyFreightTrainDerricane+1"],"picked":"SKIP","floor":18.0},{"not_picked":["theDuelist:BigFire","theDuelist:PowerGiant","theDuelist:ChangeHeart","theDuelist:Sangan"],"picked":"theDuelist:DestructPotion+1","floor":21.0},{"not_picked":["infinitespire:SealOfDarkness+","hubris:Fate"],"picked":"infinitespire:FutureSight","floor":24.0},{"not_picked":["theDuelist:YellowGadget","theDuelist:BlastJuggler","theDuelist:Tuningware","theDuelist:ParallelPortArmor+1"],"picked":"theDuelist:DoubleTool","floor":24.0},{"not_picked":["theDuelist:GenexAllyBirdman","theDuelist:Deskbot003","theDuelist:CyberArchfiend+1","theDuelist:GearGigant"],"picked":"theDuelist:DoubleTool","floor":25.0},{"not_picked":["theDuelist:WonderGarage","theDuelist:Jinzo","theDuelist:GravityAxe","theDuelist:ShortCircuit"],"picked":"theDuelist:ZONE+1","floor":28.0},{"not_picked":["theDuelist:GenexAllyBirdman+1","theDuelist:Biofalcon","theDuelist:LimiterRemoval","theDuelist:GenexNeutron","theDuelist:BarrelDragon"],"picked":"SKIP","floor":31.0},{"not_picked":["theDuelist:OrcustCrescendo","theDuelist:NightmareWheel","theDuelist:GoldenBlastJuggler+1","theDuelist:Deskbot007"],"picked":"theDuelist:JinzoLord","floor":33.0},{"not_picked":["theDuelist:BarrelDragon","theDuelist:AncientGearReactorDragon+1","theDuelist:AncientGearGadjiltron","theDuelist:MegafleetDragon"],"picked":"theDuelist:MetalDragon+1","floor":35.0},{"not_picked":["theDuelist:LightningVortex+1","theDuelist:Wiretap+1","theDuelist:BattleFootballer","theDuelist:Wiseman"],"picked":"theDuelist:StrayLambs+1","floor":37.0},{"not_picked":["theDuelist:GenexAllyBirdman","theDuelist:ScrapBeast+1","theDuelist:LimiterRemoval","theDuelist:Deskbot006+1"],"picked":"theDuelist:Geargiauger","floor":40.0},{"not_picked":["theDuelist:Geargiauger+1","theDuelist:CoreBlaster+1","theDuelist:HeavyFreightTrainDerricane","theDuelist:Deskbot006","theDuelist:Deskbot004"],"picked":"SKIP","floor":44.0},{"not_picked":["theDuelist:ScrapBeast+1","theDuelist:CyberArchfiend+1","theDuelist:Tuningware","theDuelist:AncientGearGolem+1"],"picked":"theDuelist:JunkKuriboh","floor":48.0},{"not_picked":["theDuelist:Shekhinaga","theDuelist:SevenCompleted+1","theDuelist:PlatinumGadget","theDuelist:Deskbot007"],"picked":"theDuelist:GravityLash+1","floor":50.0},{"not_picked":["theDuelist:Quariongandrax+1","theDuelist:FlyingPegasus+1","theDuelist:MachineDuplication+1","theDuelist:QuillboltHedgehog+1"],"picked":"theDuelist:ElectromagneticTurtle+1","floor":52.0},{"not_picked":["theDuelist:GenexAllyBirdman+1","theDuelist:GearGigant+1","theDuelist:Deskbot005+1","theDuelist:AncientGearBox+1"],"picked":"theDuelist:OutriggerExtension+1","floor":56.0},{"not_picked":["theDuelist:GoldenBlastJuggler+1","theDuelist:Deskbot007+1","theDuelist:BreakDraw+1"],"picked":"SKIP","floor":57.0},{"not_picked":["theDuelist:FrontlineObserver+1","theDuelist:Deskbot004+1","theDuelist:AncientGearBox+1","theDuelist:GravityBlaster+1"],"picked":"theDuelist:YellowGadget+1","floor":59.0},{"not_picked":["theDuelist:MachineKingPrototype+1","theDuelist:SevenCompleted+1","theDuelist:AncientGearGadjiltron+1","theDuelist:BreakDraw+1","theDuelist:GoldenBlastJuggler+1"],"picked":"SKIP","floor":62},{"not_picked":["theDuelist:HeavyFreightTrainDerricane+1","theDuelist:Deskbot008+1","theDuelist:SolarWindJammer+1","theDuelist:HeavyMechSupportArmor+1","theDuelist:TurretWarrior+1"],"picked":"SKIP","floor":63},{"not_picked":["theDuelist:HeavyFreightTrainDerricane+1","theDuelist:BarrelDragon+1"],"picked":"theDuelist:RoboticKnight+1","floor":64},{"not_picked":["theDuelist:SwordsConcealing+1","theDuelist:SlotMachine+1","theDuelist:IronhammerGiant+1","theDuelist:GravityLash+1"],"picked":"theDuelist:Deskbot009+1","floor":65},{"not_picked":["theDuelist:SolemnWarning+1","theDuelist:SevenCompleted+1","theDuelist:Overworked+1","theDuelist:NightmareWheel+1"],"picked":"theDuelist:Deskbot009+1","floor":67},{"not_picked":["ReplayTheSpireMod:Echoes of Time","infinitespire:Fortify"],"picked":"infinitespire:TheBestDefense","floor":68},{"not_picked":["theDuelist:Tuningware+1","theDuelist:ParallelPortArmor+4","theDuelist:IronDraw+1","theDuelist:AncientGearWorkshop+1","theDuelist:MetalDetector+1"],"picked":"SKIP","floor":69},{"not_picked":["theDuelist:LimiterRemoval+1","theDuelist:DoubleTool+6","theDuelist:StimPack+1","theDuelist:ArtifactIgnition+1","theDuelist:Geartown+1"],"picked":"SKIP","floor":73},{"not_picked":["theDuelist:IronDraw+1","theDuelist:DarkFactory+1","theDuelist:CyberneticOverflow+1","theDuelist:GreenGadget+1"],"picked":"theDuelist:AncientGearBox+1","floor":74},{"not_picked":["theDuelist:ScrapIronScarecrow+1","theDuelist:PsychicShockwave+1","theDuelist:PortableBatteryPack+1","theDuelist:CyberneticOverflow+1","theDuelist:BlastHeldTribute+1"],"picked":"SKIP","floor":75},{"not_picked":["theDuelist:SevenCompleted+1","theDuelist:PineappleBlast+1","theDuelist:NightmareWheel+1","theDuelist:IronhammerGiant+1","theDuelist:Deskbot007+1"],"picked":"SKIP","floor":77},{"not_picked":["theDuelist:GemElephant+1","theDuelist:LabyrinthWall+1","theDuelist:LostGuardian+1","theDuelist:PowerGiant+1"],"picked":"theDuelist:BlockGolem+1","floor":81},{"not_picked":["theDuelist:BarrelDragon+1","theDuelist:AncientGearReactorDragon+1","theDuelist:AncientGearGadjiltron+1","theDuelist:MegafleetDragon+1"],"picked":"theDuelist:MetalDragon+1","floor":83},{"not_picked":["theDuelist:PlatinumGadget+1","theDuelist:NightmareWheel+1","theDuelist:GoldenBlastJuggler+1","theDuelist:Deskbot009+1"],"picked":"theDuelist:SwordsConcealing+1","floor":86},{"not_picked":["theDuelist:RoboticKnight+1","theDuelist:RedGadget+1","theDuelist:Deskbot005+1","theDuelist:AllySalvo+1"],"picked":"theDuelist:GreenGadget+1","floor":87},{"not_picked":["theDuelist:Shekhinaga+1","theDuelist:SatelliteCannon+1","theDuelist:OrcustCrescendo+1","theDuelist:MachineKingPrototype+1","theDuelist:MachineKing+1"],"picked":"SKIP","floor":88},{"not_picked":["theDuelist:FrontlineObserver+1","theDuelist:GreenGadget+1","theDuelist:Factory100Machines+1","theDuelist:BlackSalvo+1"],"picked":"theDuelist:DoubleTool+6","floor":90}],"player_experience":594717,"relics_obtained":[{"floor":6.0,"key":"theDuelist:MillenniumArmor"},{"floor":7.0,"key":"Darkstone Periapt"},{"floor":8.0,"key":"Self Forming Clay"},{"floor":9.0,"key":"Pantograph"},{"floor":12.0,"key":"hubris:MobiusCoin"},{"floor":23.0,"key":"Replay:Baseball"},{"floor":24.0,"key":"Calipers"},{"floor":26.0,"key":"Vampiric Spirits"},{"floor":29.0,"key":"Enchiridion"},{"floor":31.0,"key":"hubris:CuriousFeather"},{"floor":40.0,"key":"Chameleon Ring"},{"floor":41.0,"key":"ReplayFunnel"},{"floor":43.0,"key":"theDuelist:SummonAnchorRare"},{"floor":44.0,"key":"theDuelist:TokenArmor"},{"floor":57.0,"key":"ReplayTheSpireMod:TigerMarble"},{"floor":60.0,"key":"StrikeDummy"},{"floor":62,"key":"theDuelist:MachineToken"},{"floor":64,"key":"theDuelist:BrazeToken"},{"floor":74,"key":"hubris:ToyBattleship"},{"floor":77,"key":"War Paint"},{"floor":79,"key":"Nunchaku"},{"floor":84,"key":"Mirror"},{"floor":90,"key":"hubris:MedicalManual"}],"event_choices":[{"damage_healed":0.0,"max_hp_gain":0.0,"max_hp_loss":0.0,"gold_gain":0.0,"event_name":"Relic Duplicator","player_choice":"Leave","duelist":true,"floor":5.0,"gold_loss":0.0,"damage_taken":0.0},{"damage_healed":0.0,"max_hp_gain":0.0,"max_hp_loss":0.0,"gold_gain":0.0,"event_name":"Card Trader","player_choice":"Sold Deskbot004 for 32 Gold.","duelist":true,"floor":19.0,"gold_loss":0.0,"damage_taken":0.0},{"damage_healed":0.0,"max_hp_gain":0.0,"max_hp_loss":0.0,"gold_gain":0.0,"event_name":"Cursed Tome","player_choice":"Obtained Book","floor":29.0,"gold_loss":0.0,"damage_taken":16.0},{"damage_healed":0.0,"max_hp_gain":0.0,"max_hp_loss":0.0,"gold_gain":0.0,"event_name":"Millennium Items","player_choice":"Leave","duelist":true,"floor":45.0,"gold_loss":0.0,"damage_taken":0.0},{"damage_healed":0.0,"max_hp_gain":0.0,"max_hp_loss":0.0,"gold_gain":0.0,"event_name":"Golden Idol","player_choice":"Take Damage","floor":53.0,"gold_loss":0.0,"damage_taken":26.0,"relics_obtained":["Golden Idol"]},{"damage_healed":0.0,"max_hp_gain":0.0,"max_hp_loss":0.0,"gold_gain":0.0,"event_name":"Tomb of the Nameless","player_choice":"Leave","duelist":true,"floor":54.0,"gold_loss":0.0,"damage_taken":0.0},{"damage_healed":0,"gold_gain":75,"player_choice":"Touch","damage_taken":10,"max_hp_gain":0,"max_hp_loss":0,"event_name":"FaceTrader","floor":61,"gold_loss":0},{"damage_healed":0,"gold_gain":0,"player_choice":"Obtain J.A.X.","damage_taken":0,"max_hp_gain":0,"max_hp_loss":0,"event_name":"Drug Dealer","floor":80,"gold_loss":0,"cards_obtained":["J.A.X."]},{"damage_healed":0,"gold_gain":0,"player_choice":"Leave","duelist":true,"damage_taken":0,"max_hp_gain":0,"max_hp_loss":0,"event_name":"Egyptian Village","floor":82,"gold_loss":0},{"damage_healed":0,"gold_gain":0,"player_choice":"Fight","damage_taken":0,"max_hp_gain":0,"max_hp_loss":0,"event_name":"MindBloom","floor":90,"gold_loss":0}],"is_beta":false,"boss_relics":[{"not_picked":["Astrolabe","hubris:CrackedHourglass"],"picked":"hubris:Backtick"},{"not_picked":["Snecko Scales","Inserter"],"picked":"Pandora\u0027s Box"},{"not_picked":["hubris:Stopwatch","theDuelist:HauntedRelic","ReplayTheSpireMod:DimensionalGlitch"]},{"not_picked":["Busted Crown","Ooze Armor"],"picked":"SlaversCollar"},{"not_picked":["Black Star","infinitespire:Cupcake"],"picked":"Tiny House"}],"items_purged_floors":[4,22,36],"is_endless":true,"potions_floor_spawned":[1,6,11,14,21,25,33,44,50,52,62,63,67,69,81,86],"killed_by":"3 Shapes","ascension_level":1}}