{"host":"5jdby9iqu3ct6557","time":1611899223,"event":{"mods":["BaseMod","DeckTracker","Highlight Path","Minty Spire (QoL Compilation)","Relic Stats","StSLib"],"gold_per_floor":[114,133,133,152,152,152,172,172,172,172,246,280,297,330,330,409,409,429,449,46,66,66,66,91,91,91,124,135,135,160,172,172,250,250,263,20,37,0,0,26,42,69,69,69,87,116,130,155,167,179,191,203,215,56,87,87],"floor_reached":57,"language":"ENG","playtime":24533,"items_purged":["Strike_P"],"score":3030,"play_id":"89d348d0-f2c4-4b83-9325-61cdc65609c7","local_time":"20210129004703","is_ascension_mode":true,"campfire_choices":[{"data":"Eruption","floor":6,"key":"SMITH"},{"data":"CutThroughFate","floor":8,"key":"SMITH"},{"floor":10,"key":"REST"},{"data":"Conclude","floor":15,"key":"SMITH"},{"data":"Scrawl","floor":23,"key":"SMITH"},{"data":"Wallop","floor":25,"key":"SMITH"},{"floor":32,"key":"RECALL"},{"data":"Wallop","floor":49,"key":"SMITH"}],"circlet_count":0,"master_deck":["AscendersBane","Strike_P+1","Strike_P+1","Defend_P+1","Defend_P+1","Defend_P+1","Defend_P+1","Eruption+1","Vigilance+1","FlyingSleeves+1","LessonLearned+1","CutThroughFate+1","Conclude+1","Vengeance+1","CutThroughFate+1","EmptyMind+1","FearNoEvil+1","Scrawl+1","Wallop+1","Fasting2+1","ClearTheMind+1","Wallop+1","WaveOfTheHand+1","Vault+1","Meditate+1","Meditate+1","Halt+1","SandsOfTime+1","TalkToTheHand+1","Wallop+1","Ragnarok+1"],"relics":["PureWater","Tiny Chest","Eternal Feather","Mercury Hourglass","Lizard Tail","Coffee Dripper","Medical Kit","Art of War","Oddly Smooth Stone","Bag of Preparation","Pen Nib","Bronze Scales","Runic Dome","Potion Belt","Red Mask","Vajra","The Courier","Bottled Lightning","Question Card","Damaru","MawBank","Incense Burner"],"acts_visited":["Exordium","TheCity","TheBeyond","TheEnding"],"potions_floor_usage":[14,16,24,27,42,46,50,51,51,56,56,56,56],"damage_taken":[{"damage":2,"enemies":"Cultist","floor":1,"turns":3},{"damage":6,"enemies":"Jaw Worm","floor":2,"turns":5},{"damage":2,"enemies":"Small Slimes","floor":4,"turns":4},{"damage":0,"enemies":"Looter","floor":7,"turns":1},{"damage":8,"enemies":"Lagavulin","floor":12,"turns":4},{"damage":6,"enemies":"Exordium Wildlife","floor":13,"turns":4},{"damage":5,"enemies":"3 Sentries","floor":14,"turns":4},{"damage":15,"enemies":"Hexaghost","floor":16,"turns":8},{"damage":0,"enemies":"Chosen","floor":18,"turns":3},{"damage":0,"enemies":"Spheric Guardian","floor":19,"turns":2},{"damage":7,"enemies":"Shelled Parasite and Fungi","floor":21,"turns":7},{"damage":0,"enemies":"Slavers","floor":24,"turns":1},{"damage":1,"enemies":"Book of Stabbing","floor":27,"turns":3},{"damage":0,"enemies":"3 Cultists","floor":28,"turns":2},{"damage":0,"enemies":"Gremlin Leader","floor":30,"turns":3},{"damage":0,"enemies":"Cultist and Chosen","floor":31,"turns":3},{"damage":6,"enemies":"Automaton","floor":33,"turns":11},{"damage":0,"enemies":"3 Darklings","floor":35,"turns":5},{"damage":7,"enemies":"3 Shapes","floor":37,"turns":2},{"damage":5,"enemies":"Giant Head","floor":40,"turns":6},{"damage":0,"enemies":"Spire Growth","floor":41,"turns":3},{"damage":0,"enemies":"Reptomancer","floor":42,"turns":4},{"damage":0,"enemies":"Jaw Worm Horde","floor":45,"turns":1},{"damage":17,"enemies":"Giant Head","floor":46,"turns":7},{"damage":3,"enemies":"3 Darklings","floor":47,"turns":3},{"damage":0,"enemies":"Reptomancer","floor":48,"turns":2},{"damage":23,"enemies":"Donu and Deca","floor":50,"turns":9},{"damage":41,"enemies":"Time Eater","floor":51,"turns":12},{"damage":1,"enemies":"Shield and Spear","floor":55,"turns":7},{"damage":55,"enemies":"The Heart","floor":56,"turns":9}],"seed_played":"-6121317956828601335","potions_obtained":[{"floor":4,"key":"Strength Potion"},{"floor":13,"key":"Fire Potion"},{"floor":16,"key":"FearPotion"},{"floor":18,"key":"Strength Potion"},{"floor":19,"key":"Ambrosia"},{"floor":30,"key":"Fruit Juice"},{"floor":31,"key":"Block Potion"},{"floor":40,"key":"DuplicationPotion"},{"floor":42,"key":"SkillPotion"},{"floor":45,"key":"Energy Potion"},{"floor":46,"key":"EssenceOfSteel"}],"is_trial":false,"path_per_floor":["M","M","?","M","?","R","M","R","T","R","T","E","M","E","R","B",null,"M","M","$","M","?","R","E","R","T","E","M","?","E","M","R","B",null,"M","$","M","?","T","E","M","E","T","R","M","E","M","E","R","B","B",null,"R","$","E","B",null],"character_chosen":"WATCHER","items_purchased":["Medical Kit","Art of War","Meditate","Potion Belt","Regen Potion","LiquidBronze","Strength Potion"],"campfire_rested":1,"item_purchase_floors":[20,20,36,36,54,54,54],"current_hp_per_floor":[59,53,33,31,31,31,31,31,31,51,51,43,37,32,41,26,58,58,58,58,51,51,63,63,68,68,67,67,67,67,67,68,62,67,67,67,60,60,60,55,55,55,55,68,68,56,53,53,71,48,7,57,73,73,72,32],"gold":87,"neow_bonus":"RANDOM_COMMON_RELIC","is_daily":false,"chose_seed":false,"campfire_upgraded":6,"win_rate":0.0,"timestamp":1611899223,"path_taken":["M","?","?","M","?","R","M","R","T","R","?","E","M","E","R","BOSS","M","M","$","M","?","R","E","R","T","E","M","?","E","M","R","BOSS","M","$","M","?","?","E","M","E","T","R","M","E","M","E","R","BOSS","BOSS","R","$","E","BOSS"],"items_purchased_type":["Relic","Relic","Card","Relic","Potion","Potion","Potion"],"build_version":"2020-12-22","purchased_purges":1,"victory":true,"max_hp_per_floor":[68,68,68,68,68,68,68,68,68,68,68,68,68,68,68,68,68,68,68,68,68,68,68,68,68,68,68,68,68,68,68,68,68,68,68,68,68,68,68,68,68,68,68,68,68,73,73,73,73,73,73,73,73,73,73,73],"relic_stats":{"counters":[30,137],"Eternal Feather":74,"Pen Nib":[19],"Bag of Preparation":[36],"Medical Kit":[4],"Question Card":5,"MawBank":72,"Mercury Hourglass":[433],"Lizard Tail":0,"Bronze Scales":[282],"Tiny Chest":2,"Art of War":[15],"obtain_stats":[{"Potion Belt":36,"Oddly Smooth Stone":24,"Vajra":39,"Damaru":46,"Eternal Feather":11,"Pen Nib":27,"The Courier":40,"Bag of Preparation":26,"Incense Burner":55,"Medical Kit":20,"Question Card":43,"MawBank":48,"Mercury Hourglass":12,"Runic Dome":34,"Lizard Tail":14,"Bronze Scales":30,"Tiny Chest":0,"Coffee Dripper":17,"Art of War":20,"Red Mask":38,"Bottled Lightning":42,"PureWater":0},{"Potion Belt":18,"Oddly Smooth Stone":12,"Vajra":19,"Damaru":24,"Eternal Feather":4,"Pen Nib":13,"The Courier":20,"Bag of Preparation":12,"Incense Burner":29,"Medical Kit":10,"Question Card":22,"MawBank":26,"Mercury Hourglass":5,"Runic Dome":17,"Lizard Tail":7,"Bronze Scales":15,"Tiny Chest":0,"Coffee Dripper":8,"Art of War":10,"Red Mask":19,"Bottled Lightning":22,"PureWater":0},{"Potion Belt":72,"Oddly Smooth Stone":45,"Vajra":74,"Damaru":95,"Eternal Feather":13,"Pen Nib":48,"The Courier":80,"Bag of Preparation":45,"Incense Burner":128,"Medical Kit":37,"Question Card":87,"MawBank":100,"Mercury Hourglass":17,"Runic Dome":67,"Lizard Tail":24,"Bronze Scales":53,"Tiny Chest":0,"Coffee Dripper":32,"Art of War":37,"Red Mask":74,"Bottled Lightning":87,"PureWater":0}]},"card_choices":[{"not_picked":["Prostrate","Crescendo"],"picked":"FlyingSleeves","floor":1},{"not_picked":["ThirdEye","Prostrate"],"picked":"LessonLearned","floor":2},{"not_picked":["FlyingSleeves","FearNoEvil"],"picked":"CutThroughFate","floor":4},{"not_picked":["MentalFortress","Halt"],"picked":"Vengeance","floor":7},{"not_picked":["Evaluate","PathToVictory"],"picked":"CutThroughFate","floor":12},{"not_picked":["ForeignInfluence","FlurryOfBlows"],"picked":"EmptyMind","floor":13},{"not_picked":["Crescendo","Establishment"],"picked":"FearNoEvil","floor":14},{"not_picked":["Alpha","Judgement"],"picked":"Scrawl","floor":16},{"not_picked":["WindmillStrike","Halt"],"picked":"Wallop","floor":18},{"not_picked":["FearNoEvil","SandsOfTime+1"],"picked":"Fasting2+1","floor":19},{"not_picked":["Perseverance","Fasting2"],"picked":"Wallop","floor":24},{"not_picked":["ClearTheMind","CutThroughFate"],"picked":"WaveOfTheHand","floor":28},{"not_picked":["Scrawl","Establishment"],"picked":"Vault","floor":33},{"not_picked":["Prostrate","Adaptation"],"picked":"Meditate+1","floor":35},{"not_picked":["LessonLearned","Indignation"],"picked":"Halt+1","floor":40},{"not_picked":["ClearTheMind","Evaluate+1","EmptyBody"],"picked":"SandsOfTime","floor":46},{"not_picked":["ForeignInfluence","EmptyBody","Halt"],"picked":"TalkToTheHand+1","floor":47},{"not_picked":["DeceiveReality","EmptyMind","JustLucky+1"],"picked":"Wallop","floor":48},{"not_picked":["ClearTheMind","FlyingSleeves+1","DeusExMachina"],"picked":"Ragnarok","floor":55}],"player_experience":2393436,"relics_obtained":[{"floor":11,"key":"Eternal Feather"},{"floor":12,"key":"Mercury Hourglass"},{"floor":14,"key":"Lizard Tail"},{"floor":24,"key":"Oddly Smooth Stone"},{"floor":26,"key":"Bag of Preparation"},{"floor":27,"key":"Pen Nib"},{"floor":30,"key":"Bronze Scales"},{"floor":39,"key":"Vajra"},{"floor":40,"key":"The Courier"},{"floor":42,"key":"Bottled Lightning"},{"floor":43,"key":"Question Card"},{"floor":46,"key":"Damaru"},{"floor":48,"key":"MawBank"},{"floor":55,"key":"Incense Burner"}],"event_choices":[{"damage_healed":0,"gold_gain":0,"player_choice":"Entered Light","damage_taken":20,"max_hp_gain":0,"max_hp_loss":0,"event_name":"Shining Light","floor":3,"gold_loss":0,"cards_upgraded":["Vigilance","Defend_P"]},{"damage_healed":0,"gold_gain":0,"cards_transformed":["Strike_P"],"player_choice":"Transformed","damage_taken":0,"max_hp_gain":0,"max_hp_loss":0,"event_name":"Transmorgrifier","floor":5,"gold_loss":0,"cards_obtained":["Conclude"]},{"damage_healed":0,"gold_gain":0,"player_choice":"Read","damage_taken":0,"max_hp_gain":0,"max_hp_loss":0,"event_name":"The Library","floor":22,"gold_loss":0,"cards_obtained":["ClearTheMind"]},{"damage_healed":0,"gold_gain":0,"player_choice":"Simplicity","damage_taken":0,"max_hp_gain":0,"max_hp_loss":0,"event_name":"Back to Basics","floor":29,"gold_loss":0,"cards_upgraded":["Defend_P"]},{"damage_healed":0,"gold_gain":0,"player_choice":"Paid","damage_taken":0,"relics_obtained":["Red Mask"],"max_hp_gain":0,"max_hp_loss":0,"event_name":"Tomb of Lord Red Mask","floor":38,"gold_loss":37}],"is_beta":false,"boss_relics":[{"not_picked":["VioletLotus","SlaversCollar"],"picked":"Coffee Dripper"},{"not_picked":["SacredBark","Philosopher\u0027s Stone"],"picked":"Runic Dome"}],"items_purged_floors":[20],"is_endless":false,"potions_floor_spawned":[4,13,16,18,19,30,31,40,42,45,46],"ascension_level":20}}