{"host":"cijhj3091wf4aho3","time":1611890741,"event":{"mods":["BaseMod","Colored Map","Colored Powertips","Downfall","Friendly Minions","GifTheSpireLib","Highlight Path","Minty Spire (QoL Compilation)","Permanent Neow","Random Character Button","Relic Sorter","Relic Stats","StSLib","everything is the same but u backflip on backflip","slay the spire mod where everything is the same but ironclad has a cowboy hat"],"gold_per_floor":[99,117,136,19,35,50,77,91,91,40,40,57,157,191,205,205,205,205],"floor_reached":16,"language":"ENG","playtime":732,"items_purged":[],"score":142,"play_id":"1e0b41e9-68d9-4d28-bbc2-59c9242723ec","local_time":"20210128192541","is_ascension_mode":true,"campfire_choices":[{"floor":1,"key":"RECALL"},{"data":"bronze:RecursiveStrike","floor":9,"key":"SMITH"},{"data":"bronze:Flail","floor":11,"key":"SMITH"}],"circlet_count":0,"master_deck":["bronze:Strike","bronze:Strike","bronze:Strike","bronze:Strike","bronze:Defend","bronze:Defend","bronze:Defend","bronze:Defend","bronze:Replicate","bronze:Goto+1","bronze:Flail+1","bronze:Shield","bronze:Overheat","bronze:DigitalCarnage","bronze:RecursiveStrike+1","bronze:BronzeOrb","bronze:Frontload","bronze:Turbo"],"relics":["bronze:BronzeCore","bronze:SilverBullet","PreservedInsect"],"acts_visited":["Exordium"],"potions_floor_usage":[16,16],"damage_taken":[{"damage":0,"enemies":"Cultist","floor":2,"turns":4},{"damage":5,"enemies":"Small Slimes","floor":3,"turns":2},{"damage":0,"enemies":"downfall:FleeingMerchant","floor":4,"turns":4},{"damage":7,"enemies":"Jaw Worm","floor":5,"turns":2},{"damage":18,"enemies":"Large Slime","floor":6,"turns":5},{"damage":1,"enemies":"2 Fungi Beasts","floor":8,"turns":2},{"damage":4,"enemies":"downfall:FleeingMerchant","floor":10,"turns":4},{"damage":1,"enemies":"3 Louse","floor":12,"turns":2},{"damage":0,"enemies":"Gremlin Nob","floor":14,"turns":3},{"damage":0,"enemies":"Large Slime","floor":15,"turns":4},{"damage":52,"enemies":"WA_ARCHETYPE_RETAIN","floor":16,"turns":7}],"seed_played":"-9078225066952250356","potions_obtained":[{"floor":5,"key":"BlessingOfTheForge"},{"floor":6,"key":"Dexterity Potion"},{"floor":12,"key":"PowerPotion"}],"is_trial":false,"path_per_floor":["R","M","M","$","M","M","T","M","R","$","R","M","?","E","M","B"],"character_chosen":"THE_AUTOMATON","items_purchased":["bronze:Overheat","bronze:DigitalCarnage","bronze:BronzeOrb"],"campfire_rested":0,"item_purchase_floors":[4,4,10],"current_hp_per_floor":[70,70,65,65,58,40,40,39,39,35,35,34,34,34,34,0,0,0],"gold":205,"neow_bonus":"UPGRADE_CARD","is_daily":false,"chose_seed":false,"campfire_upgraded":2,"win_rate":0.0,"timestamp":1611890741,"path_taken":["R","M","M","$","M","M","T","M","R","$","R","M","?","E","M","BOSS"],"items_purchased_type":["Card","Card","Card"],"build_version":"2020-12-22","purchased_purges":0,"victory":false,"max_hp_per_floor":[70,70,70,70,70,70,70,70,70,70,70,70,70,70,70,70,70,70],"relic_stats":{"counters":[11,39],"PreservedInsect":0,"obtain_stats":[{"bronze:BronzeCore":0,"PreservedInsect":14,"bronze:SilverBullet":7},{"bronze:BronzeCore":0,"PreservedInsect":9,"bronze:SilverBullet":5},{"bronze:BronzeCore":0,"PreservedInsect":28,"bronze:SilverBullet":17}]},"card_choices":[{"not_picked":["bronze:Turbo","bronze:Invalidate"],"picked":"bronze:Flail","floor":2},{"not_picked":["bronze:Iterate","bronze:OilSpill"],"picked":"bronze:Shield","floor":3},{"not_picked":["bronze:Constructor","bronze:Branch","bronze:AlphaBuild"],"picked":"SKIP","floor":4},{"not_picked":["bronze:Separator","bronze:WhirlingStrike","bronze:Overheat"],"picked":"SKIP","floor":5},{"not_picked":["bronze:Constructor","bronze:Shield"],"picked":"bronze:RecursiveStrike","floor":6},{"not_picked":["bronze:WhirlingStrike","bronze:WildBeam","bronze:DelayedSlice"],"picked":"SKIP","floor":8},{"not_picked":["bronze:DarkDash","bronze:ForceShield","bronze:OilSpill"],"picked":"SKIP","floor":10},{"not_picked":["bronze:Allocate","bronze:Optimize"],"picked":"bronze:Frontload","floor":12},{"not_picked":["bronze:OilSpill","bronze:Iterate","bronze:Separator"],"picked":"SKIP","floor":14},{"not_picked":["bronze:Invalidate","bronze:GetLatest"],"picked":"bronze:Turbo","floor":15}],"player_experience":525635,"relics_obtained":[{"floor":7,"key":"bronze:SilverBullet"},{"floor":14,"key":"PreservedInsect"}],"event_choices":[],"is_beta":false,"boss_relics":[],"items_purged_floors":[],"is_endless":false,"potions_floor_spawned":[5,6,12,15],"killed_by":"WA_ARCHETYPE_RETAIN","ascension_level":2}}