{"host":"jhy70w0yh8dayqay","time":1611912620,"event":{"mods":["AchievementEnabler","BaseMod","Colored Map","Colored Powertips","DeckTracker","Minty Spire (QoL Compilation)","Permanent Neow","SuperFastMode"],"gold_per_floor":[218,238,255,266,278,278,307,324,324,335,335,335,349,369,369,446,496,508,508,518,103,103,103,129,129,129,154,169,169,169,187,187,187,187],"floor_reached":33,"language":"KOR","playtime":1023,"items_purged":["Bash"],"score":505,"play_id":"9f4ffaab-1f1c-4139-bbdc-5fd9258549ae","local_time":"20210129183020","is_ascension_mode":true,"campfire_choices":[{"data":"Perfected Strike","floor":6.0,"key":"SMITH"},{"data":"Perfected Strike","floor":11,"key":"SMITH"},{"data":"Fire Breathing","floor":15,"key":"SMITH"},{"data":"Evolve","floor":23,"key":"SMITH"},{"floor":25,"key":"REST"},{"floor":30,"key":"REST"},{"data":"Barricade","floor":32,"key":"SMITH"}],"circlet_count":0,"master_deck":["AscendersBane","Strike_R","Strike_R","Strike_R","Strike_R","Defend_R","Defend_R","Defend_R","Defend_R","Perfected Strike+1","Fire Breathing+1","Inflame","Wild Strike+1","Carnage","Perfected Strike+1","Twin Strike","Double Tap+1","Pommel Strike","Power Through","Entrench+1","Evolve+1","Offering","Barricade+1","Dual Wield+1","Body Slam"],"relics":["Burning Blood","Strawberry","Self Forming Clay","Nloth\u0027s Gift","Pear","Mummified Hand","Red Skull","Toxic Egg 2"],"acts_visited":["Exordium","TheCity"],"potions_floor_usage":[10,16,17,28,33],"damage_taken":[{"damage":8.0,"enemies":"2 Louse","floor":1.0,"turns":3.0},{"damage":9.0,"enemies":"Jaw Worm","floor":2.0,"turns":3.0},{"damage":1.0,"enemies":"Cultist","floor":3.0,"turns":3.0},{"damage":22.0,"enemies":"Red Slaver","floor":4.0,"turns":4.0},{"damage":12.0,"enemies":"2 Fungi Beasts","floor":5.0,"turns":4.0},{"damage":13.0,"enemies":"Gremlin Nob","floor":7.0,"turns":3.0},{"damage":12.0,"enemies":"Exordium Wildlife","floor":8.0,"turns":3.0},{"damage":6,"enemies":"Gremlin Gang","floor":10,"turns":5},{"damage":3,"enemies":"3 Louse","floor":13,"turns":3},{"damage":3,"enemies":"Blue Slaver","floor":14,"turns":3},{"damage":18,"enemies":"Slime Boss","floor":16,"turns":6},{"damage":28,"enemies":"2 Thieves","floor":18,"turns":4},{"damage":30,"enemies":"3 Byrds","floor":20,"turns":6},{"damage":47,"enemies":"Gremlin Leader","floor":24,"turns":9},{"damage":13,"enemies":"Slavers","floor":27,"turns":4},{"damage":21,"enemies":"Snecko","floor":28,"turns":3},{"damage":18,"enemies":"Centurion and Healer","floor":31,"turns":5},{"damage":58,"enemies":"Collector","floor":33,"turns":6}],"seed_played":"2411121220231030847","potions_obtained":[{"floor":1.0,"key":"Fire Potion"},{"floor":2.0,"key":"EssenceOfSteel"},{"floor":3.0,"key":"SkillPotion"},{"floor":8.0,"key":"PowerPotion"},{"floor":17,"key":"Fruit Juice"},{"floor":24,"key":"Swift Potion"},{"floor":28,"key":"Dexterity Potion"},{"floor":31,"key":"SmokeBomb"}],"is_trial":false,"path_per_floor":["M","M","M","M","M","R","E","M","T","M","R","?","M","M","R","B",null,"M","?","M","$","?","R","E","R","T","E","M","?","R","M","R","B"],"character_chosen":"IRONCLAD","items_purchased":["Evolve","Pear"],"campfire_rested":2,"item_purchase_floors":[21,21],"current_hp_per_floor":[70,67,72,56,50,50,50,44,44,44,44,44,47,50,50,38,85,63,63,39,49,49,49,8,40,40,33,18,18,50,38,38,0,0],"gold":187,"neow_bonus":"HUNDRED_GOLD","is_daily":false,"chose_seed":false,"campfire_upgraded":5,"win_rate":0.0,"timestamp":1611912620,"path_taken":["M","M","M","M","M","R","E","M","T","M","R","?","M","M","R","BOSS","M","?","?","?","?","R","E","R","T","E","?","?","R","?","R","BOSS"],"items_purchased_type":["Card","Relic"],"build_version":"2020-12-22","purchased_purges":1,"victory":false,"max_hp_per_floor":[80,80,80,80,80,80,87,87,87,87,87,87,87,87,87,87,97,97,97,97,107,107,107,107,107,107,107,107,107,107,107,107,107,107],"card_choices":[{"not_picked":["Ghostly Armor","Flame Barrier"],"picked":"Perfected Strike","floor":1.0},{"not_picked":["Sentinel","Dropkick"],"picked":"Fire Breathing","floor":2.0},{"not_picked":["True Grit","Carnage"],"picked":"Inflame","floor":3.0},{"not_picked":["Warcry","Clash"],"picked":"Wild Strike","floor":4.0},{"not_picked":["Armaments","Flex","Fire Breathing"],"picked":"SKIP","floor":5.0},{"not_picked":["Sword Boomerang","Fiend Fire"],"picked":"Carnage","floor":7.0},{"not_picked":["Havoc","Bloodletting"],"picked":"Perfected Strike","floor":8.0},{"not_picked":["Dropkick","Shockwave"],"picked":"Twin Strike","floor":10},{"not_picked":["Warcry","Body Slam","Rampage"],"picked":"SKIP","floor":13},{"not_picked":["Clothesline","Armaments","Headbutt"],"picked":"SKIP","floor":14},{"not_picked":["Bludgeon","Feed"],"picked":"Double Tap","floor":16},{"not_picked":["Iron Wave","Clash"],"picked":"Pommel Strike","floor":17},{"not_picked":["Armaments","Dual Wield"],"picked":"Power Through","floor":18},{"not_picked":["Twin Strike+1","Double Tap"],"picked":"Entrench+1","floor":20},{"not_picked":["Warcry","Berserk"],"picked":"Offering","floor":24},{"not_picked":["Uppercut","Wild Strike"],"picked":"Barricade","floor":27},{"not_picked":["Intimidate+1","Battle Trance+1"],"picked":"Dual Wield+1","floor":28},{"not_picked":["Anger","Flex+1"],"picked":"Body Slam","floor":31}],"player_experience":450276,"relics_obtained":[{"floor":7.0,"key":"Strawberry"},{"floor":9.0,"key":"Self Forming Clay"},{"floor":24,"key":"Mummified Hand"},{"floor":26,"key":"Red Skull"},{"floor":27,"key":"Toxic Egg 2"}],"event_choices":[{"damage_healed":0,"gold_gain":0,"player_choice":"Grow","damage_taken":0,"max_hp_gain":0,"max_hp_loss":0,"event_name":"Living Wall","floor":12,"gold_loss":0,"cards_upgraded":["Wild Strike"]},{"damage_healed":0,"gold_gain":0,"player_choice":"Traded Relic","damage_taken":0,"relics_obtained":["Nloth\u0027s Gift"],"max_hp_gain":0,"max_hp_loss":0,"event_name":"N\u0027loth","floor":19,"relics_lost":["Tiny House"],"gold_loss":0},{"cards_removed":["Strike_R"],"damage_healed":0,"gold_gain":0,"player_choice":"Purged","damage_taken":0,"max_hp_gain":0,"max_hp_loss":0,"event_name":"Purifier","floor":22,"gold_loss":0},{"damage_healed":0,"gold_gain":0,"player_choice":"Leave","damage_taken":0,"max_hp_gain":0,"max_hp_loss":0,"event_name":"FaceTrader","floor":29,"gold_loss":0}],"is_beta":false,"boss_relics":[{"not_picked":["Runic Cube","Black Star"],"picked":"Tiny House"}],"items_purged_floors":[21],"is_endless":false,"potions_floor_spawned":[1,2,3,7,8,24,28,31],"killed_by":"Collector","ascension_level":13}}