{"host":"lktusdb9orijgc6z","time":1611933594,"event":{"mods":["BaseMod","Bestiary","Colored Map","Colored Powertips","Minty Spire (QoL Compilation)","Permanent Neow","Quick Restart","Relic Stats","StSLib","everything is the same but u backflip on backflip","slay the spire mod where everything is the same but ironclad has a cowboy hat"],"gold_per_floor":[112,128,146,15,31,59,59,94,94,123,123,123,123,137,137,137,137],"floor_reached":16,"language":"ENG","playtime":486,"items_purged":["Strike_B"],"score":220,"play_id":"4f362dfc-9d51-440d-8e5c-af124a2fe208","local_time":"20210129161954","is_ascension_mode":true,"campfire_choices":[{"floor":7.0,"key":"REST"},{"floor":12.0,"key":"REST"},{"data":"Hologram","floor":15,"key":"SMITH"}],"circlet_count":0,"master_deck":["AscendersBane","Strike_B","Strike_B","Strike_B","Defend_B","Defend_B","Defend_B","Defend_B","Zap","Dualcast","Sunder","Go for the Eyes","Compile Driver","Streamline","Loop","Hyperbeam","Genetic Algorithm","Go for the Eyes","Hologram+1"],"relics":["Nuclear Battery","White Beast Statue","Smiling Mask","Cables","Odd Mushroom","Bottled Flame"],"acts_visited":[],"potions_floor_usage":[14,16,16],"damage_taken":[{"damage":7.0,"enemies":"Small Slimes","floor":1.0,"turns":4.0},{"damage":7.0,"enemies":"2 Louse","floor":2.0,"turns":3.0},{"damage":7.0,"enemies":"Jaw Worm","floor":3.0,"turns":2.0},{"damage":0.0,"enemies":"Exordium Thugs","floor":5.0,"turns":3.0},{"damage":35.0,"enemies":"3 Sentries","floor":6.0,"turns":8.0},{"damage":26.0,"enemies":"Gremlin Nob","floor":8.0,"turns":4.0},{"damage":13.0,"enemies":"The Mushroom Lair","floor":10.0,"turns":3.0},{"damage":6,"enemies":"Large Slime","floor":14,"turns":5},{"damage":35,"enemies":"Hexaghost","floor":16,"turns":9}],"seed_played":"5033638880202737437","potions_obtained":[{"floor":1.0,"key":"Strength Potion"},{"floor":3.0,"key":"GamblersBrew"},{"floor":6.0,"key":"Regen Potion"},{"floor":8.0,"key":"SpeedPotion"},{"floor":10.0,"key":"Regen Potion"},{"floor":14,"key":"Dexterity Potion"}],"is_trial":false,"path_per_floor":["M","M","M","$","M","E","R","E","T","?","?","R","T","M","R","B"],"character_chosen":"DEFECT","items_purchased":["Streamline"],"campfire_rested":2,"item_purchase_floors":[4],"current_hp_per_floor":[57,50,43,43,43,8,29,15,15,2,2,23,23,31,31,0,0],"gold":137,"neow_bonus":"BOSS_RELIC","is_daily":false,"chose_seed":false,"campfire_upgraded":1,"win_rate":0.0,"timestamp":1611933594,"path_taken":["M","M","M","$","M","E","R","E","T","?","?","R","?","?","R","BOSS"],"items_purchased_type":["Card"],"build_version":"2020-12-22","purchased_purges":1,"victory":false,"max_hp_per_floor":[71,71,71,71,71,71,71,71,71,71,71,71,71,71,71,71,71],"relic_stats":{"counters":[9,41],"Smiling Mask":0,"obtain_stats":[{"Bottled Flame":13,"Odd Mushroom":10,"Cracked Core":0,"Smiling Mask":8,"White Beast Statue":6,"Nuclear Battery":0,"Cables":9},{"Bottled Flame":7,"Odd Mushroom":7,"Cracked Core":0,"Smiling Mask":6,"White Beast Statue":5,"Nuclear Battery":0,"Cables":6},{"Bottled Flame":27,"Odd Mushroom":27,"Cracked Core":0,"Smiling Mask":24,"White Beast Statue":20,"Nuclear Battery":0,"Cables":24}],"Cables":[18,2,0,0,16]},"card_choices":[{"not_picked":["Chaos","Chill"],"picked":"Sunder","floor":1.0},{"not_picked":["Rip and Tear","Beam Cell"],"picked":"Go for the Eyes","floor":2.0},{"not_picked":["Storm","Beam Cell"],"picked":"Compile Driver","floor":3.0},{"not_picked":["Lockon","Stack"],"picked":"Loop","floor":5.0},{"not_picked":["Coolheaded","Gash"],"picked":"Hyperbeam","floor":6.0},{"not_picked":["Cold Snap","Melter"],"picked":"Genetic Algorithm","floor":8.0},{"not_picked":["Cold Snap","Stack"],"picked":"Go for the Eyes","floor":10.0},{"not_picked":["Beam Cell","Defragment"],"picked":"Hologram","floor":14}],"player_experience":716134,"relics_obtained":[{"floor":6.0,"key":"White Beast Statue"},{"floor":8.0,"key":"Smiling Mask"},{"floor":9.0,"key":"Cables"},{"floor":10.0,"key":"Odd Mushroom"},{"floor":13.0,"key":"Bottled Flame"}],"event_choices":[{"damage_healed":0.0,"max_hp_gain":0.0,"max_hp_loss":0.0,"gold_gain":0.0,"event_name":"Mushrooms","player_choice":"Fought Mushrooms","floor":10.0,"gold_loss":0.0,"damage_taken":0.0},{"damage_healed":0.0,"max_hp_gain":0.0,"max_hp_loss":0.0,"gold_gain":0.0,"event_name":"Scrap Ooze","player_choice":"Fled","floor":11.0,"gold_loss":0.0,"damage_taken":0.0}],"is_beta":false,"boss_relics":[],"items_purged_floors":[4],"is_endless":false,"potions_floor_spawned":[1,3,6,8,10,14],"killed_by":"Hexaghost","ascension_level":20}}