{"host":"dvpvhz1t6etneyb3","time":1611954635,"event":{"mods":["AchievementEnabler","BaseMod","Colored Map","Highlight Path","Minty Spire (QoL Compilation)","Permanent Neow","Quick Restart"],"gold_per_floor":[115,125,125,45,56,56,0,15,15,15,47,47,58,101,101,101,101],"floor_reached":16,"language":"ENG","playtime":578,"items_purged":[],"score":220,"play_id":"b120c215-2593-4bd3-b3f8-cabdb10bca8b","local_time":"20210129161035","is_ascension_mode":true,"campfire_choices":[{"data":"Wallop","floor":6,"key":"SMITH"},{"data":"WaveOfTheHand","floor":12,"key":"SMITH"},{"data":"CrushJoints","floor":15,"key":"SMITH"}],"circlet_count":0,"master_deck":["AscendersBane","Strike_P","Strike_P","Strike_P","Defend_P","Defend_P","Defend_P","Defend_P","Eruption","Vigilance","FlurryOfBlows","CrushJoints+1","Wallop+1","BowlingBash","Vault+1","WaveOfTheHand+1","ClearTheMind"],"relics":["PureWater","Incense Burner","Singing Bowl","Mango","CeramicFish"],"acts_visited":["Exordium"],"potions_floor_usage":[14,14],"damage_taken":[{"damage":6,"enemies":"2 Louse","floor":1,"turns":3},{"damage":2,"enemies":"Jaw Worm","floor":2,"turns":3},{"damage":0,"enemies":"Cultist","floor":5,"turns":4},{"damage":2,"enemies":"Lots of Slimes","floor":8,"turns":4},{"damage":1,"enemies":"Lagavulin","floor":11,"turns":5},{"damage":0,"enemies":"Blue Slaver","floor":13,"turns":5},{"damage":8,"enemies":"3 Sentries","floor":14,"turns":8},{"damage":34,"enemies":"Hexaghost","floor":16,"turns":8}],"seed_played":"6152091173303568726","potions_obtained":[{"floor":5,"key":"Block Potion"},{"floor":8,"key":"SneckoOil"},{"floor":14,"key":"Explosive Potion"}],"is_trial":false,"path_per_floor":["M","M","?","$","M","R","?","M","T","?","E","R","M","E","R","B"],"character_chosen":"WATCHER","items_purchased":["Wallop"],"campfire_rested":0,"item_purchase_floors":[4],"current_hp_per_floor":[37,35,28,28,28,28,28,26,26,26,39,39,41,33,33,0,0],"gold":101,"neow_bonus":"ONE_RARE_RELIC","is_daily":false,"chose_seed":false,"campfire_upgraded":3,"win_rate":0.0,"timestamp":1611954635,"path_taken":["M","M","?","$","M","R","?","M","T","?","E","R","M","E","R","BOSS"],"items_purchased_type":["Card"],"build_version":"2020-12-22","purchased_purges":0,"victory":false,"max_hp_per_floor":[68,68,68,68,68,68,68,68,68,68,82,82,84,84,84,84,84],"card_choices":[{"not_picked":["FollowUp","LikeWater"],"picked":"FlurryOfBlows","floor":1},{"not_picked":["Perseverance","EmptyBody"],"picked":"CrushJoints","floor":2},{"not_picked":["PathToVictory","Fasting2"],"picked":"BowlingBash","floor":5},{"not_picked":["Crescendo","Evaluate"],"picked":"Vault","floor":8},{"not_picked":["EmptyBody","FlyingSleeves"],"picked":"WaveOfTheHand","floor":11},{"not_picked":["WreathOfFlame","Swivel","JustLucky"],"picked":"Singing Bowl","floor":13},{"not_picked":["DeceiveReality","InnerPeace"],"picked":"ClearTheMind","floor":14}],"player_experience":2112716,"relics_obtained":[{"floor":9,"key":"Singing Bowl"},{"floor":11,"key":"Mango"},{"floor":14,"key":"CeramicFish"}],"event_choices":[{"cards_removed":["Strike_P"],"damage_healed":0,"gold_gain":0,"player_choice":"Card Removal","damage_taken":7,"max_hp_gain":0,"max_hp_loss":0,"event_name":"Golden Wing","floor":3,"gold_loss":0},{"damage_healed":0,"gold_gain":0,"player_choice":"Left Gold","damage_taken":0,"max_hp_gain":0,"max_hp_loss":0,"event_name":"World of Goop","floor":7,"gold_loss":56},{"damage_healed":0,"gold_gain":0,"player_choice":"Grow","damage_taken":0,"max_hp_gain":0,"max_hp_loss":0,"event_name":"Living Wall","floor":10,"gold_loss":0,"cards_upgraded":["Vault"]}],"is_beta":false,"boss_relics":[],"items_purged_floors":[],"is_endless":false,"potions_floor_spawned":[5,8,14],"killed_by":"Hexaghost","ascension_level":20}}