{"host":"t7mx8yfj1no5p62f","time":1611920199,"event":{"mods":["BaseMod","Colored Map","Colored Powertips","Minty Spire (QoL Compilation)","Relic Stats","StSLib"],"gold_per_floor":[110,130,145,145,164,164,164,104,150,165,204,204,229,229,229],"floor_reached":14,"language":"ENG","playtime":381,"items_purged":[],"score":184,"play_id":"1b60d391-f07e-4b2b-a14c-d892ca8b9462","local_time":"20210129063639","is_ascension_mode":true,"campfire_choices":[{"data":"Fire Breathing","floor":6.0,"key":"SMITH"},{"data":"Twin Strike","floor":12.0,"key":"SMITH"}],"circlet_count":0,"master_deck":["AscendersBane","Strike_R","Strike_R","Strike_R","Strike_R","Strike_R","Defend_R","Defend_R","Defend_R","Defend_R","Bash","Fire Breathing+1","Cleave","Pummel","Twin Strike+1","Reaper","Shrug It Off"],"relics":["Burning Blood","NeowsBlessing","Golden Idol","Blood Vial","Vajra"],"acts_visited":["Exordium"],"potions_floor_usage":[14],"damage_taken":[{"damage":0.0,"enemies":"Cultist","floor":1.0,"turns":1.0},{"damage":0.0,"enemies":"Jaw Worm","floor":2.0,"turns":1.0},{"damage":0.0,"enemies":"2 Louse","floor":3.0,"turns":1.0},{"damage":42.0,"enemies":"Exordium Thugs","floor":5.0,"turns":6.0},{"damage":2.0,"enemies":"Looter","floor":8.0,"turns":5.0},{"damage":22.0,"enemies":"Lots of Slimes","floor":10.0,"turns":3.0},{"damage":25.0,"enemies":"3 Sentries","floor":11.0,"turns":4.0},{"damage":7.0,"enemies":"Gremlin Gang","floor":13.0,"turns":4.0},{"damage":33,"enemies":"Lagavulin","floor":14,"turns":7}],"seed_played":"4873451544444415255","potions_obtained":[{"floor":1.0,"key":"LiquidBronze"},{"floor":2.0,"key":"GamblersBrew"},{"floor":11.0,"key":"EntropicBrew"}],"is_trial":false,"path_per_floor":["M","M","M","?","M","R","?","M","T","M","E","R","M","E"],"character_chosen":"IRONCLAD","items_purchased":[],"campfire_rested":0,"item_purchase_floors":[],"current_hp_per_floor":[74,75,75,80,44,44,44,48,48,34,17,17,23,0,0],"gold":229,"neow_bonus":"THREE_ENEMY_KILL","is_daily":false,"chose_seed":false,"campfire_upgraded":2,"win_rate":0.0,"timestamp":1611920199,"path_taken":["M","M","?","?","M","R","?","M","T","M","E","R","?","E"],"items_purchased_type":[],"build_version":"2020-12-22","purchased_purges":0,"victory":false,"max_hp_per_floor":[75,75,75,80,80,80,72,72,72,72,72,72,72,72,72],"relic_stats":{"Blood Vial":8,"counters":[9,32],"Golden Idol":16,"obtain_stats":[{"Blood Vial":9,"NeowsBlessing":0,"Golden Idol":7,"Vajra":11,"Burning Blood":0},{"Blood Vial":5,"NeowsBlessing":0,"Golden Idol":4,"Vajra":7,"Burning Blood":0},{"Blood Vial":14,"NeowsBlessing":0,"Golden Idol":9,"Vajra":21,"Burning Blood":0}],"Burning Blood":37},"card_choices":[{"not_picked":["Iron Wave","Body Slam"],"picked":"Fire Breathing","floor":1.0},{"not_picked":["Clash","Armaments"],"picked":"Cleave","floor":2.0},{"not_picked":["Body Slam","Sword Boomerang","Rage"],"picked":"SKIP","floor":3.0},{"not_picked":["Sword Boomerang","Thunderclap"],"picked":"Pummel","floor":5.0},{"not_picked":["Headbutt","Bloodletting"],"picked":"Twin Strike","floor":8.0},{"not_picked":["Headbutt","Warcry","Clash"],"picked":"SKIP","floor":10.0},{"not_picked":["Headbutt","Intimidate"],"picked":"Reaper","floor":11.0},{"not_picked":["Havoc","Searing Blow"],"picked":"Shrug It Off","floor":13.0}],"player_experience":1882707,"relics_obtained":[{"floor":9.0,"key":"Blood Vial"},{"floor":11.0,"key":"Vajra"}],"event_choices":[{"damage_healed":0.0,"max_hp_gain":5.0,"max_hp_loss":0.0,"gold_gain":0.0,"event_name":"Big Fish","player_choice":"Donut","floor":4.0,"gold_loss":0.0,"damage_taken":0.0},{"damage_healed":0.0,"max_hp_gain":0.0,"max_hp_loss":8.0,"gold_gain":0.0,"event_name":"Golden Idol","player_choice":"Lose Max HP","floor":7.0,"gold_loss":0.0,"damage_taken":0.0,"relics_obtained":["Golden Idol"]}],"is_beta":false,"boss_relics":[],"items_purged_floors":[],"is_endless":false,"potions_floor_spawned":[1,2,3,11],"killed_by":"Lagavulin","ascension_level":20}}