{"host":"rn4c402gwd40h2z6","time":1611924501,"event":{"mods":["100% Spire Juice","AchievementEnabler","Act Like it!","Arknights The Spire","Astrologer","BaseMod","CapriCore","Card Forge","Challenge The Spire","Chen","Data Control","Decade(王小明)","Downfall","Gensokyo","Good Game Mod","Gremlin Mod","Hallownest","Hermit","HololiveMod","HornydragonMod","Infinite Spire","KinomotoSakuraMod(木之本樱)","Koishi","LagranYue(拉格朗・月)","Lobotomy","LobotomyExtend","Mad Scientist","Marisa（F雨　魔理沙）","Minty Spire (QoL Compilation)","Pale of the Ancients","Quick Restart","Random Character Button","Reimu（博丽灵梦）","Remilia（蕾米莉亚）","Robot Space Explorer","RumiaBox-露米娅的神秘盒子","StSLib","Td1madao Mod","The Administrix","The Alterego","The Bug Knight","The Construct","The Cursed","The Dragon Tamer","The Forsaken","The Gatherer","The Hierophant","The Immortal","The Mystic","The Poker Player","The Runesmith","The Saiyan","The Senshi","WarShipGirlsR/战舰少女R mod","Yakumo Yukari mod","Youmu（魂魄妖梦）","Yuri Mod","Yuyuko","[GremlinLeader]The Maniac","noobMod","【功能Mod】混沌之环修复补丁"],"gold_per_floor":[120,195,222,397,397,432,432,141,141,152,180,198,213,86,86,182,232,246,260,260,284,392,392,302,322,402,402,428,445,445,462,462,560,560,580,750,765,474,349,349,376,376,376,376,376,411,428,438,438,444],"floor_reached":51,"language":"ZHS","playtime":10292,"items_purged":[],"score":2147468296,"play_id":"682696b1-a627-42d9-bdd9-ce10b67ab84e","local_time":"20210129204821","is_ascension_mode":true,"campfire_choices":[{"floor":49,"key":"RECALL"}],"circlet_count":0,"master_deck":["SpecialBullet","SpecialBullet","SpecialBullet","InformationCode","expansioncontent:StudyTheSpire+1","infinitespire:DeathsTouch+1","ShyLook","Beak+1","Lantern+1","Variant","HappyTeddy","Soda+1","VoidDream","Moonlight+1","HereticApostle","BlackSwan","infinitespire:Oblivion+1","ExtractionCode","FeatherOfHonor+1","DespairKnight","Funeral","SwordSharpenedByTears+1","LittlePrince","SilentOrchestra"],"relics":["CogitoBucket","Hammer of Thor","Seething Fire","Anvil of the Gods","REME:ComplimentaryCards","ice","LagranYue:RandomDrawCardRelic","LetterFromLob","Baka2","Dream Catcher","Lee\u0027s Waffle","CrazyTorch:ReiMu","champ:DeflectingBracers","BehaviorAdjustment","Tiny House","SoulBox","Hallownest:StagBellRelic1","AspirationHeart","theSenshi:FeatherClipsRelic","SSSystem","Fusion Hammer","ChangeAnything","Hallownest:GodTamersBeastRelic","Ornamental Fan","GodSword3","Art of War","Gremlin Horn","theForsaken:Gavel"],"acts_visited":["Exordium","Hallownest:CityofTears","Hallownest:KingdomsEdge"],"potions_floor_usage":[],"damage_taken":[{"damage":11.0,"enemies":"Jaw Worm","floor":1.0,"turns":2.0},{"damage":20.0,"enemies":"Lagavulin","floor":6.0,"turns":3.0},{"damage":0.0,"enemies":"Cultist","floor":10.0,"turns":1.0},{"damage":33.0,"enemies":"3 Sentries","floor":11.0,"turns":2.0},{"damage":0.0,"enemies":"Small Slimes","floor":12.0,"turns":1.0},{"damage":44.0,"enemies":"Exordium Wildlife","floor":13.0,"turns":4.0},{"damage":2.0,"enemies":"Slime Boss","floor":16.0,"turns":4.0},{"damage":0,"enemies":"Hallownest:Flukemon_and_Top","floor":18,"turns":1},{"damage":0,"enemies":"Hallownest:2_Mistakes","floor":19,"turns":2},{"damage":0,"enemies":"Hallownest:Glutton_and_Coward","floor":21,"turns":2},{"damage":43,"enemies":"Hallownest:monsterShrumalOgre","floor":25,"turns":3},{"damage":2,"enemies":"Hallownest:Nosk","floor":28,"turns":4},{"damage":0,"enemies":"Hallownest:2_Husk_Sentries","floor":29,"turns":2},{"damage":0,"enemies":"Hallownest:Master_and_Novice","floor":31,"turns":1},{"damage":60,"enemies":"Hallownest:BossSoulMaster","floor":33,"turns":4},{"damage":11,"enemies":"Hallownest:Shield_Heavy","floor":35,"turns":3},{"damage":0,"enemies":"Hallownest:Shield_Heavy","floor":36,"turns":1},{"damage":0,"enemies":"Hallownest:Shield_Heavy","floor":36,"turns":2},{"damage":0,"enemies":"Hallownest:Shield_Heavy","floor":36,"turns":2},{"damage":0,"enemies":"Hallownest:Shield_Heavy","floor":36,"turns":2},{"damage":16,"enemies":"Hallownest:2_Littles","floor":37,"turns":1},{"damage":8,"enemies":"Hallownest:eliteHiveKnight","floor":41,"turns":3},{"damage":48,"enemies":"Hallownest:eliteCollector","floor":46,"turns":3},{"damage":16,"enemies":"Hallownest:monsterPrimalAspid","floor":47,"turns":2},{"damage":0,"enemies":"Hallownest:2_Wandering_and_1_Horned","floor":48,"turns":2},{"damage":46,"enemies":"Hallownest:BossHollowKnight","floor":50,"turns":5},{"damage":27,"enemies":"Malkuth","floor":51,"turns":4},{"damage":64,"enemies":"Hod","floor":51,"turns":6},{"damage":72,"enemies":"Chesed","floor":51,"turns":7},{"damage":99,"enemies":"Binah","floor":51,"turns":11},{"damage":188,"enemies":"Angela","floor":51,"turns":7}],"seed_played":"1747435804781206445","potions_obtained":[{"floor":6.0,"key":"FearPotion"},{"floor":13.0,"key":"DistilledChaos"},{"floor":17.0,"key":"SteroidPotion"}],"is_trial":false,"path_per_floor":["M","?","T","?","?","E","R","$","T","M","E","M","M","$","R","B",null,"M","M","AVR","M","?","R","?","M","T","R","E","M","R","M","R","B",null,"M","?","M","$","?","R","E","R","T","AVR","R","E","M","M","R","B",null],"character_chosen":"Angela","items_purchased":["Lantern","Flash of Steel","Lee\u0027s Waffle","Moonlight","WristCuter","SwordSharpenedByTears","Ornamental Fan"],"campfire_rested":0,"item_purchase_floors":[8,8,8,14,14,38,38],"current_hp_per_floor":[74,63,63,63,44,32,32,84,84,84,84,84,49,49,49,71,89,89,89,89,89,89,89,89,72,72,72,90,99,99,99,99,99,99,96,96,48,48,48,48,48,48,48,48,48,33,24,44,44,48],"gold":381,"neow_bonus":"TEN_PERCENT_HP_BONUS","is_daily":false,"chose_seed":false,"campfire_upgraded":0,"win_rate":0.0,"timestamp":1611924501,"path_taken":["M","?","?","?","?","E","R","$","T","?","E","M","M","$","R","BOSS","M","M","AVR","M","?","R","?","M","T","R","E","M","R","M","R","BOSS","M","?","M","$","?","R","E","R","T","AVR","R","E","M","M","R","BOSS"],"items_purchased_type":["Card","Card","Relic","Card","Card","Card","Relic"],"build_version":"2020-12-22","purchased_purges":0,"victory":true,"max_hp_per_floor":[77,77,77,77,77,77,77,84,84,84,84,84,84,84,84,84,89,89,89,89,89,89,89,89,99,99,99,99,99,99,99,99,99,99,96,96,48,48,48,48,48,48,48,48,48,48,48,48,48,48],"card_choices":[{"not_picked":["Scorched","BigBird"],"picked":"WallGazer","floor":1.0},{"not_picked":["Spore","Horn"],"picked":"SKIP","floor":1.0},{"not_picked":["Spore","Horn"],"picked":"SKIP","floor":1.0},{"not_picked":["infinitespire:Execution","infinitespire:Starlight"],"picked":"infinitespire:DeathsTouch","floor":5.0},{"not_picked":["QueenBee","FairyFestival"],"picked":"ShyLook","floor":6.0},{"not_picked":["ShedSkin"],"picked":"Beak","floor":6.0},{"not_picked":["LongBird","LittlePrince"],"picked":"Variant","floor":10.0},{"not_picked":["RedEyes"],"picked":"Lamp","floor":10.0},{"not_picked":["MHz","OldLady"],"picked":"HappyTeddy","floor":11.0},{"not_picked":["RedEyes","Amita"],"picked":"SKIP","floor":11.0},{"not_picked":["Beak"],"picked":"Soda","floor":12.0},{"not_picked":["OSAHOGD","Funeral"],"picked":"VoidDream","floor":13.0},{"not_picked":["Penitence"],"picked":"SwordSharpenedByTears","floor":13.0},{"not_picked":["GoldRush"],"picked":"Justitia","floor":16.0},{"not_picked":["Tough"],"picked":"Lamp","floor":17.0},{"not_picked":["MeatLantern","Wellcheers"],"picked":"BlackSwan","floor":18},{"not_picked":["CUTE"],"picked":"BlackSwan_ego+1","floor":18},{"not_picked":["BearPaw","CrimsonScar"],"picked":"SKIP","floor":19},{"not_picked":["RapturousDream","Amita"],"picked":"SKIP","floor":21},{"not_picked":["TodaysExpression"],"picked":"FeatherOfHonor+1","floor":25},{"not_picked":["CherryBlossoms","OSAHOGD","MHz"],"picked":"Singing Bowl","floor":28},{"not_picked":["UniverseFragment","BeautyBeast"],"picked":"DespairKnight","floor":28},{"not_picked":["TodaysExpression","RapturousDream"],"picked":"Justitia","floor":28},{"not_picked":["LongBird","Bloodbath","HeroicMonk"],"picked":"Singing Bowl","floor":29},{"not_picked":["Regret_ego","Diffraction","RedEyes"],"picked":"SKIP","floor":29},{"not_picked":["Rudolta","FieryBird","SnowQueen"],"picked":"Singing Bowl","floor":31},{"not_picked":["GrinderMk4","Hornet","Regret_ego+1"],"picked":"SKIP","floor":31},{"not_picked":["LongBird","CENSORED"],"picked":"WhitesApple","floor":33},{"not_picked":["Woodsman","BigBadWolf","HeroicMonk"],"picked":"Singing Bowl","floor":35},{"not_picked":["SpiderBud","LittleHelper"],"picked":"Funeral","floor":35},{"not_picked":["Beak","Adoration","Soda"],"picked":"SKIP","floor":35},{"not_picked":["Beak","Adoration","Soda"],"picked":"SKIP","floor":35},{"not_picked":["FieryBird","BigBadWolf","Freischutz"],"picked":"Singing Bowl","floor":37},{"not_picked":["Laetitia_ego+1","GrinderMk4","Beak+1"],"picked":"SKIP","floor":37},{"not_picked":["PunishingBird","OldLady"],"picked":"LittlePrince","floor":41},{"not_picked":["GrinderMk4","Wingbeat","Hypocrisy"],"picked":"SKIP","floor":41},{"not_picked":["Lantern+1","Heaven+1","Harmony"],"picked":"SKIP","floor":41},{"not_picked":["GrinderMk4","Wingbeat","Hypocrisy"],"picked":"SKIP","floor":41},{"not_picked":["Lantern+1","Heaven+1","Harmony"],"picked":"SKIP","floor":41},{"not_picked":["BodiesMountain","CENSORED"],"picked":"SilentOrchestra","floor":46},{"not_picked":["BlueScar","Tough+1"],"picked":"Lantern+1","floor":46},{"not_picked":["GoldRush","FourthMatchFlame+1","Laetitia_ego"],"picked":"SKIP","floor":46},{"not_picked":["QueenBee","RedShoes","Rudolta"],"picked":"Singing Bowl","floor":47},{"not_picked":["Spore+1","SolemnVow+1"],"picked":"Lamp+1","floor":47},{"not_picked":["BodiesMountain","RedShoes","FieryBird"],"picked":"Singing Bowl","floor":48},{"not_picked":["SingingMachine","MeltingLove"],"picked":"WhiteNight","floor":48},{"not_picked":["Gaze","Wingbeat+1","Soda+1"],"picked":"SKIP","floor":48},{"not_picked":["Gaze","Wingbeat+1","Soda+1"],"picked":"SKIP","floor":48}],"player_experience":129765,"relics_obtained":[{"floor":1.0,"key":"Baka"},{"floor":1.0,"key":"LetterFromLob"},{"floor":6.0,"key":"Baka2"},{"floor":6.0,"key":"Dream Catcher"},{"floor":9.0,"key":"CrazyTorch:ReiMu"},{"floor":11.0,"key":"champ:DeflectingBracers"},{"floor":26,"key":"theSenshi:FeatherClipsRelic"},{"floor":28,"key":"SSSystem"},{"floor":41,"key":"Art of War"},{"floor":43,"key":"Gremlin Horn"},{"floor":46,"key":"theForsaken:Gavel"}],"event_choices":[{"damage_healed":0.0,"max_hp_gain":0.0,"max_hp_loss":0.0,"gold_gain":75.0,"event_name":"World of Goop","player_choice":"Gather Gold","floor":2.0,"gold_loss":0.0,"damage_taken":11.0},{"damage_healed":0.0,"max_hp_gain":0.0,"max_hp_loss":0.0,"gold_gain":175.0,"event_name":"Liars Game","player_choice":"AGREE","floor":4.0,"gold_loss":0.0,"damage_taken":0.0,"cards_obtained":["Doubt"]}],"is_beta":false,"boss_relics":[{"not_picked":["theForsaken:PaleLantern","Runic Dome"],"picked":"Tiny House"},{"not_picked":["Cursed Key","Busted Crown"],"picked":"Fusion Hammer"}],"items_purged_floors":[],"is_endless":false,"potions_floor_spawned":[6,13,18,25,36,36,37,46],"ascension_level":723677239}}