{"host":"8rqsnaeml9gxb0kp","time":1611887110,"event":{"mods":["AchievementEnabler","BaseMod","Dark Map","Minty Spire (QoL Compilation)","Relic Stats","StSLib","slay the spire mod where everything is the same but ironclad has a cowboy hat"],"gold_per_floor":[115,190,190,203,214,214,240,255,336,369,369,4,23,57,57,136,136,152,169,189,189,17,50,70,95,95,120,133,0,0,31,31,103,103,115,129,129,145,193,221,221,253,330,330,340,357,376,396,396,396],"floor_reached":51,"language":"ENG","playtime":2795,"items_purged":["Strike_R"],"score":1492,"play_id":"0e72df13-49cf-407f-a90c-3f7ffeb68532","local_time":"20210128182510","is_ascension_mode":true,"campfire_choices":[{"floor":6,"key":"REST"},{"data":"Demon Form","floor":11,"key":"SMITH"},{"data":"Double Tap","floor":15,"key":"SMITH"},{"data":"Dual Wield","floor":30,"key":"SMITH"},{"data":"Double Tap","floor":32,"key":"SMITH"},{"data":"Malaise","floor":41,"key":"SMITH"},{"data":"PiercingWail","floor":44,"key":"SMITH"},{"data":"PiercingWail","floor":49,"key":"SMITH"}],"circlet_count":0,"master_deck":["AscendersBane","Strike_R","Defend_R","Defend_R","Defend_R","Bash","Headbutt","Double Tap+1","Heavy Blade","Cleave","Demon Form+1","Iron Wave","Double Tap+1","Wallop","Bullet Time","Shockwave+1","Demon Form+1","Inflame+1","Vault","Dual Wield+1","Sever Soul+1","Searing Blow+1","Ghostly Armor+1","Malaise+1","PiercingWail+1","PiercingWail+1"],"relics":["Burning Blood","FossilizedHelix","Self Forming Clay","Oddly Smooth Stone","Bag of Preparation","PrismaticShard","Frozen Egg 2","Snecko Eye","Membership Card","Vajra","Orichalcum","Eternal Feather","Boot","Bottled Flame","Astrolabe","Dead Branch","Nunchaku","Art of War","Darkstone Periapt"],"acts_visited":["Exordium","TheCity","TheBeyond"],"potions_floor_usage":[7,10,14,22,23,33,36,39,50],"damage_taken":[{"damage":14,"enemies":"Jaw Worm","floor":1,"turns":3},{"damage":9,"enemies":"2 Louse","floor":4,"turns":3},{"damage":7,"enemies":"Small Slimes","floor":5,"turns":3},{"damage":45,"enemies":"3 Sentries","floor":7,"turns":6},{"damage":16,"enemies":"2 Fungi Beasts","floor":8,"turns":3},{"damage":10,"enemies":"Lagavulin","floor":10,"turns":7},{"damage":12,"enemies":"Blue Slaver","floor":13,"turns":4},{"damage":4,"enemies":"3 Sentries","floor":14,"turns":3},{"damage":19,"enemies":"The Guardian","floor":16,"turns":7},{"damage":11,"enemies":"2 Thieves","floor":18,"turns":3},{"damage":7,"enemies":"Shell Parasite","floor":19,"turns":2},{"damage":14,"enemies":"Centurion and Healer","floor":20,"turns":5},{"damage":14,"enemies":"Slavers","floor":23,"turns":4},{"damage":24,"enemies":"Shelled Parasite and Fungi","floor":24,"turns":4},{"damage":10,"enemies":"Gremlin Leader","floor":25,"turns":4},{"damage":10,"enemies":"Slavers","floor":27,"turns":4},{"damage":0,"enemies":"Snecko","floor":28,"turns":4},{"damage":0,"enemies":"Gremlin Leader","floor":31,"turns":4},{"damage":8,"enemies":"Automaton","floor":33,"turns":4},{"damage":0,"enemies":"Orb Walker","floor":35,"turns":4},{"damage":8,"enemies":"3 Shapes","floor":36,"turns":5},{"damage":0,"enemies":"3 Darklings","floor":38,"turns":4},{"damage":10,"enemies":"2 Orb Walkers","floor":39,"turns":4},{"damage":0,"enemies":"Reptomancer","floor":40,"turns":3},{"damage":0,"enemies":"Giant Head","floor":42,"turns":4},{"damage":0,"enemies":"Jaw Worm Horde","floor":45,"turns":2},{"damage":0,"enemies":"Sphere and 2 Shapes","floor":46,"turns":4},{"damage":11,"enemies":"Spire Growth","floor":47,"turns":4},{"damage":8,"enemies":"4 Shapes","floor":48,"turns":5},{"damage":11,"enemies":"Donu and Deca","floor":50,"turns":5}],"seed_played":"5279815908568927616","potions_obtained":[{"floor":7,"key":"BloodPotion"},{"floor":8,"key":"Regen Potion"},{"floor":10,"key":"Explosive Potion"},{"floor":19,"key":"BloodPotion"},{"floor":20,"key":"FairyPotion"},{"floor":25,"key":"CultistPotion"},{"floor":35,"key":"Swift Potion"},{"floor":36,"key":"PowerPotion"},{"floor":39,"key":"Strength Potion"}],"is_trial":false,"path_per_floor":["M","?","?","M","M","R","E","M","T","E","R","$","M","E","R","B",null,"M","M","M","?","$","E","M","E","T","E","M","?","R","E","R","B",null,"M","M","?","M","?","E","R","E","T","R","M","M","M","M","R","B",null],"character_chosen":"IRONCLAD","items_purchased":["Bag of Preparation","PrismaticShard","Membership Card","Energy Potion"],"campfire_rested":1,"item_purchase_floors":[12,12,22,22],"current_hp_per_floor":[59,48,48,45,44,72,52,42,42,50,50,50,44,46,46,33,80,75,74,66,66,85,77,59,55,55,51,57,57,69,75,87,85,93,96,94,94,96,92,96,96,96,96,96,96,96,91,89,96,91],"gold":396,"neow_bonus":"TWENTY_PERCENT_HP_BONUS","is_daily":false,"chose_seed":false,"campfire_upgraded":7,"win_rate":0.0,"timestamp":1611887110,"path_taken":["M","?","?","M","M","R","E","M","T","E","R","$","M","E","R","BOSS","M","M","M","?","$","E","?","E","T","E","M","?","R","E","R","BOSS","M","M","?","M","?","E","R","E","T","R","M","M","M","M","R","BOSS"],"items_purchased_type":["Relic","Relic","Relic","Potion"],"build_version":"2020-12-22","purchased_purges":1,"victory":true,"max_hp_per_floor":[96,96,96,96,96,96,96,96,96,96,96,96,96,96,96,96,96,96,96,96,96,96,96,96,96,96,96,96,96,96,96,96,96,96,96,96,96,96,96,96,96,96,96,96,96,96,96,96,96,96],"relic_stats":{"Darkstone Periapt":0,"counters":[30,121],"Self Forming Clay":[60],"Astrolabe":["Sever Soul","Searing Blow","Ghostly Armor"],"Dead Branch":[42],"Eternal Feather":31,"Bag of Preparation":[48],"Orichalcum":[78],"Boot":[0],"Burning Blood":153,"Nunchaku":[6],"Snecko Eye":[149,139,143,143],"Art of War":[3],"obtain_stats":[{"Darkstone Periapt":43,"Self Forming Clay":9,"Astrolabe":34,"Dead Branch":39,"Oddly Smooth Stone":10,"Vajra":23,"Eternal Feather":26,"Bag of Preparation":12,"Frozen Egg 2":14,"Orichalcum":25,"PrismaticShard":12,"Boot":27,"Burning Blood":0,"Bottled Flame":31,"Nunchaku":40,"Snecko Eye":17,"Art of War":42,"Membership Card":22,"FossilizedHelix":7},{"Darkstone Periapt":25,"Self Forming Clay":5,"Astrolabe":19,"Dead Branch":23,"Oddly Smooth Stone":6,"Vajra":13,"Eternal Feather":15,"Bag of Preparation":6,"Frozen Egg 2":8,"Orichalcum":15,"PrismaticShard":6,"Boot":16,"Burning Blood":0,"Bottled Flame":18,"Nunchaku":24,"Snecko Eye":9,"Art of War":25,"Membership Card":12,"FossilizedHelix":4},{"Darkstone Periapt":101,"Self Forming Clay":18,"Astrolabe":77,"Dead Branch":94,"Oddly Smooth Stone":25,"Vajra":53,"Eternal Feather":61,"Bag of Preparation":25,"Frozen Egg 2":32,"Orichalcum":61,"PrismaticShard":25,"Boot":65,"Burning Blood":0,"Bottled Flame":73,"Nunchaku":97,"Snecko Eye":39,"Art of War":101,"Membership Card":49,"FossilizedHelix":15}]},"card_choices":[{"not_picked":["Sword Boomerang","Armaments"],"picked":"Headbutt","floor":1},{"not_picked":["Infernal Blade","Evolve"],"picked":"Heavy Blade","floor":4},{"not_picked":["Uppercut","Sever Soul"],"picked":"Cleave","floor":5},{"not_picked":["Warcry","Twin Strike"],"picked":"Demon Form","floor":7},{"not_picked":["Headbutt","Havoc"],"picked":"Iron Wave","floor":8},{"not_picked":["Dropkick","Warcry"],"picked":"Double Tap","floor":10},{"not_picked":["Consecrate","Perfected Strike"],"picked":"Wallop","floor":13},{"not_picked":["Exhume","Halt","Barrage"],"picked":"SKIP","floor":14},{"not_picked":["Transmutation","All For One"],"picked":"Bullet Time","floor":16},{"not_picked":["ClearTheMind","Compile Driver","Halt"],"picked":"SKIP","floor":18},{"not_picked":["Dagger Spray","ClearTheMind"],"picked":"Shockwave+1","floor":19},{"not_picked":["FollowUp","WaveOfTheHand","Storm+1"],"picked":"SKIP","floor":20},{"not_picked":["Sever Soul","EmptyMind"],"picked":"Inflame+1","floor":23},{"not_picked":["Havoc","Go for the Eyes","Barrage"],"picked":"SKIP","floor":24},{"not_picked":["Reflex","Vengeance","Wild Strike"],"picked":"SKIP","floor":25},{"not_picked":["Swift Strike","Bludgeon"],"picked":"Vault","floor":27},{"not_picked":["Anger","CarveReality"],"picked":"Dual Wield","floor":28},{"not_picked":["Gash+1","Shrug It Off","Conserve Battery"],"picked":"SKIP","floor":31},{"not_picked":["Iron Wave","Prostrate+1","Enlightenment"],"picked":"SKIP","floor":35},{"not_picked":["Carnage","Compile Driver+1","Sword Boomerang"],"picked":"SKIP","floor":36},{"not_picked":["PanicButton","ThirdEye+1","Prostrate"],"picked":"SKIP","floor":38},{"not_picked":["BowlingBash","SashWhip"],"picked":"Malaise","floor":39},{"not_picked":["FollowUp","Rampage+1","Scrape"],"picked":"SKIP","floor":40},{"not_picked":["Prostrate","Dual Wield"],"picked":"PiercingWail","floor":42},{"not_picked":["Go for the Eyes","Skewer","Compile Driver"],"picked":"SKIP","floor":45},{"not_picked":["Tantrum","Crescendo","Cold Snap+1"],"picked":"SKIP","floor":46},{"not_picked":["Distraction","Grand Finale"],"picked":"PiercingWail","floor":47},{"not_picked":["JustLucky","Anger","Barrage"],"picked":"SKIP","floor":48}],"player_experience":157910,"relics_obtained":[{"floor":7,"key":"FossilizedHelix"},{"floor":9,"key":"Self Forming Clay"},{"floor":10,"key":"Oddly Smooth Stone"},{"floor":14,"key":"Frozen Egg 2"},{"floor":23,"key":"Vajra"},{"floor":25,"key":"Orichalcum"},{"floor":26,"key":"Eternal Feather"},{"floor":27,"key":"Boot"},{"floor":31,"key":"Bottled Flame"},{"floor":39,"key":"Dead Branch"},{"floor":40,"key":"Nunchaku"},{"floor":42,"key":"Art of War"},{"floor":43,"key":"Darkstone Periapt"}],"event_choices":[{"damage_healed":0,"gold_gain":75,"player_choice":"Gather Gold","damage_taken":11,"max_hp_gain":0,"max_hp_loss":0,"event_name":"World of Goop","floor":2,"gold_loss":0},{"damage_healed":0,"gold_gain":0,"cards_transformed":["Defend_R"],"player_choice":"Change","damage_taken":0,"max_hp_gain":0,"max_hp_loss":0,"event_name":"Living Wall","floor":3,"gold_loss":0,"cards_obtained":["Double Tap"]},{"damage_healed":0,"gold_gain":0,"player_choice":"Copied","damage_taken":0,"max_hp_gain":0,"max_hp_loss":0,"event_name":"Duplicator","floor":21,"gold_loss":0,"cards_obtained":["Demon Form"]},{"damage_healed":0,"gold_gain":0,"player_choice":"Paid Fearfully","damage_taken":0,"max_hp_gain":0,"max_hp_loss":0,"event_name":"Masked Bandits","floor":29,"gold_loss":133},{"damage_healed":0,"gold_gain":0,"player_choice":"Ignored","damage_taken":0,"max_hp_gain":0,"max_hp_loss":0,"event_name":"Tomb of Lord Red Mask","floor":37,"gold_loss":0},{"damage_healed":0,"gold_gain":0,"player_choice":"Fight","damage_taken":0,"max_hp_gain":0,"max_hp_loss":0,"event_name":"Mysterious Sphere","floor":39,"gold_loss":0}],"is_beta":false,"boss_relics":[{"not_picked":["Tiny House","Coffee Dripper"],"picked":"Snecko Eye"},{"not_picked":["Runic Cube","Empty Cage"],"picked":"Astrolabe"}],"items_purged_floors":[12],"is_endless":false,"potions_floor_spawned":[7,8,10,19,20,25,27,31,35,36,39,40,47],"ascension_level":13}}