{"host":"na09lpbrez4gbfiz","time":1611907213,"event":{"mods":["Act Like it!","BaseMod","BetterRewards","Colored Map","Colored Powertips","DeckTracker","Googly Eyes","Highlight Path","Minty Spire (QoL Compilation)","Quick Restart","Spicy Shops","StSLib","SuperFastMode","Synergy Search"],"gold_per_floor":[113,13,59,59,59,71,71,88,115,143,68,149,184,195,195,293,293,304,304,304,314,339,339,339,339],"floor_reached":24,"language":"ENG","playtime":635,"items_purged":["Doubt"],"score":242,"play_id":"f12ddb32-b7c8-4450-ade0-d5de19486b91","local_time":"20210129090013","is_ascension_mode":true,"campfire_choices":[{"data":"White Noise","floor":7,"key":"SMITH"},{"floor":15,"key":"REST"},{"floor":23,"key":"REST"}],"circlet_count":0,"master_deck":["Strike_B","Strike_B","Defend_B","Defend_B","Defend_B","Defend_B","Zap","Dualcast","White Noise+1","Lockon","Echo Form","Amplify","Self Repair","Aggregate","Chill","Force Field"],"relics":["Cracked Core","NeowsBlessing","Cables","Tiny Chest","Orichalcum","Mummified Hand","MealTicket","Strawberry","Kunai","Mercury Hourglass","Runic Dome","Red Mask"],"acts_visited":["Exordium","TheCity"],"potions_floor_usage":[10,16,16,24],"damage_taken":[{"damage":0,"enemies":"Cultist","floor":1,"turns":1},{"damage":0,"enemies":"Jaw Worm","floor":6,"turns":1},{"damage":0,"enemies":"2 Louse","floor":8,"turns":1},{"damage":4,"enemies":"Gremlin Nob","floor":10,"turns":3},{"damage":58,"enemies":"3 Sentries","floor":13,"turns":6},{"damage":15,"enemies":"Large Slime","floor":14,"turns":4},{"damage":11,"enemies":"Hexaghost","floor":16,"turns":7},{"damage":18,"enemies":"Shell Parasite","floor":18,"turns":4},{"damage":7,"enemies":"Chosen","floor":21,"turns":4},{"damage":63,"enemies":"Masked Bandits","floor":22,"turns":5},{"damage":40,"enemies":"Book of Stabbing","floor":24,"turns":6}],"seed_played":"-7790525150030529464","potions_obtained":[{"floor":6,"key":"AttackPotion"},{"floor":10,"key":"FearPotion"},{"floor":13,"key":"SteroidPotion"},{"floor":22,"key":"LiquidMemories"}],"is_trial":false,"path_per_floor":["M","$","T","?","T","M","R","M","T","E","$","T","E","M","R","B",null,"M","?","?","M","?","R","E"],"character_chosen":"DEFECT","items_purchased":["Cables"],"campfire_rested":2,"item_purchase_floors":[2],"current_hp_per_floor":[75,75,75,57,57,57,57,57,57,60,75,75,17,2,26,15,82,64,64,64,64,15,39,0,0],"gold":339,"neow_bonus":"THREE_ENEMY_KILL","is_daily":false,"chose_seed":false,"campfire_upgraded":1,"win_rate":0.0,"timestamp":1611907213,"path_taken":["M","$","?","?","?","M","R","?","T","E","$","?","E","M","R","BOSS","M","?","?","M","?","R","E"],"items_purchased_type":["Relic"],"build_version":"2020-12-22","purchased_purges":1,"victory":false,"max_hp_per_floor":[75,75,75,75,75,75,75,75,75,82,82,82,82,82,82,82,82,82,82,82,82,82,82,82,82],"card_choices":[{"not_picked":["Turbo","Reinforced Body","Gash"],"picked":"SKIP","floor":1},{"not_picked":["Ball Lightning","Hologram"],"picked":"White Noise","floor":6},{"not_picked":["Compile Driver","Fusion","Undo"],"picked":"SKIP","floor":8},{"not_picked":["Sweeping Beam","Hologram"],"picked":"Lockon","floor":10},{"not_picked":["Cold Snap","Conserve Battery"],"picked":"Echo Form","floor":13},{"not_picked":["Beam Cell","Go for the Eyes","Turbo"],"picked":"SKIP","floor":14},{"not_picked":["Multi-Cast","Core Surge"],"picked":"Amplify","floor":16},{"not_picked":["Rebound","Compile Driver"],"picked":"Self Repair","floor":18},{"not_picked":["Hologram","Gash","Sweeping Beam"],"picked":"SKIP","floor":21},{"not_picked":["Ball Lightning+1","FTL"],"picked":"Force Field","floor":22}],"player_experience":203213,"relics_obtained":[{"floor":3,"key":"Tiny Chest"},{"floor":5,"key":"Mummified Hand"},{"floor":9,"key":"MealTicket"},{"floor":10,"key":"Strawberry"},{"floor":12,"key":"Kunai"},{"floor":13,"key":"Mercury Hourglass"},{"floor":22,"key":"Red Mask"}],"event_choices":[{"damage_healed":0,"gold_gain":0,"player_choice":"Success","damage_taken":18,"relics_obtained":["Orichalcum"],"max_hp_gain":0,"max_hp_loss":0,"event_name":"Scrap Ooze","floor":4,"gold_loss":0},{"damage_healed":0,"gold_gain":0,"player_choice":"Ignored","damage_taken":0,"max_hp_gain":0,"max_hp_loss":0,"event_name":"Ghosts","floor":19,"gold_loss":0},{"damage_healed":0,"gold_gain":0,"cards_transformed":["Strike_B","Strike_B"],"player_choice":"Became Test Subject","damage_taken":0,"max_hp_gain":0,"max_hp_loss":0,"event_name":"Drug Dealer","floor":20,"gold_loss":0,"cards_obtained":["Aggregate","Chill"]},{"damage_healed":0,"gold_gain":0,"player_choice":"Fought Bandits","damage_taken":0,"max_hp_gain":0,"max_hp_loss":0,"event_name":"Masked Bandits","floor":22,"gold_loss":0}],"is_beta":false,"boss_relics":[{"not_picked":["Coffee Dripper","Inserter"],"picked":"Runic Dome"}],"items_purged_floors":[11],"is_endless":false,"potions_floor_spawned":[6,10,13,22],"killed_by":"Book of Stabbing","ascension_level":4}}