{"host":"350rh84kbmtekt58","time":1611954944,"event":{"mods":["AchievementEnabler","Act Like it!","BaseMod","Better Synergies","Block Reminder","CapriCore","Challenge The Spire","Colored Map","Colored Powertips","Communication Mod","Downfall","Energized Spire","Friendly Minions","GifTheSpireLib","Highlight Path","Minty Spire (QoL Compilation)","Quick Restart","Replay The Spire","Shop Mod","StSLib","The Animator","The Disciple","The Immortal","The Marked","The Runesmith","The Servant 0.9.4","The Wild Card","Transform Curses","yUi"],"gold_per_floor":[126,126,23,43,43,76,76,104,104,104,104,116,116,140,140,252,252,274,274,278,278],"floor_reached":20,"language":"ENG","playtime":1842,"items_purged":[],"score":170,"play_id":"0733328d-4c3a-4382-836c-bbfb6396e238","local_time":"20210129151544","is_ascension_mode":false,"campfire_choices":[{"floor":7,"key":"REST"},{"floor":10,"key":"REST"},{"floor":15,"key":"REST"}],"circlet_count":0,"master_deck":["animator:Strike_NoGameNoLife","animator:Defend_NoGameNoLife","animator:Strike","animator:Strike","animator:Strike","animator:Defend","animator:Defend","animator:Defend","animator:FielNirvalen","Rampage","animator:Arpeggio","animator:Arpeggio","animator:Jibril","animator:ChlammyZell","animator:RinTohsaka","animator:DolaSchwi","Regret","animator:ShinjiMatou","animator:Chris","animator:Shiro","animator:Darkness"],"relics":["animator:LivingPicture","animator:TheMissingPiece","Calipers","Mummified Hand","Pet Ghost","Odd Mushroom","animator:HolyGrailRelic","ReplayFunnel"],"acts_visited":["Exordium","TheCity"],"potions_floor_usage":[6,16,16],"damage_taken":[{"damage":17,"enemies":"Jaw Worm","floor":1,"turns":4},{"damage":10,"enemies":"Cultist","floor":4,"turns":5},{"damage":21,"enemies":"Replay:BlueRogue","floor":6,"turns":5},{"damage":16,"enemies":"2 Louse","floor":8,"turns":3},{"damage":9,"enemies":"Large Slime","floor":12,"turns":4},{"damage":28,"enemies":"The Mushroom Lair","floor":14,"turns":3},{"damage":31,"enemies":"Fading Forest","floor":16,"turns":11},{"damage":59,"enemies":"3 Byrds","floor":18,"turns":7},{"damage":21,"enemies":"Spheric Guardian","floor":20,"turns":5}],"seed_played":"3724349789410241620","potions_obtained":[{"floor":1,"key":"DistilledChaos"},{"floor":6,"key":"LiquidBronze"},{"floor":14,"key":"PowerPotion"}],"is_trial":false,"path_per_floor":["M","?","$","M","$","E","R","M","T","R","?","M","$","?","R","B",null,"M","?","M"],"character_chosen":"THE_ANIMATOR","items_purchased":["animator:Arpeggio","animator:Jibril"],"campfire_rested":3,"item_purchase_floors":[3,3],"current_hp_per_floor":[49,49,49,40,40,19,39,23,23,43,43,34,34,6,26,6,76,19,19,0,0],"gold":278,"neow_bonus":"RANDOM_EVENT","is_daily":false,"chose_seed":false,"campfire_upgraded":0,"win_rate":0.0,"timestamp":1611954944,"path_taken":["M","?","$","?","?","E","R","M","T","R","?","M","$","?","R","BOSS","M","?","M"],"items_purchased_type":["Card","Card"],"build_version":"2020-12-22","purchased_purges":0,"victory":false,"max_hp_per_floor":[66,66,66,67,67,67,67,67,67,67,67,67,67,67,67,68,76,78,78,78,78],"card_choices":[{"not_picked":["animator:RinTohsaka","animator:MumenRider"],"picked":"animator:FielNirvalen","floor":1},{"not_picked":["animator:Kazuma","animator:IzunaHatsuse"],"picked":"animator:ChlammyZell","floor":4},{"not_picked":["animator:FielNirvalen","animator:Chris"],"picked":"animator:RinTohsaka","floor":6},{"not_picked":["animator:Tet","animator:DolaRiku"],"picked":"animator:DolaSchwi","floor":8},{"not_picked":["animator:DolaSchwi","animator:PandorasActor"],"picked":"animator:ShinjiMatou","floor":12},{"not_picked":["animator:Sebas","animator:Yoichi"],"picked":"animator:Chris","floor":14},{"not_picked":["animator:Eris","animator:PinaCoLada"],"picked":"animator:Shiro","floor":16},{"not_picked":["animator:EmiyaShirou","animator:DolaSchwi"],"picked":"animator:Darkness","floor":18}],"player_experience":209641,"relics_obtained":[{"floor":6,"key":"Calipers"},{"floor":9,"key":"Mummified Hand"},{"floor":14,"key":"Odd Mushroom"}],"event_choices":[{"cards_removed":["animator:DolaSchwi"],"damage_healed":0,"gold_gain":0,"player_choice":"Took Card","damage_taken":0,"max_hp_gain":0,"max_hp_loss":0,"event_name":"NoteForYourself","floor":2,"gold_loss":0,"cards_obtained":["Rampage"]},{"damage_healed":0,"gold_gain":0,"player_choice":"Box","damage_taken":0,"relics_obtained":["Pet Ghost"],"max_hp_gain":0,"max_hp_loss":0,"event_name":"Big Fish","floor":11,"gold_loss":0,"cards_obtained":["Regret"]},{"damage_healed":0,"gold_gain":0,"player_choice":"Fought Mushrooms","damage_taken":0,"max_hp_gain":0,"max_hp_loss":0,"event_name":"Mushrooms","floor":14,"gold_loss":0}],"is_beta":false,"boss_relics":[{"not_picked":["ReplayTheSpireMod:DimensionalGlitch","Tiny House"],"picked":"animator:HolyGrailRelic"}],"items_purged_floors":[],"is_endless":false,"potions_floor_spawned":[1,6,14],"killed_by":"Spheric Guardian","ascension_level":0}}