{"host":"pdsyh71gl8fwuuoe","time":1611889888,"event":{"mods":["AchievementEnabler","BaseMod","Bestiary","Colored Powertips","Curses Come First","Custom Start","Highlight Path","Minty Spire (QoL Compilation)","Permanent Neow","Quick Restart","Relic Stats","StSLib"],"gold_per_floor":[112,72,91,111,124,124,158,158,158,7,7,38,52,52,52,149,149,166,166,265,284,284,318,318,318,318],"floor_reached":25,"language":"ENG","playtime":1157,"items_purged":["Strike_B"],"score":422,"play_id":"6116aa95-6c47-4893-b638-1816779f1fee","local_time":"20210128221128","is_ascension_mode":true,"campfire_choices":[{"data":"Static Discharge","floor":6.0,"key":"SMITH"},{"floor":8.0,"key":"REST"},{"floor":15.0,"key":"REST"},{"data":"Creative AI","floor":24.0,"key":"SMITH"}],"circlet_count":0,"master_deck":["AscendersBane","Strike_B","Strike_B","Strike_B","Defend_B","Defend_B","Defend_B","Defend_B","Zap","Dualcast","Sweeping Beam","Static Discharge+1","Conserve Battery","Thunder Strike","FTL","Ball Lightning","Creative AI+1","Echo Form","Turbo","Echo Form","Self Repair+1","White Noise","Self Repair+1","Reinforced Body"],"relics":["Cracked Core","Cables","Mummified Hand","Smiling Mask","Sozu","Nunchaku"],"acts_visited":["Exordium","TheCity"],"potions_floor_usage":[25],"damage_taken":[{"damage":1.0,"enemies":"Cultist","floor":1.0,"turns":4.0},{"damage":0.0,"enemies":"2 Louse","floor":3.0,"turns":2.0},{"damage":8.0,"enemies":"Small Slimes","floor":4.0,"turns":4.0},{"damage":30.0,"enemies":"Exordium Thugs","floor":5.0,"turns":5.0},{"damage":12.0,"enemies":"Lagavulin","floor":7.0,"turns":6.0},{"damage":32.0,"enemies":"Gremlin Nob","floor":12.0,"turns":3.0},{"damage":8.0,"enemies":"Blue Slaver","floor":13.0,"turns":3.0},{"damage":0.0,"enemies":"2 Fungi Beasts","floor":14.0,"turns":2.0},{"damage":0.0,"enemies":"Slime Boss","floor":16.0,"turns":4.0},{"damage":25.0,"enemies":"Shell Parasite","floor":18.0,"turns":4.0},{"damage":25.0,"enemies":"2 Thieves","floor":21.0,"turns":4.0},{"damage":34.0,"enemies":"Book of Stabbing","floor":23.0,"turns":5.0},{"damage":37,"enemies":"Slavers","floor":25,"turns":2}],"seed_played":"4208721003572088644","potions_obtained":[{"floor":2.0,"key":"Swift Potion"},{"floor":2.0,"key":"EntropicBrew"},{"floor":2.0,"key":"DistilledChaos"},{"floor":3.0,"key":"LiquidMemories"},{"floor":7.0,"key":"LiquidMemories"},{"floor":11.0,"key":"Regen Potion"},{"floor":13.0,"key":"SteroidPotion"},{"floor":16.0,"key":"Fire Potion"}],"is_trial":false,"path_per_floor":["M","?","M","M","M","R","E","R","T","$","?","E","M","M","R","B",null,"M","?","?","M","?","E","R","E"],"character_chosen":"DEFECT","items_purchased":["Creative AI"],"campfire_rested":2,"item_purchase_floors":[10],"current_hp_per_floor":[67,67,67,59,29,29,17,39,39,39,39,19,11,11,33,33,65,40,40,40,35,35,31,31,0,0],"gold":318,"neow_bonus":"THREE_CARDS","is_daily":false,"chose_seed":false,"campfire_upgraded":2,"win_rate":0.0,"timestamp":1611889888,"path_taken":["M","?","M","M","?","R","E","R","T","$","?","E","M","M","R","BOSS","M","?","?","M","?","E","R","E"],"items_purchased_type":["Card"],"build_version":"2020-12-22","purchased_purges":1,"victory":false,"max_hp_per_floor":[75,75,75,75,75,75,75,75,75,75,75,75,75,75,75,75,75,75,75,75,75,75,75,75,75,75],"relic_stats":{"Sozu":2,"Nunchaku":[0],"counters":[13,48],"Mummified Hand":[45],"Smiling Mask":0,"obtain_stats":[{"Sozu":17,"Nunchaku":23,"Mummified Hand":9,"Cracked Core":0,"Smiling Mask":12,"Cables":7},{"Sozu":9,"Nunchaku":12,"Mummified Hand":5,"Cracked Core":0,"Smiling Mask":6,"Cables":5},{"Sozu":33,"Nunchaku":46,"Mummified Hand":21,"Cracked Core":0,"Smiling Mask":24,"Cables":21}],"Cables":[22,22,0,0,0]},"card_choices":[{"not_picked":["Steam","Compile Driver"],"picked":"Sweeping Beam","floor":0.0},{"not_picked":["Stack","Steam"],"picked":"Static Discharge","floor":1.0},{"not_picked":["Sweeping Beam","Storm"],"picked":"Conserve Battery","floor":3.0},{"not_picked":["Reinforced Body","Rebound"],"picked":"Thunder Strike","floor":4.0},{"not_picked":["Hologram","Turbo"],"picked":"FTL","floor":5.0},{"not_picked":["Stack","Hologram"],"picked":"Ball Lightning","floor":7.0},{"not_picked":["Coolheaded","Amplify"],"picked":"Echo Form","floor":12.0},{"not_picked":["Sweeping Beam","Hologram"],"picked":"Turbo","floor":13.0},{"not_picked":["Creative AI","Hyperbeam"],"picked":"Echo Form","floor":16.0},{"not_picked":["Beam Cell","Streamline"],"picked":"Self Repair+1","floor":18.0},{"not_picked":["Compile Driver","Beam Cell+1"],"picked":"White Noise","floor":21.0},{"not_picked":["Streamline+1","Ball Lightning"],"picked":"Reinforced Body","floor":23.0}],"player_experience":549541,"relics_obtained":[{"floor":7.0,"key":"Cables"},{"floor":9.0,"key":"Mummified Hand"},{"floor":12.0,"key":"Smiling Mask"},{"floor":23.0,"key":"Nunchaku"}],"event_choices":[{"damage_healed":0.0,"max_hp_gain":0.0,"max_hp_loss":0.0,"gold_gain":0.0,"event_name":"The Woman in Blue","player_choice":"Bought 3 Potions","floor":2.0,"gold_loss":0.0,"damage_taken":0.0},{"damage_healed":0.0,"max_hp_gain":0.0,"max_hp_loss":0.0,"gold_gain":0.0,"event_name":"Lab","player_choice":"Got Potions","floor":11.0,"gold_loss":0.0,"damage_taken":0.0},{"damage_healed":0.0,"max_hp_gain":0.0,"max_hp_loss":0.0,"gold_gain":0.0,"event_name":"Ghosts","player_choice":"Ignored","floor":19.0,"gold_loss":0.0,"damage_taken":0.0},{"damage_healed":0.0,"max_hp_gain":0.0,"max_hp_loss":0.0,"gold_gain":99.0,"event_name":"Nest","player_choice":"Stole From Cult","floor":20.0,"gold_loss":0.0,"damage_taken":0.0},{"damage_healed":0.0,"max_hp_gain":0.0,"max_hp_loss":0.0,"gold_gain":0.0,"event_name":"Duplicator","player_choice":"Copied","floor":22.0,"gold_loss":0.0,"damage_taken":0.0,"cards_obtained":["Self Repair"]}],"is_beta":false,"boss_relics":[{"not_picked":["Pandora\u0027s Box","Ectoplasm"],"picked":"Sozu"}],"items_purged_floors":[10],"is_endless":false,"potions_floor_spawned":[3,4,7,13,14,16,21,23],"killed_by":"Slavers","ascension_level":10}}