{"host":"iimv3xr0scyjt3cx","time":1611950997,"event":{"mods":["BaseMod","Hermit","Minty Spire (QoL Compilation)","Replay The Spire","StSLib","The Bladedancer","The Bug Knight","The Cursed","The Judge","The Necromancer","The Senshi","The Servant 0.9.4","The Wild Card"],"gold_per_floor":[119,133,133,144,144,144,175,175,202,220,220,249,249,283,283,382,382,395,241,258,26,26,51,68,68,118,147,163,88,88,88,88,189,189,209,261,261,274,290,308,308,333,333,333,333,7,7,17,17,17,17,17,17,51,51],"floor_reached":56,"language":"ENG","playtime":4182,"items_purged":["Sickly","Writhe"],"score":1281,"play_id":"d13a0154-30a0-411b-99aa-1cbb7aafe64e","local_time":"20210129210957","is_ascension_mode":false,"campfire_choices":[{"data":"Cloudkill","floor":6.0,"key":"SMITH"},{"data":"Cloudkill","floor":8.0,"key":"SMITH"},{"data":"Shade_Step","floor":11.0,"key":"SMITH"},{"data":"Blood_Is_Power","floor":15.0,"key":"SMITH"},{"data":"Summon_Death_Knight","floor":25.0,"key":"SMITH"},{"floor":30.0,"key":"RECALL"},{"data":"Stop_Heart","floor":32.0,"key":"SMITH"},{"data":"Summon_Vampire_Lady","floor":41,"key":"SMITH"},{"data":"Vampiric_Strike","floor":45,"key":"SMITH"},{"data":"Negative_Energy_Arrows","floor":47,"key":"SMITH"},{"data":"Summon_Vampire_Lady","floor":49,"key":"SMITH"},{"data":"Spectral_Walk","floor":52,"key":"SMITH"}],"circlet_count":0,"master_deck":["Strike_W","Strike_W","Strike_W+1","Strike_W","Defend_W","Defend_W","Defend_W","Defend_W","Negative_Energy_Arrows+1","Bone_Wall","Negative_Energy_Sphere","Blood_Is_Power+1","Cloudkill+1","Spectral_Walk+1","Cloudkill+1","Shade_Step+1","Shackles_Of_Pain","Negative_Energy_Sphere+1","Summon_Death_Knight+1","Summon_Vampire_Lady+1","Blood_Whip+1","Vampiric_Strike+1","Stop_Heart+1","ReplayTheSpireMod:Doomed","Summon_Vampire_Lady+1","CurseOfTheBell","Writhe","Life_Drain+1","Doubt","Blood_Curse+1","Uncharnel+1","Slay_Living+1","Bone_Prison+1","Summon_Vampire_Lady+1","Vampiric_Strike"],"relics":["Vampire_Amulet","Blood Vial","theSenshi:SailorFukuRelic","Regal Pillow","Ring of Hypnosis","ReplayTheSpireMod:Ring of Collecting","Replay:Rubber Ducky","Replay:Ancient Bell","Omamori","Shuriken","Torii","Nunchaku","Pen Nib","Whetstone","Ring of Greed","ReplayTheSpireMod:Lightbulb","The Courier","MealTicket","ReplayTheSpireMod:Shallot","Calling Bell","Akabeko","Quantum Egg","Calipers","Thread and Needle","Pet Ghost","ReplayTheSpireMod:Ring of Challenge","HollowMod:QueensCombRelic","Sling","Strawberry","Orichalcum"],"acts_visited":["Exordium","TheCity","TheBeyond","TheEnding"],"potions_floor_usage":[50,55],"damage_taken":[{"damage":2.0,"enemies":"Small Slimes","floor":1.0,"turns":4.0},{"damage":0.0,"enemies":"Cultist","floor":2.0,"turns":4.0},{"damage":0.0,"enemies":"2 Louse","floor":4.0,"turns":2.0},{"damage":16.0,"enemies":"3 Sentries","floor":7.0,"turns":8.0},{"damage":4.0,"enemies":"2 Fungi Beasts","floor":10.0,"turns":2.0},{"damage":19.0,"enemies":"Lagavulin","floor":12.0,"turns":5.0},{"damage":2.0,"enemies":"HollowMod:MossKnight","floor":14.0,"turns":5.0},{"damage":19.0,"enemies":"Fading Forest","floor":16.0,"turns":11.0},{"damage":4.0,"enemies":"Chosen","floor":18.0,"turns":6.0},{"damage":13.0,"enemies":"Spheric Guardian","floor":20.0,"turns":5.0},{"damage":7.0,"enemies":"Replay:Snechameleon","floor":23.0,"turns":6.0},{"damage":22.0,"enemies":"Cultist and Chosen","floor":24.0,"turns":5.0},{"damage":29.0,"enemies":"Slavers","floor":27.0,"turns":3.0},{"damage":7.0,"enemies":"Snake Plant","floor":28.0,"turns":4.0},{"damage":54.0,"enemies":"Collector","floor":33.0,"turns":8.0},{"damage":5,"enemies":"3 Shapes","floor":35,"turns":4},{"damage":44,"enemies":"2 Orb Walkers","floor":36,"turns":4},{"damage":33,"enemies":"3 Darklings","floor":38,"turns":8},{"damage":4,"enemies":"4 Shapes","floor":39,"turns":6},{"damage":6,"enemies":"Maw","floor":40,"turns":8},{"damage":61,"enemies":"Nemesis","floor":42,"turns":7},{"damage":38,"enemies":"Spire Growth","floor":48,"turns":5},{"damage":88,"enemies":"Awakened One","floor":50,"turns":15},{"damage":56,"enemies":"Shield and Spear","floor":54,"turns":8},{"damage":91,"enemies":"The Heart","floor":55,"turns":14}],"seed_played":"-6872315234995597723","potions_obtained":[{"floor":4.0,"key":"AttackPotion"},{"floor":7.0,"key":"BlessingOfTheForge"},{"floor":10.0,"key":"Fire Potion"},{"floor":14.0,"key":"FairyPotion"},{"floor":28.0,"key":"DistilledChaos"},{"floor":38,"key":"SmokeBomb"},{"floor":54,"key":"Reflective Coating"}],"is_trial":false,"path_per_floor":["M","M","?","M","T","R","E","R","T","M","R","E","?","E","R","B",null,"M","$","M","$","?","E","M","R","T","E","M","?","R","$","R","B",null,"M","?","?","M","M","M","R","E","T","?","R","$","R","M","R","B",null,"R","$","E","B",null],"character_chosen":"NECROMANCER","items_purchased":["Nunchaku","Pen Nib","Sling","Strawberry"],"campfire_rested":0,"item_purchase_floors":[19,21,46,46],"current_hp_per_floor":[75,75,75,75,75,75,65,65,65,67,67,52,52,54,54,67,75,73,73,72,72,72,75,63,63,63,42,41,41,41,56,56,28,75,74,38,57,45,75,75,75,32,32,32,32,54,54,41,41,43,57,57,57,38,48],"gold":51,"neow_bonus":"ONE_RANDOM_RARE_CARD","is_daily":false,"chose_seed":false,"campfire_upgraded":11,"win_rate":0.0,"timestamp":1611950997,"path_taken":["M","M","?","?","?","R","E","R","T","M","R","E","?","E","R","BOSS","M","$","M","$","?","E","?","R","T","E","M","?","R","?","R","BOSS","M","?","?","M","M","M","R","E","T","?","R","$","R","M","R","BOSS","R","$","E","BOSS"],"items_purchased_type":["Relic","Relic","Relic","Relic"],"build_version":"2020-12-22","purchased_purges":2,"victory":true,"max_hp_per_floor":[75,75,75,75,75,75,75,75,75,75,75,75,75,75,75,75,75,75,75,75,75,75,75,75,75,75,75,75,75,75,75,75,75,75,75,75,75,75,75,75,75,75,50,50,50,57,57,57,57,57,57,57,57,57,57],"card_choices":[{"not_picked":["Negative_Energy_Mist","Shackles_Of_Pain"],"picked":"Negative_Energy_Sphere","floor":1.0},{"not_picked":["Summon_Undead_Army","Whirlwind_of_Bones"],"picked":"Blood_Is_Power","floor":2.0},{"not_picked":["Blood_Curse","Bone_Spikes"],"picked":"Spectral_Walk","floor":4.0},{"not_picked":["Stop_Heart","Finger_Of_Death"],"picked":"Cloudkill","floor":7.0},{"not_picked":["Summon_Undead","Consume_Illness"],"picked":"Shade_Step","floor":10.0},{"not_picked":["Bone_Shift","Death_March_Dance"],"picked":"Shackles_Of_Pain","floor":12.0},{"not_picked":["Shade_Step","Bones_to_Steel"],"picked":"Negative_Energy_Sphere","floor":14.0},{"not_picked":["Hellfire","Requiem"],"picked":"Summon_Death_Knight","floor":16.0},{"not_picked":["Sickly","Languid"],"picked":"Writhe","floor":17.0},{"not_picked":["Injury","Spreading Infection"],"picked":"Replay:Hysterical Blindness","floor":17.0},{"not_picked":["Writhe","Regret"],"picked":"Sickly","floor":17.0},{"not_picked":["Bone_Prison","Spectral_Armor"],"picked":"Summon_Vampire_Lady","floor":18.0},{"not_picked":["Death_March_Dance","Death_Coil"],"picked":"Blood_Whip+1","floor":20.0},{"not_picked":["Blood_Shield","Bone_Armory","Blood_Whip"],"picked":"SKIP","floor":23.0},{"not_picked":["Blood_for_Blood","Consume_Illness","Death_March_Dance"],"picked":"SKIP","floor":24.0},{"not_picked":["Blood_for_Blood","Necromantic_Selection"],"picked":"Vampiric_Strike","floor":27.0},{"not_picked":["Negative_Energy_Burst","Toxic_Smoke_Screen"],"picked":"Stop_Heart","floor":28.0},{"not_picked":["Hellfire","Reap_The_Weak"],"picked":"Summon_Vampire_Lady","floor":33.0},{"not_picked":["Negative_Energy_Javelin","Toxic_Smoke_Screen"],"picked":"Life_Drain+1","floor":35},{"not_picked":["Bones_to_Steel","Death_March_Dance"],"picked":"Blood_Curse+1","floor":36},{"not_picked":["Negative_Energy_Mist","Blood_for_Blood+1"],"picked":"Uncharnel+1","floor":38},{"not_picked":["Bone_Shift","Shade_Step","Flesh_Made_Foul+1"],"picked":"SKIP","floor":39},{"not_picked":["Blood_Curse+1","Scare+1"],"picked":"Slay_Living+1","floor":40},{"not_picked":["Consume_Illness+1","Stop_Heart+1"],"picked":"Bone_Prison+1","floor":42},{"not_picked":["Death_March_Dance+1","Blood_Curse"],"picked":"Summon_Vampire_Lady","floor":48},{"not_picked":["Toxic_Smoke_Screen","Bone_Shift+1"],"picked":"Vampiric_Strike","floor":54}],"player_experience":501015,"relics_obtained":[{"floor":7.0,"key":"Blood Vial"},{"floor":9.0,"key":"theSenshi:SailorFukuRelic"},{"floor":12.0,"key":"Regal Pillow"},{"floor":13.0,"key":"Ring of Hypnosis"},{"floor":13.0,"key":"ReplayTheSpireMod:Ring of Collecting"},{"floor":14.0,"key":"Replay:Rubber Ducky"},{"floor":23.0,"key":"Whetstone"},{"floor":26.0,"key":"Ring of Greed"},{"floor":26.0,"key":"ReplayTheSpireMod:Lightbulb"},{"floor":26.0,"key":"The Courier"},{"floor":26.0,"key":"MealTicket"},{"floor":27.0,"key":"ReplayTheSpireMod:Shallot"},{"floor":34,"key":"Akabeko"},{"floor":34,"key":"Quantum Egg"},{"floor":34,"key":"Calipers"},{"floor":36,"key":"Thread and Needle"},{"floor":42,"key":"Pet Ghost"},{"floor":43,"key":"ReplayTheSpireMod:Ring of Challenge"},{"floor":43,"key":"HollowMod:QueensCombRelic"},{"floor":54,"key":"Orichalcum"}],"event_choices":[{"damage_healed":0.0,"max_hp_gain":0.0,"max_hp_loss":0.0,"gold_gain":0.0,"cards_transformed":["Requiem"],"event_name":"Transmorgrifier","player_choice":"Transformed","floor":3.0,"gold_loss":0.0,"damage_taken":0.0,"cards_obtained":["Cloudkill"]},{"damage_healed":0.0,"max_hp_gain":0.0,"max_hp_loss":0.0,"gold_gain":0.0,"event_name":"Accursed Blacksmith","player_choice":"Forge","floor":22.0,"gold_loss":0.0,"damage_taken":0.0,"cards_upgraded":["Summon_Vampire_Lady"]},{"cards_removed":["Sickly"],"damage_healed":0.0,"max_hp_gain":0.0,"max_hp_loss":0.0,"gold_gain":0.0,"event_name":"Beggar","player_choice":"Gave Gold","floor":29.0,"gold_loss":75.0,"damage_taken":0.0},{"damage_healed":0,"gold_gain":0,"player_choice":"Fight","damage_taken":0,"max_hp_gain":0,"max_hp_loss":0,"event_name":"Mysterious Sphere","floor":36,"gold_loss":0},{"damage_healed":19,"gold_gain":0,"player_choice":"Writhe","damage_taken":0,"max_hp_gain":0,"max_hp_loss":0,"event_name":"Winding Halls","floor":37,"gold_loss":0,"cards_obtained":["Writhe"]},{"damage_healed":0,"gold_gain":0,"player_choice":"Ignored","damage_taken":0,"max_hp_gain":0,"max_hp_loss":0,"event_name":"Tomb of Lord Red Mask","floor":44,"gold_loss":0}],"is_beta":false,"boss_relics":[{"not_picked":["Ring of Chaos","Replay:Grab Bag"],"picked":"Replay:Ancient Bell"},{"not_picked":["ReplayTheSpireMod:TigerMarble","Bag of Preparation"],"picked":"Omamori"},{"not_picked":["Onion Ring","Replay:Accelerometer"],"picked":"Shuriken"},{"not_picked":["Incense Burner","Durian"],"picked":"Torii"},{"not_picked":["SacredBark","Astrolabe"],"picked":"Calling Bell"}],"items_purged_floors":[21,46],"is_endless":false,"potions_floor_spawned":[4,7,10,14,20,27,28,38,39,42,48,54],"ascension_level":0}}