{"host":"2brg86hfzr3u5cix","time":1611947435,"event":{"mods":["AchievementEnabler","Ascension Unlocker","BaseMod","CapriCore","DeckTracker","Highlight Path","Keyboard Shortcuts","Minty Spire (QoL Compilation)","Permanent Neow","Relic Stats","StSLib","Twitch Utils","Uncapped","UnlockEverythingMod"],"gold_per_floor":[116,116,166,176,194,194,210,237,237,237,63,92,92,117,117,117,117],"floor_reached":16,"language":"KOR","playtime":724,"items_purged":["Strike_R"],"score":270,"play_id":"efacb5a1-414f-41f3-849d-eaeb3bf8c986","local_time":"20210130041035","is_ascension_mode":true,"campfire_choices":[{"floor":6.0,"key":"RECALL"},{"data":"Hemokinesis","floor":10.0,"key":"SMITH"},{"data":"Armaments","floor":13.0,"key":"SMITH"},{"floor":15.0,"key":"REST"}],"circlet_count":0,"master_deck":["AscendersBane","Strike_R","Strike_R","Strike_R","Defend_R","Defend_R","Defend_R","Defend_R","Bash+1","Evolve","Power Through","Battle Trance","Burning Pact","Hemokinesis+1","Pommel Strike","Pummel","Armaments+1","Sword Boomerang","Shrug It Off"],"relics":["Burning Blood","Smiling Mask","CeramicFish","Orrery","Question Card"],"acts_visited":["Exordium"],"potions_floor_usage":[],"damage_taken":[{"damage":8.0,"enemies":"Jaw Worm","floor":1.0,"turns":5.0},{"damage":2.0,"enemies":"2 Louse","floor":4.0,"turns":4.0},{"damage":12.0,"enemies":"Cultist","floor":5.0,"turns":4.0},{"damage":15.0,"enemies":"Lots of Slimes","floor":7.0,"turns":6.0},{"damage":0.0,"enemies":"3 Sentries","floor":8.0,"turns":14.0},{"damage":3.0,"enemies":"Exordium Wildlife","floor":12.0,"turns":4.0},{"damage":38.0,"enemies":"Lagavulin","floor":14.0,"turns":8.0},{"damage":47,"enemies":"Slime Boss","floor":16,"turns":5}],"seed_played":"-7317989203158818502","potions_obtained":[{"floor":5.0,"key":"DuplicationPotion"},{"floor":7.0,"key":"HeartOfIron"}],"is_trial":false,"path_per_floor":["M","?","?","M","M","R","M","E","T","R","$","M","R","E","R","B"],"character_chosen":"IRONCLAD","items_purchased":["Orrery"],"campfire_rested":1,"item_purchase_floors":[11],"current_hp_per_floor":[66,59,59,63,57,57,48,54,54,54,54,57,57,25,47,0,0],"gold":117,"neow_bonus":"UPGRADE_CARD","is_daily":false,"chose_seed":false,"campfire_upgraded":2,"win_rate":0.0,"timestamp":1611947435,"path_taken":["M","?","?","M","M","R","M","E","T","R","$","M","R","E","R","BOSS"],"items_purchased_type":["Relic"],"build_version":"2020-12-22","purchased_purges":1,"victory":false,"max_hp_per_floor":[75,75,75,75,75,75,75,75,75,75,75,75,75,75,75,75,75],"relic_stats":{"counters":[8,50],"CeramicFish":45,"Smiling Mask":25,"Question Card":0,"obtain_stats":[{"CeramicFish":9,"Orrery":11,"Smiling Mask":8,"Question Card":14,"Burning Blood":0},{"CeramicFish":5,"Orrery":5,"Smiling Mask":5,"Question Card":7,"Burning Blood":0},{"CeramicFish":33,"Orrery":33,"Smiling Mask":33,"Question Card":45,"Burning Blood":0}],"Burning Blood":42},"card_choices":[{"not_picked":["Headbutt","Inflame"],"picked":"Evolve","floor":1.0},{"not_picked":["Perfected Strike","Carnage"],"picked":"Power Through","floor":4.0},{"not_picked":["Shrug It Off","Heavy Blade"],"picked":"Battle Trance","floor":5.0},{"not_picked":["Entrench","Anger"],"picked":"Burning Pact","floor":7.0},{"not_picked":["Wild Strike","Uppercut"],"picked":"Hemokinesis","floor":8.0},{"not_picked":["Infernal Blade","Flex"],"picked":"Pommel Strike","floor":11.0},{"not_picked":["Sword Boomerang","Carnage"],"picked":"Pummel","floor":11.0},{"not_picked":["Searing Blow","Dropkick"],"picked":"Armaments","floor":11.0},{"not_picked":["Body Slam","Flex"],"picked":"Sword Boomerang","floor":11.0},{"not_picked":["Combust","Feel No Pain"],"picked":"Shrug It Off","floor":12.0},{"not_picked":["Body Slam","Heavy Blade","Battle Trance"],"picked":"SKIP","floor":14.0}],"player_experience":339154,"relics_obtained":[{"floor":8.0,"key":"Smiling Mask"},{"floor":9.0,"key":"CeramicFish"},{"floor":14.0,"key":"Question Card"}],"event_choices":[{"cards_removed":["Strike_R"],"damage_healed":0.0,"max_hp_gain":0.0,"max_hp_loss":0.0,"gold_gain":0.0,"event_name":"Golden Wing","player_choice":"Card Removal","floor":2.0,"gold_loss":0.0,"damage_taken":7.0},{"damage_healed":0.0,"max_hp_gain":0.0,"max_hp_loss":0.0,"gold_gain":50.0,"event_name":"Golden Shrine","player_choice":"Pray","floor":3.0,"gold_loss":0.0,"damage_taken":0.0}],"is_beta":false,"boss_relics":[],"items_purged_floors":[11],"is_endless":false,"potions_floor_spawned":[5,7],"killed_by":"Slime Boss","ascension_level":20}}