{"host":"osk2oboccoevp2u5","time":1611886993,"event":{"mods":["AchievementEnabler","Alarm Clock","BaseMod","Colored Powertips","Disable Question Mark Monsters","Displayed Cursed Tome","Hermit","Key Reminder","Minty Spire (QoL Compilation)","Potion Indicator Mod","Quick Restart","Rare Cards Sparkle","Reorder Act Four","StSLib","Useless Jewels Mod"],"gold_per_floor":[161,35,111,111,11,11,24,24,51,83,101,135,110,123,123,221,221,221,221,221,221,221,221,146,146,146,146,146,21,21,21,21,21,21],"floor_reached":33,"language":"ENG","playtime":1837,"items_purged":["hermit:Strike_Hermit","hermit:Strike_Hermit","hermit:Defend_Hermit"],"score":291,"play_id":"f62b3a8a-0316-4496-8cad-fd335213b05f","local_time":"20210128222313","is_ascension_mode":true,"campfire_choices":[{"data":"hermit:Snapshot","floor":6,"key":"SMITH"},{"data":"hermit:Quickdraw","floor":8,"key":"SMITH"},{"floor":15,"key":"REST"},{"data":"hermit:Gestalt","floor":23,"key":"SMITH"},{"floor":30,"key":"REST"},{"floor":32,"key":"REST"}],"circlet_count":0,"master_deck":["hermit:Strike_Hermit+1","hermit:Defend_Hermit","hermit:Defend_Hermit","hermit:Defend_Hermit","hermit:Snapshot+1","hermit:Covet","hermit:Gestalt+1","hermit:Ricochet","hermit:Quickdraw+1","hermit:Misfire","hermit:SprayPray","hermit:Feint","hermit:Feint","hermit:Magnum","hermit:Malice+1","hermit:SprayPray","hermit:Coalescence","hermit:Snipe+1","hermit:Glare+1"],"relics":["Tiny House","Bottled Flame","Oddly Smooth Stone","Orichalcum","Bottled Lightning","Ectoplasm","MawBank"],"acts_visited":["Exordium","TheCity"],"potions_floor_usage":[12,16,16,16,16,16,28,28,33,33],"damage_taken":[{"damage":1,"enemies":"Cultist","floor":1,"turns":3},{"damage":2,"enemies":"Jaw Worm","floor":7,"turns":2},{"damage":8,"enemies":"3 Sentries","floor":10,"turns":7},{"damage":0,"enemies":"Small Slimes","floor":11,"turns":3},{"damage":17,"enemies":"Lagavulin","floor":12,"turns":7},{"damage":0,"enemies":"3 Louse","floor":14,"turns":3},{"damage":28,"enemies":"The Guardian","floor":16,"turns":14},{"damage":18,"enemies":"Spheric Guardian","floor":18,"turns":4},{"damage":0,"enemies":"Chosen","floor":21,"turns":4},{"damage":11,"enemies":"Snake Plant","floor":27,"turns":4},{"damage":31,"enemies":"3 Cultists","floor":28,"turns":6},{"damage":63,"enemies":"Sentry and Sphere","floor":31,"turns":8},{"damage":35,"enemies":"Collector","floor":33,"turns":5}],"seed_played":"-416379308739444611","potions_obtained":[{"floor":0,"key":"BlessingOfTheForge"},{"floor":1,"key":"EntropicBrew"},{"floor":14,"key":"SteroidPotion"},{"floor":16,"key":"LiquidMemories"},{"floor":21,"key":"FearPotion"},{"floor":28,"key":"hermit:BlackBile"}],"is_trial":false,"path_per_floor":["M","$","?","T","$","R","M","R","T","E","M","E","?","M","R","B",null,"M","?","?","M","?","R","?","?","T","M","M","$","R","M","R","B"],"character_chosen":"HERMIT","items_purchased":["hermit:Tonic"],"campfire_rested":3,"item_purchase_floors":[2],"current_hp_per_floor":[79,79,79,79,79,79,77,77,77,69,69,52,52,52,76,48,80,62,62,62,62,62,62,62,62,62,51,20,20,44,48,72,37,37],"gold":21,"neow_bonus":"BOSS_RELIC","is_daily":false,"chose_seed":false,"campfire_upgraded":3,"win_rate":0.0,"timestamp":1611886993,"path_taken":["M","$","?","?","$","R","M","R","T","E","M","E","?","M","R","BOSS","M","?","?","M","?","R","?","?","T","?","M","$","R","M","R","BOSS"],"items_purchased_type":["Potion"],"build_version":"2020-12-22","purchased_purges":3,"victory":false,"max_hp_per_floor":[80,80,80,80,80,80,80,80,80,80,80,80,80,80,80,80,80,80,80,80,80,80,80,80,80,80,80,80,80,80,80,80,80,80],"card_choices":[{"not_picked":["hermit:Headshot","hermit:Virtue"],"picked":"hermit:Gestalt","floor":0},{"not_picked":["hermit:Coalescence","hermit:WideOpen"],"picked":"hermit:Ricochet","floor":1},{"not_picked":["hermit:Virtue","hermit:HighCaliber"],"picked":"hermit:Quickdraw","floor":7},{"not_picked":["hermit:Vantage","hermit:PistolWhip"],"picked":"hermit:Misfire","floor":10},{"not_picked":["hermit:LowProfile","hermit:Grudge"],"picked":"hermit:SprayPray","floor":11},{"not_picked":["hermit:Reprieve","hermit:GoldenBullet"],"picked":"hermit:Feint","floor":12},{"not_picked":["hermit:Spite","hermit:WideOpen"],"picked":"hermit:Feint","floor":14},{"not_picked":["hermit:HighNoon","hermit:Roughhouse"],"picked":"hermit:Magnum","floor":16},{"not_picked":["hermit:WideOpen","hermit:Showdown+1"],"picked":"hermit:Malice+1","floor":18},{"not_picked":["hermit:SprayPray","hermit:EyeOfTheStorm","hermit:Enervate+1"],"picked":"SKIP","floor":21},{"not_picked":["hermit:TrackingShot","hermit:HoleUp","hermit:FatalDesire"],"picked":"SKIP","floor":27},{"not_picked":["hermit:Vantage","hermit:Ricochet"],"picked":"hermit:Snipe+1","floor":28},{"not_picked":["hermit:SprayPray","hermit:Ricochet+1"],"picked":"hermit:Glare+1","floor":31}],"player_experience":961547,"relics_obtained":[{"floor":4,"key":"Bottled Flame"},{"floor":9,"key":"Oddly Smooth Stone"},{"floor":10,"key":"Orichalcum"},{"floor":12,"key":"Bottled Lightning"},{"floor":26,"key":"MawBank"}],"event_choices":[{"damage_healed":0,"gold_gain":76,"player_choice":"Gained Gold","damage_taken":0,"max_hp_gain":0,"max_hp_loss":0,"event_name":"Golden Wing","floor":3,"gold_loss":0},{"damage_healed":0,"gold_gain":0,"player_choice":"Left Gold","damage_taken":0,"max_hp_gain":0,"max_hp_loss":0,"event_name":"World of Goop","floor":13,"gold_loss":25},{"damage_healed":0,"gold_gain":0,"player_choice":"Ignored","damage_taken":0,"max_hp_gain":0,"max_hp_loss":0,"event_name":"Ghosts","floor":19,"gold_loss":0},{"damage_healed":0,"gold_gain":99,"player_choice":"Stole From Cult","damage_taken":0,"max_hp_gain":0,"max_hp_loss":0,"event_name":"Nest","floor":20,"gold_loss":0},{"damage_healed":0,"gold_gain":0,"player_choice":"Read","damage_taken":0,"max_hp_gain":0,"max_hp_loss":0,"event_name":"The Library","floor":22,"gold_loss":0,"cards_obtained":["hermit:SprayPray"]},{"cards_removed":["hermit:Strike_Hermit"],"damage_healed":0,"gold_gain":0,"player_choice":"Gave Gold","damage_taken":0,"max_hp_gain":0,"max_hp_loss":0,"event_name":"Beggar","floor":24,"gold_loss":75},{"damage_healed":0,"gold_gain":0,"player_choice":"1 cards matched","damage_taken":0,"max_hp_gain":0,"max_hp_loss":0,"event_name":"Match and Keep!","floor":25,"gold_loss":0,"cards_obtained":["hermit:Coalescence"]}],"is_beta":false,"boss_relics":[{"not_picked":["Velvet Choker","Pandora\u0027s Box"],"picked":"Ectoplasm"}],"items_purged_floors":[2,5,29],"is_endless":false,"potions_floor_spawned":[1,11,14,16,21,28],"killed_by":"Collector","ascension_level":3}}