{"host":"j49z5jz0n7e8vjox","time":1611946088,"event":{"mods":["AchievementEnabler","BaseMod","Bestiary","Colored Map","Colored Powertips","DeckTracker","Minty Spire (QoL Compilation)","Permanent Neow","UnlockEverythingMod"],"gold_per_floor":[113,128,147,147,147,181,205,205,205,223,242,257,95,109,109,207,207,227,20,93,117,117,117,117],"floor_reached":23,"language":"ENG","playtime":7681,"items_purged":["Strike_B"],"score":390,"play_id":"00edf675-f92a-4444-ae3e-3d45622b9213","local_time":"20210129124808","is_ascension_mode":true,"campfire_choices":[{"floor":8,"key":"REST"},{"floor":15,"key":"REST"}],"circlet_count":0,"master_deck":["AscendersBane","Strike_B","Defend_B","Defend_B","Defend_B","Defend_B","Zap","Dualcast","Biased Cognition","Capacitor","Static Discharge","Compile Driver","Cold Snap","Ball Lightning","Hologram","Double Energy","Chill","Ball Lightning","Core Surge","Defragment+1","Capacitor+1","Double Energy","Lockon"],"relics":["Cracked Core","Golden Idol","Frozen Egg 2","Chemical X","Nuclear Battery","Bottled Flame"],"acts_visited":["Exordium","TheCity"],"potions_floor_usage":[5,16,16,18,23],"damage_taken":[{"damage":4,"enemies":"Jaw Worm","floor":1,"turns":3},{"damage":5,"enemies":"Small Slimes","floor":2,"turns":3},{"damage":1,"enemies":"Cultist","floor":3,"turns":3},{"damage":40,"enemies":"3 Sentries","floor":6,"turns":6},{"damage":2,"enemies":"Looter","floor":7,"turns":3},{"damage":12,"enemies":"Exordium Wildlife","floor":10,"turns":4},{"damage":5,"enemies":"Blue Slaver","floor":11,"turns":3},{"damage":10,"enemies":"3 Louse","floor":12,"turns":3},{"damage":0,"enemies":"Large Slime","floor":14,"turns":4},{"damage":4,"enemies":"Hexaghost","floor":16,"turns":8},{"damage":35,"enemies":"Shell Parasite","floor":18,"turns":4},{"damage":0,"enemies":"Spheric Guardian","floor":21,"turns":4},{"damage":5,"enemies":"Gremlin Leader","floor":23,"turns":3}],"seed_played":"7444288089110812862","potions_obtained":[{"floor":3,"key":"SmokeBomb"},{"floor":5,"key":"Fruit Juice"},{"floor":5,"key":"Weak Potion"},{"floor":6,"key":"Ancient Potion"},{"floor":7,"key":"PotionOfCapacity"},{"floor":16,"key":"ColorlessPotion"},{"floor":18,"key":"Fire Potion"},{"floor":21,"key":"Ancient Potion"}],"is_trial":false,"path_per_floor":["M","M","M","?","?","E","M","R","T","M","M","M","$","M","R","B",null,"M","$","T","M","?","E"],"character_chosen":"DEFECT","items_purchased":["Chemical X","Defragment+1","Explosive Potion"],"campfire_rested":2,"item_purchase_floors":[13,19,19],"current_hp_per_floor":[60,55,54,54,59,19,17,35,35,23,18,8,8,8,26,22,53,18,18,18,18,18,13,13],"gold":117,"neow_bonus":"THREE_RARE_CARDS","is_daily":false,"chose_seed":false,"campfire_upgraded":0,"win_rate":0.0,"timestamp":1611946088,"path_taken":["M","M","M","?","?","E","M","R","T","M","M","M","$","M","R","BOSS","M","$","?","M","?","E"],"items_purchased_type":["Relic","Card","Potion"],"build_version":"2020-12-22","purchased_purges":1,"victory":false,"max_hp_per_floor":[64,64,64,58,63,63,63,63,63,63,63,63,63,63,63,63,63,63,63,63,63,63,63,63],"card_choices":[{"not_picked":["Reboot","Multi-Cast"],"picked":"Biased Cognition","floor":0},{"not_picked":["Sweeping Beam","Cold Snap"],"picked":"Capacitor","floor":1},{"not_picked":["Go for the Eyes","Conserve Battery"],"picked":"Static Discharge","floor":2},{"not_picked":["Skim","Rebound"],"picked":"Compile Driver","floor":3},{"not_picked":["Redo","Go for the Eyes"],"picked":"Cold Snap","floor":6},{"not_picked":["Leap","Beam Cell"],"picked":"Ball Lightning","floor":7},{"not_picked":["Cold Snap","Tempest"],"picked":"Hologram","floor":10},{"not_picked":["Gash","Redo"],"picked":"Double Energy","floor":11},{"not_picked":["Coolheaded","Cold Snap"],"picked":"Chill","floor":12},{"not_picked":["Rip and Tear","Sweeping Beam"],"picked":"Ball Lightning","floor":14},{"not_picked":["Reboot","Hyperbeam"],"picked":"Core Surge","floor":16},{"not_picked":["Skim","Sweeping Beam+1","Conserve Battery"],"picked":"SKIP","floor":18},{"not_picked":["Reprogram","Sweeping Beam"],"picked":"Capacitor+1","floor":21}],"player_experience":801680,"relics_obtained":[{"floor":6,"key":"Frozen Egg 2"},{"floor":20,"key":"Bottled Flame"}],"event_choices":[{"damage_healed":0,"gold_gain":0,"player_choice":"Lose Max HP","damage_taken":0,"relics_obtained":["Golden Idol"],"max_hp_gain":0,"max_hp_loss":6,"event_name":"Golden Idol","floor":4,"gold_loss":0},{"damage_healed":0,"gold_gain":0,"player_choice":"Got Potions","damage_taken":0,"max_hp_gain":0,"max_hp_loss":0,"event_name":"Lab","floor":5,"gold_loss":0},{"damage_healed":0,"gold_gain":0,"cards_transformed":["Strike_B","Strike_B"],"player_choice":"Became Test Subject","damage_taken":0,"max_hp_gain":0,"max_hp_loss":0,"event_name":"Drug Dealer","floor":22,"gold_loss":0,"cards_obtained":["Double Energy","Lockon"]}],"is_beta":false,"boss_relics":[{"not_picked":["Calling Bell","Velvet Choker"],"picked":"Nuclear Battery"}],"items_purged_floors":[19],"is_endless":false,"potions_floor_spawned":[3,6,7,10,16,18,21],"killed_by":"Gremlin Leader","ascension_level":20}}