{"host":"491vyvchqhlfizue","time":1611895727,"event":{"mods":["AchievementEnabler","BaseMod","BetterRewards","Colored Map","Conspire","Downfall","Infinite Spire","Minty Spire (QoL Compilation)","Reliquary","Replay The Spire","Shop Mod","Spikes Relics","StSLib","The Forsaken","The Runesmith"],"gold_per_floor":[115,115,115,115,115,145,145,145,168,193,212,24,199,234,234,332,332,312,227,240,240,255,283,294,319,345,361,14,39,39,39,39,135,135,152,200,217,232,23,23,48,48,48,79,98,115,125,159,159,159],"floor_reached":51,"language":"ENG","playtime":7281,"items_purged":["theForsaken:TheForsaken_Strike","theForsaken:TheForsaken_Defend","infinitespire:Pacifist"],"score":1472,"play_id":"b43f7a81-5606-4998-bfab-5160950d9380","local_time":"20210128234847","is_ascension_mode":true,"campfire_choices":[{"data":"theForsaken:DarkBargain","floor":7.0,"key":"SMITH"},{"data":"Doubt","floor":15.0,"key":"PURGE"},{"data":"ReplayUltimateDefense","floor":30,"key":"SMITH"},{"floor":32,"key":"DIG"},{"data":"theForsaken:DivineGuidance","floor":40,"key":"SMITH"},{"data":"theForsaken:HymnOfPatience","floor":42,"key":"SMITH"},{"data":"theForsaken:DefensiveStance","floor":49,"key":"SMITH"}],"circlet_count":0,"master_deck":["theForsaken:TheForsaken_Strike","theForsaken:TheForsaken_Defend","theForsaken:Smite","theForsaken:Penitence","Reforge","theForsaken:DarkBargain+1","theForsaken:WordsOfMight","theForsaken:BountifulSunlight","theForsaken:FuryStrikes","theForsaken:QuickAttack","ReplayUltimateDefense+1","theForsaken:DefensiveStance+1","theForsaken:HymnOfPatience+1","theForsaken:FountainOfLife","Shame","Intolerance","theForsaken:SpreadingPlague","theForsaken:InspiringBlow+1","theForsaken:QuickAttack","theForsaken:DivineGuidance+1","theForsaken:StoreUp+1","theForsaken:Prudence+1"],"relics":["theForsaken:JudgementScales","Juzu Bracelet","FossilizedHelix","Replay:Baseball","reliquary:Bookmark","MerchantsRug","infinitespire:PuzzleCube","Iron Hammer","reliquary:PorcupineQuills","Regal Pillow","SnailShell","Replay:Ancient Bell","infinitespire:Satchel","Gremlin Horn","conspire:GlowingRock","infinitespire:Golems Mask","infinitespire:CursedDice","reliquary:RoseTintedGlasses","Vajra","reliquary:Boomerang","conspire:Dentures","reliquary:OuijaBoard","MutagenicStrength","Pen Nib","Replay:Bronze Core","Bag of Preparation","Kunai","BicycleWheel","Golden Egg","Chameleon Ring","Onion Ring"],"acts_visited":["Exordium","TheCity","TheBeyond"],"potions_floor_usage":[48,50,50],"damage_taken":[{"damage":0.0,"enemies":"Small Slimes","floor":1.0,"turns":4.0},{"damage":6.0,"enemies":"3 Sentries","floor":6.0,"turns":11.0},{"damage":0.0,"enemies":"Lagavulin","floor":10.0,"turns":6.0},{"damage":0.0,"enemies":"Cultist","floor":11.0,"turns":2.0},{"damage":0.0,"enemies":"Gremlin Nob","floor":14.0,"turns":5.0},{"damage":0.0,"enemies":"Slime Boss","floor":16.0,"turns":7.0},{"damage":0.0,"enemies":"2 Thieves","floor":18.0,"turns":4.0},{"damage":5.0,"enemies":"Shell Parasite","floor":20.0,"turns":5.0},{"damage":13.0,"enemies":"Snake Plant","floor":22.0,"turns":6.0},{"damage":0.0,"enemies":"Nightmare","floor":23.0,"turns":8.0},{"damage":0.0,"enemies":"Snecko","floor":24.0,"turns":5.0},{"damage":0.0,"enemies":"Gremlin Leader","floor":25.0,"turns":5.0},{"damage":22.0,"enemies":"Centurion and Healer","floor":27.0,"turns":7.0},{"damage":5,"enemies":"Slavers","floor":29,"turns":5},{"damage":5,"enemies":"Champ","floor":33,"turns":8},{"damage":0,"enemies":"3 Shapes","floor":35,"turns":5},{"damage":0,"enemies":"conspire:MimicChest","floor":36,"turns":7},{"damage":0,"enemies":"Orb Walker","floor":37,"turns":5},{"damage":0,"enemies":"Spire Growth","floor":38,"turns":6},{"damage":0,"enemies":"Nightmare","floor":41,"turns":12},{"damage":0,"enemies":"Reptomancer","floor":44,"turns":11},{"damage":0,"enemies":"3 Darklings","floor":45,"turns":12},{"damage":0,"enemies":"Maw","floor":46,"turns":6},{"damage":0,"enemies":"Transient","floor":47,"turns":5},{"damage":3,"enemies":"R_Hoarder","floor":48,"turns":7},{"damage":0,"enemies":"infinitespire:MassOfShapes","floor":50,"turns":8}],"seed_played":"-4002306158792734016","potions_obtained":[{"floor":10.0,"key":"Venom Potion"},{"floor":11.0,"key":"Slimebound:ThreeZeroPotion"},{"floor":14.0,"key":"sneckomod:MuddlingPotion"},{"floor":18.0,"key":"Strength Potion"},{"floor":25.0,"key":"sneckomod:MuddlingPotion"},{"floor":27.0,"key":"Swift Potion"},{"floor":29,"key":"Cursed Concoction"},{"floor":36,"key":"hexamod:SoulburnPotion"},{"floor":41,"key":"Dexterity Potion"},{"floor":44,"key":"FearPotion"},{"floor":45,"key":"GamblersBrew"},{"floor":46,"key":"ColorlessPotion"}],"is_trial":false,"path_per_floor":["M","?","?","?","?","E","R","?","T","E","M","$","?","E","R_BF","B",null,"M","?","M","?","M","NM","M","E","T","M","$","E","R","?","R_BF","B",null,"M","?","M","M","$","R","NM","R","T","E","M","M","M","E","R","B",null],"character_chosen":"THE_FORSAKEN","items_purchased":["Juzu Bracelet","FossilizedHelix","Reforge","Replay:Baseball","reliquary:Bookmark","theForsaken:DarkBargain","MerchantsRug","Swift Potion","PowerPotion","Strength Potion","ReplayUltimateDefense","theForsaken:DefensiveStance","conspire:Dentures","Kunai"],"campfire_rested":0,"item_purchase_floors":[0,0,0,0,0,0,0,0,0,0,12,12,28,39],"current_hp_per_floor":[59,59,59,52,52,65,65,65,65,65,65,65,65,65,65,65,65,65,65,63,63,62,73,75,78,78,80,80,84,84,84,84,90,90,93,99,99,99,99,99,144,144,144,204,276,282,285,285,285,291],"gold":159,"neow_bonus":"","is_daily":false,"chose_seed":false,"campfire_upgraded":5,"win_rate":0.0,"timestamp":1611895727,"path_taken":["M","?","?","?","?","E","R","?","T","E","M","$","?","E","R_BF","BOSS","M","?","M","?","M","NM","M","E","T","M","$","E","R","?","R_BF","BOSS","M","?","M","M","$","R","NM","R","T","E","M","M","M","E","R","BOSS"],"items_purchased_type":["Relic","Relic","Card","Relic","Relic","Card","Relic","Potion","Potion","Potion","Card","Card","Relic","Relic"],"build_version":"2020-12-22","purchased_purges":3,"victory":true,"max_hp_per_floor":[65,65,65,65,65,65,65,65,65,65,65,65,65,65,65,65,65,65,65,68,68,71,73,75,78,78,81,81,84,84,84,84,90,90,93,99,99,99,99,99,144,144,144,204,276,282,285,288,288,291],"card_choices":[{"not_picked":["theForsaken:CowardsBrand","theForsaken:CreepingInfection"],"picked":"theForsaken:WordsOfMight","floor":1.0},{"not_picked":["theForsaken:ShieldCharge","theForsaken:ScorchingSunlight","theForsaken:Thunderbolt"],"picked":"SKIP","floor":6.0},{"not_picked":["theForsaken:Preservation","theForsaken:BountifulSunlight"],"picked":"theForsaken:FuryStrikes","floor":10.0},{"not_picked":["theForsaken:Enfeeble","theForsaken:AncientWords"],"picked":"theForsaken:QuickAttack","floor":11.0},{"not_picked":["theForsaken:FuryStrikes","theForsaken:Confusion"],"picked":"theForsaken:HymnOfPatience","floor":14.0},{"not_picked":["theForsaken:Prudence","theForsaken:DarkRift"],"picked":"theForsaken:FountainOfLife","floor":16.0},{"not_picked":["Pain","conspire:NecroticWound"],"picked":"infinitespire:Pacifist","floor":17.0},{"not_picked":["Amnesia","theForsaken:PlagueCurse"],"picked":"Shame","floor":17.0},{"not_picked":["conspire:Blindness","Hallucinations"],"picked":"Intolerance","floor":17.0},{"not_picked":["theForsaken:NobleSacrifice","theForsaken:BattleHymn+1"],"picked":"theForsaken:SpreadingPlague","floor":18.0},{"not_picked":["theForsaken:Tranquility+1","theForsaken:Parry+1","theForsaken:ShieldCharge"],"picked":"SKIP","floor":20.0},{"not_picked":["theForsaken:HorrifyingStrike+1","theForsaken:BlindFaith"],"picked":"theForsaken:InspiringBlow+1","floor":22.0},{"not_picked":["theForsaken:CreepingInfection+1","theForsaken:Eulogy","theForsaken:BlindFaith"],"picked":"SKIP","floor":23.0},{"not_picked":["theForsaken:ShieldBash+1","theForsaken:BlindFaith","theForsaken:Preservation"],"picked":"SKIP","floor":24.0},{"not_picked":["theForsaken:BattleHymn","theForsaken:Preservation"],"picked":"theForsaken:QuickAttack","floor":25.0},{"not_picked":["theForsaken:TearsOfSunlight","theForsaken:CreepingInfection","theForsaken:Parry"],"picked":"SKIP","floor":27.0},{"not_picked":["theForsaken:QuickAttack","theForsaken:BountifulSunlight","theForsaken:DarkRift"],"picked":"SKIP","floor":29},{"not_picked":["theForsaken:Retribution","theForsaken:SacrificeSoul"],"picked":"theForsaken:DivineGuidance","floor":33},{"not_picked":["theForsaken:PanicDive","theForsaken:ScorchingSunlight+1","theForsaken:DarkBarrier"],"picked":"SKIP","floor":35},{"not_picked":["theForsaken:PanicDive+1","theForsaken:HorrifyingStrike+1"],"picked":"theForsaken:StoreUp+1","floor":37},{"not_picked":["theForsaken:PanicDive+1","theForsaken:HorrifyingStrike","theForsaken:ChargeAttack"],"picked":"SKIP","floor":38},{"not_picked":["theForsaken:PanicDive+1","theForsaken:CreepingInfection+1","theForsaken:WordsOfMight"],"picked":"SKIP","floor":41},{"not_picked":["theForsaken:FuryStrikes+1","theForsaken:MagicWeapon","theForsaken:Tranquility+1"],"picked":"SKIP","floor":44},{"not_picked":["theForsaken:ScorchingSunlight+1","theForsaken:StoreUp+1","theForsaken:RainingSunlight"],"picked":"SKIP","floor":45},{"not_picked":["theForsaken:Enfeeble+1","theForsaken:WrathOfGod","theForsaken:FuryStrikes"],"picked":"SKIP","floor":46},{"not_picked":["theForsaken:DarkBargain","theForsaken:WordOfPower+1"],"picked":"theForsaken:Prudence","floor":47},{"not_picked":["theForsaken:AncientWords+1","theForsaken:NobleSacrifice+1","theForsaken:BindingThorns+1"],"picked":"SKIP","floor":48}],"player_experience":34339,"relics_obtained":[{"floor":6.0,"key":"infinitespire:PuzzleCube"},{"floor":8.0,"key":"Iron Hammer"},{"floor":9.0,"key":"reliquary:PorcupineQuills"},{"floor":10.0,"key":"Regal Pillow"},{"floor":14.0,"key":"SnailShell"},{"floor":23.0,"key":"reliquary:RoseTintedGlasses"},{"floor":25.0,"key":"Vajra"},{"floor":26.0,"key":"reliquary:Boomerang"},{"floor":29,"key":"reliquary:OuijaBoard"},{"floor":32,"key":"Pen Nib"},{"floor":36,"key":"Bag of Preparation"},{"floor":41,"key":"BicycleWheel"},{"floor":43,"key":"Golden Egg"},{"floor":44,"key":"Chameleon Ring"},{"floor":48,"key":"Onion Ring"}],"event_choices":[{"damage_healed":0.0,"max_hp_gain":0.0,"max_hp_loss":0.0,"gold_gain":0.0,"cards_transformed":["theForsaken:TheForsaken_Defend"],"event_name":"Transmorgrifier","player_choice":"Transformed","floor":2.0,"gold_loss":0.0,"damage_taken":0.0,"cards_obtained":["theForsaken:BountifulSunlight"]},{"cards_removed":["theForsaken:TheForsaken_Strike"],"damage_healed":0.0,"max_hp_gain":0.0,"max_hp_loss":0.0,"gold_gain":0.0,"event_name":"Purifier","player_choice":"Purged","floor":3.0,"gold_loss":0.0,"damage_taken":0.0},{"cards_removed":["theForsaken:TheForsaken_Defend"],"damage_healed":0.0,"max_hp_gain":0.0,"max_hp_loss":0.0,"gold_gain":0.0,"event_name":"Golden Wing","player_choice":"Card Removal","floor":4.0,"gold_loss":0.0,"damage_taken":7.0},{"cards_removed":["theForsaken:TheForsaken_Strike"],"damage_healed":0.0,"max_hp_gain":0.0,"max_hp_loss":0.0,"gold_gain":0.0,"event_name":"Bonfire Elementals","player_choice":"Offered Basic","floor":5.0,"gold_loss":0.0,"damage_taken":0.0},{"damage_healed":0.0,"max_hp_gain":0.0,"max_hp_loss":0.0,"gold_gain":175.0,"event_name":"Liars Game","player_choice":"AGREE","floor":13.0,"gold_loss":0.0,"damage_taken":0.0,"cards_obtained":["Doubt"]},{"damage_healed":0.0,"max_hp_gain":0.0,"max_hp_loss":0.0,"gold_gain":0.0,"event_name":"Addict","player_choice":"Obtained Relic","floor":19.0,"gold_loss":85.0,"damage_taken":0.0,"relics_obtained":["infinitespire:Golems Mask"]},{"damage_healed":0.0,"max_hp_gain":0.0,"max_hp_loss":0.0,"gold_gain":0.0,"event_name":"WeMeetAgain","player_choice":"Gave Potion","floor":21.0,"gold_loss":0.0,"damage_taken":0.0,"relics_obtained":["infinitespire:CursedDice"]},{"damage_healed":0,"gold_gain":0,"player_choice":"Inject Mutagens","damage_taken":0,"relics_obtained":["MutagenicStrength"],"max_hp_gain":0,"max_hp_loss":0,"event_name":"Drug Dealer","floor":31,"gold_loss":0}],"is_beta":false,"boss_relics":[{"not_picked":["Coffee Dripper","Runic Pyramid"],"picked":"Replay:Ancient Bell"},{"not_picked":["MiniBlackHole","MawBank"],"picked":"infinitespire:Satchel"},{"not_picked":["Mercury Hourglass","Darkstone Periapt"],"picked":"Gremlin Horn"},{"not_picked":["infinitespire:Magic Flask","Ginger"],"picked":"conspire:GlowingRock"},{"not_picked":["Busted Crown","Velvet Choker"],"picked":"Replay:Bronze Core"}],"items_purged_floors":[0,0,28],"is_endless":false,"potions_floor_spawned":[10,11,14,18,25,27,29,36,41,44,45,46,47],"ascension_level":6}}