{"host":"59wnhi65kiwmnpg4","time":1611917787,"event":{"mods":["2.2 Compatiblity","AchievementEnabler","BaseMod","BetterRewards","Colored Map","Custom Start","Disable Question Mark Monsters","Highlight Path","Minty Spire (QoL Compilation)","Relic Sorter","Relic Stats"],"gold_per_floor":[216,65,84,34,50,81,81,106,132,152,152,152,183,193,193,292,292,304,304,316,333,46,46,57,85,97,127,139,169,181,227,239,348,360,392,404,768,792,37,37,47,82,82,114,0,17,17,32,32,32],"floor_reached":51,"language":"ENG","playtime":3320,"items_purged":["Strike_P","Strike_P"],"score":1065,"play_id":"295bf613-4d9b-4d93-a754-44ef5c03347b","local_time":"20210129105627","is_ascension_mode":true,"campfire_choices":[{"data":"WreathOfFlame","floor":7.0,"key":"SMITH"},{"data":"Tantrum","floor":12.0,"key":"SMITH"},{"data":"ClearTheMind","floor":15.0,"key":"SMITH"},{"data":"Ragnarok","floor":23,"key":"SMITH"},{"data":"Conclude","floor":28,"key":"SMITH"},{"data":"Tantrum","floor":30,"key":"SMITH"},{"data":"Study","floor":32,"key":"SMITH"},{"data":"TalkToTheHand","floor":40,"key":"SMITH"},{"data":"Worship","floor":49,"key":"SMITH"}],"circlet_count":0,"master_deck":["Strike_P+1","Defend_P","Defend_P","Eruption+1","Vigilance","Tantrum+1","WreathOfFlame+1","BowlingBash","EmptyFist+1","LessonLearned","Tantrum+1","ClearTheMind+1","Omniscience+1","Worship+1","ForeignInfluence+1","ThirdEye","Ragnarok+1","Conclude+1","TalkToTheHand+1","Study+1","Omniscience+1","CurseOfTheBell","Wallop+1","Crescendo","Vault","Fasting2+1","ConjureBlade","Adaptation+1"],"relics":["PureWater","Bag of Marbles","Damaru","Boot","Dream Catcher","Anchor","Snecko Eye","MawBank","InkBottle","Vajra","Calling Bell","Pen Nib","Mummified Hand","Prayer Wheel","Old Coin","Centennial Puzzle","Thread and Needle","Bird Faced Urn","Blue Candle","CaptainsWheel","Red Mask"],"acts_visited":["Exordium","TheCity","TheBeyond"],"potions_floor_usage":[21,50,50],"damage_taken":[{"damage":9.0,"enemies":"2 Louse","floor":1.0,"turns":3.0},{"damage":0.0,"enemies":"Small Slimes","floor":3.0,"turns":2.0},{"damage":0.0,"enemies":"Cultist","floor":5.0,"turns":1.0},{"damage":0.0,"enemies":"Gremlin Nob","floor":6.0,"turns":2.0},{"damage":0.0,"enemies":"Lagavulin","floor":8.0,"turns":1.0},{"damage":4.0,"enemies":"Blue Slaver","floor":10.0,"turns":3.0},{"damage":0.0,"enemies":"Gremlin Nob","floor":13.0,"turns":2.0},{"damage":0.0,"enemies":"3 Louse","floor":14.0,"turns":2.0},{"damage":62.0,"enemies":"The Guardian","floor":16.0,"turns":11.0},{"damage":0.0,"enemies":"3 Byrds","floor":18.0,"turns":3.0},{"damage":10.0,"enemies":"2 Thieves","floor":20.0,"turns":2.0},{"damage":0,"enemies":"Shelled Parasite and Fungi","floor":21,"turns":1},{"damage":11,"enemies":"Snake Plant","floor":24,"turns":2},{"damage":0,"enemies":"Book of Stabbing","floor":25,"turns":1},{"damage":0,"enemies":"Centurion and Healer","floor":27,"turns":2},{"damage":0,"enemies":"Snecko","floor":29,"turns":1},{"damage":0,"enemies":"Gremlin Leader","floor":31,"turns":3},{"damage":37,"enemies":"Collector","floor":33,"turns":5},{"damage":0,"enemies":"Orb Walker","floor":35,"turns":2},{"damage":5,"enemies":"2 Orb Walkers","floor":37,"turns":2},{"damage":0,"enemies":"3 Shapes","floor":38,"turns":1},{"damage":0,"enemies":"Writhing Mass","floor":41,"turns":3},{"damage":0,"enemies":"Nemesis","floor":42,"turns":3},{"damage":0,"enemies":"Reptomancer","floor":44,"turns":3},{"damage":0,"enemies":"Jaw Worm Horde","floor":46,"turns":1},{"damage":0,"enemies":"Maw","floor":48,"turns":1},{"damage":0,"enemies":"Time Eater","floor":50,"turns":2}],"seed_played":"169040276232839329","potions_obtained":[{"floor":1.0,"key":"SteroidPotion"},{"floor":10.0,"key":"BlessingOfTheForge"},{"floor":13.0,"key":"Energy Potion"},{"floor":20.0,"key":"LiquidBronze"},{"floor":21,"key":"BlessingOfTheForge"},{"floor":31,"key":"SteroidPotion"}],"is_trial":false,"path_per_floor":["M","$","M","?","M","E","R","E","T","M","?","R","E","M","R","B",null,"M","?","M","M","$","R","M","E","T","M","R","M","R","E","R","B",null,"M","?","?","M","$","R","M","E","T","E","?","M","?","M","R","B",null],"character_chosen":"WATCHER","items_purchased":["Bag of Marbles","Ragnarok","SteroidPotion","Vault","DuplicationPotion","Centennial Puzzle","Thread and Needle"],"campfire_rested":0,"item_purchase_floors":[2,22,22,39,39,39,39],"current_hp_per_floor":[63,63,63,63,63,63,63,63,63,59,64,64,64,64,64,2,77,77,77,67,67,67,67,56,56,56,56,56,56,56,56,56,19,77,77,73,68,68,68,68,68,68,68,68,68,68,68,68,68,68],"gold":32,"neow_bonus":"HUNDRED_GOLD","is_daily":false,"chose_seed":false,"campfire_upgraded":9,"win_rate":0.0,"timestamp":1611917787,"path_taken":["M","$","M","?","M","E","R","E","T","M","?","R","E","M","R","BOSS","M","?","M","M","$","R","?","E","T","M","R","M","R","E","R","BOSS","M","?","?","M","$","R","M","E","T","E","?","M","?","?","R","BOSS"],"items_purchased_type":["Relic","Card","Potion","Card","Potion","Relic","Relic"],"build_version":"2020-12-22","purchased_purges":2,"victory":true,"max_hp_per_floor":[72,72,72,72,72,72,72,72,72,72,77,77,77,77,77,77,77,77,77,77,77,77,77,77,77,77,77,77,77,77,77,77,77,77,77,73,73,73,73,73,73,73,73,73,73,73,73,73,73,73],"relic_stats":{"counters":[27,65],"Blue Candle":[0],"Pen Nib":[3],"Boot":[81],"MawBank":168,"Dream Catcher":0,"Centennial Puzzle":[0],"Mummified Hand":[4],"Bird Faced Urn":[0],"Snecko Eye":[58,72,71,67],"Prayer Wheel":5,"obtain_stats":[{"Blue Candle":43,"Damaru":6,"Vajra":31,"Thread and Needle":39,"Pen Nib":34,"Boot":8,"MawBank":25,"Old Coin":37,"Calling Bell":34,"Dream Catcher":9,"Anchor":13,"Centennial Puzzle":39,"CaptainsWheel":44,"Mummified Hand":34,"Bird Faced Urn":42,"Snecko Eye":17,"Prayer Wheel":34,"Bag of Marbles":2,"Red Mask":45,"PureWater":0,"InkBottle":26},{"Blue Candle":23,"Damaru":4,"Vajra":17,"Thread and Needle":21,"Pen Nib":18,"Boot":5,"MawBank":14,"Old Coin":20,"Calling Bell":18,"Dream Catcher":5,"Anchor":7,"Centennial Puzzle":21,"CaptainsWheel":24,"Mummified Hand":18,"Bird Faced Urn":23,"Snecko Eye":9,"Prayer Wheel":18,"Bag of Marbles":1,"Red Mask":24,"PureWater":0,"InkBottle":14},{"Blue Candle":58,"Damaru":8,"Vajra":42,"Thread and Needle":52,"Pen Nib":47,"Boot":9,"MawBank":36,"Old Coin":51,"Calling Bell":47,"Dream Catcher":9,"Anchor":14,"Centennial Puzzle":52,"CaptainsWheel":61,"Mummified Hand":47,"Bird Faced Urn":58,"Snecko Eye":27,"Prayer Wheel":47,"Bag of Marbles":3,"Red Mask":61,"PureWater":0,"InkBottle":36}],"InkBottle":[9]},"card_choices":[{"not_picked":["Meditate","Nirvana"],"picked":"Tantrum","floor":1.0},{"not_picked":["Sanctity","ThirdEye"],"picked":"WreathOfFlame","floor":3.0},{"not_picked":["Nirvana","CutThroughFate"],"picked":"BowlingBash","floor":5.0},{"not_picked":["WindmillStrike","Perseverance"],"picked":"EmptyFist","floor":6.0},{"not_picked":["ClearTheMind","SashWhip"],"picked":"LessonLearned","floor":8.0},{"not_picked":["FlurryOfBlows","WaveOfTheHand","Consecrate"],"picked":"SKIP","floor":10.0},{"not_picked":["ThirdEye","CrushJoints"],"picked":"Tantrum","floor":13.0},{"not_picked":["WindmillStrike","Prostrate"],"picked":"ClearTheMind","floor":14.0},{"not_picked":["Establishment","MasterReality"],"picked":"Omniscience","floor":16.0},{"not_picked":["PathToVictory+1","FlyingSleeves"],"picked":"Worship","floor":18.0},{"not_picked":["FollowUp+1","Prostrate"],"picked":"ForeignInfluence+1","floor":20.0},{"not_picked":["Prostrate","Consecrate"],"picked":"ThirdEye","floor":21},{"not_picked":["Judgement","SashWhip+1","JustLucky"],"picked":"SKIP","floor":24},{"not_picked":["WaveOfTheHand","JustLucky+1","Consecrate+1"],"picked":"SKIP","floor":25},{"not_picked":["CrushJoints","FlyingSleeves+1"],"picked":"Conclude","floor":27},{"not_picked":["InnerPeace","SashWhip"],"picked":"TalkToTheHand","floor":29},{"not_picked":["EmptyBody","WheelKick+1"],"picked":"Study","floor":31},{"not_picked":["Vault","Scrawl"],"picked":"Omniscience","floor":33},{"not_picked":["MentalFortress","Crescendo","Indignation+1"],"picked":"SKIP","floor":35},{"not_picked":["Prostrate","BowlingBash","CutThroughFate"],"picked":"SKIP","floor":35},{"not_picked":["MentalFortress","DeceiveReality+1"],"picked":"Wallop+1","floor":37},{"not_picked":["FlyingSleeves+1","ClearTheMind+1"],"picked":"Crescendo","floor":38},{"not_picked":["ThirdEye","FlurryOfBlows+1","FlyingSleeves"],"picked":"SKIP","floor":38},{"not_picked":["ClearTheMind+1","JustLucky"],"picked":"Fasting2+1","floor":41},{"not_picked":["Crescendo+1","EmptyFist+1","SignatureMove+1"],"picked":"SKIP","floor":41},{"not_picked":["EmptyBody","Prostrate+1"],"picked":"ConjureBlade","floor":42},{"not_picked":["CrushJoints","PathToVictory","CutThroughFate"],"picked":"SKIP","floor":44},{"not_picked":["BowlingBash","EmptyBody"],"picked":"Adaptation+1","floor":46},{"not_picked":["Prostrate","JustLucky+1","Fasting2+1"],"picked":"SKIP","floor":46},{"not_picked":["WaveOfTheHand","CrushJoints","FollowUp+1"],"picked":"SKIP","floor":48},{"not_picked":["ReachHeaven+1","Blasphemy","ThirdEye+1"],"picked":"SKIP","floor":48}],"player_experience":851887,"relics_obtained":[{"floor":6.0,"key":"Damaru"},{"floor":8.0,"key":"Boot"},{"floor":9.0,"key":"Dream Catcher"},{"floor":13.0,"key":"Anchor"},{"floor":25,"key":"MawBank"},{"floor":26,"key":"InkBottle"},{"floor":31,"key":"Vajra"},{"floor":34,"key":"Pen Nib"},{"floor":34,"key":"Mummified Hand"},{"floor":34,"key":"Prayer Wheel"},{"floor":37,"key":"Old Coin"},{"floor":42,"key":"Bird Faced Urn"},{"floor":43,"key":"Blue Candle"},{"floor":44,"key":"CaptainsWheel"}],"event_choices":[{"cards_removed":["Defend_P"],"damage_healed":0.0,"max_hp_gain":0.0,"max_hp_loss":0.0,"gold_gain":0.0,"event_name":"The Cleric","player_choice":"Card Removal","floor":4.0,"gold_loss":50.0,"damage_taken":0.0},{"damage_healed":0.0,"max_hp_gain":5.0,"max_hp_loss":0.0,"gold_gain":0.0,"event_name":"Big Fish","player_choice":"Donut","floor":11.0,"gold_loss":0.0,"damage_taken":0.0},{"cards_removed":["Strike_P"],"damage_healed":0.0,"max_hp_gain":0.0,"max_hp_loss":0.0,"gold_gain":0.0,"event_name":"Wheel of Change","player_choice":"Card Removal","floor":19.0,"gold_loss":0.0,"damage_taken":0.0},{"damage_healed":0,"gold_gain":0,"player_choice":"Max HP","damage_taken":0,"max_hp_gain":0,"max_hp_loss":4,"event_name":"Winding Halls","floor":36,"gold_loss":0},{"damage_healed":0,"gold_gain":0,"player_choice":"Fight","damage_taken":0,"max_hp_gain":0,"max_hp_loss":0,"event_name":"Mysterious Sphere","floor":37,"gold_loss":0},{"damage_healed":0,"gold_gain":0,"player_choice":"Paid","damage_taken":0,"relics_obtained":["Red Mask"],"max_hp_gain":0,"max_hp_loss":0,"event_name":"Tomb of Lord Red Mask","floor":45,"gold_loss":114},{"cards_removed":["Defend_P"],"damage_healed":0,"gold_gain":0,"player_choice":"Removed Skill","damage_taken":0,"max_hp_gain":0,"max_hp_loss":0,"event_name":"Falling","floor":47,"gold_loss":0}],"is_beta":false,"boss_relics":[{"not_picked":["SacredBark","SlaversCollar"],"picked":"Snecko Eye"},{"not_picked":["Velvet Choker","Astrolabe"],"picked":"Calling Bell"}],"items_purged_floors":[22,39],"is_endless":false,"potions_floor_spawned":[1,10,13,20,21,27,31,33,37,38,46],"ascension_level":1}}