{"host":"q206iib20se9i6w7","time":1611937559,"event":{"mods":["AchievementEnabler","BaseMod","Bestiary","Block Reminder","Colored Map","Colored Powertips","Curses Come First","Highlight Path","Key Reminder","Minty Spire (QoL Compilation)","Quick Restart","Random Character Button","Relic Stats","StSLib","SuperFastMode","Unceasing Turn Reminder"],"gold_per_floor":[113,26,41,53,69,69,83,109,136,171,171,236,266,266,266,363,363,379,266,266,266,14,43,43,77,100,100,119,119,150,162,162,162,162],"floor_reached":33,"language":"ENG","playtime":2210,"items_purged":[],"score":634,"play_id":"ad42652f-8a44-4be0-a207-af98e36f809d","local_time":"20210129102559","is_ascension_mode":true,"campfire_choices":[{"data":"Enlightenment","floor":6,"key":"SMITH"},{"data":"Evaluate","floor":11,"key":"SMITH"},{"floor":15,"key":"REST"},{"floor":24,"key":"REST"},{"floor":27,"key":"REST"},{"data":"WaveOfTheHand","floor":29,"key":"SMITH"},{"data":"Meditate","floor":32,"key":"SMITH"}],"circlet_count":0,"master_deck":["AscendersBane","Eruption","Vigilance","ReachHeaven","FearNoEvil","Enlightenment+1","Evaluate+1","WheelKick","EmptyBody","Crescendo","Study","CutThroughFate","DevaForm","CutThroughFate","MasterReality","Study","Evaluate","WindmillStrike","Evaluate","WaveOfTheHand+1","Crescendo+1","Nirvana","Vengeance","DeceiveReality","EmptyFist","FlurryOfBlows","Tantrum","Meditate+1"],"relics":["PureWater","Sundial","Ancient Tea Set","Bronze Scales","Blood Vial","Omamori","Pandora\u0027s Box","MutagenicStrength","Mummified Hand","White Beast Statue","keyreminder:keyreminder","InkBottle","Pen Nib","Oddly Smooth Stone"],"acts_visited":["Exordium","TheCity"],"potions_floor_usage":[8,10,13,30,31,33],"damage_taken":[{"damage":3,"enemies":"2 Louse","floor":1,"turns":4},{"damage":2,"enemies":"Jaw Worm","floor":3,"turns":2},{"damage":0,"enemies":"Cultist","floor":4,"turns":3},{"damage":0,"enemies":"Large Slime","floor":5,"turns":5},{"damage":6,"enemies":"Looter","floor":7,"turns":3},{"damage":5,"enemies":"3 Sentries","floor":8,"turns":7},{"damage":13,"enemies":"Lagavulin","floor":10,"turns":5},{"damage":10,"enemies":"Gremlin Nob","floor":12,"turns":3},{"damage":10,"enemies":"3 Sentries","floor":13,"turns":5},{"damage":0,"enemies":"Slime Boss","floor":16,"turns":4},{"damage":0,"enemies":"Chosen","floor":18,"turns":4},{"damage":42,"enemies":"Book of Stabbing","floor":23,"turns":6},{"damage":29,"enemies":"Gremlin Leader","floor":25,"turns":5},{"damage":5,"enemies":"Shell Parasite","floor":28,"turns":4},{"damage":0,"enemies":"Slavers","floor":30,"turns":3},{"damage":4,"enemies":"3 Cultists","floor":31,"turns":4},{"damage":57,"enemies":"Automaton","floor":33,"turns":6}],"seed_played":"-5202225189918171380","potions_obtained":[{"floor":5,"key":"Explosive Potion"},{"floor":7,"key":"DuplicationPotion"},{"floor":10,"key":"Swift Potion"},{"floor":16,"key":"SmokeBomb"},{"floor":25,"key":"AttackPotion"},{"floor":30,"key":"BlessingOfTheForge"},{"floor":31,"key":"PowerPotion"}],"is_trial":false,"path_per_floor":["M","$","M","M","M","R","M","E","T","E","R","?","E","?","R","B",null,"M","$","?","?","$","E","R","E","T","R","M","R","E","M","R","B"],"character_chosen":"WATCHER","items_purchased":["Enlightenment","Nirvana","Vengeance","Mummified Hand"],"campfire_rested":3,"item_purchase_floors":[2,19,19,22],"current_hp_per_floor":[62,62,60,60,60,60,54,49,49,36,36,26,18,18,39,41,64,66,66,66,66,66,26,47,20,20,41,38,38,40,38,38,0,0],"gold":162,"neow_bonus":"TRANSFORM_CARD","is_daily":false,"chose_seed":false,"campfire_upgraded":4,"win_rate":0.0,"timestamp":1611937559,"path_taken":["M","$","M","M","M","R","M","E","T","E","R","?","E","?","R","BOSS","M","?","?","?","$","E","R","E","T","R","M","R","E","M","R","BOSS"],"items_purchased_type":["Card","Card","Card","Relic"],"build_version":"2020-12-22","purchased_purges":0,"victory":false,"max_hp_per_floor":[72,72,72,72,72,72,72,72,72,72,72,72,72,72,72,72,72,72,72,72,72,72,72,72,72,72,72,72,72,72,72,72,72,72],"relic_stats":{"Blood Vial":18,"counters":[17,73],"Sundial":[4],"Mummified Hand":[29],"Bronze Scales":[135],"Pandora\u0027s Box":["Study","Evaluate","WindmillStrike","Evaluate","JustLucky","WaveOfTheHand"],"Pen Nib":[3],"obtain_stats":[{"Oddly Smooth Stone":30,"Pen Nib":26,"Omamori":13,"Ancient Tea Set":9,"White Beast Statue":23,"Blood Vial":12,"keyreminder:keyreminder":23,"Sundial":8,"Mummified Hand":22,"Bronze Scales":10,"MutagenicStrength":21,"Pandora\u0027s Box":17,"PureWater":0,"InkBottle":25},{"Oddly Smooth Stone":15,"Pen Nib":13,"Omamori":9,"Ancient Tea Set":6,"White Beast Statue":12,"Blood Vial":8,"keyreminder:keyreminder":12,"Sundial":6,"Mummified Hand":11,"Bronze Scales":7,"MutagenicStrength":11,"Pandora\u0027s Box":10,"PureWater":0,"InkBottle":13},{"Oddly Smooth Stone":63,"Pen Nib":56,"Omamori":37,"Ancient Tea Set":24,"White Beast Statue":51,"Blood Vial":32,"keyreminder:keyreminder":51,"Sundial":24,"Mummified Hand":45,"Bronze Scales":29,"MutagenicStrength":45,"Pandora\u0027s Box":41,"PureWater":0,"InkBottle":56}],"InkBottle":[8]},"card_choices":[{"not_picked":["Halt","Crescendo"],"picked":"FearNoEvil","floor":1},{"not_picked":["ThirdEye","FlyingSleeves"],"picked":"Evaluate","floor":3},{"not_picked":["SashWhip","CarveReality"],"picked":"WheelKick","floor":4},{"not_picked":["DeceiveReality","FlyingSleeves"],"picked":"EmptyBody","floor":5},{"not_picked":["Consecrate","EmptyBody"],"picked":"Crescendo","floor":7},{"not_picked":["Halt","Wireheading"],"picked":"Study","floor":8},{"not_picked":["Consecrate","ThirdEye"],"picked":"CutThroughFate","floor":10},{"not_picked":["Crescendo","FollowUp"],"picked":"DevaForm","floor":12},{"not_picked":["SashWhip","MentalFortress"],"picked":"CutThroughFate","floor":13},{"not_picked":["Ragnarok","Brilliance"],"picked":"MasterReality","floor":16},{"not_picked":["FlyingSleeves","Fasting2"],"picked":"Crescendo+1","floor":18},{"not_picked":["CrushJoints","Study"],"picked":"DeceiveReality","floor":23},{"not_picked":["PathToVictory","Worship"],"picked":"EmptyFist","floor":25},{"not_picked":["JustLucky","PathToVictory"],"picked":"FlurryOfBlows","floor":28},{"not_picked":["Blasphemy","SandsOfTime"],"picked":"Tantrum","floor":30},{"not_picked":["ReachHeaven","Vengeance"],"picked":"Meditate","floor":31}],"player_experience":294108,"relics_obtained":[{"floor":8,"key":"Sundial"},{"floor":9,"key":"Ancient Tea Set"},{"floor":10,"key":"Bronze Scales"},{"floor":12,"key":"Blood Vial"},{"floor":13,"key":"Omamori"},{"floor":23,"key":"White Beast Statue"},{"floor":25,"key":"InkBottle"},{"floor":26,"key":"Pen Nib"},{"floor":30,"key":"Oddly Smooth Stone"}],"event_choices":[{"damage_healed":0,"gold_gain":30,"player_choice":"Searched \u00272\u0027 times","damage_taken":0,"max_hp_gain":0,"max_hp_loss":0,"event_name":"Dead Adventurer","floor":12,"gold_loss":0},{"cards_removed":["Strike_P"],"damage_healed":0,"gold_gain":0,"player_choice":"Offered Basic","damage_taken":0,"max_hp_gain":0,"max_hp_loss":0,"event_name":"Bonfire Elementals","floor":14,"gold_loss":0},{"cards_removed":["JustLucky"],"damage_healed":0,"gold_gain":0,"player_choice":"Elegance","damage_taken":0,"max_hp_gain":0,"max_hp_loss":0,"event_name":"Back to Basics","floor":20,"gold_loss":0},{"damage_healed":0,"gold_gain":0,"player_choice":"Inject Mutagens","damage_taken":0,"relics_obtained":["MutagenicStrength"],"max_hp_gain":0,"max_hp_loss":0,"event_name":"Drug Dealer","floor":21,"gold_loss":0}],"is_beta":false,"boss_relics":[{"not_picked":["SacredBark","Snecko Eye"],"picked":"Pandora\u0027s Box"}],"items_purged_floors":[],"is_endless":false,"potions_floor_spawned":[5,7,10,16,25,28,30,31],"killed_by":"Automaton","ascension_level":12}}