{"host":"0kk91h4bq4kgfj0u","time":1611882182,"event":{"mods":["BaseMod","Minty Spire (QoL Compilation)","StSLib"],"gold_per_floor":[109,119,119,134,188,188,223,223,223,238,261,261,284,302,302,423,423,442,46,46,46,34,34,34,34,80,80,130,164,198,198,198],"floor_reached":31,"language":"ENG","playtime":1126,"items_purged":[],"score":321,"play_id":"e77c1fd3-5729-4ba9-bd03-186274b5d3b1","local_time":"20210128200302","is_ascension_mode":true,"campfire_choices":[{"data":"Survivor","floor":6,"key":"SMITH"},{"floor":15,"key":"REST"},{"floor":23,"key":"REST"},{"floor":25,"key":"REST"},{"data":"RitualDagger","floor":27,"key":"SMITH"}],"circlet_count":0,"master_deck":["Strike_G","Strike_G","Strike_G+1","Strike_G","Strike_G","Defend_G","Defend_G","Defend_G","Defend_G","Defend_G","Survivor+1","Neutralize","Dash","Poisoned Stab","Injury","Bane","Slice","Backflip","Escape Plan+1","Dagger Throw","Backflip","Storm of Steel","Skewer+1","Footwork","Flying Knee","RitualDagger+1","Underhanded Strike","Slice","Leg Sweep","Deadly Poison","Outmaneuver"],"relics":["Ring of the Snake","Golden Idol","Gambling Chip","Shuriken","The Specimen","Bag of Preparation","CeramicFish"],"acts_visited":["Exordium","TheCity"],"potions_floor_usage":[7,28,31],"damage_taken":[{"damage":0,"enemies":"Small Slimes","floor":1,"turns":3},{"damage":6,"enemies":"Jaw Worm","floor":2,"turns":5},{"damage":0,"enemies":"2 Louse","floor":4,"turns":2},{"damage":14,"enemies":"3 Sentries","floor":7,"turns":12},{"damage":3,"enemies":"Red Slaver","floor":10,"turns":2},{"damage":0,"enemies":"3 Louse","floor":11,"turns":4},{"damage":6,"enemies":"Looter","floor":13,"turns":3},{"damage":3,"enemies":"Exordium Thugs","floor":14,"turns":4},{"damage":40,"enemies":"Hexaghost","floor":16,"turns":11},{"damage":42,"enemies":"Shell Parasite","floor":18,"turns":7},{"damage":13,"enemies":"2 Thieves","floor":22,"turns":4},{"damage":53,"enemies":"Slavers","floor":28,"turns":7},{"damage":18,"enemies":"Snake Plant","floor":29,"turns":6},{"damage":20,"enemies":"Centurion and Healer","floor":30,"turns":9},{"damage":20,"enemies":"Sentry and Sphere","floor":31,"turns":3}],"seed_played":"2546521700293180778","potions_obtained":[{"floor":1,"key":"Block Potion"},{"floor":2,"key":"CultistPotion"},{"floor":10,"key":"FairyPotion"},{"floor":14,"key":"Fire Potion"},{"floor":28,"key":"PowerPotion"}],"is_trial":false,"path_per_floor":["M","M","?","M","?","R","E","?","T","M","M","?","M","M","R","B",null,"M","$","?","?","M","R","?","R","T","R","E","M","M","M"],"character_chosen":"THE_SILENT","items_purchased":["The Specimen","Footwork","Flying Knee"],"campfire_rested":3,"item_purchase_floors":[19,19,19],"current_hp_per_floor":[77,71,71,71,71,71,57,62,62,59,59,43,37,34,58,18,66,24,24,51,45,32,56,56,80,80,80,27,9,17,0,0],"gold":198,"neow_bonus":"TEN_PERCENT_HP_BONUS","is_daily":false,"chose_seed":false,"campfire_upgraded":2,"win_rate":0.0,"timestamp":1611882182,"path_taken":["M","M","?","M","?","R","E","?","T","M","M","?","?","M","R","BOSS","M","$","?","?","M","R","?","R","T","R","E","?","M","M"],"items_purchased_type":["Relic","Card","Card"],"build_version":"2020-12-22","purchased_purges":0,"victory":false,"max_hp_per_floor":[77,77,77,77,77,77,77,82,82,82,82,82,82,82,82,82,82,82,82,82,82,82,82,82,82,82,82,82,82,82,82,82],"card_choices":[{"not_picked":["Tactician","Flechettes"],"picked":"Dash","floor":1},{"not_picked":["Quick Slash","Bouncing Flask"],"picked":"Poisoned Stab","floor":2},{"not_picked":["Finisher","Dodge and Roll"],"picked":"Bane","floor":4},{"not_picked":["Concentrate","Eviscerate"],"picked":"Slice","floor":7},{"not_picked":["Sucker Punch","Flying Knee"],"picked":"Backflip","floor":10},{"not_picked":["Dagger Throw","Underhanded Strike"],"picked":"Escape Plan","floor":11},{"not_picked":["Slice","Bouncing Flask"],"picked":"Dagger Throw","floor":13},{"not_picked":["Expertise","Endless Agony"],"picked":"Backflip","floor":14},{"not_picked":["Unload","Tools of the Trade"],"picked":"Storm of Steel","floor":16},{"not_picked":["Backflip","Slice"],"picked":"Skewer+1","floor":18},{"not_picked":["Dagger Throw","Riddle With Holes"],"picked":"Underhanded Strike","floor":22},{"not_picked":["Dash","Masterful Stab"],"picked":"Leg Sweep","floor":28},{"not_picked":["Backflip","Dagger Throw"],"picked":"Deadly Poison","floor":29},{"not_picked":["Bane","Setup"],"picked":"Outmaneuver","floor":30}],"player_experience":820309,"relics_obtained":[{"floor":7,"key":"Gambling Chip"},{"floor":9,"key":"Shuriken"},{"floor":26,"key":"Bag of Preparation"},{"floor":28,"key":"CeramicFish"}],"event_choices":[{"damage_healed":0,"gold_gain":0,"player_choice":"Take Wound","damage_taken":0,"relics_obtained":["Golden Idol"],"max_hp_gain":0,"max_hp_loss":0,"event_name":"Golden Idol","floor":3,"gold_loss":0,"cards_obtained":["Injury"]},{"damage_healed":0,"gold_gain":54,"player_choice":"Gained Gold","damage_taken":0,"max_hp_gain":0,"max_hp_loss":0,"event_name":"Golden Wing","floor":5,"gold_loss":0},{"damage_healed":0,"gold_gain":0,"player_choice":"Donut","damage_taken":0,"max_hp_gain":5,"max_hp_loss":0,"event_name":"Big Fish","floor":8,"gold_loss":0},{"damage_healed":0,"gold_gain":0,"player_choice":"Entered Light","damage_taken":16,"max_hp_gain":0,"max_hp_loss":0,"event_name":"Shining Light","floor":12,"gold_loss":0,"cards_upgraded":["Strike_G","Escape Plan"]},{"damage_healed":27,"gold_gain":0,"player_choice":"Heal","damage_taken":0,"max_hp_gain":0,"max_hp_loss":0,"event_name":"The Library","floor":20,"gold_loss":0},{"damage_healed":0,"gold_gain":0,"player_choice":"Joined the Cult","damage_taken":6,"max_hp_gain":0,"max_hp_loss":0,"event_name":"Nest","floor":21,"gold_loss":0,"cards_obtained":["RitualDagger"]},{"damage_healed":0,"gold_gain":0,"player_choice":"Copied","damage_taken":0,"max_hp_gain":0,"max_hp_loss":0,"event_name":"Duplicator","floor":24,"gold_loss":0,"cards_obtained":["Slice"]}],"is_beta":false,"boss_relics":[{"not_picked":["Coffee Dripper","Velvet Choker","Empty Cage"]}],"items_purged_floors":[],"is_endless":false,"potions_floor_spawned":[1,2,10,14,22,28,29],"killed_by":"Sentry and Sphere","ascension_level":5}}