{"host":"2mxajwyidsax8sss","time":1611958796,"event":{"mods":["2.2 Compatiblity","Act Like it!","Aspiration","Bartender","BaseMod","Better Match","Better Note","Better Sensory Stone","Better Vampires","BetterRewards","Block Reminder","CapriCore","Chen","Colored Powertips","Conspire","Decade(???)","Defuse TimeMaze Blight","Downfall","Energized Spire","Friendly Minions","Gensokyo","Googly Eyes","GungeonMod","Hermit","HololiveMod","Hubris","Jorbs\u0027s Wanderer Trilogy","Koishi","Marked Mod","Minty Spire (QoL Compilation)","Nova Terra(??·??)","Permanent Neow","Quick Restart","Random Character Button","Reimu??????","Relic Filter","Relic Stats","Reliquary","Remilia??????","Replay The Spire","SIMod","SOS???????","StSLib","The Bug Knight","The Death Knight","The Immortal","The Kombatant","Wandering Minibosses"],"gold_per_floor":[118,129,129,4,24,24,24,36,36,18,29,57,157,175,175,85,85],"floor_reached":16,"language":"ENG","playtime":1798,"items_purged":[],"score":229,"play_id":"2de905db-f37d-475b-9c10-acbf7866be4b","local_time":"20210129231956","is_ascension_mode":false,"campfire_choices":[{"data":"NovaMod:JetAssault","floor":6,"key":"SMITH"}],"circlet_count":0,"master_deck":["NovaMod:Basic_Strike_Nova","NovaMod:Basic_Strike_Nova","NovaMod:Basic_Strike_Nova","NovaMod:Basic_Defend_Nova","NovaMod:Basic_Defend_Nova","NovaMod:Snipe","NovaMod:PenetratingBlast","NovaMod:HoloDecoy","NovaMod:RaidArtillery","NovaMod:MonomolecularBlade+1","NovaMod:JetAssault+1","ReplayTheSpireMod:Tripwire","Poisoned Stab","Defend_G","NovaMod:NuclearFactory+","NovaMod:SuperStimPack","NovaMod:Upgrade","NovaMod:Lurk","downfall:Haunted","downfall:Haunted","hubris:Despair","stsjorbsmod:Amnesia","NovaMod:RadiationWarrior","Voices","NovaMod:MagrailMunitions"],"relics":["NovaMod:GhostSuit","aspiration:Nostalgia","stsjorbsmod:GrimoireRelic","hubris:Towel","DemoMod:Relodestone","DemoMod:Orange","Gremlin Horn","Du-Vu Doll"],"acts_visited":["Gensokyo:Gensokyo"],"potions_floor_usage":[16,16,16],"damage_taken":[{"damage":0,"enemies":"Gensokyo:3_Fairies","floor":1,"turns":3},{"damage":9,"enemies":"Gensokyo:Python","floor":2,"turns":4},{"damage":5,"enemies":"Gensokyo:2_Kodama","floor":5,"turns":6},{"damage":18,"enemies":"Gensokyo:Kitsune","floor":8,"turns":4},{"damage":12,"enemies":"Gensokyo:VengefulSpirit","floor":10,"turns":5},{"damage":15,"enemies":"Gensokyo:2_Rabbits","floor":11,"turns":5},{"damage":28,"enemies":"Gensokyo:Cirno","floor":12,"turns":7},{"damage":8,"enemies":"Gensokyo:3_Kodama","floor":14,"turns":3},{"damage":24,"enemies":"Gensokyo:Kokoro","floor":16,"turns":6}],"seed_played":"5182893984192117727","potions_obtained":[{"floor":5,"key":"SkillPotion"},{"floor":8,"key":"Milkshake"},{"floor":12,"key":"Elixir"},{"floor":14,"key":"Ancient Potion"},{"floor":15,"key":"Regen Potion"},{"floor":15,"key":"Flashbang"}],"is_trial":false,"path_per_floor":["M","M","?","COS","M","R","?","M","T","M","M","E","?","M","R","B"],"character_chosen":"NOVA","items_purchased":[],"campfire_rested":0,"item_purchase_floors":[],"current_hp_per_floor":[80,71,71,71,66,66,66,48,48,36,33,5,10,2,2,0,0],"gold":85,"neow_bonus":"NOSTALGIA","is_daily":false,"chose_seed":false,"campfire_upgraded":1,"win_rate":0.0,"timestamp":1611958796,"path_taken":["M","M","?","COS","M","R","?","M","T","M","?","E","?","M","R","BOSS"],"items_purchased_type":[],"build_version":"2020-12-22","purchased_purges":0,"victory":false,"max_hp_per_floor":[80,80,80,80,80,80,80,80,80,80,92,92,97,97,97,97,97],"relic_stats":{"Gremlin Horn":[2,2],"counters":[9,43],"obtain_stats":[{"Du-Vu Doll":13,"DemoMod:Orange":11,"Gremlin Horn":12,"aspiration:Nostalgia":0,"stsjorbsmod:GrimoireRelic":0,"DemoMod:GlassGuonStoneRelic":2,"DemoMod:Relodestone":9,"hubris:Towel":3,"NovaMod:GhostSuit":0},{"Du-Vu Doll":7,"DemoMod:Orange":6,"Gremlin Horn":7,"aspiration:Nostalgia":0,"stsjorbsmod:GrimoireRelic":0,"DemoMod:GlassGuonStoneRelic":2,"DemoMod:Relodestone":4,"hubris:Towel":2,"NovaMod:GhostSuit":0},{"Du-Vu Doll":34,"DemoMod:Orange":26,"Gremlin Horn":34,"aspiration:Nostalgia":0,"stsjorbsmod:GrimoireRelic":0,"DemoMod:GlassGuonStoneRelic":7,"DemoMod:Relodestone":17,"hubris:Towel":7,"NovaMod:GhostSuit":0}]},"card_choices":[{"not_picked":["NovaMod:GhostAcademy","NovaMod:Standby"],"picked":"NovaMod:HoloDecoy","floor":1},{"not_picked":["NovaMod:Snipe","NovaMod:Blink"],"picked":"NovaMod:RaidArtillery","floor":2},{"not_picked":["NovaMod:SmartServos+1","NovaMod:MechanicalArmor+1"],"picked":"NovaMod:MonomolecularBlade+1","floor":5},{"not_picked":["NovaMod:SmartServos","NovaMod:Blink"],"picked":"NovaMod:JetAssault","floor":5},{"not_picked":["NovaMod:Mediatation","NovaMod:PredatorMissile"],"picked":"NovaMod:NuclearFactory+","floor":8},{"not_picked":["NovaMod:GhostAcademy","NovaMod:BarrageShooting"],"picked":"NovaMod:SuperStimPack","floor":10},{"not_picked":["NovaMod:WidowMine","NovaMod:SuperStimPack"],"picked":"NovaMod:Upgrade","floor":11},{"not_picked":["NovaMod:SabotageDrone","NovaMod:ArmorPenetration"],"picked":"NovaMod:Lurk","floor":12},{"not_picked":["NovaMod:Detonation","NovaMod:MechanicalArmor"],"picked":"NovaMod:MagrailMunitions","floor":14}],"player_experience":171692,"relics_obtained":[{"floor":9,"key":"DemoMod:Relodestone"},{"floor":12,"key":"Gremlin Horn"}],"event_choices":[],"is_beta":false,"boss_relics":[],"items_purged_floors":[],"is_endless":false,"potions_floor_spawned":[5,8,12,14],"killed_by":"Gensokyo:Kokoro","ascension_level":0}}