{"host":"fubl5olmpa6illow","time":1611945682,"event":{"mods":["BaseMod","Colored Map","Colored Powertips","Highlight Path","Minty Spire (QoL Compilation)","Quick Restart","Random Character Button","Relic Sorter","Relic Stats"],"gold_per_floor":[116,36,36,53,79,114,129,129,129,129,143,161,177,190,190,294,294,311,327,29,47,57,85,98,132,204,219,219,219,219,254,254,359,359,376,421,521,533,533,533],"floor_reached":39,"language":"ENG","playtime":4590,"items_purged":[],"score":627,"play_id":"50a8caba-354f-43b9-8aaa-bdf5af933d4a","local_time":"20210129194122","is_ascension_mode":true,"campfire_choices":[{"data":"Pommel Strike","floor":8.0,"key":"SMITH"},{"data":"Seeing Red","floor":10.0,"key":"SMITH"},{"data":"Havoc","floor":15.0,"key":"SMITH"},{"data":"Corruption","floor":29.0,"key":"SMITH"},{"data":"Intimidate","floor":32.0,"key":"SMITH"}],"circlet_count":0,"master_deck":["Bash+1","Power Through","Intimidate+1","Pommel Strike+1","Seeing Red+1","Shrug It Off","Shrug It Off","Havoc+1","Warcry","Burning Pact","Juggernaut","Metallicize","Sword Boomerang","Berserk","Uppercut","Clothesline","Disarm","Pommel Strike","Feel No Pain","Metallicize","Cleave+1","Body Slam","Impervious","Feel No Pain","Corruption+1","Spot Weakness","Warcry","Feel No Pain","Fire Breathing","Barricade","Rage"],"relics":["Burning Blood","Strawberry","Question Card","Dead Branch","Pandora\u0027s Box","DollysMirror","Pocketwatch","Ornamental Fan","Gremlin Horn","Thread and Needle","SlaversCollar","Ice Cream"],"acts_visited":["Exordium","TheCity","TheBeyond"],"potions_floor_usage":[38],"damage_taken":[{"damage":5.0,"enemies":"Small Slimes","floor":1.0,"turns":4.0},{"damage":0.0,"enemies":"Jaw Worm","floor":4.0,"turns":3.0},{"damage":16.0,"enemies":"Gremlin Nob","floor":6.0,"turns":4.0},{"damage":1.0,"enemies":"Cultist","floor":7.0,"turns":4.0},{"damage":9.0,"enemies":"3 Louse","floor":11.0,"turns":4.0},{"damage":0.0,"enemies":"Exordium Thugs","floor":12.0,"turns":5.0},{"damage":0.0,"enemies":"2 Fungi Beasts","floor":13.0,"turns":3.0},{"damage":0.0,"enemies":"Red Slaver","floor":14.0,"turns":3.0},{"damage":32.0,"enemies":"Slime Boss","floor":16.0,"turns":9.0},{"damage":8.0,"enemies":"Chosen","floor":18.0,"turns":5.0},{"damage":3.0,"enemies":"Shell Parasite","floor":19.0,"turns":3.0},{"damage":11.0,"enemies":"Centurion and Healer","floor":21.0,"turns":3.0},{"damage":23.0,"enemies":"Sentry and Sphere","floor":22.0,"turns":6.0},{"damage":29.0,"enemies":"Slavers","floor":23.0,"turns":5.0},{"damage":18.0,"enemies":"Snake Plant","floor":24.0,"turns":5.0},{"damage":3.0,"enemies":"Book of Stabbing","floor":25.0,"turns":5.0},{"damage":0.0,"enemies":"Chosen and Byrds","floor":27.0,"turns":3.0},{"damage":3.0,"enemies":"Gremlin Leader","floor":31.0,"turns":4.0},{"damage":11.0,"enemies":"Champ","floor":33.0,"turns":9.0},{"damage":0,"enemies":"Orb Walker","floor":35,"turns":3},{"damage":71,"enemies":"2 Orb Walkers","floor":36,"turns":5},{"damage":9,"enemies":"3 Darklings","floor":38,"turns":4},{"damage":40,"enemies":"Transient","floor":39,"turns":3}],"seed_played":"-4107545272988637882","potions_obtained":[{"floor":1.0,"key":"GamblersBrew"},{"floor":6.0,"key":"Block Potion"},{"floor":12.0,"key":"Energy Potion"},{"floor":16.0,"key":"Regen Potion"},{"floor":18.0,"key":"SpeedPotion"},{"floor":22.0,"key":"EssenceOfSteel"},{"floor":24.0,"key":"Block Potion"},{"floor":31.0,"key":"Dexterity Potion"},{"floor":33.0,"key":"Dexterity Potion"},{"floor":36,"key":"BlessingOfTheForge"}],"is_trial":false,"path_per_floor":["M","$","?","M","T","E","M","R","T","R","M","M","M","M","R","B",null,"M","M","$","M","M","E","M","E","T","M","?","R","?","E","R","B",null,"M","?","?","M","M"],"character_chosen":"IRONCLAD","items_purchased":["Intimidate","Impervious","DollysMirror"],"campfire_rested":0,"item_purchase_floors":[2,20,20],"current_hp_per_floor":[80,80,80,80,87,77,82,82,82,82,79,85,87,87,87,61,87,85,87,87,82,65,56,44,47,47,53,53,53,36,39,39,34,92,92,27,27,24,0,0],"gold":533,"neow_bonus":"UPGRADE_CARD","is_daily":false,"chose_seed":false,"campfire_upgraded":5,"win_rate":0.0,"timestamp":1611945682,"path_taken":["M","$","?","M","?","E","?","R","T","R","M","M","M","M","R","BOSS","M","M","$","M","M","E","M","E","T","M","?","R","?","E","R","BOSS","M","?","?","?","M"],"items_purchased_type":["Card","Card","Relic"],"build_version":"2020-12-22","purchased_purges":0,"victory":false,"max_hp_per_floor":[80,80,80,80,87,87,87,87,87,87,87,87,87,87,87,87,87,87,87,87,87,87,87,87,87,87,87,87,87,92,92,92,92,92,92,92,92,92,92,92],"relic_stats":{"Gremlin Horn":[5,8],"counters":[23,102],"Ornamental Fan":[44],"Dead Branch":[200],"Pandora\u0027s Box":["Metallicize","Sword Boomerang","Berserk","Uppercut","Clothesline","Disarm","Pommel Strike","Feel No Pain","Metallicize"],"Question Card":19,"obtain_stats":[{"Ice Cream":36,"SlaversCollar":34,"Gremlin Horn":26,"DollysMirror":20,"Ornamental Fan":25,"Strawberry":5,"Dead Branch":9,"Pandora\u0027s Box":17,"Thread and Needle":31,"Question Card":6,"Burning Blood":0,"Pocketwatch":23},{"Ice Cream":21,"SlaversCollar":19,"Gremlin Horn":16,"DollysMirror":11,"Ornamental Fan":16,"Strawberry":2,"Dead Branch":4,"Pandora\u0027s Box":9,"Thread and Needle":18,"Question Card":3,"Burning Blood":0,"Pocketwatch":14},{"Ice Cream":95,"SlaversCollar":87,"Gremlin Horn":71,"DollysMirror":47,"Ornamental Fan":71,"Strawberry":7,"Dead Branch":15,"Pandora\u0027s Box":39,"Thread and Needle":78,"Question Card":11,"Burning Blood":0,"Pocketwatch":61}],"Burning Blood":108,"Pocketwatch":[21]},"card_choices":[{"not_picked":["Second Wind","True Grit"],"picked":"Power Through","floor":1.0},{"not_picked":["Evolve","Inflame"],"picked":"Pommel Strike","floor":4.0},{"not_picked":["Wild Strike","Perfected Strike"],"picked":"Seeing Red","floor":6.0},{"not_picked":["Sword Boomerang","Bloodletting","Dark Embrace"],"picked":"Shrug It Off","floor":7.0},{"not_picked":["Clash","Exhume","Twin Strike"],"picked":"Shrug It Off","floor":11.0},{"not_picked":["Twin Strike","Shrug It Off","Wild Strike"],"picked":"Havoc","floor":12.0},{"not_picked":["Reckless Charge","Body Slam","Fire Breathing"],"picked":"Warcry","floor":13.0},{"not_picked":["Warcry","Headbutt","Thunderclap"],"picked":"Burning Pact","floor":14.0},{"not_picked":["Reaper","Demon Form","Feed"],"picked":"Juggernaut","floor":16.0},{"not_picked":["Flex","Anger","Infernal Blade"],"picked":"Cleave+1","floor":18.0},{"not_picked":["Flex","Dark Embrace","Heavy Blade"],"picked":"Body Slam","floor":19.0},{"not_picked":["Armaments+1","Perfected Strike","Cleave"],"picked":"Corruption","floor":21.0},{"not_picked":["Anger+1","Rupture","Thunderclap"],"picked":"Spot Weakness","floor":22.0},{"not_picked":["Carnage","Evolve","Clothesline"],"picked":"Warcry","floor":23.0},{"not_picked":["Anger","Wild Strike","Thunderclap"],"picked":"Feel No Pain","floor":24.0},{"not_picked":["Wild Strike","Power Through","Dropkick+1","Corruption"],"picked":"SKIP","floor":25.0},{"not_picked":["Rampage","Body Slam","Blood for Blood"],"picked":"Fire Breathing","floor":27.0},{"not_picked":["Sever Soul","Dark Embrace","Iron Wave","Armaments"],"picked":"SKIP","floor":31.0},{"not_picked":["Immolate","Impervious","Berserk"],"picked":"Barricade","floor":33.0},{"not_picked":["Clothesline+1","Headbutt","Intimidate+1"],"picked":"Rage","floor":35},{"not_picked":["Anger","Headbutt+1","Infernal Blade","Hemokinesis"],"picked":"SKIP","floor":38}],"player_experience":360987,"relics_obtained":[{"floor":5.0,"key":"Strawberry"},{"floor":6.0,"key":"Question Card"},{"floor":9.0,"key":"Dead Branch"},{"floor":23.0,"key":"Pocketwatch"},{"floor":25.0,"key":"Ornamental Fan"},{"floor":26.0,"key":"Gremlin Horn"},{"floor":31.0,"key":"Thread and Needle"},{"floor":36,"key":"Ice Cream"}],"event_choices":[{"damage_healed":0.0,"max_hp_gain":0.0,"max_hp_loss":0.0,"gold_gain":0.0,"event_name":"The Cleric","player_choice":"Leave","floor":3.0,"gold_loss":0.0,"damage_taken":0.0},{"damage_healed":0.0,"max_hp_gain":0.0,"max_hp_loss":0.0,"gold_gain":0.0,"event_name":"Vampires","player_choice":"Ignored","floor":28.0,"gold_loss":0.0,"damage_taken":0.0},{"damage_healed":0.0,"max_hp_gain":5.0,"max_hp_loss":0.0,"gold_gain":0.0,"event_name":"Forgotten Altar","player_choice":"Shed Blood","floor":30.0,"gold_loss":0.0,"damage_taken":22.0},{"damage_healed":0,"gold_gain":0,"player_choice":"Fight","damage_taken":0,"max_hp_gain":0,"max_hp_loss":0,"event_name":"Mysterious Sphere","floor":36,"gold_loss":0},{"damage_healed":0,"gold_gain":100,"player_choice":"Pray","damage_taken":0,"max_hp_gain":0,"max_hp_loss":0,"event_name":"Golden Shrine","floor":37,"gold_loss":0}],"is_beta":false,"boss_relics":[{"not_picked":["Empty Cage","Tiny House"],"picked":"Pandora\u0027s Box"},{"not_picked":["Runic Cube","Black Blood"],"picked":"SlaversCollar"}],"items_purged_floors":[],"is_endless":false,"potions_floor_spawned":[1,6,12,14,16,18,22,24,31,33,36],"killed_by":"Transient","ascension_level":3}}