{"host":"h0xw20cia6ppa69g","time":1611906770,"event":{"mods":["AchievementEnabler","BaseMod","Colored Map","Filter the Spire","Googly Eyes","Minty Spire (QoL Compilation)","Relic Stats","StSLib","The Awakened One except there are too many feathers","everything is the same but u backflip on backflip"],"gold_per_floor":[110,110,123,139,155,181,181,209,209,221,221,246,246,246,246,375,375,390,390,590,79,103,147,147,182,208,251,251,285,310,341,341,462,462,483,508,357,357,377,416,416,416,416,454,454,754,777,817,817,817,817,817,230,279,279],"floor_reached":56,"language":"ENG","playtime":4405,"items_purged":[],"score":1530,"play_id":"24dd1f0c-4ed4-4466-ac1c-3f23c5c038c3","local_time":"20210129015250","is_ascension_mode":true,"campfire_choices":[{"data":"Zap","floor":7.0,"key":"SMITH"},{"data":"Dualcast","floor":11.0,"key":"SMITH"},{"data":"Go for the Eyes","floor":15.0,"key":"SMITH"},{"data":"Defragment","floor":24,"key":"SMITH"},{"floor":28,"key":"DIG"},{"data":"Hologram","floor":32,"key":"SMITH"},{"floor":41,"key":"RECALL"},{"floor":45,"key":"DIG"},{"floor":49,"key":"DIG"},{"floor":52,"key":"DIG"}],"circlet_count":0,"master_deck":["Zap+1","Dualcast+1","Scrape","Seek+1","Auto Shields","Go for the Eyes+1","Fusion+1","Leap","Reboot","Conserve Battery","Steam","Seek","Doom and Gloom","Cold Snap","Reinforced Body","Machine Learning","Defragment+1","PanicButton","Genetic Algorithm","Go for the Eyes","Hologram+1","Turbo","Streamline+1","Redo+1","Thunder Strike+1","Multi-Cast","CurseOfTheBell","Ball Lightning+1","Electrodynamics","Master of Strategy","Forethought","Coolheaded+1","Rebound+1","Fusion+1","Aggregate+1","Tempest+1","Force Field","Machine Learning","Leap","Conserve Battery+1"],"relics":["Pandora\u0027s Box","CultistMask","Bag of Marbles","Smiling Mask","Centennial Puzzle","Matryoshka","Golden Idol","Runic Pyramid","MutagenicStrength","Lantern","HandDrill","Dream Catcher","Shovel","Tiny Chest","Meat on the Bone","Peace Pipe","Vajra","Strawberry","Calling Bell","Akabeko","Symbiotic Virus","Du-Vu Doll","Nunchaku","Oddly Smooth Stone","Pen Nib","Ornamental Fan","Boot","CeramicFish","Old Coin","Lizard Tail","Bronze Scales","Bottled Lightning","Happy Flower","Orrery","Whetstone","DataDisk"],"acts_visited":["Exordium","TheCity","TheBeyond","TheEnding"],"potions_floor_usage":[27,27,31,55,55,55],"damage_taken":[{"damage":0.0,"enemies":"Jaw Worm","floor":1.0,"turns":3.0},{"damage":0.0,"enemies":"Cultist","floor":3.0,"turns":3.0},{"damage":0.0,"enemies":"2 Louse","floor":4.0,"turns":3.0},{"damage":0.0,"enemies":"Blue Slaver","floor":5.0,"turns":4.0},{"damage":0.0,"enemies":"Lagavulin","floor":6.0,"turns":9.0},{"damage":0.0,"enemies":"3 Sentries","floor":8.0,"turns":7.0},{"damage":0.0,"enemies":"2 Fungi Beasts","floor":10.0,"turns":4.0},{"damage":2.0,"enemies":"Gremlin Nob","floor":12.0,"turns":3.0},{"damage":34.0,"enemies":"Hexaghost","floor":16.0,"turns":13.0},{"damage":4.0,"enemies":"Spheric Guardian","floor":18.0,"turns":4.0},{"damage":4,"enemies":"Chosen","floor":22,"turns":4},{"damage":1,"enemies":"Gremlin Leader","floor":23,"turns":6},{"damage":4,"enemies":"Book of Stabbing","floor":25,"turns":7},{"damage":7,"enemies":"Gremlin Leader","floor":27,"turns":9},{"damage":0,"enemies":"Book of Stabbing","floor":29,"turns":5},{"damage":0,"enemies":"3 Cultists","floor":30,"turns":4},{"damage":14,"enemies":"Slavers","floor":31,"turns":9},{"damage":2,"enemies":"Collector","floor":33,"turns":10},{"damage":1,"enemies":"3 Darklings","floor":35,"turns":6},{"damage":0,"enemies":"3 Shapes","floor":36,"turns":4},{"damage":17,"enemies":"Writhing Mass","floor":39,"turns":5},{"damage":17,"enemies":"Nemesis","floor":40,"turns":5},{"damage":0,"enemies":"Reptomancer","floor":44,"turns":7},{"damage":0,"enemies":"Maw","floor":47,"turns":7},{"damage":23,"enemies":"Giant Head","floor":48,"turns":10},{"damage":11,"enemies":"Time Eater","floor":50,"turns":13},{"damage":13,"enemies":"Shield and Spear","floor":54,"turns":5},{"damage":52,"enemies":"The Heart","floor":55,"turns":8}],"seed_played":"5735686811850959110","potions_obtained":[{"floor":1.0,"key":"EssenceOfSteel"},{"floor":4.0,"key":"GamblersBrew"},{"floor":5.0,"key":"DuplicationPotion"},{"floor":12.0,"key":"Fire Potion"},{"floor":23,"key":"Regen Potion"},{"floor":29,"key":"SpeedPotion"},{"floor":30,"key":"EssenceOfSteel"},{"floor":33,"key":"AttackPotion"},{"floor":44,"key":"SteroidPotion"}],"is_trial":false,"path_per_floor":["M","?","M","M","M","E","R","E","T","M","R","E","?","?","R","B",null,"M","?","?","$","M","E","R","E","T","E","R","E","M","E","R","B",null,"M","M","$","?","M","E","R","?","T","E","R","T","M","E","R","B",null,"R","$","E","B",null],"character_chosen":"DEFECT","items_purchased":["Lantern","Defragment","HandDrill","PanicButton","Genetic Algorithm","Nunchaku","Happy Flower","Orrery","Machine Learning","Whetstone","Leap"],"campfire_rested":0,"item_purchase_floors":[21,21,21,21,21,37,53,53,53,53,53],"current_hp_per_floor":[75,75,75,75,75,75,75,75,75,75,75,73,55,40,40,6,75,71,71,71,71,67,66,66,62,62,70,70,70,70,63,63,61,82,81,81,81,81,64,47,47,37,37,49,49,49,49,38,38,39,82,82,82,69,29],"gold":279,"neow_bonus":"BOSS_RELIC","is_daily":false,"chose_seed":false,"campfire_upgraded":5,"win_rate":0.0,"timestamp":1611906770,"path_taken":["M","?","?","M","M","E","R","E","T","?","R","E","?","?","R","BOSS","M","?","?","$","M","E","R","E","T","E","R","E","M","E","R","BOSS","M","?","$","?","M","E","R","?","T","E","R","?","?","E","R","BOSS","R","$","E","BOSS"],"items_purchased_type":["Relic","Card","Relic","Card","Card","Relic","Relic","Relic","Card","Relic","Card"],"build_version":"2020-12-22","purchased_purges":0,"victory":true,"max_hp_per_floor":[75,75,75,75,75,75,75,75,75,75,75,75,75,75,75,75,75,75,75,75,75,75,75,75,75,75,75,75,75,75,82,82,82,82,82,82,82,82,82,82,82,82,82,82,82,82,82,82,82,82,82,82,82,82,82],"relic_stats":{"Happy Flower":[4],"counters":[28,177],"Golden Idol":199,"CeramicFish":72,"Pen Nib":[5],"Whetstone":["Rebound","Thunder Strike"],"Smiling Mask":0,"Boot":[1],"Peace Pipe":0,"Centennial Puzzle":[48],"Dream Catcher":0,"Nunchaku":[7],"Lizard Tail":0,"Shovel":4,"Ornamental Fan":[20],"Bronze Scales":[161],"Pandora\u0027s Box":["Scrape","Seek","Auto Shields","Go for the Eyes","Fusion","Leap","Machine Learning","Reboot"],"Tiny Chest":1,"HandDrill":[26],"obtain_stats":[{"Lantern":21,"CeramicFish":45,"Vajra":29,"Whetstone":53,"Smiling Mask":8,"Boot":44,"Old Coin":46,"Centennial Puzzle":9,"Dream Catcher":23,"Nunchaku":37,"Lizard Tail":48,"Matryoshka":12,"Shovel":25,"Strawberry":31,"Tiny Chest":26,"HandDrill":21,"Cracked Core":0,"Runic Pyramid":17,"Happy Flower":53,"Golden Idol":13,"Oddly Smooth Stone":40,"Pen Nib":43,"Akabeko":34,"Peace Pipe":28,"Calling Bell":34,"Du-Vu Doll":34,"DataDisk":54,"Ornamental Fan":43,"MutagenicStrength":19,"Bronze Scales":49,"Orrery":53,"Pandora\u0027s Box":0,"CultistMask":2,"Bag of Marbles":6,"Bottled Lightning":52,"Symbiotic Virus":34,"Meat on the Bone":27},{"Lantern":10,"CeramicFish":23,"Vajra":15,"Whetstone":26,"Smiling Mask":6,"Boot":23,"Old Coin":23,"Centennial Puzzle":6,"Dream Catcher":12,"Nunchaku":20,"Lizard Tail":25,"Matryoshka":8,"Shovel":13,"Strawberry":17,"Tiny Chest":13,"HandDrill":10,"Cracked Core":0,"Runic Pyramid":9,"Happy Flower":26,"Golden Idol":8,"Oddly Smooth Stone":22,"Pen Nib":22,"Akabeko":18,"Peace Pipe":14,"Calling Bell":18,"Du-Vu Doll":18,"DataDisk":27,"Ornamental Fan":22,"MutagenicStrength":10,"Bronze Scales":25,"Orrery":26,"Pandora\u0027s Box":0,"CultistMask":1,"Bag of Marbles":5,"Bottled Lightning":26,"Symbiotic Virus":18,"Meat on the Bone":14},{"Lantern":53,"CeramicFish":134,"Vajra":84,"Whetstone":164,"Smiling Mask":29,"Boot":134,"Old Coin":134,"Centennial Puzzle":29,"Dream Catcher":63,"Nunchaku":117,"Lizard Tail":151,"Matryoshka":36,"Shovel":70,"Strawberry":97,"Tiny Chest":70,"HandDrill":53,"Cracked Core":0,"Runic Pyramid":49,"Happy Flower":164,"Golden Idol":36,"Oddly Smooth Stone":127,"Pen Nib":127,"Akabeko":107,"Peace Pipe":79,"Calling Bell":107,"Du-Vu Doll":107,"DataDisk":169,"Ornamental Fan":127,"MutagenicStrength":53,"Bronze Scales":151,"Orrery":164,"Pandora\u0027s Box":0,"CultistMask":3,"Bag of Marbles":22,"Bottled Lightning":164,"Symbiotic Virus":107,"Meat on the Bone":79}],"Meat on the Bone":48},"card_choices":[{"not_picked":["Chaos","Hologram"],"picked":"Conserve Battery","floor":1.0},{"not_picked":["Rebound","Conserve Battery"],"picked":"Steam","floor":3.0},{"not_picked":["Rebound","Redo"],"picked":"Seek","floor":4.0},{"not_picked":["Compile Driver","Stack","Redo"],"picked":"SKIP","floor":5.0},{"not_picked":["Leap","Aggregate"],"picked":"Doom and Gloom","floor":6.0},{"not_picked":["Aggregate","Fusion"],"picked":"Cold Snap","floor":8.0},{"not_picked":["Darkness","Stack","Aggregate"],"picked":"SKIP","floor":10.0},{"not_picked":["Stack","Conserve Battery"],"picked":"Reinforced Body","floor":12.0},{"not_picked":["Fission","Hyperbeam"],"picked":"Machine Learning","floor":16.0},{"not_picked":["Coolheaded","Auto Shields","Stack"],"picked":"SKIP","floor":18.0},{"not_picked":["Melter","Sweeping Beam"],"picked":"Go for the Eyes","floor":22},{"not_picked":["Go for the Eyes","Reboot"],"picked":"Hologram","floor":23},{"not_picked":["Coolheaded","Ball Lightning+1","Leap"],"picked":"SKIP","floor":25},{"not_picked":["Aggregate","Redo+1"],"picked":"Turbo","floor":27},{"not_picked":["Coolheaded+1","Double Energy"],"picked":"Streamline+1","floor":29},{"not_picked":["Lockon+1","Leap"],"picked":"Redo+1","floor":30},{"not_picked":["Rip and Tear","Ball Lightning","Thunder Strike"],"picked":"SKIP","floor":31},{"not_picked":["Rip and Tear","Ball Lightning"],"picked":"Thunder Strike","floor":31},{"not_picked":["Meteor Strike","Seek"],"picked":"Multi-Cast","floor":33},{"not_picked":["Beam Cell","Coolheaded+1"],"picked":"Ball Lightning+1","floor":35},{"not_picked":["Barrage","Conserve Battery"],"picked":"Electrodynamics","floor":36},{"not_picked":["Compile Driver","Heatsinks","Hologram"],"picked":"SKIP","floor":39},{"not_picked":["Leap","Sweeping Beam+1","Coolheaded+1"],"picked":"SKIP","floor":40},{"not_picked":["Trip","Swift Strike"],"picked":"Master of Strategy","floor":42},{"not_picked":["Flash of Steel","Madness"],"picked":"Forethought","floor":42},{"not_picked":["Gash+1","Undo","Coolheaded+1"],"picked":"SKIP","floor":44},{"not_picked":["Gash+1","Undo"],"picked":"Coolheaded+1","floor":44},{"not_picked":["Streamline+1","Double Energy","Leap"],"picked":"SKIP","floor":47},{"not_picked":["Streamline+1","Cold Snap+1"],"picked":"Rebound","floor":48},{"not_picked":["Auto Shields","Conserve Battery"],"picked":"Fusion+1","floor":53},{"not_picked":["Hello World","Electrodynamics"],"picked":"Aggregate+1","floor":53},{"not_picked":["Rebound+1","Coolheaded+1"],"picked":"Tempest+1","floor":53},{"not_picked":["Genetic Algorithm+1","Steam"],"picked":"Force Field","floor":53},{"not_picked":["Cold Snap","Reboot"],"picked":"Conserve Battery+1","floor":54}],"player_experience":3784919,"relics_obtained":[{"floor":6.0,"key":"Bag of Marbles"},{"floor":8.0,"key":"Smiling Mask"},{"floor":9.0,"key":"Centennial Puzzle"},{"floor":12.0,"key":"Matryoshka"},{"floor":23,"key":"Dream Catcher"},{"floor":25,"key":"Shovel"},{"floor":26,"key":"Tiny Chest"},{"floor":27,"key":"Meat on the Bone"},{"floor":28,"key":"Peace Pipe"},{"floor":29,"key":"Vajra"},{"floor":31,"key":"Strawberry"},{"floor":34,"key":"Akabeko"},{"floor":34,"key":"Symbiotic Virus"},{"floor":34,"key":"Du-Vu Doll"},{"floor":40,"key":"Oddly Smooth Stone"},{"floor":43,"key":"Pen Nib"},{"floor":43,"key":"Ornamental Fan"},{"floor":44,"key":"Boot"},{"floor":45,"key":"CeramicFish"},{"floor":46,"key":"Old Coin"},{"floor":48,"key":"Lizard Tail"},{"floor":49,"key":"Bronze Scales"},{"floor":52,"key":"Bottled Lightning"},{"floor":54,"key":"DataDisk"}],"event_choices":[{"damage_healed":0.0,"max_hp_gain":0.0,"max_hp_loss":0.0,"gold_gain":0.0,"event_name":"FaceTrader","player_choice":"Trade","floor":2.0,"gold_loss":0.0,"damage_taken":0.0,"relics_obtained":["CultistMask"]},{"damage_healed":0.0,"max_hp_gain":0.0,"max_hp_loss":0.0,"gold_gain":0.0,"event_name":"Golden Idol","player_choice":"Take Damage","floor":13.0,"gold_loss":0.0,"damage_taken":18.0,"relics_obtained":["Golden Idol"]},{"damage_healed":0.0,"max_hp_gain":0.0,"max_hp_loss":0.0,"gold_gain":0.0,"event_name":"Shining Light","player_choice":"Entered Light","floor":14.0,"gold_loss":0.0,"damage_taken":15.0,"cards_upgraded":["Seek","Fusion"]},{"damage_healed":0.0,"max_hp_gain":0.0,"max_hp_loss":0.0,"gold_gain":0.0,"event_name":"Drug Dealer","player_choice":"Inject Mutagens","floor":19.0,"gold_loss":0.0,"damage_taken":0.0,"relics_obtained":["MutagenicStrength"]},{"damage_healed":0.0,"max_hp_gain":0.0,"max_hp_loss":0.0,"gold_gain":250.0,"event_name":"The Joust","player_choice":"Bet on Owner","floor":20.0,"gold_loss":50.0,"damage_taken":0.0},{"cards_removed":["Machine Learning"],"damage_healed":0,"gold_gain":0,"player_choice":"Removed Power","damage_taken":0,"max_hp_gain":0,"max_hp_loss":0,"event_name":"Falling","floor":38,"gold_loss":0},{"damage_healed":0,"gold_gain":0,"player_choice":"Memory 3","damage_taken":10,"max_hp_gain":0,"max_hp_loss":0,"event_name":"SensoryStone","floor":42,"gold_loss":0}],"is_beta":false,"boss_relics":[{"not_picked":["Runic Dome","Ectoplasm"],"picked":"Runic Pyramid"},{"not_picked":["Sozu","Busted Crown"],"picked":"Calling Bell"}],"items_purged_floors":[],"is_endless":false,"potions_floor_spawned":[1,4,5,12,23,29,30,33,35,39,44],"ascension_level":1}}