{"host":"lv3zv4svf9qrs9uo","time":1611879744,"event":{"mods":["AchievementEnabler","BaseMod","Minty Spire (QoL Compilation)"],"gold_per_floor":[117,117,117,131,150,160,187,187,187,137,172,191,191,211,211,313,313,331,331,350,28,46,46,77,77,128,139,139,139,165,165,165,260,260,271,284,294,304,320,351,361,396,423,423,423,170,186,61,61,61],"floor_reached":51,"language":"ENG","playtime":7595,"items_purged":["Strike_P","EmptyBody+1","EmptyFist"],"score":970,"play_id":"4ad8af80-15ee-4f6c-b17a-f1817b2c8297","local_time":"20210128162224","is_ascension_mode":true,"campfire_choices":[{"data":"FlurryOfBlows","floor":8.0,"key":"SMITH"},{"data":"FlurryOfBlows","floor":13.0,"key":"SMITH"},{"data":"ConjureBlade","floor":15.0,"key":"SMITH"},{"data":"TalkToTheHand","floor":23.0,"key":"SMITH"},{"data":"Devotion","floor":25.0,"key":"SMITH"},{"data":"Prostrate","floor":29.0,"key":"SMITH"},{"data":"Ghostly","floor":32.0,"key":"SMITH"},{"data":"Ghostly","floor":45.0,"key":"SMITH"},{"data":"Ghostly","floor":49,"key":"SMITH"}],"circlet_count":0,"master_deck":["Strike_P","Defend_P+1","Eruption+1","Vigilance+1","JustLucky+1","Scrawl+1","FlurryOfBlows+1","CutThroughFate+1","ThirdEye","ConjureBlade+1","FlurryOfBlows+1","Devotion+1","CutThroughFate+1","Prostrate+1","TalkToTheHand+1","Consecrate+1","Worship","Ghostly+1","Ghostly+1","Ghostly+1","Ghostly+1","Ghostly+1","LessonLearned+1","Prostrate+1","Crescendo+1"],"relics":["PureWater","Bronze Scales","War Paint","HornCleat","Runic Pyramid","ClockworkSouvenir","Dream Catcher","Bag of Preparation","Mercury Hourglass","Coffee Dripper","Anchor","Ornamental Fan","Strawberry","Art of War"],"acts_visited":[],"potions_floor_usage":[50,50],"damage_taken":[{"damage":0.0,"enemies":"Cultist","floor":1.0,"turns":2.0},{"damage":4.0,"enemies":"Small Slimes","floor":4.0,"turns":2.0},{"damage":0.0,"enemies":"2 Louse","floor":5.0,"turns":2.0},{"damage":9.0,"enemies":"Exordium Thugs","floor":6.0,"turns":3.0},{"damage":1.0,"enemies":"3 Sentries","floor":7.0,"turns":4.0},{"damage":3.0,"enemies":"Lagavulin","floor":11.0,"turns":5.0},{"damage":0.0,"enemies":"2 Fungi Beasts","floor":12.0,"turns":1.0},{"damage":0.0,"enemies":"Blue Slaver","floor":14.0,"turns":1.0},{"damage":5.0,"enemies":"The Guardian","floor":16.0,"turns":6.0},{"damage":0.0,"enemies":"3 Byrds","floor":18.0,"turns":3.0},{"damage":14.0,"enemies":"2 Thieves","floor":20.0,"turns":3.0},{"damage":2.0,"enemies":"Snake Plant","floor":22.0,"turns":4.0},{"damage":0.0,"enemies":"Slavers","floor":24.0,"turns":3.0},{"damage":0.0,"enemies":"3 Cultists","floor":27.0,"turns":2.0},{"damage":0.0,"enemies":"Gremlin Leader","floor":30.0,"turns":3.0},{"damage":0.0,"enemies":"Collector","floor":33.0,"turns":5.0},{"damage":0.0,"enemies":"Orb Walker","floor":35.0,"turns":3.0},{"damage":0.0,"enemies":"3 Darklings","floor":36.0,"turns":4.0},{"damage":0.0,"enemies":"Sphere and 2 Shapes","floor":37.0,"turns":3.0},{"damage":0.0,"enemies":"Maw","floor":38.0,"turns":6.0},{"damage":0.0,"enemies":"Jaw Worm Horde","floor":39.0,"turns":3.0},{"damage":0.0,"enemies":"Nemesis","floor":40.0,"turns":5.0},{"damage":0.0,"enemies":"3 Darklings","floor":41.0,"turns":3.0},{"damage":0.0,"enemies":"Giant Head","floor":42.0,"turns":4.0},{"damage":0.0,"enemies":"Maw","floor":47.0,"turns":5.0},{"damage":12,"enemies":"Time Eater","floor":50,"turns":4}],"seed_played":"8981610958176845173","potions_obtained":[{"floor":4.0,"key":"FearPotion"},{"floor":6.0,"key":"Weak Potion"},{"floor":11.0,"key":"Regen Potion"},{"floor":16.0,"key":"AttackPotion"},{"floor":18.0,"key":"BottledMiracle"},{"floor":22.0,"key":"StancePotion"},{"floor":24.0,"key":"Ambrosia"},{"floor":35.0,"key":"LiquidMemories"}],"is_trial":false,"path_per_floor":["M","?","?","M","M","M","E","R","T","?","E","M","R","M","R","B",null,"M","?","M","$","M","R","E","R","T","M","?","R","E","?","R","B",null,"M","M","M","M","M","E","M","E","T","?","R","$","M","$","R","B",null],"character_chosen":"WATCHER","items_purchased":["Prostrate","TalkToTheHand","ClockworkSouvenir","Art of War"],"campfire_rested":0,"item_purchase_floors":[21,21,21,46],"current_hp_per_floor":[65,58,45,41,41,32,31,31,31,31,28,28,28,28,28,38,65,65,65,51,51,49,49,49,49,49,49,49,49,49,32,32,32,32,32,32,32,32,32,32,32,32,39,39,39,39,39,39,39,27],"gold":61,"neow_bonus":"TRANSFORM_TWO_CARDS","is_daily":false,"chose_seed":false,"campfire_upgraded":9,"win_rate":0.0,"timestamp":1611879744,"path_taken":["M","?","?","M","M","M","E","R","T","?","E","M","R","M","R","BOSS","M","?","?","$","M","R","E","R","T","M","?","R","E","?","R","BOSS","M","M","M","M","M","E","M","E","T","?","R","?","M","$","R","BOSS"],"items_purchased_type":["Card","Card","Relic","Relic"],"build_version":"2020-12-22","purchased_purges":3,"victory":true,"max_hp_per_floor":[65,65,65,65,65,65,65,65,65,65,65,65,65,65,65,65,65,65,65,65,65,65,65,65,65,65,65,65,65,65,32,32,32,32,32,32,32,32,32,32,32,32,39,39,39,39,39,39,39,39],"card_choices":[{"not_picked":["EmptyFist","FollowUp"],"picked":"FlurryOfBlows","floor":1.0},{"not_picked":["WreathOfFlame","ClearTheMind"],"picked":"CutThroughFate","floor":4.0},{"not_picked":["Sanctity","SignatureMove"],"picked":"EmptyBody","floor":5.0},{"not_picked":["Alpha","Halt"],"picked":"ThirdEye","floor":6.0},{"not_picked":["Pray","ClearTheMind"],"picked":"ConjureBlade","floor":7.0},{"not_picked":["SashWhip","WreathOfFlame","Sanctity"],"picked":"SKIP","floor":11.0},{"not_picked":["Halt","Protect"],"picked":"FlurryOfBlows","floor":12.0},{"not_picked":["DeceiveReality","EmptyBody","SashWhip"],"picked":"SKIP","floor":14.0},{"not_picked":["LessonLearned","Omniscience"],"picked":"Devotion","floor":16.0},{"not_picked":["InnerPeace","Sanctity"],"picked":"CutThroughFate","floor":18.0},{"not_picked":["JustLucky","CutThroughFate"],"picked":"EmptyFist","floor":20.0},{"not_picked":["PathToVictory","Protect+1","FlurryOfBlows+1"],"picked":"SKIP","floor":22.0},{"not_picked":["FollowUp","Halt"],"picked":"Consecrate+1","floor":24.0},{"not_picked":["EmptyBody","EmptyFist"],"picked":"LikeWater+1","floor":27.0},{"not_picked":["Collect+1","Ragnarok"],"picked":"Worship","floor":30.0},{"not_picked":["Establishment","Judgement"],"picked":"LessonLearned","floor":33.0},{"not_picked":["WaveOfTheHand+1","FollowUp+1","BowlingBash+1"],"picked":"SKIP","floor":35.0},{"not_picked":["JustLucky","Meditate"],"picked":"Prostrate","floor":36.0},{"not_picked":["EmptyFist+1","ThirdEye","ForeignInfluence+1"],"picked":"SKIP","floor":37.0},{"not_picked":["Adaptation","Judgement","EmptyFist"],"picked":"SKIP","floor":38.0},{"not_picked":["Prostrate+1","BowlingBash","Evaluate"],"picked":"SKIP","floor":39.0},{"not_picked":["FollowUp","Prostrate","WreathOfFlame"],"picked":"SKIP","floor":40.0},{"not_picked":["EmptyFist+1","Wallop","FlurryOfBlows"],"picked":"SKIP","floor":41.0},{"not_picked":["WaveOfTheHand","Prostrate+1"],"picked":"Crescendo+1","floor":42.0},{"not_picked":["Consecrate+1","Evaluate+1","WaveOfTheHand"],"picked":"SKIP","floor":47.0}],"player_experience":454474,"relics_obtained":[{"floor":7.0,"key":"Bronze Scales"},{"floor":9.0,"key":"War Paint"},{"floor":11.0,"key":"HornCleat"},{"floor":24.0,"key":"Dream Catcher"},{"floor":26.0,"key":"Bag of Preparation"},{"floor":30.0,"key":"Mercury Hourglass"},{"floor":40.0,"key":"Anchor"},{"floor":42.0,"key":"Ornamental Fan"},{"floor":43.0,"key":"Strawberry"}],"event_choices":[{"cards_removed":["Strike_P"],"damage_healed":0.0,"max_hp_gain":0.0,"max_hp_loss":0.0,"gold_gain":0.0,"event_name":"Golden Wing","player_choice":"Card Removal","floor":2.0,"gold_loss":0.0,"damage_taken":7.0},{"damage_healed":0.0,"max_hp_gain":0.0,"max_hp_loss":0.0,"gold_gain":0.0,"event_name":"Shining Light","player_choice":"Entered Light","floor":3.0,"gold_loss":0.0,"damage_taken":13.0,"cards_upgraded":["Scrawl","Eruption"]},{"cards_removed":["Defend_P"],"damage_healed":0.0,"max_hp_gain":0.0,"max_hp_loss":0.0,"gold_gain":0.0,"event_name":"The Cleric","player_choice":"Card Removal","floor":10.0,"gold_loss":50.0,"damage_taken":0.0},{"cards_removed":["Strike_P"],"damage_healed":0.0,"max_hp_gain":0.0,"max_hp_loss":0.0,"gold_gain":0.0,"event_name":"Purifier","player_choice":"Purged","floor":19.0,"gold_loss":0.0,"damage_taken":0.0},{"damage_healed":0.0,"max_hp_gain":0.0,"max_hp_loss":0.0,"gold_gain":0.0,"event_name":"Vampires","player_choice":"Ignored","floor":28.0,"gold_loss":0.0,"damage_taken":0.0},{"damage_healed":0.0,"max_hp_gain":0.0,"max_hp_loss":33.0,"gold_gain":0.0,"event_name":"Ghosts","player_choice":"Became a Ghost","floor":31.0,"gold_loss":0.0,"damage_taken":0.0,"cards_obtained":["Ghostly","Ghostly","Ghostly","Ghostly","Ghostly"]},{"cards_removed":["LikeWater"],"damage_healed":0.0,"max_hp_gain":0.0,"max_hp_loss":0.0,"gold_gain":0.0,"event_name":"Bonfire Elementals","player_choice":"Offered Uncommon","floor":44.0,"gold_loss":0.0,"damage_taken":0.0}],"is_beta":false,"boss_relics":[{"not_picked":["HolyWater","SacredBark"],"picked":"Runic Pyramid"},{"not_picked":["Tiny House","Runic Dome"],"picked":"Coffee Dripper"}],"items_purged_floors":[21,46,48],"is_endless":false,"potions_floor_spawned":[4,6,11,16,18,22,24,27,35,40,42],"ascension_level":2}}