{"host":"pvf7uj918he10jir","time":1611894480,"event":{"mods":["AchievementEnabler","BaseMod","Colored Map","Colored Powertips","Highlight Path","Minty Spire (QoL Compilation)","Relic Stats","Slay the Relics Exporter","everything is the same but u backflip on backflip"],"gold_per_floor":[115,132,147,167,180,180,28,61,88,88,88,121,121,146,146,249,249,261,279,47,47,47,75,75,93,93,127,127,153,164,164,164,267,317,335,389,439,450,464,464,54,87,114,130,165,165,175,208,208,208],"floor_reached":51,"language":"ENG","playtime":2975,"items_purged":["Strike_G","Strike_G"],"score":1279,"play_id":"2eb98de9-dd7d-4ea9-a1f0-5a7042bea8ff","local_time":"20210128232800","is_ascension_mode":true,"campfire_choices":[{"data":"Cloak And Dagger","floor":6,"key":"SMITH"},{"data":"Blade Dance","floor":11,"key":"SMITH"},{"data":"Footwork","floor":15,"key":"SMITH"},{"data":"Accuracy","floor":24,"key":"SMITH"},{"floor":32,"key":"REST"},{"data":"1","floor":40,"key":"LIFT"},{"floor":46,"key":"REST"},{"data":"2","floor":49,"key":"LIFT"}],"circlet_count":0,"master_deck":["Strike_G+1","Strike_G+1","Defend_G","Defend_G","Defend_G+1","Defend_G+1","Defend_G","Survivor","Neutralize+1","Footwork+1","Blade Dance+1","Blade Dance+1","Cloak And Dagger+1","A Thousand Cuts","Finisher","Cloak And Dagger","Accuracy+1","Blade Dance","Decay","Blade Dance","Blade Dance+1","Blade Dance+1","Parasite","Accuracy"],"relics":["Ring of the Snake","Sling","Strawberry","Centennial Puzzle","Dream Catcher","Nunchaku","Sozu","PreservedInsect","Ornamental Fan","Girya","Bag of Preparation","Bottled Tornado","Tiny House","CaptainsWheel","Lizard Tail","Thread and Needle","MealTicket","Whetstone","Akabeko","Snake Skull"],"acts_visited":["Exordium","TheCity","TheBeyond"],"potions_floor_usage":[16,16,29],"damage_taken":[{"damage":1,"enemies":"Cultist","floor":1,"turns":4},{"damage":3,"enemies":"Jaw Worm","floor":2,"turns":5},{"damage":0,"enemies":"Small Slimes","floor":3,"turns":3},{"damage":2,"enemies":"2 Fungi Beasts","floor":4,"turns":3},{"damage":10,"enemies":"Large Slime","floor":5,"turns":5},{"damage":0,"enemies":"Lagavulin","floor":8,"turns":8},{"damage":10,"enemies":"3 Sentries","floor":12,"turns":6},{"damage":8,"enemies":"Lagavulin","floor":14,"turns":4},{"damage":0,"enemies":"Slime Boss","floor":16,"turns":4},{"damage":5,"enemies":"Chosen","floor":18,"turns":5},{"damage":6,"enemies":"Spheric Guardian","floor":19,"turns":3},{"damage":16,"enemies":"Slavers","floor":23,"turns":4},{"damage":20,"enemies":"Snake Plant","floor":25,"turns":4},{"damage":0,"enemies":"Gremlin Leader","floor":27,"turns":4},{"damage":0,"enemies":"Slavers","floor":29,"turns":2},{"damage":1,"enemies":"Chosen and Byrds","floor":30,"turns":2},{"damage":30,"enemies":"Collector","floor":33,"turns":4},{"damage":0,"enemies":"Orb Walker","floor":35,"turns":2},{"damage":18,"enemies":"2 Orb Walkers","floor":36,"turns":4},{"damage":0,"enemies":"Mind Bloom Boss Battle","floor":37,"turns":5},{"damage":24,"enemies":"3 Shapes","floor":38,"turns":3},{"damage":2,"enemies":"Writhing Mass","floor":39,"turns":4},{"damage":0,"enemies":"Giant Head","floor":42,"turns":2},{"damage":2,"enemies":"4 Shapes","floor":44,"turns":2},{"damage":0,"enemies":"Nemesis","floor":45,"turns":1},{"damage":0,"enemies":"3 Darklings","floor":47,"turns":2},{"damage":0,"enemies":"Reptomancer","floor":48,"turns":2},{"damage":50,"enemies":"Awakened One","floor":50,"turns":7}],"seed_played":"2186956629758421220","potions_obtained":[{"floor":1,"key":"SteroidPotion"},{"floor":3,"key":"SteroidPotion"},{"floor":8,"key":"CunningPotion"}],"is_trial":false,"path_per_floor":["M","M","M","M","M","R","$","E","T","?","R","E","?","E","R","B",null,"M","M","$","?","?","E","R","M","T","E","?","E","M","?","R","B",null,"M","?","?","M","M","R","$","E","T","M","E","R","M","E","R","B",null],"character_chosen":"THE_SILENT","items_purchased":["Sling","PreservedInsect","Thread and Needle"],"campfire_rested":2,"item_purchase_floors":[7,20,41],"current_hp_per_floor":[76,73,73,71,61,61,61,68,68,51,51,41,41,33,33,33,71,66,60,60,60,60,44,44,24,24,24,24,24,23,23,48,18,73,73,55,55,31,29,29,29,29,29,27,27,53,53,53,53,3],"gold":208,"neow_bonus":"TEN_PERCENT_HP_BONUS","is_daily":false,"chose_seed":false,"campfire_upgraded":4,"win_rate":0.0,"timestamp":1611894480,"path_taken":["M","M","M","M","M","R","?","E","T","?","R","E","?","E","R","BOSS","M","M","$","?","?","E","R","M","T","E","?","E","M","?","R","BOSS","M","?","?","M","M","R","$","E","T","M","E","R","M","E","R","BOSS"],"items_purchased_type":["Relic","Relic","Relic"],"build_version":"2020-12-22","purchased_purges":2,"victory":true,"max_hp_per_floor":[77,77,77,77,77,77,77,84,84,84,84,84,84,84,84,84,84,84,84,84,84,84,84,84,84,84,84,84,84,84,84,84,84,89,89,89,89,89,89,89,89,89,89,89,89,89,89,89,89,89],"relic_stats":{"counters":[28,104],"PreservedInsect":364,"Snake Skull":[0],"Bag of Preparation":[28],"Whetstone":["Strike_G","Neutralize"],"Sozu":8,"Centennial Puzzle":[39],"Dream Catcher":2,"Nunchaku":[36],"Lizard Tail":0,"Ornamental Fan":[312],"MealTicket":0,"obtain_stats":[{"Girya":26,"Tiny House":34,"Thread and Needle":41,"PreservedInsect":20,"Snake Skull":48,"Bag of Preparation":27,"Whetstone":43,"Bottled Tornado":29,"Sling":7,"Akabeko":45,"Sozu":17,"Centennial Puzzle":9,"Dream Catcher":12,"Nunchaku":14,"CaptainsWheel":36,"Lizard Tail":37,"Ornamental Fan":23,"Strawberry":8,"MealTicket":42,"Ring of the Snake":0},{"Girya":13,"Tiny House":17,"Thread and Needle":22,"PreservedInsect":11,"Snake Skull":27,"Bag of Preparation":14,"Whetstone":23,"Bottled Tornado":15,"Sling":5,"Akabeko":25,"Sozu":9,"Centennial Puzzle":6,"Dream Catcher":7,"Nunchaku":8,"CaptainsWheel":19,"Lizard Tail":20,"Ornamental Fan":12,"Strawberry":6,"MealTicket":23,"Ring of the Snake":0},{"Girya":58,"Tiny House":70,"Thread and Needle":88,"PreservedInsect":50,"Snake Skull":97,"Bag of Preparation":62,"Whetstone":90,"Bottled Tornado":64,"Sling":20,"Akabeko":93,"Sozu":42,"Centennial Puzzle":28,"Dream Catcher":34,"Nunchaku":38,"CaptainsWheel":76,"Lizard Tail":81,"Ornamental Fan":54,"Strawberry":28,"MealTicket":90,"Ring of the Snake":0}],"Ring of the Snake":[56]},"card_choices":[{"not_picked":["Quick Slash","Acrobatics"],"picked":"Footwork","floor":1},{"not_picked":["Sucker Punch","Escape Plan"],"picked":"Blade Dance","floor":2},{"not_picked":["Flechettes","Infinite Blades"],"picked":"Blade Dance","floor":3},{"not_picked":["Predator","Underhanded Strike"],"picked":"Cloak And Dagger","floor":4},{"not_picked":["Glass Knife","Deadly Poison","Bane"],"picked":"SKIP","floor":5},{"not_picked":["Concentrate","Prepared","Blur"],"picked":"SKIP","floor":8},{"not_picked":["Slice","Predator","Masterful Stab"],"picked":"SKIP","floor":12},{"not_picked":["Skewer","Crippling Poison","Acrobatics"],"picked":"SKIP","floor":14},{"not_picked":["Malaise","Venomology"],"picked":"A Thousand Cuts","floor":16},{"not_picked":["Cloak And Dagger","Dash"],"picked":"Finisher","floor":18},{"not_picked":["Footwork","PiercingWail+1"],"picked":"Cloak And Dagger","floor":19},{"not_picked":["Backflip","Sucker Punch","Slice"],"picked":"SKIP","floor":23},{"not_picked":["Bullet Time","Backflip","Calculated Gamble"],"picked":"SKIP","floor":25},{"not_picked":["Quick Slash","Dagger Spray+1"],"picked":"Blade Dance","floor":27},{"not_picked":["Dodge and Roll","Bouncing Flask","Expertise"],"picked":"SKIP","floor":29},{"not_picked":["Sucker Punch","Distraction"],"picked":"Blade Dance","floor":30},{"not_picked":["Quick Slash+1","Reflex+1","Slice+1"],"picked":"SKIP","floor":35},{"not_picked":["Choke+1","Poisoned Stab+1"],"picked":"Blade Dance+1","floor":36},{"not_picked":["Dodge and Roll+1","Grand Finale"],"picked":"Blade Dance+1","floor":38},{"not_picked":["Quick Slash+1","Dodge and Roll+1","Acrobatics+1"],"picked":"SKIP","floor":39},{"not_picked":["Slice+1","Setup+1","Acrobatics"],"picked":"SKIP","floor":42},{"not_picked":["Dagger Throw","Dagger Spray","Sucker Punch+1"],"picked":"SKIP","floor":44},{"not_picked":["Catalyst","Outmaneuver","Underhanded Strike+1"],"picked":"SKIP","floor":45},{"not_picked":["Prepared","Blade Dance","Flying Knee+1"],"picked":"SKIP","floor":47},{"not_picked":["Predator","Bullet Time"],"picked":"Accuracy","floor":48}],"player_experience":169254,"relics_obtained":[{"floor":8,"key":"Strawberry"},{"floor":9,"key":"Centennial Puzzle"},{"floor":12,"key":"Dream Catcher"},{"floor":14,"key":"Nunchaku"},{"floor":23,"key":"Ornamental Fan"},{"floor":26,"key":"Girya"},{"floor":27,"key":"Bag of Preparation"},{"floor":29,"key":"Bottled Tornado"},{"floor":36,"key":"CaptainsWheel"},{"floor":37,"key":"Lizard Tail"},{"floor":42,"key":"MealTicket"},{"floor":43,"key":"Whetstone"},{"floor":45,"key":"Akabeko"},{"floor":48,"key":"Snake Skull"}],"event_choices":[{"damage_healed":0,"gold_gain":0,"player_choice":"Entered Light","damage_taken":17,"max_hp_gain":0,"max_hp_loss":0,"event_name":"Shining Light","floor":10,"gold_loss":0,"cards_upgraded":["Strike_G","Defend_G"]},{"damage_healed":0,"gold_gain":0,"player_choice":"Grow","damage_taken":0,"max_hp_gain":0,"max_hp_loss":0,"event_name":"Living Wall","floor":13,"gold_loss":0,"cards_upgraded":["Blade Dance"]},{"damage_healed":0,"gold_gain":0,"player_choice":"Read","damage_taken":0,"max_hp_gain":0,"max_hp_loss":0,"event_name":"The Library","floor":21,"gold_loss":0,"cards_obtained":["Accuracy"]},{"cards_removed":["Strike_G"],"damage_healed":0,"gold_gain":0,"player_choice":"Elegance","damage_taken":0,"max_hp_gain":0,"max_hp_loss":0,"event_name":"Back to Basics","floor":22,"gold_loss":0},{"damage_healed":0,"gold_gain":0,"player_choice":"Smashed Altar","damage_taken":0,"max_hp_gain":0,"max_hp_loss":0,"event_name":"Forgotten Altar","floor":28,"gold_loss":0,"cards_obtained":["Decay"]},{"damage_healed":0,"gold_gain":0,"player_choice":"Ignored","damage_taken":0,"max_hp_gain":0,"max_hp_loss":0,"event_name":"Vampires","floor":31,"gold_loss":0},{"damage_healed":0,"gold_gain":0,"player_choice":"Fight","damage_taken":0,"max_hp_gain":0,"max_hp_loss":0,"event_name":"Mysterious Sphere","floor":36,"gold_loss":0},{"damage_healed":0,"gold_gain":0,"player_choice":"Fight","damage_taken":0,"max_hp_gain":0,"max_hp_loss":0,"event_name":"MindBloom","floor":37,"gold_loss":0}],"is_beta":false,"boss_relics":[{"not_picked":["Ring of the Serpent","SlaversCollar"],"picked":"Sozu"},{"not_picked":["Empty Cage","Cursed Key"],"picked":"Tiny House"}],"items_purged_floors":[20,41],"is_endless":false,"potions_floor_spawned":[1,3,8,12,19,25,30,33,37,38,44,47],"ascension_level":5}}