{"host":"nnt34ungdh9fkcmy","time":1611882788,"event":{"mods":["BaseMod","Downfall","Minty Spire (QoL Compilation)","StSLib","SuperFastMode"],"gold_per_floor":[99,109,19,19,36,53,53,38,67,67,129,163,163,176,195,195,195,195],"floor_reached":16,"language":"ENG","playtime":905,"items_purged":["downfall:Bewildered"],"score":110,"play_id":"67a2d2da-1635-4d8c-81be-6249c1c2dbcc","local_time":"20210128181308","is_ascension_mode":false,"campfire_choices":[{"data":"sneckomod:SnekBite","floor":1,"key":"SMITH"},{"data":"sneckomod:UnknownRareAttack","floor":10,"key":"SMITH"}],"circlet_count":0,"master_deck":["sneckomod:Strike","sneckomod:Strike","sneckomod:Strike","sneckomod:Defend","sneckomod:Defend","sneckomod:Defend","sneckomod:TailWhip","sneckomod:SnekBite+1","sneckomod:Unknown","sneckomod:Unknown","sneckomod:UnendingSupply","sneckomod:UnknownStrike","sneckomod:SnekBite+1","sneckomod:UnknownExhaust","sneckomod:QuickBite","sneckomod:Unknown1Cost","sneckomod:UnknownRareAttack+1","sneckomod:UnknownUncommonPower","sneckomod:ImprovisedGuard","sneckomod:Cheat","sneckomod:SnekBeam"],"relics":["sneckomod:SneckoSoul","Dead Branch","StrikeDummy","PreservedInsect","Nunchaku"],"acts_visited":["Exordium"],"potions_floor_usage":[12],"damage_taken":[{"damage":11,"enemies":"Jaw Worm","floor":2,"turns":3},{"damage":0,"enemies":"downfall:FleeingMerchant","floor":3,"turns":4},{"damage":2,"enemies":"Cultist","floor":5,"turns":4},{"damage":6,"enemies":"2 Louse","floor":6,"turns":2},{"damage":5,"enemies":"downfall:FleeingMerchant","floor":8,"turns":4},{"damage":18,"enemies":"Gremlin Nob","floor":9,"turns":4},{"damage":0,"enemies":"Gremlin Nob","floor":11,"turns":2},{"damage":1,"enemies":"Lagavulin","floor":12,"turns":2},{"damage":0,"enemies":"Lots of Slimes","floor":14,"turns":3},{"damage":0,"enemies":"Large Slime","floor":15,"turns":3},{"damage":53,"enemies":"SI_SHIV_ARCHETYPE","floor":16,"turns":6}],"seed_played":"-458508684507362372","potions_obtained":[{"floor":2,"key":"Fire Potion"},{"floor":9,"key":"BlessingOfTheForge"},{"floor":11,"key":"SpeedPotion"},{"floor":12,"key":"Dexterity Potion"}],"is_trial":false,"path_per_floor":["R","M","$","?","M","M","T","$","E","R","?","E","?","M","M","B"],"character_chosen":"THE_SNECKO","items_purchased":[],"campfire_rested":0,"item_purchase_floors":[],"current_hp_per_floor":[90,79,79,79,77,71,71,66,48,48,48,47,47,47,47,0,0,0],"gold":195,"neow_bonus":"ONE_RARE_RELIC","is_daily":false,"chose_seed":false,"campfire_upgraded":2,"win_rate":0.0,"timestamp":1611882788,"path_taken":["R","M","$","?","M","?","T","$","E","R","?","E","?","M","M","BOSS"],"items_purchased_type":[],"build_version":"2020-12-22","purchased_purges":1,"victory":false,"max_hp_per_floor":[90,90,90,90,90,90,90,90,90,90,90,90,90,90,90,90,90,90],"card_choices":[{"not_picked":["sneckomod:SoulRoll","sneckomod:UnknownUncommonPower"],"picked":"sneckomod:UnendingSupply","floor":2},{"not_picked":["sneckomod:IronFang","sneckomod:UnknownWeak"],"picked":"sneckomod:UnknownStrike","floor":3},{"not_picked":["sneckomod:SoulDraw","sneckomod:UnknownDraw"],"picked":"sneckomod:UnknownExhaust","floor":5},{"not_picked":["sneckomod:SoulRoll","sneckomod:SoulDraw"],"picked":"sneckomod:QuickBite","floor":6},{"not_picked":["sneckomod:RainOfDice","sneckomod:UnknownDraw"],"picked":"sneckomod:Unknown1Cost","floor":8},{"not_picked":["sneckomod:SoulDraw","sneckomod:QuickBite"],"picked":"sneckomod:UnknownRareAttack","floor":9},{"not_picked":["sneckomod:SoulDraw","sneckomod:Unknown2Cost"],"picked":"sneckomod:UnknownUncommonPower","floor":11},{"not_picked":["sneckomod:CheapStock","sneckomod:PureSnecko"],"picked":"sneckomod:ImprovisedGuard","floor":12},{"not_picked":["sneckomod:SnakeSap","sneckomod:SerpentIdol"],"picked":"sneckomod:SnekBeam","floor":14},{"not_picked":["sneckomod:SoulRoll","sneckomod:UnknownWeak","sneckomod:UnknownCommonAttack"],"picked":"SKIP","floor":15}],"player_experience":277356,"relics_obtained":[{"floor":7,"key":"StrikeDummy"},{"floor":9,"key":"PreservedInsect"},{"floor":11,"key":"Centennial Puzzle"},{"floor":12,"key":"Nunchaku"}],"event_choices":[],"is_beta":false,"boss_relics":[],"items_purged_floors":[3],"is_endless":false,"potions_floor_spawned":[2,9,11,12],"killed_by":"SI_SHIV_ARCHETYPE","ascension_level":0}}