{"host":"zk71suw73lg2r165","time":1611887329,"event":{"mods":["BaseMod","Colored Map","Minty Spire (QoL Compilation)","Permanent Neow","Relic Stats","StSLib"],"gold_per_floor":[16,36,36,56,56,91,91,108,133,167,167,196,196,196,196,267,267,287,302,302,319,337,337,337],"floor_reached":23,"language":"ENG","playtime":479,"items_purged":[],"score":422,"play_id":"f4cfc726-9509-4129-84f7-c3023c65d20d","local_time":"20210128212849","is_ascension_mode":true,"campfire_choices":[{"floor":7,"key":"REST"},{"floor":11,"key":"REST"},{"data":"Pommel Strike","floor":13,"key":"SMITH"},{"data":"Bash","floor":15,"key":"SMITH"}],"circlet_count":0,"master_deck":["AscendersBane","Strike_R","Strike_R","Strike_R","Defend_R+1","Defend_R","Defend_R","Defend_R","Bash+1","Hemokinesis+1","Pommel Strike","Cleave","Demon Form","Thunderclap","Pommel Strike+1","Reaper","Flame Barrier","Battle Trance"],"relics":["Burning Blood","Omamori","Pen Nib","Bronze Scales","Oddly Smooth Stone","StrikeDummy","CultistMask","Cursed Key"],"acts_visited":["Exordium","TheCity"],"potions_floor_usage":[6,18,22],"damage_taken":[{"damage":7,"enemies":"Jaw Worm","floor":1,"turns":4},{"damage":9,"enemies":"Small Slimes","floor":2,"turns":4},{"damage":2,"enemies":"Cultist","floor":4,"turns":2},{"damage":30,"enemies":"Gremlin Nob","floor":6,"turns":4},{"damage":6,"enemies":"Exordium Thugs","floor":8,"turns":4},{"damage":31,"enemies":"Lagavulin","floor":10,"turns":6},{"damage":10,"enemies":"Gremlin Nob","floor":12,"turns":3},{"damage":24,"enemies":"Hexaghost","floor":16,"turns":7},{"damage":6,"enemies":"3 Byrds","floor":18,"turns":2},{"damage":2,"enemies":"Chosen","floor":19,"turns":3},{"damage":16,"enemies":"Snake Plant","floor":21,"turns":3},{"damage":27,"enemies":"Shelled Parasite and Fungi","floor":22,"turns":2},{"damage":40,"enemies":"Slavers","floor":23,"turns":2}],"seed_played":"-2562390123250908501","potions_obtained":[{"floor":1,"key":"Regen Potion"},{"floor":6,"key":"Fire Potion"},{"floor":18,"key":"DuplicationPotion"},{"floor":19,"key":"AttackPotion"},{"floor":22,"key":"Ancient Potion"}],"is_trial":false,"path_per_floor":["M","M","?","M","?","E","R","M","T","E","R","E","R","?","R","B",null,"M","M","?","M","M","E"],"character_chosen":"IRONCLAD","items_purchased":[],"campfire_rested":2,"item_purchase_floors":[],"current_hp_per_floor":[67,64,41,45,34,22,44,44,44,19,41,37,37,37,37,19,61,61,65,65,59,38,0,0],"gold":337,"neow_bonus":"REMOVE_TWO","is_daily":false,"chose_seed":false,"campfire_upgraded":2,"win_rate":0.0,"timestamp":1611887329,"path_taken":["M","M","?","M","?","E","R","M","T","E","R","E","R","?","R","BOSS","M","?","?","M","M","E"],"items_purchased_type":[],"build_version":"2020-12-22","purchased_purges":0,"victory":false,"max_hp_per_floor":[75,75,75,75,75,75,75,75,75,75,75,75,75,75,75,75,75,75,75,75,75,75,75,75],"relic_stats":{"counters":[13,46],"Bronze Scales":[113],"Pen Nib":[5],"Cursed Key":0,"obtain_stats":[{"Bronze Scales":9,"Oddly Smooth Stone":10,"Pen Nib":6,"CultistMask":14,"Omamori":5,"StrikeDummy":12,"Cursed Key":17,"Burning Blood":0},{"Bronze Scales":5,"Oddly Smooth Stone":6,"Pen Nib":4,"CultistMask":7,"Omamori":3,"StrikeDummy":7,"Cursed Key":8,"Burning Blood":0},{"Bronze Scales":18,"Oddly Smooth Stone":24,"Pen Nib":14,"CultistMask":27,"Omamori":10,"StrikeDummy":27,"Cursed Key":34,"Burning Blood":0}],"Burning Blood":72},"card_choices":[{"not_picked":["Twin Strike","Clothesline"],"picked":"Hemokinesis","floor":1},{"not_picked":["Cleave","Flex"],"picked":"Pommel Strike","floor":2},{"not_picked":["Havoc","Infernal Blade"],"picked":"Cleave","floor":4},{"not_picked":["Sword Boomerang","Combust"],"picked":"Demon Form","floor":6},{"not_picked":["Fire Breathing","Reckless Charge"],"picked":"Thunderclap","floor":8},{"not_picked":["Thunderclap","Rampage","Barricade"],"picked":"SKIP","floor":10},{"not_picked":["Barricade","Warcry"],"picked":"Pommel Strike","floor":12},{"not_picked":["Barricade","Impervious"],"picked":"Reaper","floor":16},{"not_picked":["Hemokinesis+1","Cleave+1"],"picked":"Flame Barrier","floor":18},{"not_picked":["Iron Wave","Heavy Blade","Pommel Strike+1"],"picked":"SKIP","floor":19},{"not_picked":["Iron Wave","Heavy Blade","Pommel Strike+1"],"picked":"SKIP","floor":19},{"not_picked":["Thunderclap","Blood for Blood+1","Twin Strike"],"picked":"SKIP","floor":21},{"not_picked":["Uppercut","Twin Strike"],"picked":"Battle Trance","floor":22}],"player_experience":1409530,"relics_obtained":[{"floor":6,"key":"Pen Nib"},{"floor":9,"key":"Bronze Scales"},{"floor":10,"key":"Oddly Smooth Stone"},{"floor":12,"key":"StrikeDummy"}],"event_choices":[{"damage_healed":0,"gold_gain":0,"player_choice":"Entered Light","damage_taken":23,"max_hp_gain":0,"max_hp_loss":0,"event_name":"Shining Light","floor":3,"gold_loss":0,"cards_upgraded":["Hemokinesis","Defend_R"]},{"damage_healed":0,"gold_gain":0,"player_choice":"Success","damage_taken":11,"relics_obtained":["Omamori"],"max_hp_gain":0,"max_hp_loss":0,"event_name":"Scrap Ooze","floor":5,"gold_loss":0},{"damage_healed":0,"gold_gain":0,"player_choice":"Trade","damage_taken":0,"relics_obtained":["CultistMask"],"max_hp_gain":0,"max_hp_loss":0,"event_name":"FaceTrader","floor":14,"gold_loss":0},{"damage_healed":0,"gold_gain":0,"player_choice":"Ignored","damage_taken":0,"max_hp_gain":0,"max_hp_loss":0,"event_name":"Ghosts","floor":20,"gold_loss":0}],"is_beta":false,"boss_relics":[{"not_picked":["Empty Cage","Pandora\u0027s Box"],"picked":"Cursed Key"}],"items_purged_floors":[],"is_endless":false,"potions_floor_spawned":[1,6,18,19,22],"killed_by":"Slavers","ascension_level":20}}