{"host":"toh0bbw446wnuexf","time":1611895280,"event":{"mods":["BaseMod","Downfall","Hermit","Minty Spire (QoL Compilation)","Random Character Button","StSLib"],"gold_per_floor":[99,117,127,112,122,32,32,32,32,32,32],"floor_reached":9,"language":"ENG","playtime":666,"items_purged":["bronze:Branch"],"score":54,"play_id":"ad191af0-2e0c-494d-8889-534cd7b583ec","local_time":"20210129174120","is_ascension_mode":true,"campfire_choices":[{"data":"bronze:Replicate","floor":1,"key":"SMITH"},{"data":"bronze:CloningBeam","floor":8,"key":"SMITH"}],"circlet_count":0,"master_deck":["bronze:Strike","bronze:Strike","bronze:Strike","bronze:Strike","bronze:Defend","bronze:Defend","bronze:Defend","bronze:Defend","bronze:Replicate+1","bronze:ForceShield","bronze:ForLoop","bronze:CloningBeam+1"],"relics":["bronze:BronzeCore","Molten Egg 2"],"acts_visited":["Exordium"],"potions_floor_usage":[],"damage_taken":[{"damage":1,"enemies":"Cultist","floor":2,"turns":4},{"damage":0,"enemies":"Small Slimes","floor":3,"turns":3},{"damage":0,"enemies":"downfall:FleeingMerchant","floor":4,"turns":4},{"damage":0,"enemies":"Jaw Worm","floor":5,"turns":6},{"damage":5,"enemies":"downfall:FleeingMerchant","floor":6,"turns":4},{"damage":64,"enemies":"Gremlin Nob","floor":9,"turns":5}],"seed_played":"1842948023046097116","potions_obtained":[{"floor":3,"key":"FearPotion"}],"is_trial":false,"path_per_floor":["R","M","M","$","M","$","T","R","E"],"character_chosen":"THE_AUTOMATON","items_purchased":[],"campfire_rested":0,"item_purchase_floors":[],"current_hp_per_floor":[70,69,69,69,69,64,64,64,0,0,0],"gold":32,"neow_bonus":"TRANSFORM_CARD","is_daily":false,"chose_seed":false,"campfire_upgraded":2,"win_rate":0.0,"timestamp":1611895280,"path_taken":["R","M","M","$","?","$","T","R","E"],"items_purchased_type":[],"build_version":"2020-12-22","purchased_purges":1,"victory":false,"max_hp_per_floor":[70,70,70,70,70,70,70,70,70,70,70],"card_choices":[{"not_picked":["bronze:DelayedSlice","bronze:BuggyMess"],"picked":"bronze:Branch","floor":2},{"not_picked":["bronze:BitShift","bronze:BuggyMess"],"picked":"bronze:ForLoop","floor":3},{"not_picked":["bronze:SpaghettiCode","bronze:CleanCode"],"picked":"bronze:CloningBeam","floor":4},{"not_picked":["bronze:OilSpill","bronze:Shield","bronze:ForceShield"],"picked":"SKIP","floor":5},{"not_picked":["bronze:BurnOut","bronze:Deprecate","bronze:NullPointer"],"picked":"SKIP","floor":6}],"player_experience":620978,"relics_obtained":[{"floor":7,"key":"Molten Egg 2"}],"event_choices":[],"is_beta":false,"boss_relics":[],"items_purged_floors":[6],"is_endless":false,"potions_floor_spawned":[3],"killed_by":"Gremlin Nob","ascension_level":1}}