{"host":"y89x8uui45kcjy42","time":1611917310,"event":{"mods":["2.2 Compatiblity","BaseMod","CapriCore","Colored Map","Colored Powertips","Custom Start","Friendly Minions","Keyboard Shortcuts","Marisa£¨Ùöéë¡¡Øª×âÞÞ£©","Minty Spire (QoL Compilation)","Relic Stats","Slay the Relics Exporter","StSLib","SuperFastMode","Uncapped"],"gold_per_floor":[11,29,29,29,29,29,60,60,60,93,108,33,63,96,96,195,195,220,220,235,3,36,36,36,36,36,36,76,1,1,41,41,131,131,147,3,17,17,37,37,37,37,60,393,225,447,328,374,374,374,374,374,294,319,319],"floor_reached":56,"language":"KOR","playtime":4052,"items_purged":["Strike_MRS","Strike_MRS","StarlightTyphoon","Defend_MRS","Defend_MRS","OpenUniverse"],"score":2066,"play_id":"e1d49e62-6778-4d8c-aa08-9ca180ce201e","local_time":"20210129194830","is_ascension_mode":true,"campfire_choices":[{"data":"EnergyFlow","floor":8,"key":"SMITH"},{"data":"OrrerysSun","floor":15,"key":"SMITH"},{"data":"Finesse","floor":23,"key":"SMITH"},{"data":"ChargeUpSpray","floor":24,"key":"SMITH"},{"data":"ShootTheMoon","floor":25,"key":"SMITH"},{"data":"AlicesGift","floor":27,"key":"SMITH"},{"data":"UpSweep","floor":30,"key":"SMITH"},{"data":"MasterSpark","floor":32,"key":"SMITH"},{"data":"DeepEcoloBomb","floor":40,"key":"SMITH"},{"floor":42,"key":"RECALL"},{"data":"PropBag","floor":49,"key":"SMITH"},{"floor":52,"key":"REST"}],"circlet_count":0,"master_deck":["MasterSpark+1","UpSweep+1","Footwork+1","Thinking Ahead","ChargeUpSpray+1","Parasite","Parasite","EnergyFlow+1","AlicesGift+1","OrrerysSun+1","ShootTheMoon+1","Finesse+1","MagicAbsorber+1","DeepEcoloBomb+1","PropBag+1","MillisecondPulsars"],"relics":["MiniHakkero","Yang","Kunai","Oddly Smooth Stone","ShroomBag","Membership Card","MagicBroom","HornCleat","ExperimentalFamiliar","SimpleLauncher","Red Mask","Darkstone Periapt","Mummified Hand","Sozu","Orichalcum","Bag of Preparation","OrangePellets","WingedGreaves","Incense Burner","Medical Kit","Shuriken","TungstenRod","CaptainsWheel"],"acts_visited":["Exordium","TheCity","TheBeyond","TheEnding"],"potions_floor_usage":[10,10,20,28,55,55],"damage_taken":[{"damage":0,"enemies":"Small Slimes","floor":1,"turns":4},{"damage":0,"enemies":"Jaw Worm","floor":2,"turns":3},{"damage":24,"enemies":"The Mushroom Lair","floor":7,"turns":5},{"damage":30,"enemies":"Gremlin Nob","floor":10,"turns":5},{"damage":0,"enemies":"2 Louse","floor":11,"turns":3},{"damage":0,"enemies":"Lagavulin","floor":14,"turns":7},{"damage":32,"enemies":"Hexaghost","floor":16,"turns":12},{"damage":1,"enemies":"3 Byrds","floor":18,"turns":5},{"damage":0,"enemies":"Shell Parasite","floor":20,"turns":3},{"damage":0,"enemies":"Masked Bandits","floor":22,"turns":4},{"damage":0,"enemies":"Slavers","floor":28,"turns":4},{"damage":2,"enemies":"Gremlin Leader","floor":31,"turns":3},{"damage":17,"enemies":"Champ","floor":33,"turns":7},{"damage":0,"enemies":"3 Darklings","floor":35,"turns":3},{"damage":0,"enemies":"3 Shapes","floor":37,"turns":2},{"damage":0,"enemies":"Maw","floor":39,"turns":3},{"damage":0,"enemies":"2 Orb Walkers","floor":48,"turns":2},{"damage":60,"enemies":"Awakened One","floor":50,"turns":13},{"damage":5,"enemies":"Shield and Spear","floor":54,"turns":3},{"damage":0,"enemies":"The Heart","floor":55,"turns":3}],"seed_played":"-3923925348005523997","potions_obtained":[{"floor":2,"key":"ShroomBrew"},{"floor":7,"key":"DistilledChaos"},{"floor":10,"key":"BottledSpark"},{"floor":11,"key":"LiquidBronze"},{"floor":20,"key":"Energy Potion"},{"floor":28,"key":"SteroidPotion"}],"is_trial":false,"path_per_floor":["M","M","?","$","?","?","?","R","T","E","M","$","$","E","R","B",null,"M","?","M","$","?","R","R","R","T","R","E","$","R","E","R","B",null,"M","?","M","?","M","R","?","R","T","?","$","?","$","?","R","B",null,"R","$","E","B",null],"character_chosen":"MARISA","items_purchased":["Membership Card","MagicBroom","SimpleLauncher","Finesse","OrangePellets","PropBag","Medical Kit"],"campfire_rested":1,"item_purchase_floors":[13,13,21,21,45,47,53],"current_hp_per_floor":[63,63,39,39,44,37,13,13,13,57,61,61,61,65,65,37,66,69,69,73,73,75,75,75,75,75,75,75,75,75,75,75,58,71,75,75,75,75,75,75,75,75,75,75,75,75,75,75,75,15,60,75,75,72,75],"gold":319,"neow_bonus":"RANDOM_COLORLESS_2","is_daily":false,"chose_seed":false,"campfire_upgraded":10,"win_rate":0.0,"timestamp":1611917310,"path_taken":["M","M","?","$","?","?","?","R","T","E","?","$","$","E","R","BOSS","M","?","M","$","?","R","R","R","T","R","E","$","R","E","R","BOSS","M","?","?","?","?","R","?","R","T","?","$","?","$","?","R","BOSS","R","$","E","BOSS"],"items_purchased_type":["Relic","Relic","Relic","Card","Relic","Card","Relic"],"build_version":"2020-12-22","purchased_purges":6,"victory":true,"max_hp_per_floor":[70,70,70,70,75,75,75,75,75,75,75,75,75,75,75,75,75,75,75,75,75,75,75,75,75,75,75,75,75,75,75,75,75,75,75,75,75,75,75,75,75,75,75,75,75,75,75,75,75,75,75,75,75,75,75],"relic_stats":{"Darkstone Periapt":0,"counters":[20,94],"Yang":[343],"Bag of Preparation":[8],"Orichalcum":[6],"Medical Kit":[6],"Sozu":1,"OrangePellets":[6],"Mummified Hand":[29],"Shuriken":[20],"Kunai":[81],"obtain_stats":[{"Darkstone Periapt":26,"Yang":0,"Bag of Preparation":43,"Incense Burner":48,"Sozu":34,"HornCleat":14,"Mummified Hand":28,"WingedGreaves":6,"Red Mask":22,"Kunai":0,"SimpleLauncher":21,"MagicBroom":13,"Golden Idol":3,"Oddly Smooth Stone":0,"Letter Opener":33,"Orichalcum":36,"Medical Kit":53,"Mercury Hourglass":54,"ShroomBag":7,"OrangePellets":45,"CaptainsWheel":54,"ExperimentalFamiliar":17,"Shuriken":48,"Ornamental Fan":50,"MiniHakkero":0,"Membership Card":13,"TungstenRod":53},{"Darkstone Periapt":10,"Yang":0,"Bag of Preparation":16,"Incense Burner":17,"Sozu":13,"HornCleat":6,"Mummified Hand":11,"WingedGreaves":2,"Red Mask":10,"Kunai":0,"SimpleLauncher":9,"MagicBroom":5,"Golden Idol":2,"Oddly Smooth Stone":0,"Letter Opener":13,"Orichalcum":14,"Medical Kit":18,"Mercury Hourglass":19,"ShroomBag":3,"OrangePellets":16,"CaptainsWheel":19,"ExperimentalFamiliar":7,"Shuriken":17,"Ornamental Fan":18,"MiniHakkero":0,"Membership Card":5,"TungstenRod":18},{"Darkstone Periapt":51,"Yang":0,"Bag of Preparation":73,"Incense Burner":75,"Sozu":65,"HornCleat":27,"Mummified Hand":55,"WingedGreaves":7,"Red Mask":51,"Kunai":0,"SimpleLauncher":47,"MagicBroom":20,"Golden Idol":7,"Oddly Smooth Stone":0,"Letter Opener":59,"Orichalcum":68,"Medical Kit":88,"Mercury Hourglass":89,"ShroomBag":12,"OrangePellets":73,"CaptainsWheel":91,"ExperimentalFamiliar":39,"Shuriken":74,"Ornamental Fan":76,"MiniHakkero":0,"Membership Card":20,"TungstenRod":88}],"TungstenRod":6},"card_choices":[{"not_picked":["HandOfGreed","Panache"],"picked":"Thinking Ahead","floor":0},{"not_picked":["IllusionStar","DarkSpark"],"picked":"ChargeUpSpray","floor":1},{"not_picked":["ShootingEcho","MysteriousBeam","PulseMagic"],"picked":"SKIP","floor":2},{"not_picked":["MilkyWay","MysteriousBeam"],"picked":"EnergyFlow","floor":7},{"not_picked":["WitchOfGreed","UnstableBomb","GravityBeat"],"picked":"SKIP","floor":10},{"not_picked":["BlazingStar","WitchLeyline"],"picked":"AlicesGift","floor":11},{"not_picked":["MeteoricShower","Orbital"],"picked":"OrrerysSun","floor":14},{"not_picked":["SprinkleStarSeal","GrandCross","DarkMatter"],"picked":"SKIP","floor":18},{"not_picked":["MysteriousBeam","GalacticHalo+1","GravityBeat"],"picked":"SKIP","floor":20},{"not_picked":["ShootingEcho","Singularity","DoubleSpark"],"picked":"SKIP","floor":28},{"not_picked":["BlazingStar","AsteroidBelt","OortCloud"],"picked":"SKIP","floor":31},{"not_picked":["GalacticHalo+1","MilkyWay","PowerUp"],"picked":"SKIP","floor":35},{"not_picked":["DarkSpark","DoubleSpark"],"picked":"MagicAbsorber+1","floor":37},{"not_picked":["RefractionSpark","IllusionStar"],"picked":"DeepEcoloBomb","floor":39},{"not_picked":["GalacticHalo","DarkMatter"],"picked":"MillisecondPulsars","floor":54}],"player_experience":736069,"relics_obtained":[{"floor":7,"key":"ShroomBag"},{"floor":14,"key":"HornCleat"},{"floor":22,"key":"Red Mask"},{"floor":26,"key":"Darkstone Periapt"},{"floor":28,"key":"Mummified Hand"},{"floor":43,"key":"Bag of Preparation"},{"floor":48,"key":"Incense Burner"},{"floor":54,"key":"CaptainsWheel"}],"event_choices":[{"damage_healed":0,"gold_gain":0,"player_choice":"Take Damage","damage_taken":24,"relics_obtained":["Golden Idol"],"max_hp_gain":0,"max_hp_loss":0,"event_name":"Golden Idol","floor":3,"gold_loss":0},{"damage_healed":0,"gold_gain":0,"player_choice":"Donut","damage_taken":0,"max_hp_gain":5,"max_hp_loss":0,"event_name":"Big Fish","floor":5,"gold_loss":0},{"cards_removed":["Strike_MRS"],"damage_healed":0,"gold_gain":0,"player_choice":"Card Removal","damage_taken":7,"max_hp_gain":0,"max_hp_loss":0,"event_name":"Golden Wing","floor":6,"gold_loss":0},{"damage_healed":0,"gold_gain":0,"player_choice":"Fought Mushrooms","damage_taken":0,"max_hp_gain":0,"max_hp_loss":0,"event_name":"Mushrooms_MRS","floor":7,"gold_loss":0},{"damage_healed":0,"gold_gain":0,"cards_transformed":["Strike_MRS","Defend_MRS"],"player_choice":"Became Test Subject","damage_taken":0,"max_hp_gain":0,"max_hp_loss":0,"event_name":"Drug Dealer","floor":19,"gold_loss":0,"cards_obtained":["StarlightTyphoon","ShootTheMoon"]},{"damage_healed":0,"gold_gain":0,"player_choice":"Fought Bandits","damage_taken":0,"max_hp_gain":0,"max_hp_loss":0,"event_name":"Masked Bandits","floor":22,"gold_loss":0},{"damage_healed":0,"gold_gain":0,"player_choice":"Paid Gold","damage_taken":0,"relics_obtained":["Orichalcum"],"max_hp_gain":0,"max_hp_loss":0,"event_name":"WeMeetAgain","floor":36,"gold_loss":144},{"damage_healed":0,"gold_gain":0,"cards_transformed":["Defend_MRS"],"player_choice":"Transformed","damage_taken":0,"max_hp_gain":0,"max_hp_loss":0,"event_name":"Transmorgrifier","floor":38,"gold_loss":0,"cards_obtained":["OpenUniverse"]},{"damage_healed":0,"gold_gain":0,"player_choice":"Memory 1","damage_taken":0,"max_hp_gain":0,"max_hp_loss":0,"event_name":"SensoryStone","floor":41,"gold_loss":0},{"damage_healed":0,"gold_gain":333,"player_choice":"Gave Idol","damage_taken":0,"max_hp_gain":0,"max_hp_loss":0,"event_name":"The Moai Head","floor":44,"relics_lost":["Golden Idol"],"gold_loss":0},{"damage_healed":0,"gold_gain":222,"player_choice":"Wore Mask","damage_taken":0,"max_hp_gain":0,"max_hp_loss":0,"event_name":"Tomb of Lord Red Mask","floor":46,"gold_loss":0},{"damage_healed":0,"gold_gain":0,"player_choice":"Fight","damage_taken":0,"max_hp_gain":0,"max_hp_loss":0,"event_name":"Mysterious Sphere","floor":48,"gold_loss":0}],"is_beta":false,"boss_relics":[{"not_picked":["Empty Cage","SacredBark"],"picked":"ExperimentalFamiliar"},{"not_picked":["Busted Crown","Runic Dome"],"picked":"Sozu"}],"items_purged_floors":[12,13,21,29,45,47],"is_endless":false,"potions_floor_spawned":[2,7,10,11,20,28,39,48],"ascension_level":16}}