{"host":"8abfg9qscoja4hwf","time":1611930198,"event":{"mods":["AchievementEnabler","BaseMod","Colored Powertips","Highlight Path","Minty Spire (QoL Compilation)","Quick Restart","Relic Stats","Slay-I","slay the spire mod where everything is the same but ironclad has a cowboy hat"],"gold_per_floor":[115,115,127,127,137,137,156,189,268,268,285,322,75,96,96,210,210,236,281,281,290,315,315,352,374,374,394,503,532,560,589,589,696,696,719,719,747,765,794,794,794,794],"floor_reached":41,"language":"ENG","playtime":3283,"items_purged":[],"score":796,"play_id":"30e0e463-20da-40b5-98e7-4e321fe65e70","local_time":"20210129142318","is_ascension_mode":true,"campfire_choices":[{"floor":6.0,"key":"RECALL"},{"floor":10.0,"key":"REST"},{"data":"Demon Form","floor":15.0,"key":"SMITH"},{"floor":23.0,"key":"REST"},{"floor":32.0,"key":"REST"},{"floor":40,"key":"REST"}],"circlet_count":0,"master_deck":["Defend_R","Defend_R","Defend_R","Defend_R","Bash","Spot Weakness","Juggernaut","Warcry","Seeing Red","Demon Form+1","Searing Blow","Blood for Blood","Seeing Red","Impervious","Flame Barrier","Bite","Bite","Bite","Bite","Bite","Impervious","Pummel","Rage","Flame Barrier","Blood for Blood","Heavy Blade","Feel No Pain","Cleave","Offering","Feed","Metallicize+1","Cleave","Madness","Madness","Pommel Strike+1"],"relics":["Burning Blood","Oddly Smooth Stone","TungstenRod","Darkstone Periapt","CeramicFish","Lee\u0027s Waffle","SlaversCollar","InkBottle","Toy Ornithopter","Charon\u0027s Ashes","Bottled Lightning","Cursed Key"],"acts_visited":["Exordium","TheCity","TheBeyond"],"potions_floor_usage":[39],"damage_taken":[{"damage":4.0,"enemies":"Small Slimes","floor":1.0,"turns":3.0},{"damage":4.0,"enemies":"Cultist","floor":3.0,"turns":4.0},{"damage":1.0,"enemies":"Jaw Worm","floor":5.0,"turns":5.0},{"damage":10.0,"enemies":"3 Louse","floor":7.0,"turns":6.0},{"damage":25.0,"enemies":"Gremlin Nob","floor":8.0,"turns":4.0},{"damage":13.0,"enemies":"Red Slaver","floor":11.0,"turns":4.0},{"damage":40.0,"enemies":"3 Sentries","floor":12.0,"turns":9.0},{"damage":30.0,"enemies":"Gremlin Gang","floor":14.0,"turns":5.0},{"damage":50.0,"enemies":"Hexaghost","floor":16.0,"turns":8.0},{"damage":22.0,"enemies":"Shell Parasite","floor":18.0,"turns":4.0},{"damage":20.0,"enemies":"2 Thieves","floor":22.0,"turns":5.0},{"damage":56.0,"enemies":"Slavers","floor":24.0,"turns":6.0},{"damage":23.0,"enemies":"Snake Plant","floor":25.0,"turns":8.0},{"damage":0.0,"enemies":"Snecko","floor":27.0,"turns":4.0},{"damage":14.0,"enemies":"Colosseum Slavers","floor":28.0,"turns":5.0},{"damage":49.0,"enemies":"Colosseum Nobs","floor":28.0,"turns":6.0},{"damage":41.0,"enemies":"Shelled Parasite and Fungi","floor":29.0,"turns":9.0},{"damage":13.0,"enemies":"Snake Plant","floor":30.0,"turns":4.0},{"damage":34.0,"enemies":"Snecko","floor":31.0,"turns":5.0},{"damage":36.0,"enemies":"Champ","floor":33.0,"turns":10.0},{"damage":14,"enemies":"3 Shapes","floor":35,"turns":3},{"damage":15,"enemies":"Orb Walker","floor":37,"turns":4},{"damage":34,"enemies":"Maw","floor":39,"turns":8},{"damage":63,"enemies":"Giant Head","floor":41,"turns":7}],"seed_played":"-4921342837013002330","potions_obtained":[{"floor":3.0,"key":"Swift Potion"},{"floor":8.0,"key":"BlessingOfTheForge"},{"floor":12.0,"key":"EntropicBrew"},{"floor":14.0,"key":"CultistPotion"},{"floor":22.0,"key":"SpeedPotion"},{"floor":25.0,"key":"SkillPotion"},{"floor":27.0,"key":"Fire Potion"},{"floor":29.0,"key":"Energy Potion"},{"floor":35,"key":"EssenceOfSteel"}],"is_trial":false,"path_per_floor":["M","?","M","?","M","R","M","E","T","R","M","E","$","M","R","B",null,"M","?","?","?","M","R","E","M","T","M","?","M","M","M","R","B",null,"M","?","M","?","M","R","E"],"character_chosen":"IRONCLAD","items_purchased":["Lee\u0027s Waffle","FairyPotion"],"campfire_rested":4,"item_purchase_floors":[13,13],"current_hp_per_floor":[80,80,80,80,80,80,76,57,57,80,73,39,87,63,63,19,70,54,54,54,54,46,60,18,13,13,26,32,26,32,8,26,10,48,42,42,39,32,19,37,0,0],"gold":794,"neow_bonus":"RANDOM_COMMON_RELIC","is_daily":false,"chose_seed":false,"campfire_upgraded":1,"win_rate":0.0,"timestamp":1611930198,"path_taken":["M","?","M","?","M","R","M","E","T","R","M","E","$","M","R","BOSS","M","?","?","?","?","R","E","?","T","M","?","M","M","M","R","BOSS","BOSS","M","?","M","?","M","R","E"],"items_purchased_type":["Relic","Potion"],"build_version":"2020-12-22","purchased_purges":0,"victory":false,"max_hp_per_floor":[80,80,80,80,80,80,80,80,80,80,80,80,87,87,87,87,87,87,60,60,60,60,60,60,60,60,60,60,60,60,60,60,60,60,60,60,60,60,60,60,60,60],"relic_stats":{"Darkstone Periapt":0,"Lee\u0027s Waffle":48,"counters":[24,136],"CeramicFish":216,"Charon\u0027s Ashes":[123],"Cursed Key":0,"obtain_stats":[{"Darkstone Periapt":9,"SlaversCollar":17,"Lee\u0027s Waffle":13,"CeramicFish":12,"Oddly Smooth Stone":0,"Charon\u0027s Ashes":28,"Bottled Lightning":28,"Cursed Key":34,"Burning Blood":0,"TungstenRod":8,"InkBottle":24,"Toy Ornithopter":26},{"Darkstone Periapt":5,"SlaversCollar":9,"Lee\u0027s Waffle":7,"CeramicFish":7,"Oddly Smooth Stone":0,"Charon\u0027s Ashes":16,"Bottled Lightning":16,"Cursed Key":20,"Burning Blood":0,"TungstenRod":5,"InkBottle":12,"Toy Ornithopter":13},{"Darkstone Periapt":22,"SlaversCollar":48,"Lee\u0027s Waffle":35,"CeramicFish":35,"Oddly Smooth Stone":0,"Charon\u0027s Ashes":86,"Bottled Lightning":86,"Cursed Key":114,"Burning Blood":0,"TungstenRod":22,"InkBottle":63,"Toy Ornithopter":71}],"Burning Blood":129,"TungstenRod":81,"InkBottle":[22],"Toy Ornithopter":40},"card_choices":[{"not_picked":["Wild Strike","Clash"],"picked":"Spot Weakness","floor":1.0},{"not_picked":["Clothesline","Body Slam","Dual Wield"],"picked":"SKIP","floor":3.0},{"not_picked":["Hemokinesis","Wild Strike"],"picked":"Warcry","floor":5.0},{"not_picked":["Perfected Strike","Searing Blow"],"picked":"Seeing Red","floor":7.0},{"not_picked":["Dual Wield","Inflame"],"picked":"Demon Form","floor":8.0},{"not_picked":["Perfected Strike","Pommel Strike"],"picked":"Searing Blow","floor":11.0},{"not_picked":["Wild Strike","Seeing Red"],"picked":"Blood for Blood","floor":12.0},{"not_picked":["True Grit","Entrench"],"picked":"Seeing Red","floor":14.0},{"not_picked":["Bludgeon","Double Tap"],"picked":"Impervious","floor":16.0},{"not_picked":["Wild Strike","Headbutt"],"picked":"Flame Barrier","floor":18.0},{"not_picked":["Twin Strike","Rupture"],"picked":"Pummel","floor":22.0},{"not_picked":["Uppercut","True Grit+1"],"picked":"Rage","floor":24.0},{"not_picked":["Armaments","Perfected Strike"],"picked":"Flame Barrier","floor":25.0},{"not_picked":["Armaments","Havoc"],"picked":"Blood for Blood","floor":27.0},{"not_picked":["Shockwave","Hemokinesis"],"picked":"Heavy Blade","floor":28.0},{"not_picked":["Warcry","Anger"],"picked":"Feel No Pain","floor":29.0},{"not_picked":["Clash+1","Perfected Strike"],"picked":"Cleave","floor":30.0},{"not_picked":["Headbutt","Clash+1"],"picked":"Offering","floor":31.0},{"not_picked":["Berserk","Brutality"],"picked":"Feed","floor":33},{"not_picked":["True Grit","Thunderclap+1"],"picked":"Metallicize+1","floor":35},{"not_picked":["Iron Wave","Wild Strike"],"picked":"Cleave","floor":37},{"not_picked":["Warcry+1","Sword Boomerang+1"],"picked":"Pommel Strike+1","floor":39}],"player_experience":361899,"relics_obtained":[{"floor":8.0,"key":"TungstenRod"},{"floor":9.0,"key":"Darkstone Periapt"},{"floor":12.0,"key":"CeramicFish"},{"floor":24.0,"key":"InkBottle"},{"floor":26.0,"key":"Toy Ornithopter"},{"floor":28.0,"key":"Charon\u0027s Ashes"},{"floor":28.0,"key":"Bottled Lightning"}],"event_choices":[{"damage_healed":0.0,"max_hp_gain":0.0,"max_hp_loss":0.0,"gold_gain":0.0,"event_name":"The Cleric","player_choice":"Leave","floor":2.0,"gold_loss":0.0,"damage_taken":0.0},{"damage_healed":0.0,"max_hp_gain":0.0,"max_hp_loss":0.0,"gold_gain":0.0,"event_name":"Match and Keep!","player_choice":"1 cards matched","floor":4.0,"gold_loss":0.0,"damage_taken":0.0,"cards_obtained":["Juggernaut"]},{"damage_healed":0.0,"max_hp_gain":0.0,"max_hp_loss":27.0,"gold_gain":0.0,"event_name":"Vampires","player_choice":"Became a vampire","floor":19.0,"gold_loss":0.0,"damage_taken":0.0,"cards_obtained":["Bite","Bite","Bite","Bite","Bite"]},{"damage_healed":0.0,"max_hp_gain":0.0,"max_hp_loss":0.0,"gold_gain":0.0,"event_name":"Ghosts","player_choice":"Ignored","floor":20.0,"gold_loss":0.0,"damage_taken":0.0},{"damage_healed":0.0,"max_hp_gain":0.0,"max_hp_loss":0.0,"gold_gain":0.0,"event_name":"Duplicator","player_choice":"Copied","floor":21.0,"gold_loss":0.0,"damage_taken":0.0,"cards_obtained":["Impervious"]},{"damage_healed":0.0,"max_hp_gain":0.0,"max_hp_loss":0.0,"gold_gain":0.0,"event_name":"Colosseum","player_choice":"Fight","floor":28.0,"gold_loss":0.0,"damage_taken":0.0},{"damage_healed":0.0,"max_hp_gain":0.0,"max_hp_loss":0.0,"gold_gain":0.0,"event_name":"Colosseum","player_choice":"Fought Nobs","floor":28.0,"gold_loss":0.0,"damage_taken":0.0},{"damage_healed":0,"gold_gain":0,"player_choice":"Ignored","damage_taken":0,"max_hp_gain":0,"max_hp_loss":0,"event_name":"Tomb of Lord Red Mask","floor":36,"gold_loss":0},{"damage_healed":0,"gold_gain":0,"player_choice":"Embrace Madness","damage_taken":8,"max_hp_gain":0,"max_hp_loss":0,"event_name":"Winding Halls","floor":38,"gold_loss":0,"cards_obtained":["Madness","Madness"]}],"is_beta":false,"boss_relics":[{"not_picked":["Ectoplasm","Astrolabe"],"picked":"SlaversCollar"},{"not_picked":["Velvet Choker","Runic Cube"],"picked":"Cursed Key"}],"items_purged_floors":[],"is_endless":false,"potions_floor_spawned":[3,8,12,14,22,25,27,28,29,35],"killed_by":"Giant Head","ascension_level":5}}