{"host":"vyiqbz5w606ur92t","time":1611908070,"event":{"mods":["BaseMod","Downfall","Minty Spire (QoL Compilation)","StSLib"],"gold_per_floor":[99,110,126,126,145,45,45,30,64,79,64,64,76,103,118,118,118,118],"floor_reached":16,"language":"ENG","playtime":1078,"items_purged":[],"score":118,"play_id":"34e900f0-3beb-47a1-b5a4-4a3325cfa2e6","local_time":"20210129081430","is_ascension_mode":true,"campfire_choices":[{"floor":1,"key":"RECALL"},{"data":"bronze:Terminator","floor":6,"key":"SMITH"},{"floor":12,"key":"REST"}],"circlet_count":0,"master_deck":["bronze:Strike","bronze:Strike","bronze:Strike","bronze:Strike","bronze:Defend","bronze:Defend","bronze:Defend","bronze:Defend","bronze:Replicate","bronze:Goto+1","Panacea","bronze:BitShift","bronze:Fortify+1","downfall:Bewildered","bronze:Terminator+1","bronze:DarkDash","bronze:Branch","bronze:FollowUp","bronze:ItsAFeature","bronze:DelayedGuard"],"relics":["bronze:BronzeCore","downfall:HeartBlessingRed","White Beast Statue","Shovel"],"acts_visited":["Exordium"],"potions_floor_usage":[10,11,14],"damage_taken":[{"damage":5,"enemies":"Jaw Worm","floor":2,"turns":4},{"damage":1,"enemies":"Cultist","floor":3,"turns":4},{"damage":0,"enemies":"2 Louse","floor":5,"turns":3},{"damage":0,"enemies":"downfall:FleeingMerchant","floor":8,"turns":4},{"damage":38,"enemies":"Gremlin Nob","floor":9,"turns":6},{"damage":10,"enemies":"Lots of Slimes","floor":10,"turns":3},{"damage":0,"enemies":"downfall:FleeingMerchant","floor":11,"turns":4},{"damage":3,"enemies":"Red Slaver","floor":13,"turns":3},{"damage":6,"enemies":"Lagavulin","floor":14,"turns":5},{"damage":15,"enemies":"Exordium Wildlife","floor":15,"turns":4},{"damage":16,"enemies":"SI_SHIV_ARCHETYPE","floor":16,"turns":8}],"seed_played":"-2470694674092643745","potions_obtained":[{"floor":3,"key":"Block Potion"},{"floor":9,"key":"Explosive Potion"},{"floor":10,"key":"SmokeBomb"},{"floor":11,"key":"ColorlessPotion"},{"floor":13,"key":"FearPotion"},{"floor":14,"key":"CultistPotion"}],"is_trial":false,"path_per_floor":["R","M","M","?","M","R","T","$","E","M","$","R","M","E","M","B"],"character_chosen":"THE_AUTOMATON","items_purchased":[],"campfire_rested":1,"item_purchase_floors":[],"current_hp_per_floor":[70,65,64,64,64,64,64,64,26,16,16,37,34,28,13,0,0,0],"gold":118,"neow_bonus":"RANDOM_COLORLESS","is_daily":false,"chose_seed":false,"campfire_upgraded":1,"win_rate":0.0,"timestamp":1611908070,"path_taken":["R","M","M","?","M","R","T","$","E","M","?","R","M","E","M","BOSS"],"items_purchased_type":[],"build_version":"2020-12-22","purchased_purges":0,"victory":false,"max_hp_per_floor":[70,70,70,70,70,70,70,70,70,70,70,70,70,70,70,70,70,70],"card_choices":[{"not_picked":["Blind","Trip"],"picked":"Panacea","floor":0},{"not_picked":["bronze:BuggyMess","bronze:ForceShield"],"picked":"bronze:BitShift","floor":2},{"not_picked":["bronze:Shell","bronze:Separator"],"picked":"bronze:Fortify","floor":3},{"not_picked":["bronze:BuggyMess","bronze:DigitalCarnage"],"picked":"bronze:Terminator","floor":5},{"not_picked":["bronze:Separator","bronze:DelayedSlice","bronze:Iterate"],"picked":"SKIP","floor":8},{"not_picked":["bronze:Shell","bronze:Iterate"],"picked":"bronze:DarkDash","floor":9},{"not_picked":["bronze:ChosenStrike","bronze:OilSpill"],"picked":"bronze:Branch","floor":10},{"not_picked":["bronze:Iterate","bronze:BronzeArmor","bronze:Deprecate"],"picked":"SKIP","floor":11},{"not_picked":["bronze:Refactor","bronze:BugBarrage"],"picked":"bronze:FollowUp","floor":13},{"not_picked":["bronze:OilSpill","bronze:Verify"],"picked":"bronze:ItsAFeature","floor":14},{"not_picked":["bronze:DelayedSlice","bronze:Deprecate"],"picked":"bronze:DelayedGuard","floor":15}],"player_experience":1212976,"relics_obtained":[{"floor":9,"key":"White Beast Statue"},{"floor":14,"key":"Shovel"}],"event_choices":[],"is_beta":false,"boss_relics":[],"items_purged_floors":[],"is_endless":false,"potions_floor_spawned":[3,9,10,11,13,14,15],"killed_by":"SI_SHIV_ARCHETYPE","ascension_level":1}}