{"host":"gafwejejal4v72m6","time":1611925913,"event":{"mods":["AchievementEnabler","Aspiration","BaseMod","BetterRewards","Clockwork Mod","Conspire","Hermit","Hubris","Infinite Spire","Minty Spire (QoL Compilation)","Rare Cards Sparkle","Reliquary","Shop Mod","StS++","StSLib","The Animator","The Necromancer"],"gold_per_floor":[111,111,41,59,59,86,86,119,169,169,184,202,48,48,48,143,193,193,203,213,231,248,248,283,283,283,283,283,179,204,219,219,315,315,330,330,330,347,156,156,156,156,156,169,169,181,211,228,228,323,323,331,400,400,392,10,31,20,20,20,20,25,0,0,100,100,135,135,135,353,333,334],"floor_reached":73,"language":"RUS","playtime":6529,"items_purged":["Strike_R"],"score":2273,"play_id":"f0a07e83-b83d-4532-b84a-409dc7a02c10","local_time":"20210129201153","is_ascension_mode":true,"campfire_choices":[{"data":"Berserk","floor":7.0,"key":"SMITH"},{"data":"Twin Strike","floor":10.0,"key":"SMITH"},{"data":"Corruption","floor":15.0,"key":"SMITH"},{"floor":23.0,"key":"REST"},{"floor":25.0,"key":"REST"},{"floor":27.0,"key":"REST"},{"floor":32.0,"key":"REST"},{"data":"Reaper","floor":40.0,"key":"SMITH"},{"data":"Barricade","floor":42.0,"key":"SMITH"},{"floor":49.0,"key":"REST"},{"floor":64,"key":"REST"},{"data":"Demon Form","floor":66,"key":"SMITH"},{"data":"Fiend Fire","floor":69,"key":"SMITH"}],"circlet_count":0,"master_deck":["Strike_R+1","Defend_R","Defend_R","Defend_R","Defend_R","Bash","conspire:Banana+1","Twin Strike+1","Rampage+1","StSpp:MuscleMemory+1","Berserk+1","Shrug It Off","Corruption+1","StSpp:Sprint+1","Barricade+1","hubris:ReadiedAction+1","Limit Break","StSpp:TheBiggerTheyAre+1","Shrug It Off+1","Armaments","Armaments","StSpp:Sprint","Spot Weakness","Feel No Pain+1","Reaper+1","Infernal Blade+1","Feel No Pain+1","Apotheosis","Armaments+1","Berserk","hubris:SharpeningStone+1","Demon Form+1","Armaments","Flex","Dropkick","Injury","Warcry+1","Burning Pact+1","Fiend Fire+1","hubris:StunningStrike","Armaments+1","True Grit+1","Metallicize","Good Instincts+1","Panache","Offering+1"],"relics":["Burning Blood","reliquary:Stiletto","aspiration:Lifesprig","infinitespire:Bottled Soul","infinitespire:FocusingShard","Whetstone","Lantern","Dead Branch","StSpp:JackpotMachine","Tiny House","MealTicket","StSpp:PetrifiedCaterpillar","aspiration:RunicSpoon","Bottled Lightning","FossilizedHelix","Regal Pillow","aspiration:StickyExplosives_weak","conspire:SpecialSausage","reliquary:RosewoodLute","reliquary:Bookmark","hubris:SlimyHat","Pear","Toxic Egg 2","Vajra","reliquary:HotPoker","Mark of Pain","hubris:NiceRug","aspiration:TomeofQuesting","Toy Ornithopter","OrangePellets","Bag of Preparation"],"acts_visited":["Exordium","TheCity","TheBeyond","Exordium","TheCity","TheEnding"],"potions_floor_usage":[70,71],"damage_taken":[{"damage":1.0,"enemies":"Jaw Worm","floor":1.0,"turns":2.0},{"damage":6.0,"enemies":"Cultist","floor":4.0,"turns":3.0},{"damage":21.0,"enemies":"Lagavulin","floor":6.0,"turns":5.0},{"damage":6.0,"enemies":"Gremlin Nob","floor":8.0,"turns":3.0},{"damage":0.0,"enemies":"Small Slimes","floor":11.0,"turns":3.0},{"damage":20.0,"enemies":"Exordium Thugs","floor":12.0,"turns":3.0},{"damage":43.0,"enemies":"Slime Boss","floor":16.0,"turns":9.0},{"damage":22.0,"enemies":"3 Byrds","floor":18.0,"turns":4.0},{"damage":9.0,"enemies":"Chosen","floor":19.0,"turns":5.0},{"damage":25.0,"enemies":"3 Cultists","floor":20.0,"turns":5.0},{"damage":31.0,"enemies":"Centurion and Healer","floor":21.0,"turns":5.0},{"damage":24.0,"enemies":"Snecko","floor":22.0,"turns":5.0},{"damage":47.0,"enemies":"Nightmare","floor":24.0,"turns":11.0},{"damage":3.0,"enemies":"conspire:SneckoGhost","floor":30.0,"turns":4.0},{"damage":13.0,"enemies":"Chosen and Byrds","floor":31.0,"turns":5.0},{"damage":61.0,"enemies":"hubris:MusketHawk","floor":33.0,"turns":9.0},{"damage":31.0,"enemies":"3 Shapes","floor":35.0,"turns":4.0},{"damage":14.0,"enemies":"Orb Walker","floor":38.0,"turns":3.0},{"damage":12.0,"enemies":"Sphere and 2 Shapes","floor":44.0,"turns":3.0},{"damage":56.0,"enemies":"Jaw Worm Horde","floor":46.0,"turns":6.0},{"damage":15.0,"enemies":"Giant Head","floor":47.0,"turns":14.0},{"damage":63.0,"enemies":"4 Shapes","floor":48.0,"turns":5.0},{"damage":7.0,"enemies":"infinitespire:MassOfShapes","floor":50.0,"turns":5.0},{"damage":0.0,"enemies":"Jaw Worm","floor":52.0,"turns":5.0},{"damage":0.0,"enemies":"Cultist","floor":55.0,"turns":3.0},{"damage":115.0,"enemies":"Gremlin Nob","floor":57.0,"turns":3.0},{"damage":1,"enemies":"Small Slimes","floor":58,"turns":6},{"damage":10,"enemies":"Lagavulin","floor":62,"turns":2},{"damage":13,"enemies":"Looter","floor":63,"turns":4},{"damage":161,"enemies":"Hexaghost","floor":67,"turns":6},{"damage":83,"enemies":"hubris:Merchant","floor":70,"turns":5},{"damage":318,"enemies":"Shield and Spear","floor":71,"turns":7},{"damage":144,"enemies":"The Heart","floor":72,"turns":10}],"seed_played":"6350117131112736626","potions_obtained":[{"floor":4.0,"key":"Weak Potion"},{"floor":6.0,"key":"SmokeBomb"},{"floor":12.0,"key":"EssenceOfSteel"},{"floor":19.0,"key":"EssenceOfSteel"},{"floor":22.0,"key":"SteroidPotion"},{"floor":33.0,"key":"PowerPotion"},{"floor":38.0,"key":"StSpp:SecondWindPotion"},{"floor":47.0,"key":"FearPotion"},{"floor":48.0,"key":"ColorlessPotion"},{"floor":70,"key":"PowerPotion"}],"is_trial":false,"path_per_floor":["M","?","$","M","?","E","R","E","T","R","M","M","$","?","R","B",null,"M","M","M","M","M","R","NM","R","T","R","?","$","E","M","R","B",null,"M","?","T","M","$","R","?","R","T","M","AVR","M","E","M","R","B",null,"M","?","?","M","$","E","M","?","T","AVR","E","M","R","?","R","B",null,"R","$","E","B",null],"character_chosen":"IRONCLAD","items_purchased":["reliquary:Stiletto","aspiration:Lifesprig","conspire:Banana","infinitespire:Bottled Soul","Twin Strike","Rampage","StSpp:JackpotMachine","Armaments","StSpp:Sprint","Apotheosis","reliquary:Bookmark","hubris:SlimyHat"],"campfire_rested":6,"item_purchase_floors":[0,0,0,0,0,3,13,29,29,39,56,56],"current_hp_per_floor":[81,81,81,83,83,72,72,74,74,74,82,70,70,63,63,55,102,88,89,87,64,48,83,50,86,86,120,120,120,23,21,58,21,128,110,110,110,104,119,119,119,119,119,117,117,78,81,52,113,116,158,162,162,150,162,168,80,92,92,92,92,92,89,162,162,162,22,198,198,125,125,169],"gold":334,"neow_bonus":"","is_daily":false,"chose_seed":false,"campfire_upgraded":7,"win_rate":0.0,"timestamp":1611925913,"path_taken":["M","?","$","?","?","E","R","E","T","R","M","M","?","?","R","BOSS","M","M","M","M","M","R","NM","R","T","R","?","?","E","M","R","BOSS","M","?","?","M","$","R","?","R","T","M","AVR","M","E","M","R","BOSS","M","?","?","M","$","E","M","?","T","AVR","E","M","R","?","R","BOSS","R","$","E","BOSS"],"items_purchased_type":["Relic","Relic","Card","Relic","Card","Card","Relic","Card","Card","Card","Relic","Relic"],"build_version":"2020-12-22","purchased_purges":1,"victory":true,"max_hp_per_floor":[81,81,81,83,83,87,87,89,89,89,91,93,93,93,93,97,102,104,108,114,116,118,118,120,120,120,120,120,120,122,124,124,128,128,130,130,130,132,132,132,132,132,132,136,136,140,146,154,154,158,158,162,162,162,168,168,182,186,186,186,186,190,194,194,194,194,198,198,198,202,206,208],"card_choices":[{"not_picked":["Heavy Blade","Cleave","Clothesline"],"picked":"SKIP","floor":1.0},{"not_picked":["Second Wind","Body Slam"],"picked":"StSpp:MuscleMemory","floor":4.0},{"not_picked":["Headbutt","Battle Trance"],"picked":"Berserk","floor":6.0},{"not_picked":["Fire Breathing","hubris:ReadiedAction"],"picked":"Shrug It Off","floor":8.0},{"not_picked":["Sword Boomerang","Shrug It Off"],"picked":"Corruption","floor":11.0},{"not_picked":["hubris:ReadiedAction","Body Slam"],"picked":"StSpp:Sprint","floor":12.0},{"not_picked":["Limit Break","Corruption"],"picked":"Barricade","floor":16.0},{"not_picked":["Clothesline","Combust"],"picked":"hubris:ReadiedAction+1","floor":19.0},{"not_picked":["hubris:ReadiedAction","Warcry"],"picked":"Limit Break","floor":20.0},{"not_picked":["Pummel","True Grit"],"picked":"StSpp:TheBiggerTheyAre+1","floor":21.0},{"not_picked":["StSpp:MuscleMemory","Searing Blow"],"picked":"Shrug It Off+1","floor":22.0},{"not_picked":["Limit Break","Carnage"],"picked":"Armaments","floor":24.0},{"not_picked":["Sword Boomerang","Flex"],"picked":"Spot Weakness","floor":30.0},{"not_picked":["Pommel Strike","Flame Barrier"],"picked":"Feel No Pain","floor":31.0},{"not_picked":["Double Tap","Corruption"],"picked":"Reaper","floor":33.0},{"not_picked":["Shrug It Off","StSpp:CounterStrike"],"picked":"Infernal Blade+1","floor":35.0},{"not_picked":["Hemokinesis","Body Slam+1"],"picked":"Feel No Pain+1","floor":38.0},{"not_picked":["conspire:ExplosiveBarrier","Bloodletting"],"picked":"Armaments+1","floor":44.0},{"not_picked":["Combust+1","conspire:Charge+1","StSpp:TheBiggerTheyAre"],"picked":"SKIP","floor":46.0},{"not_picked":["Whirlwind+1","Sword Boomerang"],"picked":"Berserk","floor":47.0},{"not_picked":["StSpp:CounterStrike","Whirlwind"],"picked":"hubris:SharpeningStone+1","floor":48.0},{"not_picked":["Berserk","Corruption"],"picked":"Demon Form","floor":50.0},{"not_picked":["Sever Soul","Heavy Blade"],"picked":"Armaments","floor":52.0},{"not_picked":["Inflame","Iron Wave"],"picked":"Flex","floor":55.0},{"not_picked":["Body Slam","StSpp:Turnabout","StSpp:Sprint"],"picked":"SKIP","floor":57.0},{"not_picked":["Sword Boomerang","Armaments"],"picked":"Dropkick","floor":58},{"not_picked":["Brutality","Iron Wave"],"picked":"Warcry+1","floor":62},{"not_picked":["Body Slam","Perfected Strike"],"picked":"Burning Pact+1","floor":63},{"not_picked":["Double Tap+1","Limit Break+1"],"picked":"Fiend Fire","floor":67},{"not_picked":[],"picked":"hubris:StunningStrike","floor":70},{"not_picked":[],"picked":"Armaments+1","floor":70},{"not_picked":[],"picked":"True Grit+1","floor":70},{"not_picked":[],"picked":"Metallicize","floor":70},{"not_picked":[],"picked":"Good Instincts+1","floor":70},{"not_picked":[],"picked":"Panache","floor":70},{"not_picked":["StSpp:TheBiggerTheyAre"],"picked":"SKIP","floor":70},{"not_picked":["Combust","Clash","Twin Strike"],"picked":"SKIP","floor":71},{"not_picked":["Bludgeon","conspire:HitWhereItHurts"],"picked":"Offering+1","floor":72}],"player_experience":128973,"relics_obtained":[{"floor":6.0,"key":"infinitespire:FocusingShard"},{"floor":8.0,"key":"Whetstone"},{"floor":9.0,"key":"Lantern"},{"floor":24.0,"key":"MealTicket"},{"floor":30.0,"key":"StSpp:PetrifiedCaterpillar"},{"floor":37.0,"key":"Bottled Lightning"},{"floor":43.0,"key":"FossilizedHelix"},{"floor":47.0,"key":"aspiration:StickyExplosives_weak"},{"floor":57.0,"key":"Pear"},{"floor":60,"key":"Vajra"},{"floor":62,"key":"reliquary:HotPoker"},{"floor":70,"key":"aspiration:TomeofQuesting"},{"floor":70,"key":"Toy Ornithopter"},{"floor":70,"key":"OrangePellets"},{"floor":71,"key":"Bag of Preparation"}],"event_choices":[{"damage_healed":0.0,"max_hp_gain":0.0,"max_hp_loss":0.0,"gold_gain":0.0,"event_name":"Upgrade Shrine","player_choice":"Upgraded","floor":2.0,"gold_loss":0.0,"damage_taken":0.0,"cards_upgraded":["conspire:Banana"]},{"cards_removed":["Strike_R"],"damage_healed":0.0,"max_hp_gain":0.0,"max_hp_loss":0.0,"gold_gain":0.0,"event_name":"Purifier","player_choice":"Purged","floor":5.0,"gold_loss":0.0,"damage_taken":0.0},{"cards_removed":["Strike_R"],"damage_healed":0.0,"max_hp_gain":0.0,"max_hp_loss":0.0,"gold_gain":0.0,"event_name":"Golden Wing","player_choice":"Card Removal","floor":14.0,"gold_loss":0.0,"damage_taken":7.0},{"damage_healed":0.0,"max_hp_gain":0.0,"max_hp_loss":0.0,"gold_gain":0.0,"event_name":"Upgrade Shrine","player_choice":"Upgraded","floor":28.0,"gold_loss":0.0,"damage_taken":0.0,"cards_upgraded":["StSpp:Sprint"]},{"cards_removed":["Strike_R"],"damage_healed":0.0,"max_hp_gain":0.0,"max_hp_loss":0.0,"gold_gain":0.0,"event_name":"Falling","player_choice":"Removed Attack","floor":41.0,"gold_loss":0.0,"damage_taken":0.0},{"damage_healed":0.0,"max_hp_gain":0.0,"max_hp_loss":0.0,"gold_gain":69.0,"event_name":"Golden Wing","player_choice":"Gained Gold","floor":53.0,"gold_loss":0.0,"damage_taken":0.0},{"damage_healed":0.0,"max_hp_gain":0.0,"max_hp_loss":0.0,"gold_gain":0.0,"event_name":"Scrap Ooze","player_choice":"Success","floor":54.0,"gold_loss":0.0,"damage_taken":12.0,"relics_obtained":["reliquary:RosewoodLute"]},{"damage_healed":0,"gold_gain":100,"player_choice":"Pray","damage_taken":0,"max_hp_gain":0,"max_hp_loss":0,"event_name":"Golden Shrine","floor":65,"gold_loss":0}],"is_beta":false,"boss_relics":[{"not_picked":["hubris:VirtuousBlindfold","Runic Cube"],"picked":"Tiny House"},{"not_picked":["Mark of Pain","aspiration:FutureDiary"],"picked":"aspiration:RunicSpoon"},{"not_picked":["Astrolabe","conspire:SlowCooker"],"picked":"conspire:SpecialSausage"},{"not_picked":["Black Blood","Calling Bell"],"picked":"Mark of Pain"}],"items_purged_floors":[56],"is_endless":true,"potions_floor_spawned":[4,6,12,18,19,22,33,38,47,48,52,55,62,67],"ascension_level":1}}