{"host":"amnup8uv961nil3y","time":1611879701,"event":{"mods":["Act Like it!","Aspiration","BaseMod","Bestiary","Better Altar","Better Match","Better Sensory Stone","Better Synergies","Better Third Choice","Block Reminder","Challenge The Spire","Colored Map","Colored Powertips","Colorless Booster Pack","Conspire","DeckTracker","Disable Question Mark Monsters","Ekko","Elementarium","Energized Spire","Evolution","GifTheSpireLib","Halation","HexUI Lib","Highlight Path","Hubris","Infinite Spire","Lotus Mark","Menagerie","Minty Spire (QoL Compilation)","Pale of the Ancients","Potion Indicator Mod","Quarter Circle Forward PUNCH!","Random Character Button","Relic Stats","Reliquary","Replay The Spire","Reworked Bosses","Shop Mod","Small Relic Pack","Spicy Shops","Spikes Relics","StSLib","Stuff the Spire","Swap Starting Deck Mod","The Jungle","Trackpad","Useless Jewels Mod","Wandering Minibosses"],"gold_per_floor":[111,111,111,126,126,170,189,189,235,250,250,291,61,102,102,221,221,244,259,209,227,257,257,357,384,402,414,446,462,322,322,419,419,433,433,501,501,511,592,592,662,688,688,77,87,102,164,164,164],"floor_reached":51,"language":"ENG","playtime":6136,"items_purged":["ekkoTheBoyWhoShatteredTime:AfterimageTimeWrap","hubris:Lust"],"score":639,"play_id":"15f233af-06c3-4cea-bb43-841f0327ad61","local_time":"20210129002141","is_ascension_mode":false,"campfire_choices":[{"floor":8.0,"key":"REST"},{"data":"ekkoTheBoyWhoShatteredTime:NashorsTooth","floor":11.0,"key":"SMITH"},{"data":"ekkoTheBoyWhoShatteredTime:DodgeTraining","floor":15.0,"key":"SMITH"},{"data":"ekkoTheBoyWhoShatteredTime:ZhonyasHourglass","floor":32.0,"key":"SMITH"},{"data":"ReplayTheSpireMod:Faulty Equipment","floor":44,"key":"SMITH"},{"data":"ekkoTheBoyWhoShatteredTime:Powered","floor":49,"key":"SMITH"}],"circlet_count":0,"master_deck":["conspire:GhostlyStrike+1","conspire:GhostlyStrike+1","conspire:GhostlyStrike+1","conspire:GhostlyStrike+1","conspire:GhostlyStrike+1","conspire:GhostlyDefend","conspire:GhostlyDefend","conspire:GhostlyDefend","ekkoTheBoyWhoShatteredTime:TimeMaster","ekkoTheBoyWhoShatteredTime:Powered+1","ekkoTheBoyWhoShatteredTime:SpHit","ekkoTheBoyWhoShatteredTime:HextechProtobelt","ekkoTheBoyWhoShatteredTime:TimeRecall","ekkoTheBoyWhoShatteredTime:NashorsTooth+1","ekkoTheBoyWhoShatteredTime:BansheesVeil+1","ekkoTheBoyWhoShatteredTime:DodgeTraining+1","ekkoTheBoyWhoShatteredTime:DefensiveStance","ekkoTheBoyWhoShatteredTime:ZhonyasHourglass+1","ekkoTheBoyWhoShatteredTime:AfterimageDualStroke+1","ekkoTheBoyWhoShatteredTime:Acceleration","ekkoTheBoyWhoShatteredTime:Strike","Violence","Replay:Fractal Strike","ekkoTheBoyWhoShatteredTime:AfterimageBait","ekkoTheBoyWhoShatteredTime:AfterimageBait","ekkoTheBoyWhoShatteredTime:SneakHit+1","ekkoTheBoyWhoShatteredTime:HauntingGuise","ekkoTheBoyWhoShatteredTime:Confident","ekkoTheBoyWhoShatteredTime:Greed","ekkoTheBoyWhoShatteredTime:TimeRecall","ekkoTheBoyWhoShatteredTime:Discharge","ekkoTheBoyWhoShatteredTime:AfterimageHit+1","ekkoTheBoyWhoShatteredTime:TimeIndustry","ekkoTheBoyWhoShatteredTime:DelayedWork","StuffTheSpire:BrainWave","ekkoTheBoyWhoShatteredTime:AfterimageDualStroke+1","ekkoTheBoyWhoShatteredTime:AfterimageTease+1","ekkoTheBoyWhoShatteredTime:LichBane+1","Panache","ekkoTheBoyWhoShatteredTime:NaggingBlow","ekkoTheBoyWhoShatteredTime:DefensiveStance+1"],"relics":["reliquary:PorcupineQuills","EVO:Axolotl","aspiration:SecretTechniqueScroll","PreservedInsect","reliquary:PurpleTingedLeaf","Cursed Key","StuffTheSpire:GrapeVine","Gremlin Food","energizedSpire:HugeHouse","Replay:Rubber Ducky","Bronze Scales","infinitespire:Beetle Shell","MerchantsRug","infinitespire:BottledMercury","relicPack:KazumaCape","wanderingMiniBosses:CarrionFlame","conspire:BottledYoYo","Blue Doll","Strange Spoon","BicycleWheel","trackpad:AdjectivePendant"],"acts_visited":["Exordium","TheCity","TheBeyond"],"potions_floor_usage":[39,47,50,50],"damage_taken":[{"damage":0.0,"enemies":"Small Slimes","floor":1.0,"turns":4.0},{"damage":0.0,"enemies":"2 Louse","floor":4.0,"turns":3.0},{"damage":32.0,"enemies":"3 Sentries","floor":6.0,"turns":7.0},{"damage":0.0,"enemies":"Jaw Worm","floor":7.0,"turns":3.0},{"damage":9.0,"enemies":"Exordium Thugs","floor":10.0,"turns":5.0},{"damage":16.0,"enemies":"Gremlin Nob","floor":12.0,"turns":3.0},{"damage":21.0,"enemies":"3 Sentries","floor":14.0,"turns":10.0},{"damage":19.0,"enemies":"Hexaghost","floor":16.0,"turns":8.0},{"damage":0.0,"enemies":"Chosen","floor":18.0,"turns":5.0},{"damage":30.0,"enemies":"conspire:FuzzyDice","floor":19.0,"turns":7.0},{"damage":8.0,"enemies":"Centurion and Healer","floor":22.0,"turns":3.0},{"damage":11.0,"enemies":"Replay:Snechameleon","floor":23.0,"turns":4.0},{"damage":1.0,"enemies":"Sentry and Sphere","floor":27.0,"turns":6.0},{"damage":0.0,"enemies":"Cultist and Chosen","floor":28.0,"turns":4.0},{"damage":6.0,"enemies":"conspire:SneckoGhost","floor":29.0,"turns":3.0},{"damage":0.0,"enemies":"Centurion and Healer","floor":30.0,"turns":4.0},{"damage":3.0,"enemies":"bossMod:newCollector","floor":33.0,"turns":5.0},{"damage":0,"enemies":"Orb Walker","floor":35,"turns":3},{"damage":0,"enemies":"3 Shapes","floor":37,"turns":2},{"damage":0,"enemies":"Transient","floor":39,"turns":5},{"damage":12,"enemies":"Reptomancer","floor":40,"turns":4},{"damage":5,"enemies":"Maw","floor":42,"turns":5},{"damage":0,"enemies":"Jaw Worm Horde","floor":46,"turns":1},{"damage":0,"enemies":"3 Darklings","floor":47,"turns":2},{"damage":0,"enemies":"4 Shapes","floor":48,"turns":1},{"damage":19,"enemies":"Replay:Hell Engine","floor":50,"turns":4}],"seed_played":"8107511469957331341","potions_obtained":[{"floor":4.0,"key":"Regen Potion"},{"floor":6.0,"key":"Energy Potion"},{"floor":12.0,"key":"DuplicationPotion"},{"floor":18.0,"key":"Reflective Coating"},{"floor":22.0,"key":"Elixir"},{"floor":27.0,"key":"SkillPotion"},{"floor":33.0,"key":"Adrenaline Potion"},{"floor":35,"key":"Ancient Potion"},{"floor":39,"key":"ColorlessPotion"},{"floor":40,"key":"Explosive Potion"},{"floor":48,"key":"ekkoTheBoyWhoShatteredTime:BottledSheen"}],"is_trial":false,"path_per_floor":["M","?","?","M","?","E","M","R","T","M","R","E","$","E","R","B",null,"M","M","AVR","M","E","?","?","T","M","M","E","M","$","R_BF","B",null,"M","?","M","?","M","E","?","M","T","R","$","M","M","M","R","B",null],"character_chosen":"EKKO_THE_BOY_WHO_SHATTERED_TIME","items_purchased":["Bag of Marbles","ekkoTheBoyWhoShatteredTime:BansheesVeil+1","ekkoTheBoyWhoShatteredTime:DodgeTraining","MerchantsRug","ekkoTheBoyWhoShatteredTime:TimeRecall","infinitespire:BottledMercury","Strange Spoon","Panache","BicycleWheel","trackpad:AdjectivePendant"],"campfire_rested":1,"item_purchase_floors":[13,13,13,31,31,31,45,45,45,45],"current_hp_per_floor":[78,78,59,59,59,27,27,50,50,41,41,34,34,23,23,4,88,88,58,58,52,42,69,69,69,70,73,69,71,71,71,70,83,83,83,83,75,75,63,63,60,60,60,60,62,62,62,62,44],"gold":164,"neow_bonus":"NOSTALGIA","is_daily":false,"chose_seed":false,"campfire_upgraded":5,"win_rate":0.0,"timestamp":1611879701,"path_taken":["M","?","?","M","?","E","?","R","T","M","R","E","?","E","R","BOSS","M","M","AVR","?","E","?","?","T","M","M","E","?","?","R_BF","BOSS","M","?","?","?","M","E","?","M","T","R","?","?","M","M","R","BOSS"],"items_purchased_type":["Relic","Card","Card","Relic","Card","Relic","Relic","Card","Relic","Relic"],"build_version":"2020-12-22","purchased_purges":2,"victory":true,"max_hp_per_floor":[78,78,78,78,78,78,78,78,78,78,78,78,78,88,88,88,88,88,88,83,83,83,83,83,83,83,83,83,83,83,83,83,83,83,83,83,75,75,75,71,71,71,71,71,71,71,71,71,71],"relic_stats":{"Strange Spoon":[8],"counters":[26,110],"Bronze Scales":[83],"PreservedInsect":132,"Cursed Key":2,"obtain_stats":[{"infinitespire:BottledMercury":31,"Blue Doll":43,"Snake Skull":20,"StuffTheSpire:GrapeVine":20,"EVO:Axolotl":0,"Cursed Key":20,"Replay:Rubber Ducky":23,"Matryoshka":6,"StuffTheSpire:HeavyRock":9,"StuffTheSpire:ColdMirror":20,"energizedSpire:HugeHouse":20,"trackpad:AdjectivePendant":45,"Replay:Wax Seal":9,"Replay:Bottled Eggs":20,"ekkoTheBoyWhoShatteredTime:zDriveResonance":0,"infinitespire:Chaos":20,"BicycleWheel":45,"Gremlin Food":20,"MerchantsRug":31,"Pear":14,"hubris:Teleporter":20,"aspiration:Nostalgia":0,"Golden Idol":3,"infinitespire:EmptyRelic":20,"PreservedInsect":20,"infinitespire:Beetle Shell":29,"aspiration:SecretTechniqueScroll":20,"Strange Spoon":45,"conspire:GiftBox":36,"reliquary:PorcupineQuills":20,"relicPack:KazumaCape":34,"wanderingMiniBosses:CarrionFlame":39,"energizedSpire:NeverEndingSparkler":17,"Bronze Scales":26,"Bag of Marbles":13,"conspire:BottledYoYo":40,"PureWater":0,"Toy Ornithopter":12,"reliquary:PurpleTingedLeaf":20},{"infinitespire:BottledMercury":16,"Blue Doll":22,"Snake Skull":10,"StuffTheSpire:GrapeVine":10,"EVO:Axolotl":0,"Cursed Key":10,"Replay:Rubber Ducky":12,"Matryoshka":3,"StuffTheSpire:HeavyRock":4,"StuffTheSpire:ColdMirror":10,"energizedSpire:HugeHouse":10,"trackpad:AdjectivePendant":22,"Replay:Wax Seal":4,"Replay:Bottled Eggs":10,"ekkoTheBoyWhoShatteredTime:zDriveResonance":0,"infinitespire:Chaos":10,"BicycleWheel":22,"Gremlin Food":10,"MerchantsRug":16,"Pear":7,"hubris:Teleporter":10,"aspiration:Nostalgia":0,"Golden Idol":1,"infinitespire:EmptyRelic":10,"PreservedInsect":10,"infinitespire:Beetle Shell":15,"aspiration:SecretTechniqueScroll":10,"Strange Spoon":22,"conspire:GiftBox":18,"reliquary:PorcupineQuills":10,"relicPack:KazumaCape":17,"wanderingMiniBosses:CarrionFlame":20,"energizedSpire:NeverEndingSparkler":8,"Bronze Scales":12,"Bag of Marbles":6,"conspire:BottledYoYo":21,"PureWater":0,"Toy Ornithopter":6,"reliquary:PurpleTingedLeaf":10},{"infinitespire:BottledMercury":78,"Blue Doll":102,"Snake Skull":55,"StuffTheSpire:GrapeVine":55,"EVO:Axolotl":0,"Cursed Key":55,"Replay:Rubber Ducky":61,"Matryoshka":14,"StuffTheSpire:HeavyRock":17,"StuffTheSpire:ColdMirror":55,"energizedSpire:HugeHouse":55,"trackpad:AdjectivePendant":102,"Replay:Wax Seal":17,"Replay:Bottled Eggs":55,"ekkoTheBoyWhoShatteredTime:zDriveResonance":0,"infinitespire:Chaos":55,"BicycleWheel":102,"Gremlin Food":55,"MerchantsRug":78,"Pear":35,"hubris:Teleporter":55,"aspiration:Nostalgia":0,"Golden Idol":4,"infinitespire:EmptyRelic":55,"PreservedInsect":55,"infinitespire:Beetle Shell":74,"aspiration:SecretTechniqueScroll":55,"Strange Spoon":102,"conspire:GiftBox":86,"reliquary:PorcupineQuills":55,"relicPack:KazumaCape":83,"wanderingMiniBosses:CarrionFlame":93,"energizedSpire:NeverEndingSparkler":43,"Bronze Scales":61,"Bag of Marbles":25,"conspire:BottledYoYo":97,"PureWater":0,"Toy Ornithopter":25,"reliquary:PurpleTingedLeaf":55}]},"card_choices":[{"not_picked":["ekkoTheBoyWhoShatteredTime:Leap","ekkoTheBoyWhoShatteredTime:Greed"],"picked":"ekkoTheBoyWhoShatteredTime:SpHit","floor":1.0},{"not_picked":["ekkoTheBoyWhoShatteredTime:CommittedStrike","ekkoTheBoyWhoShatteredTime:NaggingBlow"],"picked":"ekkoTheBoyWhoShatteredTime:HextechProtobelt","floor":4.0},{"not_picked":["ekkoTheBoyWhoShatteredTime:Disturblast","ekkoTheBoyWhoShatteredTime:TimeIndustry"],"picked":"ekkoTheBoyWhoShatteredTime:AfterimageTimeWrap","floor":6.0},{"not_picked":["ekkoTheBoyWhoShatteredTime:Timewinder","ekkoTheBoyWhoShatteredTime:WideSlice"],"picked":"ekkoTheBoyWhoShatteredTime:TimeRecall","floor":7.0},{"not_picked":["ekkoTheBoyWhoShatteredTime:WideSlice","ekkoTheBoyWhoShatteredTime:Backtrack"],"picked":"ekkoTheBoyWhoShatteredTime:NashorsTooth","floor":10.0},{"not_picked":["ekkoTheBoyWhoShatteredTime:CommittedStrike","ekkoTheBoyWhoShatteredTime:SktSynergy","ekkoTheBoyWhoShatteredTime:DuplicateTimelines"],"picked":"SKIP","floor":12.0},{"not_picked":["ekkoTheBoyWhoShatteredTime:WideSlice","ekkoTheBoyWhoShatteredTime:NaggingBlow"],"picked":"ekkoTheBoyWhoShatteredTime:DefensiveStance","floor":14.0},{"not_picked":["ekkoTheBoyWhoShatteredTime:Unleashed","ekkoTheBoyWhoShatteredTime:SktSynergy"],"picked":"ekkoTheBoyWhoShatteredTime:ZhonyasHourglass","floor":16.0},{"not_picked":["ekkoTheBoyWhoShatteredTime:FeelIt+1","ekkoTheBoyWhoShatteredTime:AfterimageHit"],"picked":"ekkoTheBoyWhoShatteredTime:AfterimageDualStroke+1","floor":18.0},{"not_picked":["ekkoTheBoyWhoShatteredTime:ParallelConvergence","ekkoTheBoyWhoShatteredTime:FluidEnergy"],"picked":"ekkoTheBoyWhoShatteredTime:Acceleration","floor":19.0},{"not_picked":["ekkoTheBoyWhoShatteredTime:TimeRecall","ekkoTheBoyWhoShatteredTime:HauntedAfterimage"],"picked":"ekkoTheBoyWhoShatteredTime:AfterimageBait","floor":22.0},{"not_picked":["ekkoTheBoyWhoShatteredTime:Vibin","ekkoTheBoyWhoShatteredTime:IcebornGauntlet"],"picked":"ekkoTheBoyWhoShatteredTime:AfterimageBait","floor":23.0},{"not_picked":["ekkoTheBoyWhoShatteredTime:Dash","ekkoTheBoyWhoShatteredTime:AfterimageBait+1"],"picked":"ekkoTheBoyWhoShatteredTime:SneakHit+1","floor":27.0},{"not_picked":["ekkoTheBoyWhoShatteredTime:CommittedStrike","ekkoTheBoyWhoShatteredTime:NeedlesslyLargeRod"],"picked":"ekkoTheBoyWhoShatteredTime:HauntingGuise","floor":28.0},{"not_picked":["ekkoTheBoyWhoShatteredTime:Resocharge","ekkoTheBoyWhoShatteredTime:SpHit"],"picked":"ekkoTheBoyWhoShatteredTime:Confident","floor":29.0},{"not_picked":["ekkoTheBoyWhoShatteredTime:LichBane","ekkoTheBoyWhoShatteredTime:AfterimageHit"],"picked":"ekkoTheBoyWhoShatteredTime:Greed","floor":30.0},{"not_picked":["ekkoTheBoyWhoShatteredTime:Chronobreak","ekkoTheBoyWhoShatteredTime:Periocharge"],"picked":"ekkoTheBoyWhoShatteredTime:Discharge","floor":33.0},{"not_picked":["ekkoTheBoyWhoShatteredTime:FeelIt+1","ekkoTheBoyWhoShatteredTime:SpHit+1"],"picked":"ekkoTheBoyWhoShatteredTime:AfterimageHit+1","floor":35},{"not_picked":["ekkoTheBoyWhoShatteredTime:SktSynergy","ekkoTheBoyWhoShatteredTime:URF"],"picked":"ekkoTheBoyWhoShatteredTime:TimeIndustry","floor":36},{"not_picked":["ekkoTheBoyWhoShatteredTime:KneeNSwordCombo","ekkoTheBoyWhoShatteredTime:PlayTheBeat"],"picked":"ekkoTheBoyWhoShatteredTime:DelayedWork","floor":37},{"not_picked":["ekkoTheBoyWhoShatteredTime:KeepingMomentum","ekkoTheBoyWhoShatteredTime:Vibin+1"],"picked":"ekkoTheBoyWhoShatteredTime:AfterimageDualStroke+1","floor":39},{"not_picked":["ekkoTheBoyWhoShatteredTime:CommittedStrike+1","ekkoTheBoyWhoShatteredTime:Greed+1"],"picked":"ekkoTheBoyWhoShatteredTime:AfterimageTease+1","floor":40},{"not_picked":["ekkoTheBoyWhoShatteredTime:Backtrack","ekkoTheBoyWhoShatteredTime:Greed+1"],"picked":"ekkoTheBoyWhoShatteredTime:LichBane+1","floor":42},{"not_picked":["ekkoTheBoyWhoShatteredTime:Overflow","ekkoTheBoyWhoShatteredTime:Knowledge"],"picked":"ekkoTheBoyWhoShatteredTime:NaggingBlow","floor":46},{"not_picked":["ekkoTheBoyWhoShatteredTime:Disturblast+1","ekkoTheBoyWhoShatteredTime:LichBane+1","ekkoTheBoyWhoShatteredTime:Vibin"],"picked":"SKIP","floor":47},{"not_picked":["ekkoTheBoyWhoShatteredTime:FeelIt","ekkoTheBoyWhoShatteredTime:NeedlesslyLargeRod+1"],"picked":"ekkoTheBoyWhoShatteredTime:DefensiveStance+1","floor":48}],"player_experience":375287,"relics_obtained":[{"floor":6.0,"key":"Matryoshka"},{"floor":9.0,"key":"Replay:Wax Seal"},{"floor":9.0,"key":"StuffTheSpire:HeavyRock"},{"floor":12.0,"key":"Toy Ornithopter"},{"floor":14.0,"key":"Pear"},{"floor":23.0,"key":"Replay:Rubber Ducky"},{"floor":26.0,"key":"Bronze Scales"},{"floor":29.0,"key":"infinitespire:Beetle Shell"},{"floor":39,"key":"wanderingMiniBosses:CarrionFlame"},{"floor":40,"key":"conspire:BottledYoYo"},{"floor":43,"key":"Blue Doll"}],"event_choices":[{"damage_healed":0.0,"max_hp_gain":0.0,"max_hp_loss":0.0,"gold_gain":0.0,"event_name":"conspire:LoneGhost","player_choice":"Agree","floor":2.0,"gold_loss":0.0,"damage_taken":0.0},{"damage_healed":0.0,"max_hp_gain":0.0,"max_hp_loss":0.0,"gold_gain":0.0,"event_name":"Golden Idol","player_choice":"Take Damage","floor":3.0,"gold_loss":0.0,"damage_taken":19.0,"relics_obtained":["Golden Idol"]},{"damage_healed":27.0,"max_hp_gain":0.0,"max_hp_loss":0.0,"gold_gain":0.0,"event_name":"The Library","player_choice":"Heal","floor":24.0,"gold_loss":0.0,"damage_taken":0.0},{"damage_healed":0.0,"max_hp_gain":0.0,"max_hp_loss":0.0,"gold_gain":100.0,"event_name":"Golden Shrine","player_choice":"Pray","floor":25.0,"gold_loss":0.0,"damage_taken":0.0},{"damage_healed":0,"gold_gain":0,"player_choice":"Gave Potion","damage_taken":0,"relics_obtained":["conspire:GiftBox"],"max_hp_gain":0,"max_hp_loss":0,"event_name":"WeMeetAgain","floor":36,"gold_loss":0},{"damage_healed":0,"gold_gain":0,"player_choice":"Max HP","damage_taken":0,"max_hp_gain":0,"max_hp_loss":4,"event_name":"Winding Halls","floor":41,"gold_loss":0}],"is_beta":false,"boss_relics":[{"not_picked":["Pandora\u0027s Box","StuffTheSpire:RunicConfusion"],"picked":"energizedSpire:NeverEndingSparkler"},{"not_picked":["energizedSpire:StickyHand","reliquary:KinkedSpring"],"picked":"relicPack:KazumaCape"}],"items_purged_floors":[20,45],"is_endless":false,"potions_floor_spawned":[4,6,12,18,22,27,33,35,39,40,48],"ascension_level":0}}