{"host":"6affnl2vk6en9o4b","time":1611925029,"event":{"mods":["2.2 Compatiblity","AchievementEnabler","Aspiration","BaseMod","BetterRewards","Colored Powertips","Conspire","Downfall","Friendly Minions","Googly Eyes","Highlight Path","Hubris","Minty Spire (QoL Compilation)","Replay The Spire","StSLib","Trackpad","Unceasing Turn Reminder"],"gold_per_floor":[349,365,379,389,184,213,213,244,262,62,74,94,94,125,138,241,241,141,162,162,181,181,181,181],"floor_reached":22,"language":"ENG","playtime":1133,"items_purged":[],"score":198,"play_id":"d69b23e3-2d18-4299-93e1-b17790fa7fee","local_time":"20210129125709","is_ascension_mode":false,"campfire_choices":[{"floor":1,"key":"RECALL"},{"floor":10,"key":"REST"},{"data":"hexamod:HeatMetal","floor":13,"key":"SMITH"},{"floor":18,"key":"DIG"}],"circlet_count":0,"master_deck":["hexamod:Sear","hexamod:Float","hexamod:HauntingEcho","hexamod:Firestarter","hexamod:ShieldOfDarkness","hexamod:WildfireWeapon","hexamod:DynamicBlow","hexamod:HeatMetal+1","hexamod:ThermalTransfer","hexamod:GhostOfSpireFuture","hexamod:SwordOfDarkness","hexamod:FirstSeal","hexamod:StepThrough","hexamod:FifthSeal","hexamod:SecondSeal","hexamod:GhostflameInferno+1","hexamod:SixthSeal","hexamod:FastForward+1","Ghostly","Ghostly","Ghostly","hexamod:CouncilsJustice","hexamod:CouncilsJustice","hexamod:CouncilsJustice","hexamod:ThirdSeal","hexamod:WildfireWeapon"],"relics":["hexamod:SpiritBrand","Membership Card","trackpad:CultistFigurine","Toy Ornithopter","downfall:HeartBlessingRed","downfall:HeartBlessingGreen","Darkstone Periapt","trackpad:Coffee","downfall:HeartBlessingBlue","Turnip"],"acts_visited":["Exordium","TheCity"],"potions_floor_usage":[6,16,19,21],"damage_taken":[{"damage":1,"enemies":"Jaw Worm","floor":2,"turns":3},{"damage":0,"enemies":"conspire:RoseBush","floor":3,"turns":2},{"damage":0,"enemies":"Small Slimes","floor":4,"turns":3},{"damage":0,"enemies":"downfall:FleeingMerchant","floor":5,"turns":4},{"damage":16,"enemies":"Lagavulin","floor":6,"turns":6},{"damage":4,"enemies":"Replay:BlueRogue","floor":8,"turns":6},{"damage":4,"enemies":"conspire:2 RoseBushes","floor":9,"turns":3},{"damage":5,"enemies":"Blue Slaver","floor":11,"turns":3},{"damage":0,"enemies":"Lots of Slimes","floor":12,"turns":5},{"damage":15,"enemies":"conspire:MimicChest","floor":14,"turns":6},{"damage":1,"enemies":"Red Slaver","floor":15,"turns":4},{"damage":42,"enemies":"WA_ARCHETYPE_RETAIN","floor":16,"turns":8},{"damage":9,"enemies":"Chosen","floor":19,"turns":6},{"damage":25,"enemies":"3 Byrds","floor":21,"turns":5},{"damage":23,"enemies":"Centurion and Healer","floor":22,"turns":2}],"seed_played":"988922037862321306","potions_obtained":[{"floor":3,"key":"Energy Potion"},{"floor":8,"key":"Ancient Potion"},{"floor":11,"key":"Explosive Potion"},{"floor":12,"key":"Reflective Coating"},{"floor":16,"key":"Slimebound:ThreeZeroPotion"},{"floor":21,"key":"Ancient Potion"}],"is_trial":false,"path_per_floor":["R","M","M","M","$","E","T","E","M","R","M","M","R","?","M","B",null,"R","M","?","M","M"],"character_chosen":"THE_SPIRIT","items_purchased":["Membership Card","hexamod:DynamicBlow"],"campfire_rested":1,"item_purchase_floors":[5,5],"current_hp_per_floor":[49,48,48,48,48,32,32,28,24,45,40,40,40,32,38,1,70,80,80,40,22,0,0,0],"gold":181,"neow_bonus":"TWO_FIFTY_GOLD","is_daily":false,"chose_seed":false,"campfire_upgraded":1,"win_rate":0.0,"timestamp":1611925029,"path_taken":["R","M","M","M","$","E","T","E","M","R","M","M","R","?","M","BOSS","R","M","?","M","M"],"items_purchased_type":["Relic","Card"],"build_version":"2020-12-22","purchased_purges":0,"victory":false,"max_hp_per_floor":[70,70,70,70,70,70,70,70,70,70,70,70,70,70,70,70,70,80,80,40,40,40,40,40],"card_choices":[{"not_picked":["hexamod:RetreatToShadows","hexamod:SpectersWail"],"picked":"hexamod:HauntingEcho","floor":2},{"not_picked":["hexamod:FastForward","hexamod:HeatCrush"],"picked":"hexamod:Firestarter","floor":3},{"not_picked":["hexamod:GhostShield","hexamod:AdvancingGuard"],"picked":"hexamod:ShieldOfDarkness","floor":4},{"not_picked":["hexamod:Firestarter","hexamod:HeatCrush"],"picked":"hexamod:WildfireWeapon","floor":5},{"not_picked":["hexamod:SpectersWail","hexamod:Firestarter"],"picked":"hexamod:HeatMetal","floor":6},{"not_picked":["hexamod:GhostShield","hexamod:HeatShield"],"picked":"hexamod:ThermalTransfer","floor":8},{"not_picked":["hexamod:GhostLash","hexamod:AdvancingGuard"],"picked":"hexamod:GhostOfSpireFuture","floor":9},{"not_picked":["hexamod:GhostShield","hexamod:HauntingEcho"],"picked":"hexamod:SwordOfDarkness","floor":11},{"not_picked":["hexamod:SpectralAdrenaline","hexamod:RainOfEmbers"],"picked":"hexamod:FirstSeal","floor":12},{"not_picked":["hexamod:BacktrackSmack","hexamod:ShieldOfDarkness"],"picked":"hexamod:StepThrough","floor":14},{"not_picked":["hexamod:AdvancingGuard","hexamod:SoulSteal"],"picked":"hexamod:FifthSeal","floor":15},{"not_picked":["hexamod:SixthSeal","hexamod:FourthSeal"],"picked":"hexamod:SecondSeal","floor":16},{"not_picked":["hexamod:ParanormalForm","hexamod:TurnItUp"],"picked":"hexamod:GhostflameInferno","floor":16},{"not_picked":["hexamod:FourthSeal","hexamod:FirstSeal"],"picked":"hexamod:SixthSeal","floor":19},{"not_picked":["hexamod:BurningTouch","hexamod:FastForward+1","hexamod:RainOfEmbers"],"picked":"SKIP","floor":19},{"not_picked":["hexamod:BurningTouch","hexamod:RainOfEmbers"],"picked":"hexamod:FastForward+1","floor":19},{"not_picked":["hexamod:SecondSeal","hexamod:FourthSeal"],"picked":"hexamod:ThirdSeal","floor":21},{"not_picked":["hexamod:StepThrough","hexamod:ShieldOfDarkness"],"picked":"hexamod:WildfireWeapon","floor":21}],"player_experience":207395,"relics_obtained":[{"floor":6,"key":"trackpad:CultistFigurine"},{"floor":8,"key":"Toy Ornithopter"},{"floor":14,"key":"Darkstone Periapt"},{"floor":18,"key":"Turnip"}],"event_choices":[],"is_beta":false,"boss_relics":[{"not_picked":["hubris:Backtick","Replay:Wanted Poster"],"picked":"trackpad:Coffee"}],"items_purged_floors":[],"is_endless":false,"potions_floor_spawned":[3,8,11,12,16,21],"killed_by":"Centurion and Healer","ascension_level":0}}