{"host":"hl3ams4am2ku5u4p","time":1611916860,"event":{"mods":["AchievementEnabler","Aspiration","BaseMod","Beaked The Cultist","BetterRewards","CatGirl Mod","Colored Map","Colored Powertips","Conspire","Downfall","Energized Spire","Halation","HornydragonMod","Hubris","Infinite Spire","Mad Scientist","Magitek Elite","Minty Spire (QoL Compilation)","READ ME - Guardian Mod","Replay The Spire","Spikes Relics","StSLib","SuperFastMode","The Blackbeard","The Bug Knight","The Construct","The Disciple","The Jungle","The Mystic","The Necromancer","The Senshi"],"gold_per_floor":[113,125,145,156,174,174,202,202,284,299,317,345,345,345,345,443,443,455,470,470,483,483,483,503,401,455,472,472,485,485,543,543,647,647,662,413,425,425,354,383,383,399,399,399,399,399,415,415,415,511,511,519,519,519,519,528,561,561,561,561,592,521,518,518,518,518,606,606,608,163,176,168,156,156,163,163,163,163,167,181,180,132,132,225,225,216,220,61,54,53,53,62,62,62,395,395,381,381,347,347,349,349,354,354,354,432,436,450,450,450,475,478,484,484,486,488,488,542,542,532,532,521,521,521,521,513,513,513,513,513,513,513,523,523,449,449],"floor_reached":135,"language":"FRA","playtime":6769,"items_purged":["conspire:GhostlyDefend","ReplayTheSpireMod:Splinters"],"score":3240,"play_id":"fc386d5d-455d-4a76-a1f9-4dac06e8c950","local_time":"20210129114100","is_ascension_mode":true,"campfire_choices":[{"data":"Beam Cell","floor":6,"key":"SMITH"},{"data":"Rip and Tear","floor":8,"key":"SMITH"},{"data":"Sweeping Beam","floor":23,"key":"SMITH"},{"floor":28,"key":"REST"},{"data":"Zap","floor":30,"key":"SMITH"},{"data":"Static Discharge","floor":32,"key":"SMITH"},{"floor":41,"key":"REST"},{"data":"Sunder","floor":44,"key":"SMITH"},{"floor":49,"key":"REST"},{"data":"Barrage","floor":59,"key":"SMITH"},{"data":"All For One","floor":66,"key":"SMITH"},{"data":"Seek","floor":74,"key":"SMITH"},{"floor":76,"key":"REST"},{"floor":83,"key":"REST"},{"floor":91,"key":"REST"},{"floor":93,"key":"REST"},{"data":"hubris:Rewind","floor":96,"key":"SMITH"},{"floor":100,"key":"REST"},{"data":"Amplify","floor":109,"key":"SMITH"},{"floor":114,"key":"REST"},{"data":"Madness","floor":117,"key":"SMITH"},{"data":"Madness","floor":125,"key":"SMITH"},{"floor":127,"key":"REST"},{"data":"Beam Cell","floor":129,"key":"SMITH"},{"data":"Go for the Eyes","floor":132,"key":"SMITH"},{"data":"All For One","floor":134,"key":"SMITH"}],"circlet_count":0,"master_deck":["conspire:GhostlyStrike+1","conspire:GhostlyStrike","conspire:GhostlyDefend+1","conspire:GhostlyDefend","conspire:GhostlyDefend","Zap+1","Dualcast","Auto Shields","Gash","ReplayTheSpireMod:Private Reserves","Sweeping Beam+1","Leap","Beam Cell+1","Rip and Tear+1","Ball Lightning","All For One+1","FIFO Queue+1","White Noise+1","Ball Lightning+1","Gash+1","Go for the Eyes+1","Electrodynamics","ReplayGash+1","Static Discharge+1","infinitespire:Oblivion+1","Beam Cell+1","Sunder+1","Leap+1","Madness+1","Madness+1","Barrage+1","ReplayTheSpireMod:Calculation Training+1","Seek+1","Gash","Amplify+1","hubris:Rewind+1","All For One+1","ReplaySolidLightProjector+1","Stack+1","ReplayGash+1"],"relics":["Cracked Core","Happy Flower","Pen Nib","GiantMaggot","Centennial Puzzle","Gem_Box","theJungle:BirthdayCakeSlice","Bronze Scales","MealTicket","beaked:SacredDeck","Whetstone","Replay:Rubber Ducky","infinitespire:Golems Mask","White Beast Statue","Busted Crown","conspire:TopHat","halation:VictoryRuler","Lee\u0027s Waffle","BicycleWheel","halation:LettersToHer","conspire:DecoderRing","halation:EternalFortune","Anchor","WizardHat","aspiration:TomeofQuesting","hubris:SlimyHat","halation:Prosthetics","infinitespire:Beetle Shell","halation:PinkSoulGem","aspiration:Lifesprig","infinitespire:Satchel","hubris:Backtick","Replay:Baseball","Prayer Wheel","Prayer Wheel","hubris:Zylophone","aspiration:HummingbirdHeart"],"acts_visited":["Exordium","Exordium","TheBeyond","Exordium","TheCity","TheBeyond","Exordium","Exordium"],"potions_floor_usage":[16,16,40,42,50,50,50,61,67,67,71,80,81,84,84,92,97,97,97,97,101,101,101,112,135],"damage_taken":[{"damage":1,"enemies":"Cultist","floor":1,"turns":4},{"damage":0,"enemies":"Small Slimes","floor":2,"turns":3},{"damage":1,"enemies":"conspire:RoseBush","floor":3,"turns":3},{"damage":1,"enemies":"2 Fungi Beasts","floor":4,"turns":3},{"damage":1,"enemies":"Exordium Wildlife","floor":5,"turns":4},{"damage":11,"enemies":"Lagavulin","floor":7,"turns":6},{"damage":1,"enemies":"Looter","floor":10,"turns":2},{"damage":1,"enemies":"2 Fungi Beasts","floor":11,"turns":2},{"damage":3,"enemies":"HollowMod:MossKnight","floor":12,"turns":3},{"damage":16,"enemies":"Hexaghost","floor":16,"turns":6},{"damage":3,"enemies":"theJungle:5_Spyders","floor":18,"turns":6},{"damage":12,"enemies":"Shell Parasite","floor":19,"turns":5},{"damage":5,"enemies":"theJungle:JungleHuntersEncounter","floor":21,"turns":5},{"damage":10,"enemies":"theJungle:2_Flameangoes","floor":24,"turns":3},{"damage":1,"enemies":"theJungle:2_Snecko_Cultists","floor":27,"turns":3},{"damage":15,"enemies":"theJungle:SlimyTreeVines","floor":29,"turns":3},{"damage":39,"enemies":"theJungle:FunGuy","floor":33,"turns":9},{"damage":0,"enemies":"3 Shapes","floor":35,"turns":2},{"damage":15,"enemies":"Orb Walker","floor":37,"turns":2},{"damage":55,"enemies":"Nightmare","floor":40,"turns":4},{"damage":4,"enemies":"3 Darklings","floor":42,"turns":3},{"damage":17,"enemies":"Sphere and 2 Shapes","floor":47,"turns":4},{"damage":7,"enemies":"hubris:GrandSnecko","floor":50,"turns":8},{"damage":11,"enemies":"2 Louse","floor":52,"turns":2},{"damage":14,"enemies":"Jaw Worm","floor":56,"turns":2},{"damage":0,"enemies":"HollowMod:MossKnight","floor":57,"turns":2},{"damage":7,"enemies":"Gremlin Nob","floor":61,"turns":3},{"damage":0,"enemies":"Cultist","floor":63,"turns":3},{"damage":5,"enemies":"The Guardian","floor":67,"turns":5},{"damage":0,"enemies":"Chosen","floor":69,"turns":2},{"damage":17,"enemies":"conspire:MimicChest","floor":71,"turns":4},{"damage":0,"enemies":"Centurion and Healer","floor":72,"turns":3},{"damage":8,"enemies":"conspire:HollyBat","floor":73,"turns":6},{"damage":26,"enemies":"Snecko","floor":75,"turns":4},{"damage":4,"enemies":"Sentry and Sphere","floor":79,"turns":3},{"damage":39,"enemies":"conspire:SneckoGhost","floor":80,"turns":3},{"damage":0,"enemies":"3 Cultists","floor":81,"turns":3},{"damage":19,"enemies":"Automaton","floor":84,"turns":4},{"damage":21,"enemies":"3 Darklings","floor":86,"turns":3},{"damage":16,"enemies":"Orb Walker","floor":87,"turns":3},{"damage":43,"enemies":"Jaw Worm Horde","floor":89,"turns":2},{"damage":1,"enemies":"Sphere and 2 Shapes","floor":90,"turns":3},{"damage":0,"enemies":"Giant Head","floor":92,"turns":4},{"damage":14,"enemies":"Reptomancer","floor":97,"turns":4},{"damage":0,"enemies":"Transient","floor":99,"turns":5},{"damage":29,"enemies":"infinitespire:MassOfShapes","floor":101,"turns":5},{"damage":0,"enemies":"Small Slimes","floor":103,"turns":1},{"damage":0,"enemies":"Cultist","floor":107,"turns":2},{"damage":17,"enemies":"Gremlin Nob","floor":108,"turns":3},{"damage":0,"enemies":"3 Sentries","floor":112,"turns":3},{"damage":2,"enemies":"Jaw Worm","floor":113,"turns":2},{"damage":0,"enemies":"Large Slime","floor":115,"turns":2},{"damage":0,"enemies":"Looter","floor":116,"turns":2},{"damage":0,"enemies":"The Guardian","floor":118,"turns":5},{"damage":0,"enemies":"theJungle:GiantWrat","floor":120,"turns":3},{"damage":0,"enemies":"theJungle:Flameango_and_Byrd","floor":122,"turns":3},{"damage":20,"enemies":"theJungle:2_Snecko_Cultists","floor":126,"turns":3},{"damage":0,"enemies":"theJungle:MamaSnecko","floor":133,"turns":3},{"damage":101,"enemies":"infinitespire:LordOfFortification","floor":135,"turns":5}],"seed_played":"5465760969459674739","potions_obtained":[{"floor":1,"key":"Dexterity Potion"},{"floor":4,"key":"Energy Potion"},{"floor":7,"key":"Adrenaline Potion"},{"floor":18,"key":"LiquidMemories"},{"floor":21,"key":"hexamod:SoulburnPotion"},{"floor":27,"key":"Regen Potion"},{"floor":31,"key":"Ancient Potion"},{"floor":40,"key":"Block Potion"},{"floor":47,"key":"Adrenaline Potion"},{"floor":50,"key":"Milkshake"},{"floor":52,"key":"champ:CounterPotion"},{"floor":57,"key":"Swift Potion"},{"floor":61,"key":"SkillPotion"},{"floor":63,"key":"Slimebound:ThreeZeroPotion"},{"floor":67,"key":"SteroidPotion"},{"floor":69,"key":"LiquidBronze"},{"floor":71,"key":"PowerPotion"},{"floor":80,"key":"Explosive Potion"},{"floor":81,"key":"Swift Potion"},{"floor":84,"key":"Reflective Coating"},{"floor":87,"key":"Explosive Potion"},{"floor":89,"key":"AttackPotion"},{"floor":92,"key":"EntropicBrew"},{"floor":97,"key":"Adrenaline Potion"},{"floor":103,"key":"PowerPotion"},{"floor":107,"key":"PowerPotion"},{"floor":108,"key":"DistilledChaos"},{"floor":112,"key":"GamblersBrew"},{"floor":133,"key":"EssenceOfDarkness"}],"is_trial":false,"path_per_floor":["M","M","M","M","M","R","E","R","T","M","M","E","?","?","R_BF","B",null,"M","M","?","M","?","R","M","$","T","M","R","M","R","?","R","B",null,"M","$","M","?","$","NM","R","M","T","R","AVR","?","M","?","R","B",null,"M","?","$","?","M","E","?","R","T","E","$","M","?","?","R","B",null,"M","$","?","M","M","R","M","R","T","?","M","E","M","$","R","B",null,"M","M","$","M","M","R","E","R","T","?","R","E","?","M","R","B",null,"M","?","?","?","M","E","R","?","T","E","M","R","M","M","R","B",null,"M","?","M","?","AVR","R","M","R","T","R","?","$","R","E","R","B"],"character_chosen":"DEFECT","items_purchased":["Auto Shields","Happy Flower","Gash","ReplayTheSpireMod:Private Reserves","Go for the Eyes","Whetstone","Sunder","ReplayTheSpireMod:Calculation Training","Lee\u0027s Waffle","BicycleWheel","Gash","All For One"],"campfire_rested":10,"item_purchase_floors":[0,0,0,0,25,36,39,62,70,70,82,88],"current_hp_per_floor":[66,66,65,64,63,63,52,52,52,51,50,47,47,47,69,53,75,72,60,60,55,60,60,50,50,50,49,73,61,61,61,61,22,80,80,80,65,65,80,25,49,54,54,54,54,44,27,27,51,44,80,69,74,74,74,60,60,60,60,60,53,68,68,68,68,68,63,74,74,81,64,64,56,56,30,54,54,57,56,20,20,35,62,46,93,72,56,71,28,27,54,54,81,81,81,81,67,67,67,93,64,58,58,58,58,58,58,41,41,41,41,41,39,56,59,59,59,59,61,61,61,64,64,64,64,44,63,63,63,57,64,64,64,64,0,0],"gold":449,"neow_bonus":"","is_daily":false,"chose_seed":false,"campfire_upgraded":16,"win_rate":0.0,"timestamp":1611916860,"path_taken":["M","M","?","M","M","R","E","R","T","M","M","E","?","?","R_BF","BOSS","M","M","?","M","?","R","M","?","T","M","R","M","R","?","R","BOSS","M","?","M","?","$","NM","R","M","T","R","AVR","?","?","?","R","BOSS","M","?","?","?","M","E","?","R","T","E","$","?","?","?","R","BOSS","M","$","?","M","?","R","M","R","T","?","M","E","M","$","R","BOSS","M","M","$","M","M","R","E","R","T","?","R","E","?","?","R","BOSS","M","?","?","?","M","E","R","?","T","E","M","R","?","?","R","BOSS","M","?","?","?","AVR","R","M","R","T","R","?","$","R","E","R","BOSS"],"items_purchased_type":["Card","Relic","Card","Card","Card","Relic","Card","Card","Relic","Relic","Card","Card"],"build_version":"2020-12-22","purchased_purges":2,"victory":false,"max_hp_per_floor":[75,75,75,75,75,75,75,75,75,75,75,75,75,75,75,75,75,75,75,75,75,80,80,80,80,80,80,80,80,80,80,80,80,80,80,80,80,80,80,80,80,80,80,80,80,80,80,80,80,80,80,80,80,80,74,74,74,74,74,74,74,74,74,74,74,74,74,74,74,81,81,81,81,81,81,81,81,84,87,90,90,90,90,93,93,93,93,93,93,93,93,93,93,93,93,93,93,93,93,93,93,58,58,58,58,58,58,58,58,58,58,58,58,58,61,61,61,61,61,61,61,64,64,64,64,64,64,64,64,64,64,64,64,64,64,64],"card_choices":[{"not_picked":["Coolheaded","Rebound"],"picked":"Sweeping Beam","floor":1},{"not_picked":["Turbo","Blizzard"],"picked":"Leap","floor":2},{"not_picked":["Rebound","Multi-Cast"],"picked":"Beam Cell","floor":3},{"not_picked":["Doom and Gloom","Gash"],"picked":"Rip and Tear","floor":4},{"not_picked":["Stack","Barrage"],"picked":"Ball Lightning","floor":5},{"not_picked":["Ball Lightning","Thunder Strike","Barrage"],"picked":"SKIP","floor":7},{"not_picked":["Turbo","Leap","BasicCrystalCard"],"picked":"SKIP","floor":10},{"not_picked":["White Noise","aspiration:Polymerization","Turbo"],"picked":"SKIP","floor":11},{"not_picked":["Leap","Blizzard","Steam Power"],"picked":"SKIP","floor":12},{"not_picked":["hubris:Prefetch","Biased Cognition"],"picked":"All For One","floor":16},{"not_picked":["Panic Button","ReplayTheSpireMod:Repulse"],"picked":"FIFO Queue","floor":18},{"not_picked":["ReplayTheSpireMod:Reroute Power","ReplayTheSpireMod:Repulse"],"picked":"White Noise+1","floor":19},{"not_picked":["RefreshScreen","Steam"],"picked":"Ball Lightning+1","floor":21},{"not_picked":["Streamline","Chill"],"picked":"Gash+1","floor":24},{"not_picked":["BasicCrystalCard+1","FIFO Queue"],"picked":"Electrodynamics","floor":27},{"not_picked":["Steam","Sweeping Beam"],"picked":"ReplayGash+1","floor":29},{"not_picked":["White Noise","Coolheaded"],"picked":"Static Discharge","floor":31},{"not_picked":["Go for the Eyes","Conserve Battery"],"picked":"Beam Cell","floor":35},{"not_picked":["Compile Driver","Leap+1","Cold Snap+1"],"picked":"SKIP","floor":37},{"not_picked":["ReplayTheSpireMod:Repulse","Ball Lightning+1","Hologram+1"],"picked":"SKIP","floor":40},{"not_picked":["Undo","DiskWipe+1"],"picked":"Leap+1","floor":42},{"not_picked":["Compile Driver","Rebound","ReplayTheSpireMod:Dual Polarity"],"picked":"SKIP","floor":47},{"not_picked":[],"picked":"Barrage","floor":52},{"not_picked":["Leap"],"picked":"SKIP","floor":56},{"not_picked":["Rebound"],"picked":"SKIP","floor":57},{"not_picked":["Mirror Shield"],"picked":"SKIP","floor":61},{"not_picked":["ReplayTheSpireMod:System Scan"],"picked":"SKIP","floor":63},{"not_picked":[],"picked":"Seek","floor":67},{"not_picked":["Streamline"],"picked":"SKIP","floor":69},{"not_picked":["Leap+1"],"picked":"SKIP","floor":72},{"not_picked":["Hologram"],"picked":"SKIP","floor":73},{"not_picked":["Leap"],"picked":"SKIP","floor":75},{"not_picked":["Reprogram+1"],"picked":"SKIP","floor":79},{"not_picked":["Auto Shields"],"picked":"SKIP","floor":80},{"not_picked":["Heatsinks"],"picked":"SKIP","floor":81},{"not_picked":[],"picked":"Amplify","floor":84},{"not_picked":["infinitespire:SevenWalls","ReplayTheSpireMod:Book of Names"],"picked":"hubris:Rewind","floor":85},{"not_picked":["Cold Snap"],"picked":"SKIP","floor":86},{"not_picked":["Hologram"],"picked":"SKIP","floor":87},{"not_picked":["Beam Cell"],"picked":"SKIP","floor":89},{"not_picked":[],"picked":"ReplaySolidLightProjector+1","floor":90},{"not_picked":["Glacier+1"],"picked":"SKIP","floor":92},{"not_picked":["Reinforced Body+1"],"picked":"SKIP","floor":97},{"not_picked":[],"picked":"Stack+1","floor":99},{"not_picked":["Turbo"],"picked":"SKIP","floor":103},{"not_picked":["ReplayTheSpireMod:System Scan"],"picked":"SKIP","floor":107},{"not_picked":["ReplayTheSpireMod:GoodbyeWorld"],"picked":"SKIP","floor":108},{"not_picked":["Glacier"],"picked":"SKIP","floor":112},{"not_picked":["aspiration:Polymerization"],"picked":"SKIP","floor":113},{"not_picked":["Hologram"],"picked":"SKIP","floor":115},{"not_picked":["BootSequence"],"picked":"SKIP","floor":116},{"not_picked":[],"picked":"ReplayTheSpireMod:Fabricate Wheel","floor":118},{"not_picked":[],"picked":"ReplayGash+1","floor":120},{"not_picked":["Redo"],"picked":"SKIP","floor":120},{"not_picked":["Sweeping Beam"],"picked":"SKIP","floor":120},{"not_picked":["Chill"],"picked":"SKIP","floor":122},{"not_picked":["Sweeping Beam"],"picked":"SKIP","floor":122},{"not_picked":["Lockon"],"picked":"SKIP","floor":122},{"not_picked":["Panic Button+1"],"picked":"SKIP","floor":126},{"not_picked":["ReplayTheSpireMod:Reroute Power+1"],"picked":"SKIP","floor":126},{"not_picked":["Gash"],"picked":"SKIP","floor":126},{"not_picked":["Rebound+1"],"picked":"SKIP","floor":133}],"player_experience":21126,"relics_obtained":[{"floor":7,"key":"Pen Nib"},{"floor":9,"key":"GiantMaggot"},{"floor":12,"key":"Centennial Puzzle"},{"floor":26,"key":"Bronze Scales"},{"floor":31,"key":"MealTicket"},{"floor":40,"key":"Replay:Rubber Ducky"},{"floor":43,"key":"infinitespire:Golems Mask"},{"floor":57,"key":"conspire:TopHat"},{"floor":61,"key":"halation:VictoryRuler"},{"floor":71,"key":"halation:LettersToHer"},{"floor":77,"key":"halation:LettersToHer"},{"floor":77,"key":"conspire:DecoderRing"},{"floor":79,"key":"halation:EternalFortune"},{"floor":80,"key":"halation:EternalFortune"},{"floor":80,"key":"Anchor"},{"floor":84,"key":"halation:EternalFortune"},{"floor":92,"key":"WizardHat"},{"floor":94,"key":"halation:LettersToHer"},{"floor":94,"key":"aspiration:TomeofQuesting"},{"floor":97,"key":"hubris:SlimyHat"},{"floor":108,"key":"infinitespire:Beetle Shell"},{"floor":111,"key":"halation:LettersToHer"},{"floor":111,"key":"aspiration:Lifesprig"},{"floor":112,"key":"infinitespire:Satchel"},{"floor":115,"key":"halation:EternalFortune"},{"floor":122,"key":"halation:EternalFortune"},{"floor":128,"key":"halation:LettersToHer"},{"floor":128,"key":"hubris:Zylophone"},{"floor":133,"key":"aspiration:HummingbirdHeart"}],"event_choices":[{"damage_healed":0,"gold_gain":0,"player_choice":"Agree","damage_taken":0,"max_hp_gain":0,"max_hp_loss":0,"event_name":"conspire:LoneGhost","floor":13,"gold_loss":0},{"damage_healed":0,"gold_gain":0,"player_choice":"Embrace Madness","damage_taken":10,"max_hp_gain":0,"max_hp_loss":0,"event_name":"Winding Halls","floor":46,"gold_loss":0,"cards_obtained":["Madness","Madness"]},{"cards_removed":["conspire:GhostlyStrike"],"damage_healed":5,"gold_gain":0,"player_choice":"Offered Special","damage_taken":0,"max_hp_gain":0,"max_hp_loss":0,"event_name":"Bonfire Elementals","floor":53,"gold_loss":0},{"damage_healed":0,"gold_gain":0,"player_choice":"Lose Max HP","damage_taken":0,"relics_obtained":["Golden Idol"],"max_hp_gain":0,"max_hp_loss":6,"event_name":"Golden Idol","floor":55,"gold_loss":0},{"cards_removed":["conspire:GhostlyStrike"],"damage_healed":0,"gold_gain":0,"player_choice":"Purged","damage_taken":0,"max_hp_gain":0,"max_hp_loss":0,"event_name":"Purifier","floor":58,"gold_loss":0},{"damage_healed":0,"gold_gain":0,"player_choice":"Ignored","damage_taken":0,"max_hp_gain":0,"max_hp_loss":0,"event_name":"Liars Game","floor":64,"gold_loss":0},{"damage_healed":0,"gold_gain":0,"player_choice":"Forge","damage_taken":0,"max_hp_gain":0,"max_hp_loss":0,"event_name":"Accursed Blacksmith","floor":65,"gold_loss":0,"cards_upgraded":["ReplayTheSpireMod:Calculation Training"]},{"damage_healed":0,"gold_gain":333,"player_choice":"Gave Idol","damage_taken":0,"max_hp_gain":0,"max_hp_loss":0,"event_name":"The Moai Head","floor":95,"relics_lost":["Golden Idol"],"gold_loss":0},{"damage_healed":0,"gold_gain":0,"player_choice":"Ignored","damage_taken":0,"max_hp_gain":0,"max_hp_loss":0,"event_name":"Transmorgrifier","floor":98,"gold_loss":0},{"damage_healed":0,"gold_gain":0,"player_choice":"Ignored","damage_taken":0,"max_hp_gain":0,"max_hp_loss":0,"event_name":"Liars Game","floor":105,"gold_loss":0},{"damage_healed":0,"gold_gain":78,"player_choice":"Gained Gold","damage_taken":0,"max_hp_gain":0,"max_hp_loss":0,"event_name":"Golden Wing","floor":106,"gold_loss":0},{"damage_healed":0,"gold_gain":0,"player_choice":"Bought 0 Potions","damage_taken":0,"max_hp_gain":0,"max_hp_loss":0,"event_name":"The Woman in Blue","floor":121,"gold_loss":0},{"damage_healed":0,"gold_gain":0,"player_choice":"Damaged","damage_taken":6,"max_hp_gain":0,"max_hp_loss":0,"event_name":"Wheel of Change","floor":130,"gold_loss":0}],"is_beta":false,"boss_relics":[{"not_picked":["Runic Pyramid","halation:HeavySnake"],"picked":"Gem_Box"},{"not_picked":["SacredBark","CosmicIsotope"],"picked":"beaked:SacredDeck"},{"not_picked":["conspire:SeveredTorchhead","halation:ForbiddenBikini"],"picked":"Busted Crown"},{"not_picked":["halation:HeavySnake","Sozu","Tiny House"]},{"not_picked":["hubris:RunicObelisk","Abe\u0027s Treasure","aspiration:SecretTechniqueScroll"]},{"not_picked":["Golden_Hairpin","halation:Risk"],"picked":"halation:Prosthetics"},{"not_picked":["Runic Pyramid","aspiration:SilentSkillbook"],"picked":"hubris:Backtick"}],"items_purged_floors":[25,36],"is_endless":true,"potions_floor_spawned":[1,4,7,18,21,27,29,35,40,47,50,52,56,57,61,63,67,69,71,72,73,75,79,80,81,84,86,87,89,90,92,97,99,101,103,107,108,112,113,115,116,118,120,122,126,133],"killed_by":"infinitespire:LordOfFortification","ascension_level":1}}