{"host":"9jj9tzo2iym4bpat","time":1611883270,"event":{"mods":["Act Like it!","BaseMod","CapriCore","Colored Map","Dark Map","Luminous","Minty Spire (QoL Compilation)","Permanent Neow","StSLib","Td1madao Mod","The Animator","The Immortal","The Marked","The Servant 0.9.4","Yakumo Yukari mod"],"gold_per_floor":[111,111,64,83,99,124,124,139,187,187,227,239,251,287,299,417,429,460,218,218,218,51,66,66,102,111,36,56,56,91,117,117,213,213,233,233,259,309,19,63,13,55,64,64,90,112,0,0,0,0,0],"floor_reached":50,"language":"ENG","playtime":1731,"items_purged":["Parasite"],"score":710,"play_id":"8df18dc7-7d9b-48b6-81fb-3a4f35b662a2","local_time":"20210128192110","is_ascension_mode":true,"campfire_choices":[{"data":"Footwork","floor":7,"key":"SMITH"},{"floor":10,"key":"REST"},{"floor":15,"key":"REST"},{"data":"After Image","floor":24,"key":"SMITH"},{"floor":29,"key":"REST"},{"floor":32,"key":"REST"},{"floor":44,"key":"REST"},{"floor":49,"key":"REST"}],"circlet_count":0,"master_deck":["Strike_G+1","Strike_G+1","Strike_G+1","Strike_G+1","Strike_G+1","Defend_G+1","Defend_G+1","Defend_G+1","Defend_G+1","Defend_G+1","Survivor","Neutralize","Footwork+1","Slice","Dash","Noxious Fumes+1","Slice","Dagger Spray","Crippling Poison","Phantasmal Killer","After Image+1","Backstab","Deadly Poison","Outmaneuver","Adrenaline","Deflect","Bouncing Flask+1","Blade Dance","Noxious Fumes","Leg Sweep","Infinite Blades+1","Bullet Time","Blade Dance","Cloak And Dagger","Cloak And Dagger","Accuracy"],"relics":["Ring of the Snake","Mummified Hand","CeramicFish","MawBank","Cursed Key","Orrery","Blood Vial","Pen Nib","Nunchaku","Ice Cream","StrikeDummy","Smiling Mask","WristBlade","Question Card","FossilizedHelix","Vajra","Orichalcum","Bottled Tornado","Molten Egg 2"],"acts_visited":["Exordium","TheCity","TheBeyond"],"potions_floor_usage":[11,16,16,30,33,33,42,42,46,50,50],"damage_taken":[{"damage":1,"enemies":"Cultist","floor":1,"turns":5},{"damage":0,"enemies":"Jaw Worm","floor":4,"turns":5},{"damage":0,"enemies":"Small Slimes","floor":5,"turns":3},{"damage":17,"enemies":"Lagavulin","floor":6,"turns":8},{"damage":3,"enemies":"Exordium Thugs","floor":8,"turns":7},{"damage":27,"enemies":"3 Sentries","floor":11,"turns":5},{"damage":1,"enemies":"Large Slime","floor":14,"turns":5},{"damage":23,"enemies":"Hexaghost","floor":16,"turns":7},{"damage":2,"enemies":"Shell Parasite","floor":18,"turns":5},{"damage":0,"enemies":"Chosen","floor":23,"turns":5},{"damage":15,"enemies":"Book of Stabbing","floor":25,"turns":6},{"damage":8,"enemies":"Snecko","floor":28,"turns":4},{"damage":17,"enemies":"Gremlin Leader","floor":30,"turns":6},{"damage":18,"enemies":"Snake Plant","floor":31,"turns":3},{"damage":5,"enemies":"Automaton","floor":33,"turns":6},{"damage":0,"enemies":"Orb Walker","floor":35,"turns":2},{"damage":21,"enemies":"3 Darklings","floor":37,"turns":4},{"damage":0,"enemies":"Mind Bloom Boss Battle","floor":38,"turns":5},{"damage":16,"enemies":"Nemesis","floor":40,"turns":7},{"damage":0,"enemies":"Reptomancer","floor":42,"turns":4},{"damage":0,"enemies":"Maw","floor":45,"turns":6},{"damage":0,"enemies":"Writhing Mass","floor":46,"turns":6},{"damage":71,"enemies":"Awakened One","floor":50,"turns":7}],"seed_played":"-5743997443774382987","potions_obtained":[{"floor":0,"key":"PowerPotion"},{"floor":0,"key":"DuplicationPotion"},{"floor":0,"key":"Ancient Potion"},{"floor":11,"key":"Fire Potion"},{"floor":16,"key":"PanachePotion"},{"floor":28,"key":"ColorlessPotion"},{"floor":31,"key":"ColorlessPotion"},{"floor":35,"key":"Swift Potion"},{"floor":40,"key":"SpeedPotion"},{"floor":42,"key":"Strength Potion"},{"floor":46,"key":"Fruit Juice"}],"is_trial":false,"path_per_floor":["M","?","$","M","M","E","R","M","T","R","E","?","?","M","R","B",null,"M","$","?","?","$","M","R","E","T","?","M","R","E","M","R","B",null,"M","?","M","?","$","E","$","E","T","R","M","M","$","?","R","B"],"character_chosen":"THE_SILENT","items_purchased":["Slice","Orrery","Blood Vial","Nunchaku","Deflect","Vajra","Bullet Time","PowerPotion","Accuracy"],"campfire_rested":6,"item_purchase_floors":[3,19,19,22,22,39,39,41,47],"current_hp_per_floor":[69,69,69,69,69,52,52,49,49,70,43,43,43,42,63,40,70,68,68,68,68,68,70,70,55,55,55,49,67,50,34,54,51,67,67,67,46,48,48,34,34,36,36,56,58,65,65,65,69,0,0],"gold":0,"neow_bonus":"THREE_SMALL_POTIONS","is_daily":false,"chose_seed":false,"campfire_upgraded":2,"win_rate":0.0,"timestamp":1611883270,"path_taken":["M","?","$","M","M","E","R","M","T","R","E","?","?","?","R","BOSS","M","$","?","?","$","M","R","E","T","?","M","R","E","M","R","BOSS","M","?","?","?","$","E","$","E","T","R","M","M","?","?","R","BOSS"],"items_purchased_type":["Card","Relic","Relic","Relic","Card","Relic","Card","Potion","Card"],"build_version":"2020-12-22","purchased_purges":1,"victory":false,"max_hp_per_floor":[70,70,70,70,70,70,70,70,70,70,70,70,70,70,70,70,70,70,70,70,70,70,70,70,70,70,67,67,67,67,67,67,67,67,67,67,67,67,67,67,67,67,67,67,67,72,69,69,69,69,69],"card_choices":[{"not_picked":["Leg Sweep","Dagger Throw"],"picked":"Footwork","floor":1},{"not_picked":["Prepared","Deadly Poison"],"picked":"Dash","floor":4},{"not_picked":["Flying Knee","Dodge and Roll"],"picked":"Noxious Fumes","floor":5},{"not_picked":["Masterful Stab","Sucker Punch"],"picked":"Slice","floor":6},{"not_picked":["Backstab","Masterful Stab"],"picked":"Dagger Spray","floor":8},{"not_picked":["Eviscerate","Poisoned Stab"],"picked":"Crippling Poison","floor":11},{"not_picked":["Dagger Spray","Flying Knee"],"picked":"Phantasmal Killer","floor":14},{"not_picked":["Die Die Die","Grand Finale"],"picked":"After Image","floor":16},{"not_picked":["Underhanded Strike","Concentrate","Terror"],"picked":"SKIP","floor":18},{"not_picked":["Dagger Spray+1","Acrobatics"],"picked":"Backstab","floor":19},{"not_picked":["Backstab","Backflip+1"],"picked":"Deadly Poison","floor":19},{"not_picked":["Choke","Backstab"],"picked":"Outmaneuver","floor":19},{"not_picked":["Distraction","Flying Knee"],"picked":"Adrenaline","floor":19},{"not_picked":["Prepared","Dagger Throw","Sucker Punch"],"picked":"SKIP","floor":23},{"not_picked":["After Image","Skewer"],"picked":"Bouncing Flask+1","floor":25},{"not_picked":["Expertise","Flying Knee"],"picked":"Blade Dance","floor":28},{"not_picked":["Sucker Punch+1","Bane"],"picked":"Noxious Fumes","floor":30},{"not_picked":["Quick Slash+1","Terror"],"picked":"Leg Sweep","floor":31},{"not_picked":["Setup+1","Deadly Poison+1","Quick Slash"],"picked":"SKIP","floor":35},{"not_picked":["Acrobatics","Deflect+1","Flying Knee+1"],"picked":"Infinite Blades+1","floor":37},{"not_picked":["Tools of the Trade","PiercingWail","Riddle With Holes"],"picked":"Blade Dance","floor":40},{"not_picked":["Leg Sweep+1","Setup+1","Dodge and Roll","Slice"],"picked":"SKIP","floor":42},{"not_picked":["Leg Sweep+1","Setup+1","Dodge and Roll"],"picked":"Slice","floor":42},{"not_picked":["Dash+1","Escape Plan+1","Reflex"],"picked":"Cloak And Dagger","floor":45},{"not_picked":["Night Terror","PiercingWail+1","Endless Agony+1"],"picked":"Cloak And Dagger","floor":46}],"player_experience":307398,"relics_obtained":[{"floor":6,"key":"Mummified Hand"},{"floor":9,"key":"CeramicFish"},{"floor":11,"key":"MawBank"},{"floor":25,"key":"Ice Cream"},{"floor":26,"key":"StrikeDummy"},{"floor":30,"key":"Smiling Mask"},{"floor":38,"key":"FossilizedHelix"},{"floor":40,"key":"Orichalcum"},{"floor":42,"key":"Bottled Tornado"},{"floor":43,"key":"Molten Egg 2"}],"event_choices":[{"damage_healed":0,"gold_gain":0,"player_choice":"Ignored","damage_taken":0,"max_hp_gain":0,"max_hp_loss":0,"event_name":"Golden Wing","floor":2,"gold_loss":0},{"damage_healed":0,"gold_gain":0,"player_choice":"Grow","damage_taken":0,"max_hp_gain":0,"max_hp_loss":0,"event_name":"Living Wall","floor":12,"gold_loss":0,"cards_upgraded":["Noxious Fumes"]},{"damage_healed":0,"gold_gain":0,"player_choice":"Leave","damage_taken":0,"max_hp_gain":0,"max_hp_loss":0,"event_name":"The Cleric","floor":13,"gold_loss":0},{"damage_healed":0,"gold_gain":0,"player_choice":"Simplicity","damage_taken":0,"max_hp_gain":0,"max_hp_loss":0,"event_name":"Back to Basics","floor":20,"gold_loss":0,"cards_upgraded":["Strike_G","Strike_G","Strike_G","Strike_G","Strike_G","Defend_G","Defend_G","Defend_G","Defend_G","Defend_G"]},{"damage_healed":0,"gold_gain":0,"player_choice":"Opened","damage_taken":0,"relics_obtained":["Pen Nib"],"max_hp_gain":0,"max_hp_loss":0,"event_name":"The Mausoleum","floor":21,"gold_loss":0},{"cards_removed":["Parasite"],"damage_healed":0,"gold_gain":0,"player_choice":"Gave Gold","damage_taken":0,"max_hp_gain":0,"max_hp_loss":0,"event_name":"Beggar","floor":27,"gold_loss":75},{"damage_healed":0,"gold_gain":0,"player_choice":"Gave Potion","damage_taken":0,"relics_obtained":["Question Card"],"max_hp_gain":0,"max_hp_loss":0,"event_name":"WeMeetAgain","floor":36,"gold_loss":0},{"damage_healed":0,"gold_gain":0,"player_choice":"Fight","damage_taken":0,"max_hp_gain":0,"max_hp_loss":0,"event_name":"MindBloom","floor":38,"gold_loss":0},{"cards_removed":["Slice"],"damage_healed":0,"gold_gain":0,"player_choice":"Removed Attack","damage_taken":0,"max_hp_gain":0,"max_hp_loss":0,"event_name":"Falling","floor":48,"gold_loss":0}],"is_beta":false,"boss_relics":[{"not_picked":["Snecko Eye","Philosopher\u0027s Stone"],"picked":"Cursed Key"},{"not_picked":["Pandora\u0027s Box","Sozu"],"picked":"WristBlade"}],"items_purged_floors":[47],"is_endless":false,"potions_floor_spawned":[1,8,11,16,28,31,35,40,42,46],"killed_by":"Awakened One","ascension_level":4}}