{"host":"3y2rtlgteqp2nuo3","time":1611894292,"event":{"mods":["2.2 Compatiblity","AchievementEnabler","BaseMod","Colored Map","DeckTracker","Highlight Path","Keyboard Shortcuts","Minty Spire (QoL Compilation)","Permanent Neow","Quick Restart","StSLib","SuperFastMode","everything is the same but u backflip on backflip"],"gold_per_floor":[364,102,119,119,134,134,161,161,239,239,239,267,267,284,284,386,386,402,402,68,42,56,56,69,104,128,141,141,168,168,168],"floor_reached":30,"language":"KOR","playtime":645,"items_purged":["Regret","Strike_R"],"score":386,"play_id":"8b95b7f9-0772-410f-858e-469755cdccd2","local_time":"20210129132452","is_ascension_mode":true,"campfire_choices":[{"data":"Bash","floor":6.0,"key":"SMITH"},{"data":"Wild Strike","floor":8.0,"key":"SMITH"},{"floor":11.0,"key":"REST"},{"data":"Limit Break","floor":13.0,"key":"SMITH"},{"floor":15.0,"key":"REST"},{"data":"Spot Weakness","floor":23.0,"key":"SMITH"},{"floor":28.0,"key":"REST"}],"circlet_count":0,"master_deck":["Strike_R","Strike_R","Strike_R","Defend_R","Defend_R","Defend_R","Defend_R","Bash+1","Heavy Blade","Master of Strategy","Burning Pact","Wild Strike+1","Body Slam","Limit Break+1","Pommel Strike+1","Exhume","Cleave+1","Limit Break+1","Spot Weakness+1","Headbutt+1","Twin Strike+1","Pummel+1","Rage+1"],"relics":["Burning Blood","MealTicket","Matryoshka","Molten Egg 2","Philosopher\u0027s Stone","Sling","Regal Pillow","Gremlin Horn","Potion Belt","WingedGreaves"],"acts_visited":["Exordium","TheCity"],"potions_floor_usage":[],"damage_taken":[{"damage":12.0,"enemies":"Small Slimes","floor":1.0,"turns":4.0},{"damage":3.0,"enemies":"2 Louse","floor":3.0,"turns":3.0},{"damage":1.0,"enemies":"Cultist","floor":5.0,"turns":4.0},{"damage":55.0,"enemies":"3 Sentries","floor":7.0,"turns":11.0},{"damage":16.0,"enemies":"Gremlin Nob","floor":12.0,"turns":3.0},{"damage":26.0,"enemies":"3 Louse","floor":14.0,"turns":4.0},{"damage":28.0,"enemies":"Slime Boss","floor":16.0,"turns":8.0},{"damage":33.0,"enemies":"Spheric Guardian","floor":18.0,"turns":4.0},{"damage":9.0,"enemies":"Chosen","floor":22.0,"turns":3.0},{"damage":31.0,"enemies":"3 Cultists","floor":24.0,"turns":5.0},{"damage":32.0,"enemies":"Slavers","floor":25.0,"turns":4.0},{"damage":13.0,"enemies":"Centurion and Healer","floor":27.0,"turns":4.0},{"damage":43.0,"enemies":"Book of Stabbing","floor":29.0,"turns":3.0},{"damage":36,"enemies":"Shelled Parasite and Fungi","floor":30,"turns":3}],"seed_played":"7689498923787007634","potions_obtained":[{"floor":3.0,"key":"Fire Potion"},{"floor":12.0,"key":"Swift Potion"},{"floor":16.0,"key":"GamblersBrew"},{"floor":24.0,"key":"Weak Potion"},{"floor":25.0,"key":"BloodPotion"},{"floor":27.0,"key":"EssenceOfSteel"}],"is_trial":false,"path_per_floor":["M","$","M","?","M","R","E","R","T","?","R","E","R","M","R","B",null,"M","?","$","$","M","R","M","E","T","M","R","E","M"],"character_chosen":"IRONCLAD","items_purchased":["Master of Strategy","Spot Weakness","Sling","Headbutt+1"],"campfire_rested":3,"item_purchase_floors":[2,20,20,21],"current_hp_per_floor":[66,66,69,62,67,67,18,18,18,18,42,32,32,12,36,14,64,37,37,52,67,64,64,39,13,13,22,61,24,0,0],"gold":168,"neow_bonus":"TWO_FIFTY_GOLD","is_daily":false,"chose_seed":false,"campfire_upgraded":4,"win_rate":0.0,"timestamp":1611894292,"path_taken":["M","$","M","?","M","R","E","R","T","?","R","E","R","M","R","BOSS","M","?","?","$","M","R","M","E","T","M","R","E","M"],"items_purchased_type":["Card","Card","Relic","Card"],"build_version":"2020-12-22","purchased_purges":2,"victory":false,"max_hp_per_floor":[80,80,80,80,80,80,80,80,80,80,80,80,80,80,80,80,80,80,80,80,80,80,80,80,80,80,80,80,80,80,80],"card_choices":[{"not_picked":["True Grit","Havoc"],"picked":"Heavy Blade","floor":1.0},{"not_picked":["Iron Wave","Clash"],"picked":"Burning Pact","floor":3.0},{"not_picked":["Dual Wield","Pummel"],"picked":"Wild Strike","floor":5.0},{"not_picked":["Wild Strike","Sentinel"],"picked":"Body Slam","floor":7.0},{"not_picked":["Perfected Strike+1","Corruption"],"picked":"Limit Break","floor":12.0},{"not_picked":["Wild Strike+1","Headbutt+1"],"picked":"Pommel Strike+1","floor":14.0},{"not_picked":["Barricade","Corruption"],"picked":"Exhume","floor":16.0},{"not_picked":["Shrug It Off+1","Clothesline+1"],"picked":"Cleave+1","floor":18.0},{"not_picked":["Cleave+1","Iron Wave+1"],"picked":"Twin Strike+1","floor":22.0},{"not_picked":["Body Slam+1","Sword Boomerang+1"],"picked":"Pummel+1","floor":24.0},{"not_picked":["Body Slam+1","Sever Soul+1"],"picked":"Rage+1","floor":25.0},{"not_picked":["Anger+1","Sword Boomerang+1","Thunderclap+1"],"picked":"SKIP","floor":27.0},{"not_picked":["Wild Strike+1","Body Slam+1","Entrench"],"picked":"SKIP","floor":29.0}],"player_experience":727390,"relics_obtained":[{"floor":7.0,"key":"MealTicket"},{"floor":9.0,"key":"Matryoshka"},{"floor":12.0,"key":"Molten Egg 2"},{"floor":25.0,"key":"Regal Pillow"},{"floor":26.0,"key":"Gremlin Horn"},{"floor":26.0,"key":"Potion Belt"},{"floor":29.0,"key":"WingedGreaves"}],"event_choices":[{"cards_removed":["Strike_R"],"damage_healed":0.0,"max_hp_gain":0.0,"max_hp_loss":0.0,"gold_gain":0.0,"event_name":"Golden Wing","player_choice":"Card Removal","floor":4.0,"gold_loss":0.0,"damage_taken":7.0},{"damage_healed":0.0,"max_hp_gain":0.0,"max_hp_loss":0.0,"gold_gain":0.0,"event_name":"Shining Light","player_choice":"Ignored","floor":10.0,"gold_loss":0.0,"damage_taken":0.0},{"damage_healed":0.0,"max_hp_gain":0.0,"max_hp_loss":0.0,"gold_gain":0.0,"event_name":"Duplicator","player_choice":"Copied","floor":19.0,"gold_loss":0.0,"damage_taken":0.0,"cards_obtained":["Limit Break"]}],"is_beta":false,"boss_relics":[{"not_picked":["Velvet Choker","Runic Dome"],"picked":"Philosopher\u0027s Stone"}],"items_purged_floors":[2,20],"is_endless":false,"potions_floor_spawned":[3,12,16,24,25,27],"killed_by":"Shelled Parasite and Fungi","ascension_level":8}}