{"host":"w4b7hmige5bnqipq","time":1611937528,"event":{"mods":["2.2 Compatiblity","BaseMod","Colored Map","DeckTracker","Keyboard Shortcuts","Minty Spire (QoL Compilation)","Permanent Neow","Rare Cards Sparkle","SuperFastMode","everything is the same but u backflip on backflip","slay the spire mod where everything is the same but ironclad has a cowboy hat"],"gold_per_floor":[116,135,135,135,146,146,211,211,266,46,46,65,88,128,128,256,256,277,177,200,12,12,53,73,106,106,106,106,145,186,230,230,360,360,378,123,123,146,219,260,260,299,299,319,319,338,52,72,72,72,72,72,34,70,70],"floor_reached":56,"language":"KOR","playtime":2222,"items_purged":["Strike_B","Strike_B"],"score":1846,"play_id":"34b98a45-960b-49d4-bf01-8330ee163aa2","local_time":"20210130012528","is_ascension_mode":true,"campfire_choices":[{"data":"Doom and Gloom","floor":6.0,"key":"SMITH"},{"floor":8.0,"key":"REST"},{"data":"Thunder Strike","floor":15.0,"key":"SMITH"},{"data":"Consume","floor":32.0,"key":"SMITH"},{"floor":41.0,"key":"RECALL"},{"data":"Electrodynamics","floor":45,"key":"SMITH"},{"floor":49,"key":"REST"},{"data":"Capacitor","floor":52,"key":"SMITH"}],"circlet_count":0,"master_deck":["Defend_B+1","Defend_B","Defend_B","Zap","Dualcast","Undo","Doom and Gloom+1","Double Energy","Thunder Strike+1","Meteor Strike+1","Rebound+1","Reinforced Body+1","Consume+1","Creative AI","Electrodynamics+1","The Bomb","Capacitor+1","Meteor Strike+1","Rebound"],"relics":["Snecko Eye","Oddly Smooth Stone","Bag of Preparation","Golden Idol","Pen Nib","Philosopher\u0027s Stone","Whetstone","FaceOfCleric","Omamori","WingedGreaves","Pear","Centennial Puzzle","Orichalcum","Calipers","Empty Cage","HornCleat","Potion Belt","The Courier","Art of War","DollysMirror","Toy Ornithopter","Anchor"],"acts_visited":["Exordium","TheCity","TheBeyond","TheEnding"],"potions_floor_usage":[55,55,55,55,55],"damage_taken":[{"damage":1.0,"enemies":"Cultist","floor":1.0,"turns":4.0},{"damage":9.0,"enemies":"Jaw Worm","floor":2.0,"turns":5.0},{"damage":0.0,"enemies":"Small Slimes","floor":5.0,"turns":2.0},{"damage":13.0,"enemies":"3 Sentries","floor":7.0,"turns":4.0},{"damage":0.0,"enemies":"Exordium Wildlife","floor":12.0,"turns":1.0},{"damage":0.0,"enemies":"2 Fungi Beasts","floor":13.0,"turns":2.0},{"damage":10.0,"enemies":"Gremlin Nob","floor":14.0,"turns":3.0},{"damage":2.0,"enemies":"Hexaghost","floor":16.0,"turns":7.0},{"damage":0.0,"enemies":"Spheric Guardian","floor":18.0,"turns":2.0},{"damage":0.0,"enemies":"3 Byrds","floor":20.0,"turns":3.0},{"damage":0.0,"enemies":"Book of Stabbing","floor":23.0,"turns":3.0},{"damage":0.0,"enemies":"Sentry and Sphere","floor":24.0,"turns":2.0},{"damage":0.0,"enemies":"Gremlin Leader","floor":25.0,"turns":5.0},{"damage":0.0,"enemies":"Book of Stabbing","floor":29.0,"turns":4.0},{"damage":0.0,"enemies":"Gremlin Leader","floor":30.0,"turns":7.0},{"damage":10.0,"enemies":"Slavers","floor":31.0,"turns":6.0},{"damage":15.0,"enemies":"Collector","floor":33.0,"turns":8.0},{"damage":0.0,"enemies":"3 Darklings","floor":35.0,"turns":3.0},{"damage":0.0,"enemies":"Orb Walker","floor":38.0,"turns":3.0},{"damage":18.0,"enemies":"Nemesis","floor":40.0,"turns":7.0},{"damage":0.0,"enemies":"Giant Head","floor":42.0,"turns":8.0},{"damage":24,"enemies":"Writhing Mass","floor":44,"turns":5},{"damage":0,"enemies":"3 Darklings","floor":46,"turns":3},{"damage":0,"enemies":"Jaw Worm Horde","floor":48,"turns":3},{"damage":0,"enemies":"Donu and Deca","floor":50,"turns":8},{"damage":16,"enemies":"Shield and Spear","floor":54,"turns":5},{"damage":59,"enemies":"The Heart","floor":55,"turns":9}],"seed_played":"1243061368568076304","potions_obtained":[{"floor":1.0,"key":"Dexterity Potion"},{"floor":2.0,"key":"BlessingOfTheForge"},{"floor":5.0,"key":"SpeedPotion"},{"floor":13.0,"key":"EssenceOfDarkness"},{"floor":20.0,"key":"LiquidBronze"},{"floor":33.0,"key":"DistilledChaos"},{"floor":42.0,"key":"EssenceOfDarkness"},{"floor":46,"key":"Energy Potion"},{"floor":54,"key":"DuplicationPotion"}],"is_trial":false,"path_per_floor":["M","M","?","?","M","R","?","R","T","$","?","M","M","E","R","B",null,"M","$","M","$","?","E","M","E","T","$","?","E","E","E","R","B",null,"M","$","?","M","T","E","R","E","T","M","R","M","$","M","R","B",null,"R","$","E","B",null],"character_chosen":"DEFECT","items_purchased":["Bag of Preparation","Rebound","Whetstone","The Bomb","Capacitor","DollysMirror","Toy Ornithopter","Energy Potion","Rebound"],"campfire_rested":2,"item_purchase_floors":[10,21,21,36,36,47,47,47,53],"current_hp_per_floor":[67,58,43,36,36,36,23,45,45,45,45,45,45,35,35,33,60,60,60,60,60,60,61,62,63,73,73,73,74,75,66,66,52,78,79,79,79,80,80,63,63,64,64,41,41,42,42,43,69,70,85,85,85,70,37],"gold":70,"neow_bonus":"BOSS_RELIC","is_daily":false,"chose_seed":false,"campfire_upgraded":5,"win_rate":0.0,"timestamp":1611937528,"path_taken":["M","M","?","?","?","R","?","R","T","$","?","M","M","E","R","BOSS","M","$","M","$","?","E","M","E","T","?","?","E","E","E","R","BOSS","M","$","?","M","?","E","R","E","T","M","R","M","$","?","R","BOSS","R","$","E","BOSS"],"items_purchased_type":["Relic","Card","Relic","Card","Card","Relic","Relic","Potion","Card"],"build_version":"2020-12-22","purchased_purges":2,"victory":true,"max_hp_per_floor":[75,75,75,75,75,75,75,75,75,75,69,69,69,69,69,69,69,69,69,69,69,69,70,71,72,82,82,82,83,84,85,85,86,86,87,87,83,84,84,85,85,86,86,87,87,88,88,89,89,90,90,90,90,91,92],"card_choices":[{"not_picked":["Hologram","Steam Power"],"picked":"Undo","floor":1.0},{"not_picked":["Storm","Steam","Gash"],"picked":"SKIP","floor":2.0},{"not_picked":["Lockon","Steam"],"picked":"Doom and Gloom","floor":5.0},{"not_picked":["Beam Cell","Stack"],"picked":"Double Energy","floor":7.0},{"not_picked":["Stack","Compile Driver","Steam"],"picked":"SKIP","floor":12.0},{"not_picked":["Go for the Eyes","Darkness"],"picked":"Thunder Strike","floor":13.0},{"not_picked":["Skim","Seek","Hologram"],"picked":"SKIP","floor":14.0},{"not_picked":["Rainbow","Thunder Strike"],"picked":"Meteor Strike","floor":16.0},{"not_picked":["Sweeping Beam","Rip and Tear","Redo"],"picked":"SKIP","floor":18.0},{"not_picked":["Turbo+1","Beam Cell","Skim"],"picked":"SKIP","floor":20.0},{"not_picked":["Turbo+1","Beam Cell","Skim"],"picked":"SKIP","floor":20.0},{"not_picked":["Blizzard","Consume"],"picked":"Reinforced Body+1","floor":23.0},{"not_picked":["Aggregate","Gash"],"picked":"Consume","floor":24.0},{"not_picked":["Steam","Stack","White Noise+1"],"picked":"SKIP","floor":25.0},{"not_picked":["Rainbow","Go for the Eyes+1"],"picked":"Creative AI","floor":29.0},{"not_picked":["Conserve Battery","Compile Driver+1","Rebound"],"picked":"SKIP","floor":30.0},{"not_picked":["Steam","Compile Driver","Turbo"],"picked":"SKIP","floor":31.0},{"not_picked":["Thunder Strike","Amplify"],"picked":"Electrodynamics","floor":33.0},{"not_picked":["Cold Snap","Hologram+1","Conserve Battery"],"picked":"SKIP","floor":35.0},{"not_picked":["Scrape+1","Sunder","Streamline+1"],"picked":"SKIP","floor":38.0},{"not_picked":["Hologram+1","White Noise+1","Machine Learning"],"picked":"SKIP","floor":40.0},{"not_picked":["Rip and Tear+1","Conserve Battery+1","Turbo"],"picked":"SKIP","floor":42.0},{"not_picked":["Rip and Tear+1","Conserve Battery+1","Turbo"],"picked":"SKIP","floor":42.0},{"not_picked":["Stack","Cold Snap","Genetic Algorithm"],"picked":"SKIP","floor":44},{"not_picked":["Steam+1","Glacier+1","Coolheaded+1"],"picked":"SKIP","floor":46},{"not_picked":["Streamline","Barrage","Beam Cell"],"picked":"SKIP","floor":48},{"not_picked":["Steam+1","Steam Power+1","Conserve Battery+1"],"picked":"SKIP","floor":54}],"player_experience":667520,"relics_obtained":[{"floor":7.0,"key":"Oddly Smooth Stone"},{"floor":14.0,"key":"Pen Nib"},{"floor":23.0,"key":"Omamori"},{"floor":25.0,"key":"WingedGreaves"},{"floor":26.0,"key":"Pear"},{"floor":29.0,"key":"Centennial Puzzle"},{"floor":30.0,"key":"Orichalcum"},{"floor":31.0,"key":"Calipers"},{"floor":39.0,"key":"HornCleat"},{"floor":40.0,"key":"Potion Belt"},{"floor":42.0,"key":"The Courier"},{"floor":43.0,"key":"Art of War"},{"floor":54,"key":"Anchor"}],"event_choices":[{"damage_healed":0.0,"max_hp_gain":0.0,"max_hp_loss":0.0,"gold_gain":0.0,"event_name":"Shining Light","player_choice":"Entered Light","floor":3.0,"gold_loss":0.0,"damage_taken":15.0,"cards_upgraded":["Defend_B","Strike_B"]},{"cards_removed":["Strike_B"],"damage_healed":0.0,"max_hp_gain":0.0,"max_hp_loss":0.0,"gold_gain":0.0,"event_name":"Golden Wing","player_choice":"Card Removal","floor":4.0,"gold_loss":0.0,"damage_taken":7.0},{"damage_healed":0.0,"max_hp_gain":0.0,"max_hp_loss":0.0,"gold_gain":0.0,"event_name":"Dead Adventurer","player_choice":"Searched \u00272\u0027 times","floor":7.0,"gold_loss":0.0,"damage_taken":0.0},{"damage_healed":0.0,"max_hp_gain":0.0,"max_hp_loss":6.0,"gold_gain":0.0,"event_name":"Golden Idol","player_choice":"Lose Max HP","floor":11.0,"gold_loss":0.0,"damage_taken":0.0,"relics_obtained":["Golden Idol"]},{"damage_healed":0.0,"max_hp_gain":0.0,"max_hp_loss":0.0,"gold_gain":0.0,"event_name":"FaceTrader","player_choice":"Trade","floor":22.0,"gold_loss":0.0,"damage_taken":0.0,"relics_obtained":["FaceOfCleric"]},{"damage_healed":0.0,"max_hp_gain":0.0,"max_hp_loss":0.0,"gold_gain":0.0,"event_name":"Ghosts","player_choice":"Ignored","floor":28.0,"gold_loss":0.0,"damage_taken":0.0},{"damage_healed":0.0,"max_hp_gain":0.0,"max_hp_loss":4.0,"gold_gain":0.0,"event_name":"Winding Halls","player_choice":"Max HP","floor":37.0,"gold_loss":0.0,"damage_taken":0.0}],"is_beta":false,"boss_relics":[{"not_picked":["Runic Dome","Coffee Dripper"],"picked":"Philosopher\u0027s Stone"},{"not_picked":["Velvet Choker","Black Star"],"picked":"Empty Cage"}],"items_purged_floors":[10,19],"is_endless":false,"potions_floor_spawned":[1,2,5,13,20,23,25,33,42,46,54],"ascension_level":6}}