{"host":"clf2hd4adhiiw0zf","time":1611880768,"event":{"mods":["AchievementEnabler","BaseMod","Beaked The Cultist","Bestiary","Dark Map","Downfall","Gremlin Mod","Hermit","Jorbs\u0027s Wanderer Trilogy","Marisa????????","Minty Spire (QoL Compilation)","Shop Mod","StSLib","The Cursed","The Servant 0.9.4","Wide Potions"],"gold_per_floor":[99,119,119,79,97,115,186,199,27,27,43,62,62,47,61,61,61,61],"floor_reached":16,"language":"ENG","playtime":746,"items_purged":[],"score":94,"play_id":"02fe7480-1761-4fc7-a7ac-4fe8c2c2d50a","local_time":"20210128173928","is_ascension_mode":false,"campfire_choices":[{"floor":1,"key":"RECALL"},{"data":"sneckomod:UnknownRareAttack","floor":13,"key":"SMITH"}],"circlet_count":0,"master_deck":["sneckomod:Strike","sneckomod:Strike","sneckomod:Strike","sneckomod:Defend","sneckomod:Defend","sneckomod:Defend","sneckomod:TailWhip","sneckomod:SnekBite","sneckomod:Unknown","sneckomod:WideSting","stsjorbsmod:Defend_Wanderer","sneckomod:UnknownCommonAttack","sneckomod:IronFang","sneckomod:Memorize","sneckomod:SnekBeam","sneckomod:UnknownBlock","sneckomod:UnknownRareAttack+1","sneckomod:SlitherStrike","sneckomod:UnknownCommonAttack","sneckomod:UnknownX","beaked:Ceremony","sneckomod:UnknownWeak","sneckomod:DangerNoodle","sneckomod:QuickBite","sneckomod:DiceBlock","sneckomod:UnknownBlock","sneckomod:UnlimitedRolls","sneckomod:UnknownUncommonPower"],"relics":["sneckomod:SneckoSoul","Prayer Wheel","Strange Spoon"],"acts_visited":["Exordium"],"potions_floor_usage":[14,15,15],"damage_taken":[{"damage":4,"enemies":"2 Louse","floor":2,"turns":3},{"damage":2,"enemies":"downfall:FleeingMerchant","floor":4,"turns":4},{"damage":7,"enemies":"Cultist","floor":5,"turns":5},{"damage":3,"enemies":"Small Slimes","floor":6,"turns":3},{"damage":7,"enemies":"Blue Slaver","floor":8,"turns":5},{"damage":10,"enemies":"downfall:FleeingMerchant","floor":9,"turns":4},{"damage":16,"enemies":"Exordium Wildlife","floor":11,"turns":4},{"damage":9,"enemies":"2 Fungi Beasts","floor":12,"turns":3},{"damage":21,"enemies":"downfall:FleeingMerchant","floor":14,"turns":4},{"damage":0,"enemies":"Exordium Thugs","floor":15,"turns":1},{"damage":8,"enemies":"IC_STATUS_ARCHETYPE","floor":16,"turns":1}],"seed_played":"409301182759977685","potions_obtained":[{"floor":5,"key":"sneckomod:MuddlingPotion"},{"floor":6,"key":"Energy Potion"},{"floor":11,"key":"sneckomod:DiceRollPotion"}],"is_trial":false,"path_per_floor":["R","M","?","$","M","M","T","M","$","R","M","M","R","$","M","B"],"character_chosen":"THE_SNECKO","items_purchased":["sneckomod:IronFang","Strange Spoon"],"campfire_rested":0,"item_purchase_floors":[4,9],"current_hp_per_floor":[81,80,80,78,71,68,68,61,51,51,35,26,26,7,7,0,0,0],"gold":61,"neow_bonus":"ONE_RARE_RELIC","is_daily":false,"chose_seed":false,"campfire_upgraded":1,"win_rate":0.0,"timestamp":1611880768,"path_taken":["R","M","?","?","M","M","T","M","$","R","?","M","R","$","M","BOSS"],"items_purchased_type":["Card","Relic"],"build_version":"2020-12-22","purchased_purges":0,"victory":false,"max_hp_per_floor":[81,81,81,81,81,81,81,81,81,81,81,81,81,83,83,83,83,83],"card_choices":[{"not_picked":["sneckomod:Nope","sneckomod:SoulDraw"],"picked":"sneckomod:WideSting","floor":2},{"not_picked":["sneckomod:DiceCrush","sneckomod:Rotation"],"picked":"sneckomod:UnknownUncommonSkill","floor":2},{"not_picked":["sneckomod:WideSting","sneckomod:DiceBlock"],"picked":"sneckomod:UnknownCommonAttack","floor":4},{"not_picked":["sneckomod:ImprovisedGuard","sneckomod:UnendingSupply"],"picked":"sneckomod:Memorize","floor":5},{"not_picked":["sneckomod:ImprovisedAttack","sneckomod:UnknownStrike"],"picked":"sneckomod:SnekBeam","floor":5},{"not_picked":["sneckomod:Nope","sneckomod:DiceBlock"],"picked":"sneckomod:UnknownBlock","floor":6},{"not_picked":["sneckomod:Unknown0Cost","sneckomod:RainOfDice"],"picked":"sneckomod:UnknownRareAttack","floor":6},{"not_picked":["sneckomod:UnknownUncommonSkill","sneckomod:Nope"],"picked":"sneckomod:SlitherStrike","floor":8},{"not_picked":["sneckomod:RainOfDice","sneckomod:SoulRoll"],"picked":"sneckomod:UnknownCommonAttack","floor":8},{"not_picked":["sneckomod:Nope","sneckomod:CheapStock"],"picked":"sneckomod:UnknownX","floor":9},{"not_picked":["sneckomod:DiceCrush","sneckomod:Memorize"],"picked":"sneckomod:UnknownWeak","floor":11},{"not_picked":["sneckomod:PureSnecko","sneckomod:DiceBoulder"],"picked":"sneckomod:DangerNoodle","floor":11},{"not_picked":["sneckomod:Unknown1Cost","sneckomod:SoulRoll"],"picked":"sneckomod:QuickBite","floor":12},{"not_picked":["sneckomod:UnknownStrike","sneckomod:RainOfDice"],"picked":"sneckomod:DiceBlock","floor":12},{"not_picked":["sneckomod:UnknownDraw","sneckomod:WideSting"],"picked":"sneckomod:UnknownBlock","floor":14},{"not_picked":["sneckomod:Nope","sneckomod:UnendingSupply"],"picked":"sneckomod:UnlimitedRolls","floor":15},{"not_picked":["sneckomod:SoulDraw","sneckomod:IronFang"],"picked":"sneckomod:UnknownUncommonPower","floor":15}],"player_experience":147002,"relics_obtained":[],"event_choices":[{"cards_removed":["sneckomod:UnknownUncommonSkill"],"damage_healed":0,"gold_gain":0,"player_choice":"Took Card","damage_taken":0,"max_hp_gain":0,"max_hp_loss":0,"event_name":"NoteForYourself","floor":3,"gold_loss":0,"cards_obtained":["stsjorbsmod:Defend_Wanderer"]}],"is_beta":false,"boss_relics":[],"items_purged_floors":[],"is_endless":false,"potions_floor_spawned":[5,6,11],"killed_by":"IC_STATUS_ARCHETYPE","ascension_level":0}}