{"host":"d2y4rmbezebiv8aj","time":1611905282,"event":{"mods":["AchievementEnabler","BaseMod","Bestiary","BetterRewards","Colored Map","Colored Powertips","Custom Start","Highlight Path","Minty Spire (QoL Compilation)","Quick Restart","Rare Cards Sparkle","Relic Sorter","Relic Stats","Shop Mod","Slay-I","StSLib","SuperFastMode"],"gold_per_floor":[115,134,151,151,151,151,151],"floor_reached":6,"language":"DEU","playtime":205,"items_purged":[],"score":54,"play_id":"5180da02-7226-41d5-8b8f-e1e6d911f6dd","local_time":"20210129082802","is_ascension_mode":true,"campfire_choices":[],"circlet_count":0,"master_deck":["AscendersBane","Strike_G","Strike_G","Strike_G","Strike_G","Strike_G","Defend_G","Defend_G","Defend_G","Defend_G","Survivor","Neutralize","Catalyst","Crippling Poison","Backflip"],"relics":["Ring of the Snake","TwistedFunnel"],"acts_visited":["Exordium"],"potions_floor_usage":[6],"damage_taken":[{"damage":5,"enemies":"Small Slimes","floor":1,"turns":4},{"damage":1,"enemies":"Cultist","floor":2,"turns":3},{"damage":4,"enemies":"Jaw Worm","floor":3,"turns":5},{"damage":48,"enemies":"3 Sentries","floor":6,"turns":12}],"seed_played":"-1782536785223978819","potions_obtained":[{"floor":2,"key":"EssenceOfSteel"}],"is_trial":false,"path_per_floor":["M","M","M","$","?","E"],"character_chosen":"THE_SILENT","items_purchased":["TwistedFunnel"],"campfire_rested":0,"item_purchase_floors":[0],"current_hp_per_floor":[52,51,47,47,47,0,0],"gold":151,"neow_bonus":"","is_daily":false,"chose_seed":false,"campfire_upgraded":0,"win_rate":0.0,"timestamp":1611905282,"path_taken":["M","M","M","$","?","E"],"items_purchased_type":["Relic"],"build_version":"2020-12-22","purchased_purges":0,"victory":false,"max_hp_per_floor":[70,70,70,70,70,70,70],"relic_stats":{"counters":[43,242],"obtain_stats":[{"Ice Cream":17,"Darkstone Periapt":9,"TwistedFunnel":0,"Lantern":22,"Regal Pillow":0,"Incense Burner":6,"Bag of Preparation":4,"Juzu Bracelet":17,"Smiling Mask":5,"Blood Vial":10,"Dream Catcher":11,"Ninja Scroll":5,"Tiny Chest":17,"MealTicket":21,"Red Mask":20,"Kunai":9,"Toxic Egg 2":11,"Ring of the Snake":0,"Girya":9,"Oddly Smooth Stone":13,"Thread and Needle":26,"War Paint":9,"White Beast Statue":6,"Calling Bell":17,"Shuriken":22,"Orrery":0,"Molten Egg 2":17,"Turnip":8,"Art of War":27,"Bag of Marbles":29,"Meat on the Bone":17,"Pocketwatch":17},{"Ice Cream":16,"Darkstone Periapt":21,"TwistedFunnel":39,"Lantern":17,"Regal Pillow":18,"Incense Burner":11,"Bag of Preparation":20,"Juzu Bracelet":24,"Smiling Mask":10,"Blood Vial":5,"Dream Catcher":36,"Ninja Scroll":33,"Tiny Chest":16,"MealTicket":17,"Red Mask":27,"Kunai":35,"Toxic Egg 2":22,"Ring of the Snake":0,"Girya":5,"Oddly Smooth Stone":14,"Thread and Needle":28,"War Paint":12,"White Beast Statue":34,"Calling Bell":16,"Shuriken":17,"Orrery":8,"Molten Egg 2":24,"Turnip":5,"Art of War":28,"Bag of Marbles":29,"Meat on the Bone":16,"Pocketwatch":24},{"Ice Cream":95,"Darkstone Periapt":121,"TwistedFunnel":218,"Lantern":103,"Regal Pillow":110,"Incense Burner":58,"Bag of Preparation":118,"Juzu Bracelet":141,"Smiling Mask":52,"Blood Vial":27,"Dream Catcher":203,"Ninja Scroll":184,"Tiny Chest":95,"MealTicket":103,"Red Mask":155,"Kunai":197,"Toxic Egg 2":127,"Ring of the Snake":0,"Girya":27,"Oddly Smooth Stone":74,"Thread and Needle":162,"War Paint":60,"White Beast Statue":192,"Calling Bell":95,"Shuriken":103,"Orrery":45,"Molten Egg 2":141,"Turnip":27,"Art of War":162,"Bag of Marbles":168,"Meat on the Bone":95,"Pocketwatch":141}],"Ring of the Snake":[86]},"card_choices":[{"not_picked":["Flying Knee","Acrobatics"],"picked":"Catalyst","floor":1},{"not_picked":["Concentrate","Backflip"],"picked":"Crippling Poison","floor":2},{"not_picked":["Concentrate","Eviscerate"],"picked":"Backflip","floor":3}],"player_experience":384661,"relics_obtained":[],"event_choices":[{"cards_removed":["Defend_G"],"damage_healed":0,"gold_gain":0,"player_choice":"Offered Basic","damage_taken":0,"max_hp_gain":0,"max_hp_loss":0,"event_name":"Bonfire Elementals","floor":5,"gold_loss":0}],"is_beta":false,"boss_relics":[],"items_purged_floors":[],"is_endless":false,"potions_floor_spawned":[2],"killed_by":"3 Sentries","ascension_level":10}}