{"host":"9dfaar78vv55a585","time":1611933384,"event":{"mods":["Arknights The Spire","Aspiration","Astrologer","Bard","Bartender","BaseMod","Beaked The Cultist","Better Third Choice","BetterRewards","Clockwork Mod","Conjunction","Conspire","DeckTracker","Energized Spire","Glutton Mod","GungeonMod","Halation","Hermit","Hubris","Humility","Infinite Spire","KinomotoSakuraMod(????)","LagranYue(???·?)","Mari Mod (Legacy)","Mari\u0027s V1 Patch","Marisa????????","Mathematician","Mimic Mod","Minty Spire (QoL Compilation)","Permanent Neow","Reimu??????","Reliquary","Remilia??????","Replay The Spire","Robot Space Explorer","Shop Mod","Spicy Shops","Spikes Relics","StSLib","SuperFastMode","Td1madao Mod","The Cursed","The Edgeheg","The Exalted","The Judge","The Juggle","The Jungle","The Marked","The Necromancer","The Poker Player","The Problem Sleuth","The Sage","The Servant 0.9.4","The Spell Scribe","The Trickster","The Valiant","The Vixen","The Wild Card","TheFirefly","TheHeartMod","TheVacant","Trackpad","Waifu the Spire","WarShipGirlsR/????R mod","Warlord Emblem","Yuri Mod","egg","??????REMEMod"],"gold_per_floor":[115,115,115,115,115,95,95],"floor_reached":6,"language":"ENG","playtime":172,"items_purged":[],"score":32,"play_id":"c3a5722f-57d0-4d92-84bc-29bef40e9837","local_time":"20210129151624","is_ascension_mode":false,"campfire_choices":[],"circlet_count":0,"master_deck":["theHeart:BloodDrop","theHeart:Scab","theHeart:theHeartDefend","theHeart:theHeartDefend","theHeart:theHeartDefend","theHeart:theHeartDefend","theHeart:theHeartCommonAttack","theHeart:theHeartCommonAttack","theHeart:theHeartCommonAttack","theHeart:theHeartCommonAttack","theHeart:PainfulStabs","theHeart:BloodClots+1","CommonCold"],"relics":["theHeart:BeatOfDeath","REME_ComplimentaryCards","LagranYue:RandomDrawCardRelic","conspire:GlowingRock","hubris:Icosahedron","ReplayTheSpireMod:Ring of Challenge","ReplayTheSpireMod:Ring of Sloth","halation:PinkSoulGem"],"acts_visited":["Exordium"],"potions_floor_usage":[],"damage_taken":[{"damage":12,"enemies":"Jaw Worm","floor":1,"turns":6},{"damage":52,"enemies":"Gremlin Nob","floor":6,"turns":3}],"seed_played":"-7552842394840008376","potions_obtained":[],"is_trial":false,"path_per_floor":["M","?","?","?","?","E"],"character_chosen":"THE_HEART","items_purchased":[],"campfire_rested":0,"item_purchase_floors":[],"current_hp_per_floor":[42,42,42,42,42,0,0],"gold":95,"neow_bonus":"ONE_RARE_RELIC","is_daily":false,"chose_seed":false,"campfire_upgraded":0,"win_rate":0.0,"timestamp":1611933384,"path_taken":["M","?","?","?","?","E"],"items_purchased_type":[],"build_version":"2020-12-22","purchased_purges":0,"victory":false,"max_hp_per_floor":[75,75,75,75,75,75,75],"card_choices":[{"not_picked":["theHeart:Arrhythmia","theHeart:Devour"],"picked":"theHeart:PainfulStabs","floor":1}],"player_experience":115388,"relics_obtained":[{"floor":4,"key":"ReplayTheSpireMod:Ring of Challenge"},{"floor":4,"key":"ReplayTheSpireMod:Ring of Sloth"}],"event_choices":[],"is_beta":false,"boss_relics":[],"items_purged_floors":[],"is_endless":false,"potions_floor_spawned":[],"killed_by":"Gremlin Nob","ascension_level":0,"is_humility":true}}