{"host":"ndpbn7fqb3wjbd7p","time":1611898946,"event":{"mods":["AchievementEnabler","Act Like it!","AlwaysNeverKeys","BaseMod","Better Vampires","Block Reminder","Colored Powertips","DeckTracker","Defuse TimeMaze Blight","Friendly Minions","Hallownest","Hermit","Highlight Path","MarisaÅiñ∂âJÅ@ñÇóùçπÅj","Minty Spire (QoL Compilation)","Permanent Neow","Shade Mod","StSLib","SuperFastMode","Synergy Search","The Mystic","Unceasing Turn Reminder","Wandering Minibosses","egg"],"gold_per_floor":[115,115,115,40,40,40,40,97,97,177,177,200,221,43,43,174,174,160,160,35,35,50,50,69,88,88,88,88],"floor_reached":27,"language":"ENG","playtime":1865,"items_purged":["mysticmod:Defend_Mystic","mysticmod:Defend_Mystic","mysticmod:Defend_Mystic"],"score":249,"play_id":"af1970b8-270a-4364-8a00-8dd43116472a","local_time":"20210129064226","is_ascension_mode":true,"campfire_choices":[{"data":"mysticmod:ArcaneDodge","floor":6,"key":"SMITH"},{"data":"mysticmod:RapidCaster","floor":11,"key":"SMITH"},{"data":"mysticmod:BladeMaster","floor":15,"key":"SMITH"},{"floor":23,"key":"REST"}],"circlet_count":0,"master_deck":["mysticmod:Strike_Mystic+1","mysticmod:Strike_Mystic+1","mysticmod:Defend_Mystic","mysticmod:ArcaneDodge+1","mysticmod:ShockingGrasp","mysticmod:RapidCaster+1","mysticmod:BladeMaster+1","mysticmod:TomeOfSpells","mysticmod:RapidCaster","mysticmod:Spellstrike","mysticmod:TomeOfSpells+1","mysticmod:DiviningBlow+1","mysticmod:KnowledgePool"],"relics":["mysticmod:BlessedBook","Golden Idol","Darkstone Periapt","Blue Candle","Ginger"],"acts_visited":["Exordium","TheCity"],"potions_floor_usage":[16,25,25,27],"damage_taken":[{"damage":0,"enemies":"2 Louse","floor":1,"turns":3},{"damage":5,"enemies":"Small Slimes","floor":8,"turns":5},{"damage":0,"enemies":"Cultist","floor":12,"turns":3},{"damage":23,"enemies":"Exordium Thugs","floor":13,"turns":9},{"damage":31,"enemies":"Slime Boss","floor":16,"turns":16},{"damage":45,"enemies":"2 Thieves","floor":18,"turns":5},{"damage":12,"enemies":"Chosen","floor":22,"turns":5},{"damage":15,"enemies":"Centurion and Healer","floor":24,"turns":4},{"damage":9,"enemies":"Chosen and Byrds","floor":25,"turns":4},{"damage":10,"enemies":"Snecko","floor":27,"turns":3}],"seed_played":"4859574188196033303","potions_obtained":[{"floor":8,"key":"BlessingOfTheForge"},{"floor":16,"key":"Dexterity Potion"},{"floor":24,"key":"DistilledChaos"},{"floor":25,"key":"Fire Potion"}],"is_trial":false,"path_per_floor":["M","?","?","$","?","R","$","M","T","T","R","M","M","$","R","B",null,"M","?","$","?","M","R","M","M","T","M"],"character_chosen":"MYSTIC_CLASS","items_purchased":["mysticmod:RapidCaster"],"campfire_rested":1,"item_purchase_floors":[14],"current_hp_per_floor":[77,82,66,66,66,66,66,61,61,61,61,61,38,38,38,7,76,31,31,31,17,5,29,14,5,5,0,0],"gold":88,"neow_bonus":"REMOVE_CARD","is_daily":false,"chose_seed":false,"campfire_upgraded":3,"win_rate":0.0,"timestamp":1611898946,"path_taken":["M","?","?","$","?","R","$","M","T","?","R","?","M","?","R","BOSS","M","?","$","?","M","R","M","M","T","M"],"items_purchased_type":["Card"],"build_version":"2020-12-22","purchased_purges":3,"victory":false,"max_hp_per_floor":[77,82,82,82,76,76,76,76,76,76,76,76,76,76,76,76,76,76,76,76,81,81,81,81,81,81,81,81],"card_choices":[{"not_picked":["mysticmod:Daze","mysticmod:StyleChange","mysticmod:Probe"],"picked":"SKIP","floor":1},{"not_picked":["mysticmod:PowerSlash","mysticmod:Shield"],"picked":"mysticmod:RapidCaster","floor":8},{"not_picked":["mysticmod:HunkerDown","mysticmod:LightningBolt"],"picked":"mysticmod:BladeMaster","floor":12},{"not_picked":["mysticmod:Grapple","mysticmod:Probe"],"picked":"mysticmod:TomeOfSpells","floor":13},{"not_picked":["mysticmod:GreaterInvisibility","mysticmod:Doublecast"],"picked":"mysticmod:Spellstrike","floor":16},{"not_picked":["mysticmod:PureInstinct+1","mysticmod:SuddenClarity+1"],"picked":"mysticmod:TomeOfSpells+1","floor":18},{"not_picked":["mysticmod:CorrosiveTouch","mysticmod:BladeMaster"],"picked":"mysticmod:DiviningBlow+1","floor":22},{"not_picked":["mysticmod:Riposte+1","mysticmod:ComponentsPouch","mysticmod:DiviningBlow"],"picked":"SKIP","floor":24},{"not_picked":["mysticmod:TomeOfSpells","mysticmod:HeavyStrike"],"picked":"mysticmod:KnowledgePool","floor":25}],"player_experience":1207450,"relics_obtained":[{"floor":9,"key":"Darkstone Periapt"},{"floor":10,"key":"Blue Candle"},{"floor":26,"key":"Ginger"}],"event_choices":[{"damage_healed":0,"gold_gain":0,"player_choice":"Donut","damage_taken":0,"max_hp_gain":5,"max_hp_loss":0,"event_name":"Big Fish","floor":2,"gold_loss":0},{"damage_healed":0,"gold_gain":0,"player_choice":"Entered Light","damage_taken":16,"max_hp_gain":0,"max_hp_loss":0,"event_name":"Shining Light","floor":3,"gold_loss":0,"cards_upgraded":["mysticmod:Strike_Mystic","mysticmod:Strike_Mystic"]},{"damage_healed":0,"gold_gain":0,"player_choice":"Lose Max HP","damage_taken":0,"relics_obtained":["Golden Idol"],"max_hp_gain":0,"max_hp_loss":6,"event_name":"Golden Idol","floor":5,"gold_loss":0},{"cards_removed":["mysticmod:Strike_Mystic"],"damage_healed":0,"gold_gain":0,"player_choice":"Elegance","damage_taken":0,"max_hp_gain":0,"max_hp_loss":0,"event_name":"Back to Basics","floor":19,"gold_loss":0},{"damage_healed":0,"gold_gain":0,"player_choice":"Shed Blood","damage_taken":19,"max_hp_gain":5,"max_hp_loss":0,"event_name":"Forgotten Altar","floor":21,"gold_loss":0}],"is_beta":false,"boss_relics":[{"not_picked":["Empty Cage","Coffee Dripper"],"picked":"mysticmod:BlessedBook"}],"items_purged_floors":[4,14,20],"is_endless":false,"potions_floor_spawned":[8,16,24,25],"killed_by":"Snecko","ascension_level":2}}