{"host":"cj3arb0pxcj913u7","time":1611927332,"event":{"mods":["AchievementEnabler","Act Like it!","Ascension Reborn","BaseMod","Bestiary","Better Third Choice","BetterRewards","Block Reminder","Colored Map","Colored Powertips","Conspire","DeckTracker","Displayed Cursed Tome","Energized Spire","Gold Saver","Googly Eyes","Grow up Mod","Hubris","Infinite Spire","Mimic Mod","Minty Spire (QoL Compilation)","Permanent Neow","Quick Restart","Relic Stats","Replay The Spire","Spicy Shops","Spire Arcade","StS++","StSLib","The Blue Laboratory","TheSurvivalist","Uncapped","??????REMEMod"],"gold_per_floor":[2239,2239,2239,2367,1207,1207,1229,1269,1301,1338,1338,1356,1276,1314,1314,1436,1436,1462,1462,1462,653,669,704,704,740,778,820,892,892,892,892,892,1017,1017,1029,1029,1089,1112,1112,1213,1291,1291,1381,1381,1403,1444,1528,1562,1562,1562,1562,1562,788,838,872],"floor_reached":56,"language":"ENG","playtime":3591,"items_purged":["Defend_R","Defend_R","hubris:Greed","Delirium"],"score":1484,"play_id":"f8b6e417-11ba-49cd-a467-22bec54cb526","local_time":"20210129073532","is_ascension_mode":true,"campfire_choices":[{"data":"ReplayTheSpireMod:??????????????????????","floor":6,"key":"SMITH"},{"data":"Flex","floor":6,"key":"SMITH"},{"data":"Bash","floor":11,"key":"SMITH"},{"data":"Berserk","floor":11,"key":"SMITH"},{"floor":15,"key":"RECALL"},{"data":"Flex","floor":24,"key":"SMITH"},{"data":"Twin Strike","floor":24,"key":"SMITH"},{"data":"Inflame","floor":29,"key":"SMITH"},{"data":"Berserk","floor":29,"key":"SMITH"},{"data":"infinitespire:FinalStrike+1","floor":42,"key":"SMITH"},{"data":"REME_Cut+1","floor":42,"key":"SMITH"},{"data":"infinitespire:FinalStrike+2","floor":44,"key":"SMITH"},{"data":"Flex+1","floor":44,"key":"SMITH"},{"data":"infinitespire:FinalStrike+3","floor":49,"key":"SMITH"},{"data":"infinitespire:FinalStrike+4","floor":49,"key":"SMITH"},{"data":"infinitespire:FinalStrike+5","floor":52,"key":"SMITH"},{"data":"infinitespire:FinalStrike+6","floor":52,"key":"SMITH"}],"circlet_count":0,"master_deck":["Strike_R","Strike_R","Strike_R","Strike_R","Strike_R","Defend_R+1","Bash+1","Hello World+1","Wild Strike","ReplayTheSpireMod:??????????????????????+1","Twin Strike+1","Headbutt","Flex+2","Dual Wield+1","Twin Strike+1","Berserk+1","Perfected Strike+1","Berserk+1","Perfected Strike+1","Flex+1","Spot Weakness","Spot Weakness","REME_Cut+2","Inflame+1","Exhume+1","Battle Trance+1","infinitespire:FinalStrike+7","Clash+1","REME_SingleHolding","Perfected Strike+1","Armaments+1","Wild Strike+1","Inflame+1","Pummel+1","REME_HeartOfCthun+1","Flex"],"relics":["Burning Blood","REME_ComplimentaryCards","Oddly Smooth Stone","Replay:Arrowhead","Happy Flower","Pantograph","hubris:MedicalManual","ClockworkSouvenir","Toolbox","Art of War","hubris:FunFungus","Blue Candle","Molten Egg 2","Peace Pipe","Tiny Chest","Counterbalance","REME_ChargedStone","hubris:Towel","Ring of Peace","ReplayTheSpireMod:Ring of Challenge","hubris:MobiusCoin","Torii","Replay:Rubber Ducky","InkBottle","BargainBundle","hubris:HerbalPaste","REME_HourglassOfDeath","Mummified Hand","Golden Egg","Mercury Hourglass","hubris:Reverence","StSpp:BoiledEgg","conspire:InfiniteJournal","betterThird:NestCultRelic","Replay:Towering Pillar of Hats","Coffee Dripper","War Paint","hubris:64BitClover","infinitespire:Bottled Soul","REME_LimitBreaker","Prayer Wheel","Durian","hubris:SlimyHat","ReplayTheSpireMod:Ninjato","Replay:Bandana","Membership Card","Medical Kit","Replay:Ringing Soul","Pen Nib","hubris:ChampionShield"],"acts_visited":["Exordium","TheCity","TheBeyond","TheEnding"],"potions_floor_usage":[16,16],"damage_taken":[{"damage":0,"enemies":"Cultist","floor":1,"turns":3},{"damage":11,"enemies":"Jaw Worm","floor":7,"turns":2},{"damage":40,"enemies":"Lagavulin","floor":8,"turns":4},{"damage":18,"enemies":"3 Sentries","floor":10,"turns":3},{"damage":12,"enemies":"2 Louse","floor":12,"turns":2},{"damage":126,"enemies":"Large Slime","floor":13,"turns":2},{"damage":0,"enemies":"Gremlin Nob","floor":14,"turns":2},{"damage":13,"enemies":"Fading Forest","floor":16,"turns":11},{"damage":0,"enemies":"Spheric Guardian","floor":18,"turns":1},{"damage":2,"enemies":"Shell Parasite","floor":22,"turns":3},{"damage":1,"enemies":"conspire:SneckoGhost","floor":23,"turns":6},{"damage":32,"enemies":"Book of Stabbing","floor":25,"turns":5},{"damage":0,"enemies":"conspire:HollyBat","floor":26,"turns":3},{"damage":6,"enemies":"Gremlin Leader","floor":27,"turns":3},{"damage":21,"enemies":"conspire:HollyBat","floor":28,"turns":7},{"damage":42,"enemies":"Collector","floor":33,"turns":4},{"damage":0,"enemies":"Orb Walker","floor":35,"turns":2},{"damage":6,"enemies":"3 Darklings","floor":38,"turns":2},{"damage":3,"enemies":"R_Hoarder","floor":40,"turns":4},{"damage":23,"enemies":"Sphere and 2 Shapes","floor":41,"turns":2},{"damage":1,"enemies":"Maw","floor":45,"turns":4},{"damage":1,"enemies":"Nemesis","floor":46,"turns":3},{"damage":0,"enemies":"Spire Growth","floor":47,"turns":2},{"damage":0,"enemies":"Giant Head","floor":48,"turns":4},{"damage":47,"enemies":"Donu and Deca","floor":50,"turns":5},{"damage":30,"enemies":"Shield and Spear","floor":54,"turns":3},{"damage":68,"enemies":"The Heart","floor":55,"turns":4}],"seed_played":"5852357349117935674","potions_obtained":[{"floor":1,"key":"GamblersBrew"},{"floor":1,"key":"Block Potion"},{"floor":7,"key":"Weak Potion"},{"floor":16,"key":"blueLaboratory:Moonshine"},{"floor":18,"key":"blueLaboratory:BottledHope"}],"is_trial":false,"path_per_floor":["M","?","?","?","$","R","M","E","T","E","R","M","M","E","R_BF","B",null,"M","?","?","$","M","E","R","E","MIM","E","M","R","AVR","T","R_BF","B",null,"M","?","?","M","AVR","E","M","R","T","R","M","E","M","E","R","B",null,"R","$","E","B",null],"character_chosen":"IRONCLAD","items_purchased":["Pantograph","hubris:MedicalManual","ClockworkSouvenir","Toolbox","Art of War","hubris:FunFungus","Flex","hubris:MobiusCoin","Torii","Replay:Rubber Ducky","InkBottle","BargainBundle","hubris:HerbalPaste","Flex","ReplayTheSpireMod:Ninjato","Replay:Bandana","Membership Card","Medical Kit","Replay:Ringing Soul","Pen Nib","Inflame","Pummel+1","REME_HeartOfCthun+1"],"campfire_rested":0,"item_purchase_floors":[5,5,5,5,5,5,5,21,21,21,21,21,21,21,53,53,53,53,53,53,53,53,53],"current_hp_per_floor":[105,115,97,107,117,127,134,112,122,122,132,138,30,48,58,153,270,280,290,300,310,320,330,340,334,360,370,370,380,390,400,410,404,445,455,442,452,462,472,482,477,487,497,507,532,542,557,567,577,572,602,612,625,623,614],"gold":872,"neow_bonus":"RANDOM_COMMON_RELIC","is_daily":false,"chose_seed":false,"campfire_upgraded":16,"win_rate":0.0,"timestamp":1611927332,"path_taken":["M","?","?","?","$","R","?","E","T","E","R","M","M","E","R_BF","BOSS","M","?","?","?","M","E","R","E","MIM","E","M","R","AVR","?","R_BF","BOSS","M","?","?","?","AVR","E","M","R","T","R","M","E","M","E","R","BOSS","R","$","E","BOSS"],"items_purchased_type":["Relic","Relic","Relic","Relic","Relic","Relic","Card","Relic","Relic","Relic","Relic","Relic","Relic","Card","Relic","Relic","Relic","Relic","Relic","Relic","Card","Card","Card"],"build_version":"2020-12-22","purchased_purges":4,"victory":true,"max_hp_per_floor":[105,115,125,135,145,155,165,175,185,195,205,215,225,235,245,260,270,280,290,300,310,320,330,340,350,360,370,380,390,400,410,420,435,445,455,442,452,462,472,482,492,502,512,522,532,542,557,567,577,592,602,612,625,638,663],"relic_stats":{"Happy Flower":[31],"Torii":33,"counters":[60,206],"Blue Candle":[3],"Pen Nib":[2],"War Paint":["Dual Wield","Defend_R"],"Medical Kit":[1],"Burning Blood":305,"Mercury Hourglass":[297],"Peace Pipe":0,"Mummified Hand":[53],"Pantograph":60,"Tiny Chest":1,"Prayer Wheel":2,"Art of War":[15],"obtain_stats":[{"Golden Egg":43,"Mark of the Bloom":45,"conspire:RoyalGoblet":36,"Boot":24,"Ring of Searing":4,"Old Coin":16,"Blood Vial":36,"Replay:Ringing Soul":53,"conspire:GlowingRock":51,"infinitespire:ShieldingShard":36,"hubris:HerbalPaste":21,"infinitespire:Golems Mask":8,"MealTicket":43,"Prayer Wheel":46,"StSpp:WoodenStick":34,"conspire:Dentures":23,"hubris:MobiusCoin":21,"Happy Flower":4,"ReplayTheSpireMod:Ring of Addiction":9,"Blue Candle":8,"Counterbalance":16,"Oddly Smooth Stone":0,"Pen Nib":53,"conspire:Boomerang":10,"Replay:Ancient Bell":34,"energizedSpire:OgreHead":46,"War Paint":39,"REME_LimitBreaker":43,"Replay:Baseball":34,"REME_HourglassOfDeath":23,"Brimstone":52,"ReplayTheSpireMod:Ring of Collecting":4,"Molten Egg 2":12,"Pocketwatch":14,"hubris:Reverence":27,"ReplayTheSpireMod:Ring of Exchange":14,"Torii":48,"REME_ChargedStone":17,"StSpp:BoiledEgg":50,"Replay:Multitool":30,"Juzu Bracelet":40,"hubris:SlimyHat":48,"Burning Blood":0,"Pet Ghost":43,"ClockworkSouvenir":5,"Replay:Rubber Ducky":21,"conspire:InfiniteJournal":31,"Replay:Bandana":53,"Chameleon Ring":9,"infinitespire:Bottled Soul":27,"Mummified Hand":25,"Pantograph":5,"Ring of Peace":20,"Toolbox":5,"Tiny Chest":14,"hubris:FunFungus":5,"Red Mask":49,"Chemical X":36,"hubris:ChampionShield":54,"InkBottle":21,"hubris:GlazedTorus":33,"Paper Frog":34,"Potion Belt":9,"energizedSpire:RedRose":17,"BargainBundle":21,"ReplayTheSpireMod:Ninjato":53,"Replay:Towering Pillar of Hats":33,"hubris:64BitClover":40,"StSpp:WoodenPendulum":6,"hubris:MedicalManual":5,"betterThird:NestCultRelic":32,"Ring of Greed":43,"hubris:Towel":19,"Medical Kit":53,"Replay:Arrowhead":1,"Mercury Hourglass":36,"Peace Pipe":12,"Anchor":26,"StSpp:BrokenTotem":44,"Art of War":31,"Coffee Dripper":34,"Durian":47,"Membership Card":24,"Bottled Lightning":36,"ReplayTheSpireMod:Ring of Challenge":26,"REME_ComplimentaryCards":0},{"Golden Egg":29,"Mark of the Bloom":30,"conspire:RoyalGoblet":25,"Boot":18,"Ring of Searing":2,"Old Coin":12,"Blood Vial":25,"Replay:Ringing Soul":58,"conspire:GlowingRock":33,"infinitespire:ShieldingShard":25,"hubris:HerbalPaste":42,"infinitespire:Golems Mask":6,"MealTicket":29,"Prayer Wheel":55,"StSpp:WoodenStick":24,"conspire:Dentures":18,"hubris:MobiusCoin":42,"Happy Flower":34,"ReplayTheSpireMod:Ring of Addiction":7,"Blue Candle":36,"Counterbalance":41,"Oddly Smooth Stone":33,"Pen Nib":58,"conspire:Boomerang":8,"Replay:Ancient Bell":24,"energizedSpire:OgreHead":30,"War Paint":51,"REME_LimitBreaker":53,"Replay:Baseball":24,"REME_HourglassOfDeath":44,"Brimstone":33,"ReplayTheSpireMod:Ring of Collecting":2,"Molten Egg 2":10,"Pocketwatch":11,"hubris:Reverence":47,"ReplayTheSpireMod:Ring of Exchange":11,"Torii":31,"REME_ChargedStone":41,"StSpp:BoiledEgg":32,"Replay:Multitool":22,"Juzu Bracelet":29,"hubris:SlimyHat":57,"Burning Blood":0,"Pet Ghost":29,"ClockworkSouvenir":34,"Replay:Rubber Ducky":42,"conspire:InfiniteJournal":48,"Replay:Bandana":58,"Chameleon Ring":7,"infinitespire:Bottled Soul":20,"Mummified Hand":45,"Pantograph":34,"Ring of Peace":42,"Toolbox":34,"Tiny Chest":40,"hubris:FunFungus":34,"Red Mask":31,"Chemical X":25,"hubris:ChampionShield":59,"InkBottle":42,"hubris:GlazedTorus":24,"Paper Frog":24,"Potion Belt":7,"energizedSpire:RedRose":12,"BargainBundle":42,"ReplayTheSpireMod:Ninjato":58,"Replay:Towering Pillar of Hats":49,"hubris:64BitClover":52,"StSpp:WoodenPendulum":4,"hubris:MedicalManual":34,"betterThird:NestCultRelic":48,"Ring of Greed":29,"hubris:Towel":42,"Medical Kit":58,"Replay:Arrowhead":34,"Mercury Hourglass":25,"Peace Pipe":38,"Anchor":19,"StSpp:BrokenTotem":30,"Art of War":23,"Coffee Dripper":49,"Durian":56,"Membership Card":18,"Bottled Lightning":25,"ReplayTheSpireMod:Ring of Challenge":19,"REME_ComplimentaryCards":0},{"Golden Egg":93,"Mark of the Bloom":96,"conspire:RoyalGoblet":81,"Boot":60,"Ring of Searing":6,"Old Coin":42,"Blood Vial":81,"Replay:Ringing Soul":199,"conspire:GlowingRock":111,"infinitespire:ShieldingShard":81,"hubris:HerbalPaste":141,"infinitespire:Golems Mask":17,"MealTicket":93,"Prayer Wheel":188,"StSpp:WoodenStick":78,"conspire:Dentures":60,"hubris:MobiusCoin":141,"Happy Flower":114,"ReplayTheSpireMod:Ring of Addiction":20,"Blue Candle":120,"Counterbalance":140,"Oddly Smooth Stone":111,"Pen Nib":199,"conspire:Boomerang":22,"Replay:Ancient Bell":78,"energizedSpire:OgreHead":96,"War Paint":175,"REME_LimitBreaker":181,"Replay:Baseball":78,"REME_HourglassOfDeath":150,"Brimstone":111,"ReplayTheSpireMod:Ring of Collecting":6,"Molten Egg 2":27,"Pocketwatch":31,"hubris:Reverence":161,"ReplayTheSpireMod:Ring of Exchange":31,"Torii":99,"REME_ChargedStone":140,"StSpp:BoiledEgg":106,"Replay:Multitool":70,"Juzu Bracelet":93,"hubris:SlimyHat":194,"Burning Blood":0,"Pet Ghost":93,"ClockworkSouvenir":114,"Replay:Rubber Ducky":141,"conspire:InfiniteJournal":167,"Replay:Bandana":199,"Chameleon Ring":20,"infinitespire:Bottled Soul":65,"Mummified Hand":155,"Pantograph":114,"Ring of Peace":141,"Toolbox":114,"Tiny Chest":129,"hubris:FunFungus":114,"Red Mask":99,"Chemical X":81,"hubris:ChampionShield":202,"InkBottle":141,"hubris:GlazedTorus":78,"Paper Frog":78,"Potion Belt":20,"energizedSpire:RedRose":42,"BargainBundle":141,"ReplayTheSpireMod:Ninjato":199,"Replay:Towering Pillar of Hats":171,"hubris:64BitClover":179,"StSpp:WoodenPendulum":11,"hubris:MedicalManual":114,"betterThird:NestCultRelic":167,"Ring of Greed":93,"hubris:Towel":141,"Medical Kit":199,"Replay:Arrowhead":114,"Mercury Hourglass":81,"Peace Pipe":125,"Anchor":63,"StSpp:BrokenTotem":96,"Art of War":73,"Coffee Dripper":171,"Durian":190,"Membership Card":60,"Bottled Lightning":81,"ReplayTheSpireMod:Ring of Challenge":63,"REME_ComplimentaryCards":0}],"InkBottle":[38]},"card_choices":[{"not_picked":["ReplayReversal","Havoc+1"],"picked":"Wild Strike","floor":1},{"not_picked":["infinitespire:SealOfDarkness+","infinitespire:Punishment"],"picked":"ReplayTheSpireMod:??????????????????????","floor":3},{"not_picked":["Iron Wave","True Grit"],"picked":"Twin Strike","floor":4},{"not_picked":["StSpp:Sprint+1","Cleave+1"],"picked":"Headbutt","floor":4},{"not_picked":["Abandon","Massacre"],"picked":"Dual Wield","floor":7},{"not_picked":["StSpp:Succumb","Bloodletting"],"picked":"Twin Strike+1","floor":8},{"not_picked":["Second Wind+1","Evolve+1"],"picked":"Berserk","floor":10},{"not_picked":["Combust","StSpp:TheBiggerTheyAre+1"],"picked":"Perfected Strike+1","floor":12},{"not_picked":["StSpp:Succumb+1","Run Through+1","StSpp:Sprint"],"picked":"SKIP","floor":13},{"not_picked":["conspire:ExplosiveBarrier+1","Bloodletting","Combust"],"picked":"SKIP","floor":14},{"not_picked":["Reaper+1","Brutality"],"picked":"Berserk","floor":16},{"not_picked":["Clash+1","Clothesline+1"],"picked":"Perfected Strike+1","floor":18},{"not_picked":["Heavy Blade+1","hubris:ReadiedAction+1","Carnage+1"],"picked":"SKIP","floor":22},{"not_picked":["Iron Wave+1","Clash+1","Run Through+1"],"picked":"SKIP","floor":23},{"not_picked":["REME_ACTH","Run Through+1"],"picked":"Spot Weakness","floor":25},{"not_picked":["Shrug It Off+1","StSpp:Sprint+1"],"picked":"Spot Weakness","floor":26},{"not_picked":["ReplayTheSpireMod:Limb From Limb+1","Clash+1"],"picked":"REME_Cut+1","floor":27},{"not_picked":["ReplayTheSpireMod:Stacked","hubris:CleavingFinish+1"],"picked":"Inflame","floor":28},{"not_picked":["StSpp:Betrayal","Juggernaut"],"picked":"Exhume","floor":33},{"not_picked":["Bloodletting+1","REME_FearOfPain"],"picked":"Battle Trance+1","floor":35},{"not_picked":["StSpp:TheBiggerTheyAre+1","True Grit+1","Juggernaut"],"picked":"SKIP","floor":38},{"not_picked":["ReplayTheSpireMod:Strike From Hell+1","Bloodletting"],"picked":"Clash+1","floor":40},{"not_picked":["Cleave+1","Thunderclap+1"],"picked":"REME_SingleHolding","floor":41},{"not_picked":["Infernal Blade+1","Anger+1","Flex+1"],"picked":"SKIP","floor":45},{"not_picked":["StSpp:Sprint","Bloodletting+1","Infernal Blade+1"],"picked":"SKIP","floor":46},{"not_picked":["Heavy Blade+1","Run Through+1"],"picked":"Perfected Strike+1","floor":47},{"not_picked":["StSpp:Sprint+1","Bloodletting+1"],"picked":"Armaments+1","floor":47},{"not_picked":["REME_Fury","Uppercut+1"],"picked":"Wild Strike+1","floor":48},{"not_picked":["Carnage+1","Warcry+1"],"picked":"Flex","floor":54}],"player_experience":100854,"relics_obtained":[{"floor":1,"key":"Replay:Arrowhead"},{"floor":4,"key":"Happy Flower"},{"floor":8,"key":"Blue Candle"},{"floor":10,"key":"Molten Egg 2"},{"floor":12,"key":"Peace Pipe"},{"floor":14,"key":"Tiny Chest"},{"floor":16,"key":"Counterbalance"},{"floor":20,"key":"Ring of Peace"},{"floor":20,"key":"ReplayTheSpireMod:Ring of Challenge"},{"floor":23,"key":"REME_HourglassOfDeath"},{"floor":25,"key":"Mummified Hand"},{"floor":26,"key":"Golden Egg"},{"floor":26,"key":"Mercury Hourglass"},{"floor":27,"key":"hubris:Reverence"},{"floor":31,"key":"conspire:InfiniteJournal"},{"floor":33,"key":"Replay:Towering Pillar of Hats"},{"floor":40,"key":"hubris:64BitClover"},{"floor":41,"key":"infinitespire:Bottled Soul"},{"floor":43,"key":"REME_LimitBreaker"},{"floor":46,"key":"Prayer Wheel"},{"floor":47,"key":"Durian"},{"floor":48,"key":"hubris:SlimyHat"},{"floor":54,"key":"hubris:ChampionShield"}],"event_choices":[{"damage_healed":0,"gold_gain":0,"player_choice":"Madness","damage_taken":0,"relics_obtained":["betterThird:NestCultRelic"],"max_hp_gain":0,"max_hp_loss":0,"event_name":"betterThird:BetterNest","floor":32,"gold_loss":0},{"damage_healed":0,"gold_gain":0,"player_choice":"Max HP","damage_taken":0,"max_hp_gain":0,"max_hp_loss":23,"event_name":"Winding Halls","floor":36,"gold_loss":0},{"cards_removed":["Defend_R"],"damage_healed":0,"gold_gain":0,"player_choice":"Purged","damage_taken":0,"max_hp_gain":0,"max_hp_loss":0,"event_name":"Purifier","floor":37,"gold_loss":0}],"is_beta":false,"boss_relics":[{"not_picked":["Kintsugi","energizedSpire:EnergizedDie"],"picked":"REME_ChargedStone"},{"not_picked":["Fusion Hammer","Replay:Drink Me"],"picked":"Coffee Dripper"}],"items_purged_floors":[5,5,21,21],"is_endless":false,"potions_floor_spawned":[1,12,14,23,28,33,35,41,45,47,54],"ascension_level":0}}