{"host":"wha9hktbkslqvblg","time":1611925065,"event":{"mods":["BaseMod","Colored Map","Minty Spire (QoL Compilation)","Relic Stats","SuperFastMode","everything is the same but u backflip on backflip"],"gold_per_floor":[112,125,125,275,275,308,308,308,308,69,69,79,93,123,123,200,200,211,226,226,226],"floor_reached":20,"language":"KOR","playtime":443,"items_purged":["Strike_R"],"score":414,"play_id":"18e7f1a7-81c3-4c03-b851-37fc2bacb7ac","local_time":"20210129215745","is_ascension_mode":true,"campfire_choices":[{"data":"Shrug It Off","floor":7,"key":"SMITH"},{"data":"Dual Wield","floor":11,"key":"SMITH"},{"floor":15,"key":"RECALL"}],"circlet_count":0,"master_deck":["AscendersBane","Strike_R","Strike_R","Strike_R","Defend_R","Defend_R","Defend_R","Defend_R","Bash","Flame Barrier","Sword Boomerang","Exhume","Shrug It Off+1","Blood for Blood+1","Dual Wield+1"],"relics":["Burning Blood","NeowsBlessing","Sundial","Molten Egg 2","Ice Cream","Busted Crown"],"acts_visited":["Exordium","TheCity"],"potions_floor_usage":[16,20],"damage_taken":[{"damage":0,"enemies":"Cultist","floor":1,"turns":1},{"damage":0,"enemies":"Jaw Worm","floor":2,"turns":1},{"damage":0,"enemies":"Gremlin Nob","floor":6,"turns":1},{"damage":4,"enemies":"Small Slimes","floor":12,"turns":4},{"damage":9,"enemies":"3 Louse","floor":13,"turns":5},{"damage":28,"enemies":"3 Sentries","floor":14,"turns":10},{"damage":31,"enemies":"Hexaghost","floor":16,"turns":7},{"damage":6,"enemies":"3 Byrds","floor":18,"turns":5},{"damage":30,"enemies":"2 Thieves","floor":19,"turns":4},{"damage":33,"enemies":"Masked Bandits","floor":20,"turns":3}],"seed_played":"-3415512025358543366","potions_obtained":[{"floor":2,"key":"Swift Potion"},{"floor":12,"key":"BloodPotion"},{"floor":19,"key":"Strength Potion"}],"is_trial":false,"path_per_floor":["M","M","?","?","?","E","R","?","T","$","R","M","M","E","R","B",null,"M","M","?"],"character_chosen":"IRONCLAD","items_purchased":["Blood for Blood+1","Dual Wield"],"campfire_rested":0,"item_purchase_floors":[10,10],"current_hp_per_floor":[74,75,75,75,68,74,74,79,79,79,79,80,77,55,55,30,68,68,44,11,11],"gold":226,"neow_bonus":"THREE_ENEMY_KILL","is_daily":false,"chose_seed":false,"campfire_upgraded":2,"win_rate":0.0,"timestamp":1611925065,"path_taken":["M","M","?","?","?","E","R","?","T","$","R","M","M","E","R","BOSS","M","M","?"],"items_purchased_type":["Card","Card"],"build_version":"2020-12-22","purchased_purges":1,"victory":false,"max_hp_per_floor":[75,75,75,75,75,75,75,80,80,80,80,80,80,80,80,80,80,80,80,80,80],"relic_stats":{"Busted Crown":4,"counters":[10,41],"Sundial":[6],"obtain_stats":[{"Ice Cream":14,"Busted Crown":17,"NeowsBlessing":0,"Sundial":6,"Molten Egg 2":9,"Burning Blood":0},{"Ice Cream":6,"Busted Crown":7,"NeowsBlessing":0,"Sundial":3,"Molten Egg 2":3,"Burning Blood":0},{"Ice Cream":22,"Busted Crown":29,"NeowsBlessing":0,"Sundial":3,"Molten Egg 2":3,"Burning Blood":0}],"Burning Blood":48},"card_choices":[{"not_picked":["Headbutt","Clothesline"],"picked":"Flame Barrier","floor":1},{"not_picked":["Havoc","Flame Barrier"],"picked":"Sword Boomerang","floor":2},{"not_picked":["Havoc","True Grit"],"picked":"Shrug It Off","floor":6},{"not_picked":["Pummel+1","Spot Weakness","Sword Boomerang+1"],"picked":"SKIP","floor":12},{"not_picked":["Searing Blow+1","Havoc","Spot Weakness"],"picked":"SKIP","floor":13},{"not_picked":["Anger+1","Bludgeon+1","Inflame"],"picked":"SKIP","floor":14},{"not_picked":["Sever Soul+1"],"picked":"SKIP","floor":18},{"not_picked":["Reckless Charge+1"],"picked":"SKIP","floor":19}],"player_experience":991022,"relics_obtained":[{"floor":6,"key":"Sundial"},{"floor":9,"key":"Molten Egg 2"},{"floor":14,"key":"Ice Cream"}],"event_choices":[{"damage_healed":0,"gold_gain":0,"cards_transformed":["Strike_R"],"player_choice":"Change","damage_taken":0,"max_hp_gain":0,"max_hp_loss":0,"event_name":"Living Wall","floor":3,"gold_loss":0,"cards_obtained":["Exhume"]},{"damage_healed":0,"gold_gain":150,"player_choice":"AGREE","damage_taken":0,"max_hp_gain":0,"max_hp_loss":0,"event_name":"Liars Game","floor":4,"gold_loss":0,"cards_obtained":["Doubt"]},{"cards_removed":["Doubt"],"damage_healed":0,"gold_gain":0,"player_choice":"Card Removal","damage_taken":7,"max_hp_gain":0,"max_hp_loss":0,"event_name":"Golden Wing","floor":5,"gold_loss":0},{"damage_healed":0,"gold_gain":0,"player_choice":"Donut","damage_taken":0,"max_hp_gain":5,"max_hp_loss":0,"event_name":"Big Fish","floor":8,"gold_loss":0},{"damage_healed":0,"gold_gain":0,"player_choice":"Fought Bandits","damage_taken":0,"max_hp_gain":0,"max_hp_loss":0,"event_name":"Masked Bandits","floor":20,"gold_loss":0}],"is_beta":false,"boss_relics":[{"not_picked":["Black Star","Sozu"],"picked":"Busted Crown"}],"items_purged_floors":[10],"is_endless":false,"potions_floor_spawned":[2,12,13,19],"killed_by":"Masked Bandits","ascension_level":20}}