{"host":"a71rwr83kjmtknvr","time":1611916162,"event":{"mods":["AchievementEnabler","Act Like it!","Aspiration","BaseMod","Better Altar","Better Match","Better Sensory Stone","Better Skull","Better Third Choice","BetterRewards","Colored Map","Colored Powertips","Displayed Cursed Tome","Gensokyo","Halation","Hubris","Infinite Spire","Jedi Mod","Marisa????????","Minty Spire (QoL Compilation)","Permanent Neow","RNG Fix","Reliquary","Remilia??????","Replay The Spire","StSLib","SuperFastMode","The Blue Laboratory","The Servant 0.9.4","Uncapped","Unceasing Turn Reminder"],"gold_per_floor":[112,131,131,147,147,179,205,215,242,48,82,97,97,125,125,221,221,234,209,259,336,350,382,382,421,421,450,450,471,471,395,395,498,498,518,260,310,360,632,676,676,711,757,757,789,791,822,41,41,42],"floor_reached":51,"language":"ENG","playtime":1945,"items_purged":["Strike_G","Strike_G"],"score":1202,"play_id":"0987cffc-3b94-4ba2-a175-4a1703cc177b","local_time":"20210129132922","is_ascension_mode":true,"campfire_choices":[{"data":"Footwork","floor":15,"key":"SMITH"},{"data":"1","floor":24,"key":"LIFT"},{"data":"2","floor":30,"key":"LIFT"},{"floor":32,"key":"REST"},{"data":"3","floor":41,"key":"LIFT"},{"data":"Adrenaline","floor":44,"key":"SMITH"},{"data":"Accuracy","floor":49,"key":"SMITH"}],"circlet_count":0,"master_deck":["Strike_G","Strike_G","Strike_G","Defend_G","Defend_G","Defend_G","Defend_G+1","Defend_G","Survivor","Neutralize","Backflip","Blade Dance","Die Die Die+1","Blade Dance","Footwork+1","Backstab","Infinite Blades","Glass Knife","Blade Dance","Leg Sweep","Quick Slash+1","Distraction+1","Backflip+1","infinitespire:Gouge+1","Terror","Adrenaline+1","Gensokyo:CustomPotion","Accuracy+1","Phantasmal Killer","jedi:cleanse"],"relics":["Ring of the Snake","halation:PinkSoulGem","Bottled Flame","hubris:TenFootPole","Blood Vial","reliquary:WeakTea","reliquary:Boomerang","SsserpentHead","Juzu Bracelet","Replay:Ancient Bell","Akabeko","infinitespire:CheckeredPen","Girya","Red Mask","halation:IllGainedPizza","reliquary:TuningFork","reliquary:Knoch","reliquary:PorcupineQuills","Sozu","halation:BlackBeret","infinitespire:Cupcake","jedi:heavyjacket","Gensokyo:EmptyGrave","hubris:Towel","jedi:arcanewood","Ninja Scroll","Anchor","Whetstone","MawBank","Chameleon Ring","PreservedInsect"],"acts_visited":["Exordium","TheCity","TheCity"],"potions_floor_usage":[16,16,25,50],"damage_taken":[{"damage":0,"enemies":"Jaw Worm","floor":1,"turns":5},{"damage":2,"enemies":"Cultist","floor":2,"turns":6},{"damage":0,"enemies":"Small Slimes","floor":4,"turns":3},{"damage":4,"enemies":"Replay:BlueRogue","floor":6,"turns":8},{"damage":0,"enemies":"Exordium Wildlife","floor":8,"turns":3},{"damage":22,"enemies":"Lagavulin","floor":11,"turns":10},{"damage":0,"enemies":"Large Slime","floor":12,"turns":5},{"damage":2,"enemies":"3 Sentries","floor":14,"turns":6},{"damage":0,"enemies":"Hexaghost","floor":16,"turns":13},{"damage":10,"enemies":"2 Thieves","floor":18,"turns":2},{"damage":0,"enemies":"Masked Bandits","floor":21,"turns":2},{"damage":4,"enemies":"Shell Parasite","floor":22,"turns":4},{"damage":41,"enemies":"Book of Stabbing","floor":23,"turns":6},{"damage":6,"enemies":"Slavers","floor":25,"turns":4},{"damage":0,"enemies":"Gremlin Leader","floor":27,"turns":4},{"damage":15,"enemies":"Shelled Parasite and Fungi","floor":29,"turns":2},{"damage":18,"enemies":"hubris:MusketHawk","floor":33,"turns":8},{"damage":0,"enemies":"Gensokyo:3_Bats","floor":35,"turns":1},{"damage":0,"enemies":"Gensokyo:Kasen","floor":40,"turns":6},{"damage":12,"enemies":"Gensokyo:Marisa","floor":42,"turns":4},{"damage":0,"enemies":"Gensokyo:Doremy","floor":45,"turns":4},{"damage":0,"enemies":"Gensokyo:3_Boulders","floor":47,"turns":1},{"damage":0,"enemies":"Gensokyo:Yuyuko","floor":50,"turns":4}],"seed_played":"2377045471819630717","potions_obtained":[{"floor":1,"key":"Swift Potion"},{"floor":4,"key":"blueLaboratory:RecallPotion"},{"floor":8,"key":"LiquidMemories"},{"floor":21,"key":"blueLaboratory:NullPotion"},{"floor":22,"key":"Explosive Potion"},{"floor":27,"key":"Regen Potion"}],"is_trial":false,"path_per_floor":["M","M","?","M","?","E","T","M","T","$","E","M","?","E","R","B",null,"M","?","?","?","M","E","R","E","T","E","AVR","M","R","$","R","B",null,"M","$","?","?","?","E","R","E","T","R","E","?","M","$","R_BF","B",null],"character_chosen":"THE_SILENT","items_purchased":["Footwork","reliquary:WeakTea","Terror","jedi:heavyjacket","Chameleon Ring","Accuracy","Phantasmal Killer","PreservedInsect","jedi:cleanse"],"campfire_rested":1,"item_purchase_floors":[10,10,31,36,48,48,48,48,48],"current_hp_per_floor":[70,68,68,68,68,64,64,64,64,64,44,46,46,46,46,48,70,60,60,60,62,60,21,21,17,17,19,19,6,6,6,27,11,70,70,70,65,65,52,65,65,53,53,53,55,55,57,57,57,57],"gold":42,"neow_bonus":"RANDOM_EVENT","is_daily":false,"chose_seed":false,"campfire_upgraded":3,"win_rate":0.0,"timestamp":1611916162,"path_taken":["M","?","?","M","?","E","?","?","T","$","E","M","?","E","R","BOSS","M","?","?","?","M","E","R","E","T","E","AVR","M","R","$","R","BOSS","M","$","?","?","?","E","R","E","T","R","E","?","M","?","R_BF","BOSS"],"items_purchased_type":["Card","Relic","Card","Relic","Relic","Card","Card","Relic","Card"],"build_version":"2020-12-22","purchased_purges":2,"victory":true,"max_hp_per_floor":[70,70,70,70,70,70,70,70,70,70,70,70,70,70,70,70,70,70,70,70,70,70,70,70,70,70,70,70,70,70,70,70,70,70,70,70,65,65,65,65,65,65,65,65,65,65,65,65,65,65],"card_choices":[{"not_picked":["Acrobatics","Expertise"],"picked":"Backflip","floor":1},{"not_picked":["Hidden Blade","Replay:Poison Smokescreen"],"picked":"Blade Dance","floor":2},{"not_picked":["Deadly Poison","Backflip"],"picked":"Die Die Die","floor":4},{"not_picked":["Expertise","Toxin Wave","Night Terror"],"picked":"SKIP","floor":6},{"not_picked":["Sucker Punch","jedi:poisonivy"],"picked":"Blade Dance","floor":8},{"not_picked":["Underhanded Strike","Finisher","Outmaneuver"],"picked":"SKIP","floor":11},{"not_picked":["Bouncing Flask","Riddle With Holes"],"picked":"Backstab","floor":12},{"not_picked":["jedi:pocketpoison","Reflex"],"picked":"Infinite Blades","floor":14},{"not_picked":["ReplayTheSpireMod:Necrosis","Burst"],"picked":"Glass Knife","floor":16},{"not_picked":["ReplayTheSpireMod:IOU","Shame"],"picked":"ReplayTheSpireMod:Doomed","floor":17},{"not_picked":["Regret","hubris:Envy"],"picked":"Replay:Sluggish","floor":17},{"not_picked":["jedi:BattleThirst","Looming Evil"],"picked":"Hallucinations","floor":17},{"not_picked":["Flying Knee","ReplayTheSpireMod:Tripwire"],"picked":"Blade Dance","floor":18},{"not_picked":["Deadly Poison","Leg Sweep","jedi:rejectivetoxin"],"picked":"SKIP","floor":22},{"not_picked":["Deadly Poison","jedi:rejectivetoxin"],"picked":"Leg Sweep","floor":22},{"not_picked":["Flying Knee","Dagger Throw"],"picked":"Quick Slash+1","floor":23},{"not_picked":["Deflect+1","Backflip"],"picked":"Distraction+1","floor":25},{"not_picked":["Outmaneuver","Hidden Blade+1"],"picked":"Backflip+1","floor":27},{"not_picked":["Blade Dance","jedi:collectorvenom","Prepared"],"picked":"SKIP","floor":29},{"not_picked":["ReplayTheSpireMod:From All Sides","Wraith Form v2"],"picked":"Adrenaline","floor":33},{"not_picked":["Dodge and Roll","Poisoned Stab","ReplayTheSpireMod:Shiv Toss"],"picked":"SKIP","floor":35},{"not_picked":["Corpse Explosion","Deadly Poison","Leg Sweep+1"],"picked":"SKIP","floor":40},{"not_picked":["Poisoned Stab+1","Acrobatics+1","Endless Agony"],"picked":"SKIP","floor":42},{"not_picked":["hubris:SlightOfHand","Terror","Draining Mist+1"],"picked":"SKIP","floor":45},{"not_picked":["Outmaneuver","Sucker Punch","Choke+1"],"picked":"SKIP","floor":47}],"player_experience":772131,"relics_obtained":[{"floor":6,"key":"Bottled Flame"},{"floor":7,"key":"hubris:TenFootPole"},{"floor":9,"key":"Blood Vial"},{"floor":11,"key":"reliquary:Boomerang"},{"floor":14,"key":"Juzu Bracelet"},{"floor":21,"key":"Red Mask"},{"floor":23,"key":"halation:IllGainedPizza"},{"floor":25,"key":"reliquary:TuningFork"},{"floor":26,"key":"reliquary:Knoch"},{"floor":27,"key":"reliquary:PorcupineQuills"},{"floor":40,"key":"Ninja Scroll"},{"floor":42,"key":"Anchor"},{"floor":43,"key":"Whetstone"},{"floor":45,"key":"MawBank"}],"event_choices":[{"damage_healed":0,"gold_gain":0,"player_choice":"Trade","damage_taken":0,"relics_obtained":["SsserpentHead"],"max_hp_gain":0,"max_hp_loss":0,"event_name":"FaceTrader","floor":13,"gold_loss":0},{"cards_removed":["Hallucinations"],"damage_healed":0,"gold_gain":0,"player_choice":"Gave Gold","damage_taken":0,"max_hp_gain":0,"max_hp_loss":0,"event_name":"Beggar","floor":19,"gold_loss":75},{"cards_removed":["Replay:Sluggish","ReplayTheSpireMod:Doomed"],"damage_healed":0,"gold_gain":0,"player_choice":"Removed Curses","damage_taken":0,"max_hp_gain":0,"max_hp_loss":0,"event_name":"Fountain of Cleansing","floor":20,"gold_loss":0},{"damage_healed":0,"gold_gain":0,"player_choice":"Fought Bandits","damage_taken":0,"max_hp_gain":0,"max_hp_loss":0,"event_name":"Masked Bandits","floor":21,"gold_loss":0},{"damage_healed":0,"gold_gain":222,"player_choice":"RE GO GO ","damage_taken":33,"relics_obtained":["jedi:arcanewood"],"max_hp_gain":0,"max_hp_loss":0,"event_name":"betterSkull:BetterSkull","floor":39,"gold_loss":0,"cards_upgraded":[]}],"is_beta":false,"boss_relics":[{"not_picked":["halation:Yufonium","reliquary:KinkedSpring"],"picked":"Replay:Ancient Bell"},{"not_picked":["ReplayTheSpireMod:Lightbulb","halation:AfternoonTea"],"picked":"Akabeko"},{"not_picked":["aspiration:FrozenJewel","Iron Hammer"],"picked":"infinitespire:CheckeredPen"},{"not_picked":["reliquary:PrincelyHelmet","reliquary:OuijaBoard"],"picked":"Girya"},{"not_picked":["reliquary:RedPaperclip","hubris:VirtuousBlindfold"],"picked":"infinitespire:Cupcake"}],"items_purged_floors":[28,48],"is_endless":false,"potions_floor_spawned":[1,4,8,12,14,21,22,23,27],"ascension_level":1}}