{"host":"mku5fdaoqz3qihec","time":1611925775,"event":{"mods":["100% Spire Juice","2.2 Compatiblity","AchievementEnabler","Arknights The Spire","BaseMod","CapriCore","Colored Map","Colored Powertips","Hermit","Koishi","Minty Spire (QoL Compilation)","Rare Cards Sparkle","StSLib","SuperFastMode","The Dragon Tamer","The Immortal","The Servant 0.9.4"],"gold_per_floor":[360,377,377,40,60,86,86,106,179,190,190,190,223,241,241,241,241],"floor_reached":16,"language":"KOR","playtime":352,"items_purged":["ats:Defend"],"score":171,"play_id":"2b089d25-c004-4080-b398-5dbe14ea765b","local_time":"20210129220935","is_ascension_mode":true,"campfire_choices":[{"floor":7,"key":"REST"},{"floor":12,"key":"REST"},{"data":"ats:Emotion Absorption","floor":15,"key":"SMITH"}],"circlet_count":0,"master_deck":["ats:Strike C","ats:Strike G+1","ats:Strike S","ats:Strike V","ats:Armor Crushing Shot","ats:Defend","ats:Defend","ats:Defend","ats:Emotion Absorption+1","ats:Powerful Strike","ats:Charging Defense","ats:Burning Ground","ats:Demon Strength+1","ats:Charging Defense","ats:Blood Oath"],"relics":["ats:Sanity","Gremlin Horn","ats:Originium","Bird Faced Urn","Omamori"],"acts_visited":["Exordium"],"potions_floor_usage":[6,13],"damage_taken":[{"damage":7,"enemies":"Jaw Worm","floor":1,"turns":3},{"damage":0,"enemies":"Cultist","floor":2,"turns":3},{"damage":2,"enemies":"2 Louse","floor":5,"turns":2},{"damage":37,"enemies":"Gremlin Nob","floor":6,"turns":4},{"damage":19,"enemies":"Blue Slaver","floor":8,"turns":4},{"damage":6,"enemies":"Exordium Thugs","floor":10,"turns":4},{"damage":0,"enemies":"Lagavulin","floor":13,"turns":6},{"damage":2,"enemies":"Exordium Wildlife","floor":14,"turns":3},{"damage":68,"enemies":"Hexaghost","floor":16,"turns":11}],"seed_played":"4614603076499129993","potions_obtained":[{"floor":2,"key":"Regen Potion"},{"floor":8,"key":"ats:Top Emergency Sanity Potion"},{"floor":13,"key":"Fruit Juice"},{"floor":14,"key":"FairyPotion"}],"is_trial":false,"path_per_floor":["M","M","?","$","M","E","R","M","T","M","?","R","E","M","R","B"],"character_chosen":"DOCTOR_CLASS","items_purchased":["Gremlin Horn"],"campfire_rested":2,"item_purchase_floors":[4],"current_hp_per_floor":[44,44,44,44,42,14,35,20,20,18,4,25,29,32,32,0,0],"gold":241,"neow_bonus":"TWO_FIFTY_GOLD","is_daily":false,"chose_seed":false,"campfire_upgraded":1,"win_rate":0.0,"timestamp":1611925775,"path_taken":["M","M","?","$","?","E","R","M","T","M","?","R","E","M","R","BOSS"],"items_purchased_type":["Relic"],"build_version":"2020-12-22","purchased_purges":1,"victory":false,"max_hp_per_floor":[72,72,72,72,72,72,72,72,72,72,72,72,72,72,72,72,72],"card_choices":[{"not_picked":["ats:Consecutive Shot Auto","ats:Chain Hook"],"picked":"ats:Powerful Strike","floor":1},{"not_picked":["ats:Consecutive Shot Auto","ats:Thorns"],"picked":"ats:Charging Defense","floor":2},{"not_picked":["ats:Leaping Hammer","ats:Consecutive Shot Auto"],"picked":"ats:Burning Ground","floor":5},{"not_picked":["ats:Healing Strengthening","ats:Spore Proliferation"],"picked":"ats:Demon Strength","floor":6},{"not_picked":["ats:Beaten Up","ats:Assault Order"],"picked":"ats:Charging Defense","floor":8},{"not_picked":["ats:Spore Proliferation","ats:Hammer On","ats:Flexible Camouflage"],"picked":"SKIP","floor":10},{"not_picked":["ats:Healing Strengthening","ats:Poison Spread"],"picked":"ats:Blood Oath","floor":13},{"not_picked":["ats:Poison Spread","ats:Collapsing Strike","ats:Magnetic Hammer"],"picked":"SKIP","floor":14}],"player_experience":292000,"relics_obtained":[{"floor":6,"key":"ats:Originium"},{"floor":6,"key":"Bird Faced Urn"},{"floor":13,"key":"ats:Originium"},{"floor":13,"key":"Omamori"}],"event_choices":[{"damage_healed":0,"gold_gain":0,"player_choice":"Bought 0 Potions","damage_taken":0,"max_hp_gain":0,"max_hp_loss":0,"event_name":"The Woman in Blue","floor":3,"gold_loss":0},{"damage_healed":0,"gold_gain":0,"player_choice":"Entered Light","damage_taken":14,"max_hp_gain":0,"max_hp_loss":0,"event_name":"Shining Light","floor":11,"gold_loss":0,"cards_upgraded":["ats:Strike G","ats:Demon Strength"]}],"is_beta":false,"boss_relics":[],"items_purged_floors":[4],"is_endless":false,"potions_floor_spawned":[2,8,13,14],"killed_by":"Hexaghost","ascension_level":5}}