{"host":"johnydays","time":1611927827,"event":{"mods":["BaseMod","Bestiary","Block Reminder","Colored Map","Colored Powertips","DeckTracker","Highlight Path","Minty Spire (QoL Compilation)","Relic Stats","Slay-I","StSLib","SuperFastMode"],"gold_per_floor":[118,118,131,149,132,132,142,142,187,227,209,253,265,277,277],"floor_reached":14,"language":"ENG","playtime":394,"items_purged":[],"score":160,"play_id":"e58d35d8-42ae-4dbf-a88a-a93e70da5a23","local_time":"20210129134347","is_ascension_mode":true,"campfire_choices":[{"data":"Noxious Fumes","floor":6,"key":"SMITH"},{"data":"Finisher","floor":8,"key":"SMITH"},{"data":"Noxious Fumes","floor":13,"key":"SMITH"}],"circlet_count":0,"master_deck":["AscendersBane","Strike_G","Strike_G","Strike_G","Strike_G","Strike_G","Defend_G","Defend_G","Defend_G","Defend_G","Defend_G","Survivor","Neutralize","Noxious Fumes+1","Finisher+1","After Image","Noxious Fumes+1"],"relics":["Ring of the Snake","NeowsBlessing","Singing Bowl","MawBank","Happy Flower","Turnip"],"acts_visited":["Exordium"],"potions_floor_usage":[10,10,12,12],"damage_taken":[{"damage":0,"enemies":"Jaw Worm","floor":1,"turns":1},{"damage":0,"enemies":"2 Louse","floor":3,"turns":1},{"damage":0,"enemies":"Cultist","floor":4,"turns":1},{"damage":8,"enemies":"Exordium Thugs","floor":5,"turns":5},{"damage":5,"enemies":"2 Fungi Beasts","floor":7,"turns":4},{"damage":4,"enemies":"Lagavulin","floor":10,"turns":6},{"damage":14,"enemies":"Gremlin Nob","floor":12,"turns":4},{"damage":22,"enemies":"3 Sentries","floor":14,"turns":5}],"seed_played":"-1259696491396130350","potions_obtained":[{"floor":1,"key":"PowerPotion"},{"floor":5,"key":"GhostInAJar"},{"floor":10,"key":"FearPotion"},{"floor":11,"key":"CultistPotion"}],"is_trial":false,"path_per_floor":["M","?","M","M","M","R","M","R","T","E","?","E","R","E"],"character_chosen":"THE_SILENT","items_purchased":[],"campfire_rested":0,"item_purchase_floors":[],"current_hp_per_floor":[63,45,47,47,39,39,36,36,36,32,32,18,18,0,0],"gold":277,"neow_bonus":"THREE_ENEMY_KILL","is_daily":false,"chose_seed":false,"campfire_upgraded":3,"win_rate":0.0,"timestamp":1611927827,"path_taken":["M","?","M","M","M","R","M","R","T","E","?","E","R","E"],"items_purchased_type":[],"build_version":"2020-12-18","purchased_purges":0,"victory":false,"max_hp_per_floor":[70,70,72,72,72,72,74,74,74,74,74,74,74,74,74],"relic_stats":{"Singing Bowl":4,"Happy Flower":[3],"counters":[8,27],"Turnip":[0],"MawBank":60,"obtain_stats":[{"NeowsBlessing":0,"Singing Bowl":2,"Happy Flower":10,"Turnip":12,"MawBank":9,"Ring of the Snake":0},{"NeowsBlessing":0,"Singing Bowl":1,"Happy Flower":6,"Turnip":7,"MawBank":5,"Ring of the Snake":0},{"NeowsBlessing":0,"Singing Bowl":1,"Happy Flower":18,"Turnip":22,"MawBank":12,"Ring of the Snake":0}],"Ring of the Snake":[16]},"card_choices":[{"not_picked":["Concentrate","Flying Knee","Blade Dance"],"picked":"SKIP","floor":1},{"not_picked":["Blade Dance","Flying Knee","Outmaneuver"],"picked":"Singing Bowl","floor":3},{"not_picked":["Acrobatics","Cloak And Dagger"],"picked":"Noxious Fumes","floor":4},{"not_picked":["Backflip","Flying Knee"],"picked":"Finisher","floor":5},{"not_picked":["Deadly Poison","Grand Finale","Blade Dance"],"picked":"Singing Bowl","floor":7},{"not_picked":["All Out Attack","Flying Knee"],"picked":"After Image","floor":10},{"not_picked":["Crippling Poison","Dagger Throw"],"picked":"Noxious Fumes","floor":12}],"player_experience":476646,"relics_obtained":[{"floor":9,"key":"MawBank"},{"floor":10,"key":"Happy Flower"},{"floor":12,"key":"Turnip"}],"event_choices":[{"damage_healed":0,"gold_gain":0,"player_choice":"Success","damage_taken":18,"relics_obtained":["Singing Bowl"],"max_hp_gain":0,"max_hp_loss":0,"event_name":"Scrap Ooze","floor":2,"gold_loss":0},{"damage_healed":0,"gold_gain":0,"player_choice":"Bought 2 Potions","damage_taken":0,"max_hp_gain":0,"max_hp_loss":0,"event_name":"The Woman in Blue","floor":11,"gold_loss":0}],"is_beta":true,"boss_relics":[],"items_purged_floors":[],"is_endless":false,"potions_floor_spawned":[1,5,7,10],"killed_by":"3 Sentries","ascension_level":12}}