{"host":"1gh1pdv85cipbjj7","time":1611884599,"event":{"mods":["BaseMod","Colored Map","Downfall","GifTheSpireLib","Infinite Spire","Minty Spire (QoL Compilation)","Permanent Neow","StSLib","The Jungle"],"gold_per_floor":[99,112,112,124,135,2,2,15,43,43,28,28,28,44,57,57,57,57],"floor_reached":16,"language":"ENG","playtime":1006,"items_purged":[],"score":122,"play_id":"780f0dd3-14b2-4afb-a32b-e7e9c97ce66b","local_time":"20210128194319","is_ascension_mode":true,"campfire_choices":[{"data":"Slimebound:CorrosiveSpit","floor":1.0,"key":"SMITH"},{"floor":10,"key":"REST"},{"data":"Slimebound:Replication","floor":13,"key":"SMITH"}],"circlet_count":0,"master_deck":["Slimebound:Tackle","Slimebound:Defend_Slimebound","Slimebound:Defend_Slimebound","Slimebound:Defend_Slimebound","Slimebound:Defend_Slimebound","Slimebound:Split","Slimebound:CorrosiveSpit+1","Slimebound:AcidTongue","Slimebound:SplitMire","Slimebound:SplitLeeching","Slimebound:PressTheAttack","Slimebound:DivideAndConquer","Slimebound:Replication+1","Slimebound:SplitBruiser+1","Slimebound:SamplingLick","Slimebound:Schlurp+1","Slimebound:Equalize","Slimebound:ServeAndProtect","Slimebound:PressTheAttack","Slimebound:GoopSpray","Slimebound:BestDefense"],"relics":["Slimebound:AbsorbEndCombat","Prayer Wheel","War Paint"],"acts_visited":["Exordium"],"potions_floor_usage":[9,9,14],"damage_taken":[{"damage":1.0,"enemies":"Cultist","floor":2.0,"turns":4.0},{"damage":2.0,"enemies":"2 Louse","floor":4.0,"turns":2.0},{"damage":0.0,"enemies":"Small Slimes","floor":5.0,"turns":3.0},{"damage":2.0,"enemies":"downfall:FleeingMerchant","floor":6.0,"turns":4.0},{"damage":16.0,"enemies":"3 Louse","floor":8.0,"turns":3.0},{"damage":45,"enemies":"Gremlin Nob","floor":9,"turns":6},{"damage":6,"enemies":"downfall:FleeingMerchant","floor":11,"turns":4},{"damage":6,"enemies":"Lots of Slimes","floor":14,"turns":4},{"damage":6,"enemies":"2 Fungi Beasts","floor":15,"turns":3},{"damage":65,"enemies":"IC_STATUS_ARCHETYPE","floor":16,"turns":10}],"seed_played":"-5528955285025216683","potions_obtained":[{"floor":2.0,"key":"Weak Potion"},{"floor":5.0,"key":"ColorlessPotion"},{"floor":9,"key":"Block Potion"},{"floor":14,"key":"sneckomod:MuddlingPotion"}],"is_trial":false,"path_per_floor":["R","M","?","M","M","$","T","M","E","R","$","?","R","M","M","B"],"character_chosen":"SLIMEBOUND","items_purchased":["Slimebound:Replication","Slimebound:SplitBruiser"],"campfire_rested":1,"item_purchase_floors":[6,6],"current_hp_per_floor":[65,65,65,65,65,65,65,52,15,34,44,44,44,50,46,0,0,0],"gold":57,"neow_bonus":"TRANSFORM_CARD","is_daily":false,"chose_seed":false,"campfire_upgraded":2,"win_rate":0.0,"timestamp":1611884599,"path_taken":["R","M","?","?","M","$","T","?","E","R","$","?","R","M","M","BOSS"],"items_purchased_type":["Card","Card"],"build_version":"2020-12-22","purchased_purges":0,"victory":false,"max_hp_per_floor":[65,65,65,65,65,65,65,65,65,65,65,65,65,65,65,65,65,65],"card_choices":[{"not_picked":["Slimebound:GoopTackle","Slimebound:Nibble"],"picked":"Slimebound:SplitMire","floor":2.0},{"not_picked":["Slimebound:HungryTackle","Slimebound:LeechingTouch"],"picked":"Slimebound:SplitLeeching","floor":4.0},{"not_picked":["Slimebound:HauntingLick","Slimebound:SplitLeeching"],"picked":"Slimebound:PressTheAttack","floor":5.0},{"not_picked":["Slimebound:Gluttony","Slimebound:ForwardTackle"],"picked":"Slimebound:DivideAndConquer","floor":6.0},{"not_picked":["Slimebound:ItLooksTasty","Slimebound:Prepare"],"picked":"Slimebound:SamplingLick","floor":8.0},{"not_picked":["Slimebound:SamplingLick","Slimebound:DivideAndConquer"],"picked":"Slimebound:Schlurp","floor":8.0},{"not_picked":["Slimebound:ForwardTackle","Slimebound:TagTeam"],"picked":"Slimebound:Equalize","floor":9},{"not_picked":["Slimebound:SplitAcid","Slimebound:SplitSpecialist"],"picked":"Slimebound:ServeAndProtect","floor":11},{"not_picked":["Slimebound:ItLooksTasty","Slimebound:HauntingLick"],"picked":"Slimebound:PressTheAttack","floor":14},{"not_picked":["Slimebound:SamplingLick","Slimebound:GrowthPunch","Slimebound:ItLooksTasty"],"picked":"SKIP","floor":14},{"not_picked":["Slimebound:Schlurp","Slimebound:PressTheAttack"],"picked":"Slimebound:GoopSpray","floor":15},{"not_picked":["Slimebound:PressTheAttack","Slimebound:Prepare"],"picked":"Slimebound:BestDefense","floor":15}],"player_experience":787210,"relics_obtained":[{"floor":7.0,"key":"Prayer Wheel"},{"floor":9,"key":"War Paint"}],"event_choices":[{"cards_removed":["Slimebound:Strike_Slimebound"],"damage_healed":0.0,"max_hp_gain":0.0,"max_hp_loss":0.0,"gold_gain":0.0,"event_name":"Bonfire Elementals","player_choice":"Offered Basic","floor":3.0,"gold_loss":0.0,"damage_taken":0.0},{"cards_removed":["Slimebound:Strike_Slimebound"],"damage_healed":0,"gold_gain":0,"player_choice":"Card Removal","damage_taken":0,"max_hp_gain":0,"max_hp_loss":0,"event_name":"The Cleric","floor":12,"gold_loss":0}],"is_beta":false,"boss_relics":[],"items_purged_floors":[],"is_endless":false,"potions_floor_spawned":[2,5,9,14],"killed_by":"IC_STATUS_ARCHETYPE","ascension_level":4}}