{"host":"k85tjwrh7mjrrc9a","time":1611959180,"event":{"mods":["AchievementEnabler","BaseMod","Colored Powertips","Highlight Path","Minty Spire (QoL Compilation)","Rare Cards Sparkle","StSLib"],"gold_per_floor":[217,217,274,274,103,103,130,130,130,149,168,201,221,238,238,238,238],"floor_reached":16,"language":"ENG","playtime":557,"items_purged":["Strike_R"],"score":223,"play_id":"26feefb6-928a-4f5d-88a8-e569aec74c5f","local_time":"20210129172620","is_ascension_mode":true,"campfire_choices":[{"data":"Feed","floor":6,"key":"SMITH"},{"data":"Double Tap","floor":8,"key":"SMITH"},{"floor":15,"key":"REST"}],"circlet_count":0,"master_deck":["AscendersBane","Strike_R","Strike_R","Strike_R","Strike_R","Defend_R","Defend_R","Defend_R","Defend_R","Bash+1","Twin Strike","Feed+1","Carnage","Twin Strike","Double Tap+1","True Grit","Wild Strike","Battle Trance","Ghostly Armor","Whirlwind"],"relics":["Burning Blood","Nunchaku","Pear","Akabeko"],"acts_visited":["Exordium"],"potions_floor_usage":[7],"damage_taken":[{"damage":13,"enemies":"Jaw Worm","floor":1,"turns":4},{"damage":28,"enemies":"Gremlin Nob","floor":7,"turns":4},{"damage":10,"enemies":"Small Slimes","floor":10,"turns":3},{"damage":0,"enemies":"Cultist","floor":11,"turns":2},{"damage":40,"enemies":"Lagavulin","floor":12,"turns":6},{"damage":6,"enemies":"Looter","floor":13,"turns":2},{"damage":0,"enemies":"3 Louse","floor":14,"turns":4},{"damage":70,"enemies":"Hexaghost","floor":16,"turns":9}],"seed_played":"-6541995594600129171","potions_obtained":[{"floor":1,"key":"Swift Potion"},{"floor":14,"key":"SmokeBomb"}],"is_trial":false,"path_per_floor":["M","?","?","?","$","R","E","R","T","M","M","E","M","M","R","B"],"character_chosen":"IRONCLAD","items_purchased":["Carnage","Twin Strike"],"campfire_rested":1,"item_purchase_floors":[5,5],"current_hp_per_floor":[61,61,61,61,61,61,43,43,53,49,59,29,29,39,69,0,0],"gold":238,"neow_bonus":"HUNDRED_GOLD","is_daily":false,"chose_seed":false,"campfire_upgraded":2,"win_rate":0.0,"timestamp":1611959180,"path_taken":["M","?","?","?","$","R","E","R","T","M","?","E","M","M","R","BOSS"],"items_purchased_type":["Card","Card"],"build_version":"2020-12-22","purchased_purges":1,"victory":false,"max_hp_per_floor":[75,75,75,75,75,75,79,79,89,89,93,97,97,101,101,101,101],"card_choices":[{"not_picked":["Metallicize","Armaments"],"picked":"Twin Strike","floor":1},{"not_picked":["Flex","Carnage"],"picked":"Double Tap","floor":7},{"not_picked":["Hemokinesis","Havoc"],"picked":"True Grit","floor":10},{"not_picked":["Havoc","Second Wind"],"picked":"Wild Strike","floor":11},{"not_picked":["Heavy Blade","Sword Boomerang"],"picked":"Battle Trance","floor":12},{"not_picked":["Warcry","Anger"],"picked":"Ghostly Armor","floor":13},{"not_picked":["Cleave","Dark Embrace"],"picked":"Whirlwind","floor":14}],"player_experience":239251,"relics_obtained":[{"floor":7,"key":"Nunchaku"},{"floor":9,"key":"Pear"},{"floor":12,"key":"Akabeko"}],"event_choices":[{"damage_healed":0,"gold_gain":0,"player_choice":"Grow","damage_taken":0,"max_hp_gain":0,"max_hp_loss":0,"event_name":"Living Wall","floor":2,"gold_loss":0,"cards_upgraded":["Bash"]},{"damage_healed":0,"gold_gain":57,"player_choice":"Gained Gold","damage_taken":0,"max_hp_gain":0,"max_hp_loss":0,"event_name":"Golden Wing","floor":3,"gold_loss":0},{"damage_healed":0,"gold_gain":0,"player_choice":"1 cards matched","damage_taken":0,"max_hp_gain":0,"max_hp_loss":0,"event_name":"Match and Keep!","floor":4,"gold_loss":0,"cards_obtained":["Feed"]}],"is_beta":false,"boss_relics":[],"items_purged_floors":[5],"is_endless":false,"potions_floor_spawned":[1,14],"killed_by":"Hexaghost","ascension_level":16}}