{"host":"og21o26alpnbwmz8","time":1611934785,"event":{"mods":["Act Like it!","Aspiration","BaseMod","Conspire","Downfall","Halation","Hallownest","Hubris","Jedi Mod","Mimic Mod","Minty Spire (QoL Compilation)","Pale of the Ancients","Replay The Spire","Shop Mod","Spikes Relics","StSLib","The Administrix","The Alterego","The Blue Laboratory","The Bug Knight","The Death Knight","The Problem Sleuth","The Wild Card","Waifu the Spire"],"gold_per_floor":[199,263,1,1,15,15,15,15,33,52,52,87,107,139,156,156,156,156],"floor_reached":16,"language":"ENG","playtime":849,"items_purged":["sneckomod:Strike"],"score":135,"play_id":"0c1eb0de-5b75-40ac-8549-1bca478a65f8","local_time":"20210129103945","is_ascension_mode":false,"campfire_choices":[{"data":"sneckomod:TailWhip","floor":1,"key":"SMITH"},{"data":"Slimebound:Grow","floor":11,"key":"SMITH"}],"circlet_count":0,"master_deck":["sneckomod:Strike","sneckomod:Strike","sneckomod:Defend","sneckomod:Defend","sneckomod:Defend","sneckomod:TailWhip+1","sneckomod:SnekBite+1","sneckomod:Unknown","sneckomod:Unknown","sneckomod:MorePower","sneckomod:DiceBoulder+2","sneckomod:Unknown2Cost+1","sneckomod:MorePower+1","Slimebound:Grow+1","sneckomod:UnknownDexterity+1","sneckomod:UnknownCommonSkill+1","sneckomod:UnknownRarePower+1","sneckomod:UnknownDexterity+1","sneckomod:UnknownUncommonPower","jedi:bloodyhammer","sneckomod:UnknownWeak+1","sneckomod:SnakeSap+1","sneckomod:UnknownDexterity+1","sneckomod:SlitherStrike+1"],"relics":["sneckomod:SneckoSoul","ReplayTheSpireMod:Shallot","Blue Candle","Guardian:PocketSentry","hubris:ToyBattleship"],"acts_visited":["Exordium"],"potions_floor_usage":[16],"damage_taken":[{"damage":11,"enemies":"Gremlin Nob","floor":2,"turns":4},{"damage":0,"enemies":"downfall:FleeingMerchant","floor":3,"turns":4},{"damage":0,"enemies":"conspire:RoseBush","floor":5,"turns":4},{"damage":7,"enemies":"Small Slimes","floor":9,"turns":4},{"damage":0,"enemies":"Cultist","floor":10,"turns":4},{"damage":22,"enemies":"HollowMod:MossKnight","floor":12,"turns":6},{"damage":13,"enemies":"conspire:2 RoseBushes","floor":13,"turns":7},{"damage":8,"enemies":"Replay:BlueRogue","floor":14,"turns":6},{"damage":15,"enemies":"Blue Slaver","floor":15,"turns":3},{"damage":11,"enemies":"IC_STATUS_ARCHETYPE","floor":16,"turns":2}],"seed_played":"5629835946733520635","potions_obtained":[{"floor":5,"key":"blueLaboratory:BottledHope"},{"floor":9,"key":"blueLaboratory:BottleOfRum"},{"floor":12,"key":"blueLaboratory:BubblePotion"}],"is_trial":false,"path_per_floor":["R","?","$","?","M","?","T","R","M","M","R","E","M","E","M","B"],"character_chosen":"THE_SNECKO","items_purchased":["sneckomod:MorePower","sneckomod:DiceBoulder"],"campfire_rested":0,"item_purchase_floors":[3,3],"current_hp_per_floor":[90,79,79,74,74,74,74,74,67,67,67,45,32,24,9,0,0,0],"gold":156,"neow_bonus":"HUNDRED_GOLD","is_daily":false,"chose_seed":false,"campfire_upgraded":2,"win_rate":0.0,"timestamp":1611934785,"path_taken":["R","?","$","?","M","?","T","R","M","?","R","E","M","E","M","BOSS"],"items_purchased_type":["Card","Card"],"build_version":"2020-12-22","purchased_purges":1,"victory":false,"max_hp_per_floor":[90,90,90,90,90,90,90,90,90,90,90,90,90,90,90,90,90,90],"card_choices":[{"not_picked":["sneckomod:IronFang","sneckomod:UnknownX"],"picked":"sneckomod:UnknownDexterity","floor":3},{"not_picked":["sneckomod:DiceBoulder+1","sneckomod:ImprovisedAttack+1"],"picked":"sneckomod:Unknown2Cost+1","floor":5},{"not_picked":["sneckomod:SnakeSap","sneckomod:DefensiveFlair","sneckomod:UnknownVulnerable"],"picked":"SKIP","floor":5},{"not_picked":["sneckomod:DefensiveFlair+1","sneckomod:DiceBlock+1"],"picked":"sneckomod:UnknownDexterity+1","floor":9},{"not_picked":["sneckomod:DangerNoodle+1","sneckomod:IronFang+1"],"picked":"sneckomod:UnknownRareSkill+1","floor":9},{"not_picked":["sneckomod:QuickBite","sneckomod:Unknown1Cost","sneckomod:UnknownCommonAttack"],"picked":"SKIP","floor":9},{"not_picked":["sneckomod:SoulExchange+1","sneckomod:UnknownStrike+1"],"picked":"sneckomod:UnknownCommonSkill+1","floor":10},{"not_picked":["sneckomod:UnknownUncommonPower+1","sneckomod:SoulDraw+1"],"picked":"sneckomod:UnknownRarePower+1","floor":10},{"not_picked":["sneckomod:DiceBlock","sneckomod:UnknownCommonAttack","sneckomod:UnendingSupply"],"picked":"SKIP","floor":10},{"not_picked":["sneckomod:DiceBlock+1","sneckomod:MixItUp+1"],"picked":"sneckomod:Memorize+1","floor":12},{"not_picked":["sneckomod:Unknown0Cost+1","sneckomod:SoulExchange+1"],"picked":"sneckomod:UnknownDexterity+1","floor":12},{"not_picked":["sneckomod:UnknownUncommonAttack","sneckomod:UnknownCommonSkill"],"picked":"sneckomod:UnknownUncommonPower","floor":12},{"not_picked":["sneckomod:UnknownCommonAttack+1","sneckomod:UnknownStrike+1"],"picked":"sneckomod:UnknownWeak+1","floor":13},{"not_picked":["sneckomod:DiceBlock","sneckomod:WideSting","sneckomod:DangerNoodle"],"picked":"SKIP","floor":13},{"not_picked":["sneckomod:UnknownRareSkill+1","sneckomod:UnknownBoss+1"],"picked":"sneckomod:SnakeSap+1","floor":14},{"not_picked":["sneckomod:Cheat+1","sneckomod:MasterEye+1"],"picked":"sneckomod:UnknownDexterity+1","floor":14},{"not_picked":["sneckomod:Unknown1Cost","sneckomod:SnekBeam","sneckomod:UnknownDraw"],"picked":"SKIP","floor":14},{"not_picked":["sneckomod:UnknownUncommonAttack+1","sneckomod:Unknown1Cost+1"],"picked":"sneckomod:SlitherStrike+1","floor":15},{"not_picked":["sneckomod:UnknownVulnerable","sneckomod:SoulDraw","sneckomod:ImprovisedGuard"],"picked":"SKIP","floor":15}],"player_experience":230942,"relics_obtained":[{"floor":2,"key":"ReplayTheSpireMod:Shallot"},{"floor":12,"key":"Guardian:PocketSentry"},{"floor":14,"key":"hubris:ToyBattleship"}],"event_choices":[],"is_beta":false,"boss_relics":[],"items_purged_floors":[3],"is_endless":false,"potions_floor_spawned":[5,9,12,13,14],"killed_by":"IC_STATUS_ARCHETYPE","ascension_level":0}}