{"host":"39ahngdv1ocm702x","time":1611897559,"event":{"mods":["BaseMod","Hermit","Jorbs\u0027s Wanderer Trilogy","Minty Spire (QoL Compilation)","StSLib","The Bug Knight","The Cursed"],"gold_per_floor":[109,127,146,161,5,5,30,30,30,47,47,66,76,107,107,208,208,225,238,251,271,284,8,8,8,76,88,99,99,129,4,4,106,106,133,153,173,191,191,191,222,222,302,42,42,42,72,72,72,79,79,79,4,41,41,41],"floor_reached":55,"language":"ENG","playtime":3512,"items_purged":["hermit:Strike_Hermit","hermit:Strike_Hermit","hermit:Strike_Hermit","hermit:Strike_Hermit"],"score":861,"play_id":"877b9b69-dede-407d-b1d9-1584bac81d98","local_time":"20210128231919","is_ascension_mode":false,"campfire_choices":[{"data":"hermit:CursedWeapon","floor":6,"key":"SMITH"},{"data":"hermit:CursedWeapon","floor":8,"key":"SMITH"},{"data":"hermit:Dive","floor":15,"key":"SMITH"},{"data":"hermit:TakeCover","floor":25,"key":"SMITH"},{"floor":29,"key":"REST"},{"data":"hermit:Scavenge","floor":32,"key":"SMITH"},{"data":"hermit:Adapt","floor":40,"key":"SMITH"},{"data":"hermit:Roughhouse","floor":42,"key":"SMITH"},{"floor":46,"key":"REST"},{"floor":49,"key":"RECALL"},{"data":"hermit:BigShot","floor":52,"key":"SMITH"}],"circlet_count":0,"master_deck":["hermit:Defend_Hermit","hermit:Defend_Hermit","hermit:Defend_Hermit","hermit:Snapshot","hermit:Covet","hermit:Dive+1","hermit:CursedWeapon+1","hermit:CursedWeapon+1","hermit:Roulette","hermit:SprayPray","hermit:Enervate","hermit:Gestalt","hermit:RoundhouseKick","hermit:FinalCanter","CurseOfTheBell","hermit:Spite","hermit:BodyArmor+1","hermit:Roughhouse+1","hermit:TakeCover+1","hermit:BigShot+1","hermit:Brawl+1","hermit:Scavenge+1","hermit:Adapt+1","hermit:Brawl+1","hermit:Showdown+1","Shame"],"relics":["hermit:Momento","Membership Card","Dream Catcher","Mercury Hourglass","Ice Cream","Pantograph","Calling Bell","PreservedInsect","Mummified Hand","Pocketwatch","Anchor","Gremlin Horn","Matryoshka","Sundial","Bag of Preparation","Cursed Key","Juzu Bracelet","Bronze Scales","Ornamental Fan","Strange Spoon","Ginger"],"acts_visited":["Exordium","TheCity","TheBeyond","TheEnding"],"potions_floor_usage":[4,22,55,55],"damage_taken":[{"damage":1,"enemies":"2 Louse","floor":1,"turns":3},{"damage":1,"enemies":"Jaw Worm","floor":2,"turns":3},{"damage":2,"enemies":"Small Slimes","floor":3,"turns":3},{"damage":2,"enemies":"2 Fungi Beasts","floor":4,"turns":2},{"damage":18,"enemies":"Gremlin Nob","floor":7,"turns":3},{"damage":4,"enemies":"Large Slime","floor":10,"turns":3},{"damage":4,"enemies":"Looter","floor":12,"turns":2},{"damage":4,"enemies":"3 Louse","floor":13,"turns":2},{"damage":8,"enemies":"HollowMod:MossKnight","floor":14,"turns":3},{"damage":4,"enemies":"Slime Boss","floor":16,"turns":5},{"damage":8,"enemies":"Shell Parasite","floor":18,"turns":3},{"damage":9,"enemies":"Chosen","floor":19,"turns":2},{"damage":4,"enemies":"Sentry and Sphere","floor":20,"turns":2},{"damage":19,"enemies":"Snecko","floor":21,"turns":3},{"damage":12,"enemies":"Centurion and Healer","floor":22,"turns":3},{"damage":4,"enemies":"Chosen and Byrds","floor":27,"turns":4},{"damage":7,"enemies":"Snake Plant","floor":28,"turns":3},{"damage":4,"enemies":"Book of Stabbing","floor":30,"turns":3},{"damage":5,"enemies":"Automaton","floor":33,"turns":9},{"damage":2,"enemies":"Orb Walker","floor":35,"turns":2},{"damage":30,"enemies":"3 Darklings","floor":36,"turns":3},{"damage":10,"enemies":"Sphere and 2 Shapes","floor":37,"turns":4},{"damage":4,"enemies":"Maw","floor":38,"turns":5},{"damage":4,"enemies":"HollowMod:StalkingDevout","floor":41,"turns":4},{"damage":4,"enemies":"Reptomancer","floor":47,"turns":4},{"damage":37,"enemies":"Donu and Deca","floor":50,"turns":8},{"damage":4,"enemies":"Shield and Spear","floor":54,"turns":2},{"damage":111,"enemies":"The Heart","floor":55,"turns":8}],"seed_played":"412343030180387215","potions_obtained":[{"floor":1,"key":"AttackPotion"},{"floor":2,"key":"hermit:Tonic"},{"floor":3,"key":"Explosive Potion"},{"floor":12,"key":"SmokeBomb"},{"floor":13,"key":"FairyPotion"},{"floor":18,"key":"SkillPotion"},{"floor":28,"key":"LiquidMemories"}],"is_trial":false,"path_per_floor":["M","M","M","M","$","R","E","R","T","M","?","M","M","E","R","B",null,"M","M","M","M","M","$","?","R","T","M","M","R","E","$","R","B",null,"M","M","M","M","?","R","E","R","T","$","?","R","E","?","R","B",null,"R","$","E","B"],"character_chosen":"HERMIT","items_purchased":["Membership Card","hermit:BigShot","Anchor","Gremlin Horn","Bag of Preparation","Ornamental Fan","Strange Spoon"],"campfire_rested":2,"item_purchase_floors":[5,23,23,23,31,44,44],"current_hp_per_floor":[81,80,78,76,76,76,58,58,58,54,47,43,39,31,31,52,82,74,65,61,42,30,30,30,30,30,26,19,43,39,39,39,59,82,80,50,40,36,36,36,32,32,32,32,32,56,52,52,52,40,78,78,78,74,0,0],"gold":41,"neow_bonus":"TEN_PERCENT_HP_BONUS","is_daily":false,"chose_seed":false,"campfire_upgraded":8,"win_rate":0.0,"timestamp":1611897559,"path_taken":["M","M","M","M","$","R","E","R","T","M","?","M","M","E","R","BOSS","M","M","M","M","M","$","?","R","T","M","M","R","E","$","R","BOSS","M","M","M","M","?","R","E","R","T","$","?","R","E","?","R","BOSS","R","$","E","BOSS"],"items_purchased_type":["Relic","Card","Relic","Relic","Relic","Relic","Relic"],"build_version":"2020-12-22","purchased_purges":4,"victory":false,"max_hp_per_floor":[82,82,82,82,82,82,82,82,82,82,82,82,82,82,82,82,82,82,82,82,82,82,82,82,82,82,82,82,82,82,82,82,82,82,82,82,82,82,82,82,82,82,82,82,82,82,82,78,78,78,78,78,78,78,78,78],"card_choices":[{"not_picked":["hermit:Combo","hermit:Roulette"],"picked":"hermit:Dive","floor":1},{"not_picked":["hermit:HoleUp","hermit:Desperado"],"picked":"hermit:CursedWeapon","floor":2},{"not_picked":["hermit:HighCaliber","hermit:SprayPray"],"picked":"hermit:CursedWeapon","floor":3},{"not_picked":["hermit:TakeAim","hermit:Grudge"],"picked":"hermit:Roulette","floor":4},{"not_picked":["hermit:Roulette","hermit:WideOpen","hermit:Spite"],"picked":"SKIP","floor":7},{"not_picked":["hermit:Quickdraw","hermit:EyeOfTheStorm"],"picked":"hermit:SprayPray","floor":10},{"not_picked":["hermit:Headshot","hermit:Vantage"],"picked":"hermit:Enervate","floor":12},{"not_picked":["hermit:Misfire","hermit:Cheat"],"picked":"hermit:Gestalt","floor":13},{"not_picked":["hermit:WideOpen","hermit:Quickdraw"],"picked":"hermit:RoundhouseKick","floor":14},{"not_picked":["hermit:BlackWind","hermit:Adapt"],"picked":"hermit:FinalCanter","floor":16},{"not_picked":["hermit:Roulette","hermit:Vantage"],"picked":"hermit:Spite","floor":18},{"not_picked":["hermit:Roulette","hermit:HoleUp+1","hermit:WideOpen+1"],"picked":"SKIP","floor":19},{"not_picked":["hermit:SprayPray","hermit:CalledShot"],"picked":"hermit:BodyArmor+1","floor":20},{"not_picked":["hermit:Snipe","hermit:LuckOfTheDraw"],"picked":"hermit:Roughhouse","floor":21},{"not_picked":["hermit:Virtue","hermit:ItchyTrigger+1"],"picked":"hermit:TakeCover","floor":22},{"not_picked":["hermit:GoldenBullet+1","hermit:Misfire"],"picked":"hermit:Brawl+1","floor":27},{"not_picked":["hermit:LuckOfTheDraw","hermit:Glare"],"picked":"hermit:Scavenge","floor":28},{"not_picked":["hermit:Enervate","hermit:Manifest+1","hermit:TakeAim"],"picked":"SKIP","floor":30},{"not_picked":["hermit:FromBeyond","hermit:HeroicBravado"],"picked":"hermit:Adapt","floor":33},{"not_picked":["hermit:Deadeye+1","hermit:HighCaliber+1"],"picked":"hermit:Brawl+1","floor":35},{"not_picked":["hermit:LowProfile","hermit:Coalescence+1","hermit:Malice"],"picked":"SKIP","floor":36},{"not_picked":["hermit:BigShot","hermit:Snipe+1","hermit:Headshot+1"],"picked":"SKIP","floor":37},{"not_picked":["hermit:HoleUp+1","hermit:BodyArmor","hermit:GhostlyPresence"],"picked":"SKIP","floor":38},{"not_picked":["hermit:TakeAim","hermit:BigShot+1"],"picked":"hermit:Showdown+1","floor":41},{"not_picked":["hermit:TrackingShot+1","hermit:Showdown","hermit:Dissolve"],"picked":"SKIP","floor":47},{"not_picked":["hermit:Vantage","hermit:PistolWhip","hermit:HoleUp"],"picked":"SKIP","floor":54}],"player_experience":206290,"relics_obtained":[{"floor":7,"key":"Dream Catcher"},{"floor":9,"key":"Mercury Hourglass"},{"floor":14,"key":"Pantograph"},{"floor":17,"key":"PreservedInsect"},{"floor":17,"key":"Mummified Hand"},{"floor":17,"key":"Pocketwatch"},{"floor":26,"key":"Matryoshka"},{"floor":30,"key":"Sundial"},{"floor":41,"key":"Juzu Bracelet"},{"floor":43,"key":"Bronze Scales"},{"floor":47,"key":"Ginger"}],"event_choices":[{"damage_healed":0,"gold_gain":0,"player_choice":"Success","damage_taken":7,"relics_obtained":["Ice Cream"],"max_hp_gain":0,"max_hp_loss":0,"event_name":"Scrap Ooze","floor":11,"gold_loss":0},{"damage_healed":0,"gold_gain":0,"player_choice":"Ignored","damage_taken":0,"max_hp_gain":0,"max_hp_loss":0,"event_name":"Ghosts","floor":24,"gold_loss":0},{"damage_healed":0,"gold_gain":0,"player_choice":"Ignored","damage_taken":0,"max_hp_gain":0,"max_hp_loss":0,"event_name":"Tomb of Lord Red Mask","floor":39,"gold_loss":0},{"cards_removed":["hermit:Defend_Hermit"],"damage_healed":0,"gold_gain":0,"player_choice":"Removed Skill","damage_taken":0,"max_hp_gain":0,"max_hp_loss":0,"event_name":"Falling","floor":45,"gold_loss":0},{"damage_healed":0,"gold_gain":0,"player_choice":"Max HP","damage_taken":0,"max_hp_gain":0,"max_hp_loss":4,"event_name":"Winding Halls","floor":48,"gold_loss":0}],"is_beta":false,"boss_relics":[{"not_picked":["Black Star","hermit:ClaspedLocket"],"picked":"Calling Bell"},{"not_picked":["hermit:BartenderGlass","Coffee Dripper"],"picked":"Cursed Key"}],"items_purged_floors":[23,31,44,53],"is_endless":false,"potions_floor_spawned":[1,2,3,12,13,18,28,30,33,35,41,54],"killed_by":"The Heart","ascension_level":0}}