{"host":"882o90fyx3ar5gwq","time":1611907214,"event":{"mods":["BaseMod","Better Third Choice","Downfall","Googly Eyes","Minty Spire (QoL Compilation)","Quick Restart","Relic Stats","Replay The Spire","Spicy Shops","StSLib"],"gold_per_floor":[111,126,126,126,145,145,165,183,183,211,211,224,224,241,241,241,241],"floor_reached":16,"language":"ENG","playtime":1268,"items_purged":[],"score":104,"play_id":"993a894c-8a2c-4746-a5d9-d1300bfd1ed9","local_time":"20210129000014","is_ascension_mode":false,"campfire_choices":[{"data":"Strike_G","floor":6,"key":"SMITH"},{"floor":11,"key":"REST"}],"circlet_count":0,"master_deck":["Strike_G+1","Strike_G","Strike_G","Strike_G","Strike_G","Defend_G","Defend_G","Defend_G","Defend_G","Defend_G","Survivor","Neutralize","Deflect","Dagger Throw+1","Underhanded Strike","Prepared","Backstab","Bouncing Flask","Sucker Punch+1","Poisoned Stab+1"],"relics":["Ring of the Snake","NeowsBlessing","Molten Egg 2","Mummified Hand"],"acts_visited":["Exordium"],"potions_floor_usage":[8,10,14,16,16],"damage_taken":[{"damage":0,"enemies":"Jaw Worm","floor":1,"turns":1},{"damage":0,"enemies":"Cultist","floor":2,"turns":1},{"damage":0,"enemies":"Small Slimes","floor":5,"turns":1},{"damage":18,"enemies":"2 Fungi Beasts","floor":7,"turns":5},{"damage":20,"enemies":"Exordium Thugs","floor":8,"turns":7},{"damage":24,"enemies":"3 Sentries","floor":10,"turns":10},{"damage":8,"enemies":"Lots of Slimes","floor":12,"turns":3},{"damage":0,"enemies":"2 Fungi Beasts","floor":14,"turns":2},{"damage":49,"enemies":"Fading Forest","floor":16,"turns":10}],"seed_played":"-1951398228993126036","potions_obtained":[{"floor":5,"key":"FearPotion"},{"floor":7,"key":"SkillPotion"},{"floor":8,"key":"SpeedPotion"},{"floor":10,"key":"Fire Potion"},{"floor":14,"key":"Fire Potion"}],"is_trial":false,"path_per_floor":["M","M","$","?","M","R","M","M","T","E","R","M","?","M","R","B"],"character_chosen":"THE_SILENT","items_purchased":[],"campfire_rested":1,"item_purchase_floors":[],"current_hp_per_floor":[70,70,70,63,63,63,45,25,25,1,22,14,14,14,35,0,0],"gold":241,"neow_bonus":"THREE_ENEMY_KILL","is_daily":false,"chose_seed":false,"campfire_upgraded":1,"win_rate":0.0,"timestamp":1611907214,"path_taken":["M","M","$","?","M","R","?","M","T","E","R","M","?","M","R","BOSS"],"items_purchased_type":[],"build_version":"2020-12-22","purchased_purges":0,"victory":false,"max_hp_per_floor":[70,70,70,70,70,70,70,70,70,70,70,70,70,70,70,70,70],"relic_stats":{"counters":[9,40],"Mummified Hand":[1],"obtain_stats":[{"NeowsBlessing":0,"Mummified Hand":10,"Molten Egg 2":9,"Ring of the Snake":0},{"NeowsBlessing":0,"Mummified Hand":6,"Molten Egg 2":5,"Ring of the Snake":0},{"NeowsBlessing":0,"Mummified Hand":25,"Molten Egg 2":15,"Ring of the Snake":0}],"Ring of the Snake":[18]},"card_choices":[{"not_picked":["Dagger Throw","Quick Slash"],"picked":"Deflect","floor":1},{"not_picked":["Dodge and Roll","Skewer"],"picked":"Dagger Throw","floor":2},{"not_picked":["Distraction","Bullet Time"],"picked":"Underhanded Strike","floor":5},{"not_picked":["Dagger Throw","Deflect"],"picked":"Prepared","floor":7},{"not_picked":["Flying Knee","PiercingWail"],"picked":"Backstab","floor":8},{"not_picked":["Underhanded Strike+1","Outmaneuver"],"picked":"Bouncing Flask","floor":10},{"not_picked":["Tactician","After Image"],"picked":"Sucker Punch+1","floor":12},{"not_picked":["Sneak Up","Outmaneuver"],"picked":"Poisoned Stab+1","floor":14}],"player_experience":11268,"relics_obtained":[{"floor":9,"key":"Molten Egg 2"},{"floor":10,"key":"Mummified Hand"}],"event_choices":[{"damage_healed":0,"gold_gain":0,"player_choice":"Damaged","damage_taken":7,"max_hp_gain":0,"max_hp_loss":0,"event_name":"Wheel of Change","floor":4,"gold_loss":0},{"damage_healed":0,"gold_gain":0,"player_choice":"Ignored","damage_taken":224,"max_hp_gain":0,"max_hp_loss":0,"event_name":"betterThird:BetterSerpent","floor":13,"gold_loss":0}],"is_beta":false,"boss_relics":[],"items_purged_floors":[],"is_endless":false,"potions_floor_spawned":[5,7,8,10,14],"killed_by":"Fading Forest","ascension_level":0}}