{"host":"sz8c8ni79nvzjmmg","time":1611912641,"event":{"mods":["AchievementEnabler","BaseMod","DeckTracker","Keyboard Shortcuts","Minty Spire (QoL Compilation)","SuperFastMode"],"gold_per_floor":[117,192,12,26,26,26,43,76,76,109,109,142,142,160,160,238,238,250,263,296,296,296],"floor_reached":21,"language":"KOR","playtime":798,"items_purged":[],"score":394,"play_id":"58aed603-1efe-4049-886a-e2f2b53dd0d3","local_time":"20210129183041","is_ascension_mode":true,"campfire_choices":[{"data":"Recycle","floor":6,"key":"SMITH"},{"data":"Rip and Tear","floor":11,"key":"SMITH"},{"data":"Blizzard","floor":13,"key":"SMITH"},{"data":"Dualcast","floor":15,"key":"SMITH"}],"circlet_count":0,"master_deck":["AscendersBane","Zap","Dualcast+1","Chill","Rip and Tear+1","FTL","Glacier","Recycle+1","Cold Snap","Blizzard+1","Darkness","Heatsinks","Consume","Loop","Hyperbeam","Barrage","Undo","Coolheaded"],"relics":["Cracked Core","Membership Card","Eternal Feather","Matryoshka","StrikeDummy","Lizard Tail","Pandora\u0027s Box","Red Mask"],"acts_visited":["Exordium","TheCity"],"potions_floor_usage":[14],"damage_taken":[{"damage":0,"enemies":"Small Slimes","floor":1,"turns":3},{"damage":8,"enemies":"2 Louse","floor":4,"turns":2},{"damage":0,"enemies":"Cultist","floor":7,"turns":3},{"damage":7,"enemies":"Lagavulin","floor":8,"turns":11},{"damage":8,"enemies":"3 Sentries","floor":10,"turns":14},{"damage":11,"enemies":"Lagavulin","floor":12,"turns":8},{"damage":6,"enemies":"Exordium Thugs","floor":14,"turns":3},{"damage":24,"enemies":"The Guardian","floor":16,"turns":10},{"damage":2,"enemies":"Chosen","floor":18,"turns":7},{"damage":15,"enemies":"Spheric Guardian","floor":19,"turns":4},{"damage":12,"enemies":"Masked Bandits","floor":20,"turns":2},{"damage":16,"enemies":"Snake Plant","floor":21,"turns":2}],"seed_played":"-5606361769947871306","potions_obtained":[{"floor":1,"key":"Fire Potion"},{"floor":10,"key":"Energy Potion"},{"floor":14,"key":"Energy Potion"}],"is_trial":false,"path_per_floor":["M","?","$","M","?","R","M","E","T","E","R","E","R","M","R","B",null,"M","M","?","M"],"character_chosen":"DEFECT","items_purchased":["Membership Card","FTL"],"campfire_rested":0,"item_purchase_floors":[3,3],"current_hp_per_floor":[64,53,53,45,45,45,45,38,38,30,39,28,37,31,40,16,57,55,40,28,12,12],"gold":296,"neow_bonus":"TRANSFORM_CARD","is_daily":false,"chose_seed":false,"campfire_upgraded":4,"win_rate":0.0,"timestamp":1611912641,"path_taken":["M","?","$","M","?","R","M","E","T","E","R","E","R","M","R","BOSS","M","M","?","M"],"items_purchased_type":["Relic","Card"],"build_version":"2020-12-22","purchased_purges":0,"victory":false,"max_hp_per_floor":[71,71,71,71,71,71,71,71,71,71,71,71,71,71,71,71,71,71,71,71,71,71],"card_choices":[{"not_picked":["Static Discharge","Conserve Battery"],"picked":"Rip and Tear","floor":1},{"not_picked":["Turbo","Ball Lightning"],"picked":"Glacier","floor":4},{"not_picked":["Static Discharge","Reinforced Body","Double Energy"],"picked":"SKIP","floor":7},{"not_picked":["Recycle","Leap"],"picked":"Cold Snap","floor":8},{"not_picked":["Heatsinks","Auto Shields","Rip and Tear"],"picked":"SKIP","floor":10},{"not_picked":["Hello World","Fission"],"picked":"Blizzard","floor":12},{"not_picked":["Rebound","Beam Cell","Cold Snap"],"picked":"SKIP","floor":14},{"not_picked":["Beam Cell+1","Stack"],"picked":"Undo","floor":18},{"not_picked":["Chill","Lockon"],"picked":"Coolheaded","floor":19}],"player_experience":1232935,"relics_obtained":[{"floor":8,"key":"Eternal Feather"},{"floor":9,"key":"Matryoshka"},{"floor":10,"key":"StrikeDummy"},{"floor":12,"key":"Lizard Tail"},{"floor":20,"key":"Red Mask"}],"event_choices":[{"damage_healed":0,"gold_gain":75,"player_choice":"Gather Gold","damage_taken":11,"max_hp_gain":0,"max_hp_loss":0,"event_name":"World of Goop","floor":2,"gold_loss":0},{"damage_healed":0,"gold_gain":0,"cards_transformed":["Strike_B"],"player_choice":"Change","damage_taken":0,"max_hp_gain":0,"max_hp_loss":0,"event_name":"Living Wall","floor":5,"gold_loss":0,"cards_obtained":["Recycle"]},{"damage_healed":0,"gold_gain":0,"player_choice":"Fought Bandits","damage_taken":0,"max_hp_gain":0,"max_hp_loss":0,"event_name":"Masked Bandits","floor":20,"gold_loss":0}],"is_beta":false,"boss_relics":[{"not_picked":["Runic Dome","Cursed Key"],"picked":"Pandora\u0027s Box"}],"items_purged_floors":[],"is_endless":false,"potions_floor_spawned":[1,10,14,19],"killed_by":"Snake Plant","ascension_level":20}}