{"host":"9ug175nssngig2z3","time":1611893964,"event":{"mods":["Act Like it!","Bard","BaseMod","Colored Powertips","Conspire","Dark Map","Energized Spire","Hermit","Hubris","Infinite Spire","Mimic Mod","Minty Spire (QoL Compilation)","Relic Stats","Replay The Spire","Spicy Shops","StSLib","The Hierophant","The Jungle","The Runesmith","Transform Curses","UnlockEverythingMod","everything is the same but u backflip on backflip"],"gold_per_floor":[113,113,127,127,145,179,129,140,171,185,37,37,54,74,74,175,175,187,187,201,52,66,99,99,110,110,32,46,46,46,57,57,154,154,169,184,38,38,38],"floor_reached":38,"language":"ENG","playtime":2571,"items_purged":["ReplayTheSpireMod:Doomed"],"score":450,"play_id":"30712097-6e01-4d79-b631-464d1aeab09c","local_time":"20210128221924","is_ascension_mode":false,"campfire_choices":[{"floor":15,"key":"REST"},{"data":"Runesmith:Attraction","floor":24,"key":"SMITH"},{"data":"Runesmith:CraftFirestone","floor":29,"key":"SMITH"},{"floor":32,"key":"REST"}],"circlet_count":0,"master_deck":["Runesmith:Strike_RS","Runesmith:Strike_RS","Runesmith:Strike_RS","Runesmith:Defend_RS","Runesmith:Defend_RS","Runesmith:Defend_RS","Runesmith:CraftFirestone+1","Runesmith:Fortify+1","Runesmith:HeatedChisel","Runesmith:FissionHammer","Runesmith:CraftProtectio","Runesmith:EarthShield","Runesmith:Firestorm","Runesmith:FrozenChisel","Runesmith:LithiumIon","Runesmith:FissionHammer","Runesmith:Empowerment","Runesmith:LightningRod","Runesmith:CraftProtectio+1","Runesmith:RuneHurl","Runesmith:PoweredAnvil","Runesmith:Attraction+1","Runesmith:Refine","Runesmith:CraftVitae","Runesmith:CraftVitae","Decay","Runesmith:CraftMedicinae","Runesmith:Repurpose+1","Runesmith:Duplicate"],"relics":["Runesmith:CoreCrystal","hubris:Towel","Oddly Smooth Stone","Happy Flower","Pen Nib","DollysMirror","ChewingGum","Akabeko","Blood Vial","Replay:Accelerometer","ReplayTheSpireMod:CursedCoin","Runesmith:AutoHammer"],"acts_visited":["Exordium","Exordium","TheBeyond"],"potions_floor_usage":[6,23,31,33,36],"damage_taken":[{"damage":0,"enemies":"2 Louse","floor":1,"turns":4},{"damage":0,"enemies":"conspire:RoseBush","floor":3,"turns":3},{"damage":3,"enemies":"Jaw Worm","floor":5,"turns":3},{"damage":7,"enemies":"Replay:BlueRogue","floor":6,"turns":5},{"damage":0,"enemies":"2 Fungi Beasts","floor":8,"turns":2},{"damage":2,"enemies":"Blue Slaver","floor":9,"turns":7},{"damage":0,"enemies":"Blue Slaver","floor":10,"turns":4},{"damage":21,"enemies":"Gremlin Gang","floor":13,"turns":4},{"damage":7,"enemies":"Large Slime","floor":14,"turns":5},{"damage":0,"enemies":"Fading Forest","floor":16,"turns":11},{"damage":10,"enemies":"theJungle:MUSHROOMGANG","floor":18,"turns":4},{"damage":0,"enemies":"theJungle:GiantWrat","floor":20,"turns":6},{"damage":0,"enemies":"theJungle:SlimyTreeVines","floor":22,"turns":4},{"damage":14,"enemies":"theJungle:MamaSnecko","floor":23,"turns":6},{"damage":21,"enemies":"Snake Plant","floor":25,"turns":4},{"damage":2,"enemies":"theJungle:2_Flameangoes","floor":28,"turns":6},{"damage":0,"enemies":"theJungle:Lyon","floor":31,"turns":4},{"damage":13,"enemies":"theJungle:TotemBoss","floor":33,"turns":10},{"damage":24,"enemies":"3 Shapes","floor":35,"turns":8},{"damage":23,"enemies":"3 Darklings","floor":36,"turns":7},{"damage":52,"enemies":"Spire Growth","floor":38,"turns":6}],"seed_played":"-4960564579206181325","potions_obtained":[{"floor":3,"key":"DistilledChaos"},{"floor":6,"key":"FearPotion"},{"floor":10,"key":"Energy Potion"},{"floor":16,"key":"Toxic Potion"},{"floor":18,"key":"Adrenaline Potion"},{"floor":28,"key":"DistilledChaos"},{"floor":35,"key":"Swift Potion"}],"is_trial":false,"path_per_floor":["M","?","M","?","M","E","?","M","MIM","M","$","?","M","M","R","B",null,"M","?","M","$","M","E","R","M","T","$","M","R","?","M","R","B",null,"M","M","$","M"],"character_chosen":"RUNESMITH_CLASS","items_purchased":["DollysMirror","Akabeko","Runesmith:PoweredAnvil","ReplayTheSpireMod:CursedCoin","Runesmith:AutoHammer","Runesmith:Duplicate"],"campfire_rested":2,"item_purchase_floors":[11,21,21,27,27,37],"current_hp_per_floor":[77,77,77,77,74,67,67,67,65,65,65,65,44,37,60,70,77,67,69,69,69,74,60,60,41,41,41,41,41,41,43,66,55,77,53,32,32,0,0],"gold":38,"neow_bonus":"TEN_PERCENT_HP_BONUS","is_daily":false,"chose_seed":false,"campfire_upgraded":2,"win_rate":0.0,"timestamp":1611893964,"path_taken":["M","?","M","?","M","E","?","?","MIM","M","$","?","?","M","R","BOSS","M","?","M","$","M","E","R","M","T","$","M","R","?","?","R","BOSS","M","M","$","M"],"items_purchased_type":["Relic","Relic","Card","Relic","Relic","Card"],"build_version":"2020-12-22","purchased_purges":1,"victory":false,"max_hp_per_floor":[77,77,77,77,77,77,77,77,77,77,77,77,77,77,77,77,77,77,77,77,77,77,77,77,77,77,77,77,77,77,77,77,77,77,77,77,77,77,77],"relic_stats":{"Blood Vial":12,"Happy Flower":[29],"counters":[21,113],"Pen Nib":[12],"obtain_stats":[{"Replay:Accelerometer":26,"Runesmith:BrokenRuby":0,"Happy Flower":9,"ReplayTheSpireMod:CursedCoin":27,"Oddly Smooth Stone":6,"Pen Nib":9,"hubris:Towel":2,"Akabeko":21,"Runesmith:CoreCrystal":34,"Blood Vial":23,"DollysMirror":11,"ChewingGum":17,"Runesmith:AutoHammer":27},{"Replay:Accelerometer":15,"Runesmith:BrokenRuby":0,"Happy Flower":6,"ReplayTheSpireMod:CursedCoin":15,"Oddly Smooth Stone":4,"Pen Nib":6,"hubris:Towel":1,"Akabeko":12,"Runesmith:CoreCrystal":18,"Blood Vial":14,"DollysMirror":7,"ChewingGum":10,"Runesmith:AutoHammer":15},{"Replay:Accelerometer":72,"Runesmith:BrokenRuby":0,"Happy Flower":24,"ReplayTheSpireMod:CursedCoin":72,"Oddly Smooth Stone":15,"Pen Nib":24,"hubris:Towel":4,"Akabeko":58,"Runesmith:CoreCrystal":92,"Blood Vial":68,"DollysMirror":28,"ChewingGum":48,"Runesmith:AutoHammer":72}]},"card_choices":[{"not_picked":["Runesmith:Accelerate","Runesmith:MakeshiftArmor"],"picked":"Runesmith:HeatedChisel","floor":1},{"not_picked":["Runesmith:PerfectChisel","Runesmith:Grindstone"],"picked":"Runesmith:FissionHammer","floor":3},{"not_picked":["Runesmith:Grindstone","Runesmith:HammerThrow"],"picked":"Runesmith:CraftProtectio","floor":5},{"not_picked":["Runesmith:MakeshiftArmor","Runesmith:CraftProtectio"],"picked":"Runesmith:EarthShield","floor":6},{"not_picked":["Runesmith:StaticCage","Runesmith:HeatedChisel"],"picked":"Runesmith:Firestorm","floor":8},{"not_picked":["Runesmith:Retool","Runesmith:Electrocute"],"picked":"Runesmith:FrozenChisel","floor":9},{"not_picked":["Runesmith:Grindstone","Runesmith:Discharge"],"picked":"Runesmith:LithiumIon","floor":10},{"not_picked":["Runesmith:Grindstone","Runesmith:ElementalConversion","Runesmith:DoubleUp"],"picked":"SKIP","floor":13},{"not_picked":["Runesmith:Grindstone","Runesmith:Overpower"],"picked":"Runesmith:Empowerment","floor":14},{"not_picked":["Runesmith:UnlimitedPower","Runesmith:CreatorForm"],"picked":"Runesmith:LightningRod","floor":16},{"not_picked":["Runesmith:GoWithTheFlow","Runesmith:Grindstone"],"picked":"Runesmith:CraftProtectio+1","floor":18},{"not_picked":["Runesmith:EarthShield+1","Runesmith:Retool"],"picked":"Runesmith:RuneHurl","floor":20},{"not_picked":["Runesmith:BackupBattery+1","Runesmith:RuneHurl"],"picked":"Runesmith:Attraction","floor":22},{"not_picked":["Runesmith:PerfectChisel+1","Runesmith:Repurpose"],"picked":"Runesmith:Refine","floor":23},{"not_picked":["Runesmith:HammerAndChisel","Runesmith:StaticCage"],"picked":"Runesmith:CraftVitae","floor":25},{"not_picked":["Runesmith:StaticCage","Runesmith:GoWithTheFlow"],"picked":"Runesmith:CraftVitae","floor":28},{"not_picked":["Runesmith:RuneHurl","Runesmith:CraftReservo","Runesmith:Augment"],"picked":"SKIP","floor":31},{"not_picked":["Runesmith:GenerateForcefield","Runesmith:MetallurgicalResearch"],"picked":"Runesmith:CraftMedicinae","floor":33},{"not_picked":["Runesmith:HammerAndChisel+1","Runesmith:EarthShield+1"],"picked":"Runesmith:Repurpose+1","floor":35},{"not_picked":["Runesmith:NanitesCloud+1","Runesmith:BackupBattery","Runesmith:ChiselStab+1"],"picked":"SKIP","floor":36}],"player_experience":171265,"relics_obtained":[{"floor":6,"key":"Oddly Smooth Stone"},{"floor":9,"key":"Happy Flower"},{"floor":9,"key":"Pen Nib"},{"floor":23,"key":"Blood Vial"},{"floor":26,"key":"Replay:Accelerometer"}],"event_choices":[{"damage_healed":0,"gold_gain":0,"player_choice":"Grow","damage_taken":0,"max_hp_gain":0,"max_hp_loss":0,"event_name":"Living Wall","floor":4,"gold_loss":0,"cards_upgraded":["Runesmith:Fortify"]},{"cards_removed":["Runesmith:Defend_RS"],"damage_healed":0,"gold_gain":0,"player_choice":"Card Removal","damage_taken":0,"max_hp_gain":0,"max_hp_loss":0,"event_name":"The Cleric","floor":7,"gold_loss":50},{"cards_removed":["Runesmith:Strike_RS"],"damage_healed":0,"gold_gain":0,"player_choice":"Offered Basic","damage_taken":0,"max_hp_gain":0,"max_hp_loss":0,"event_name":"Bonfire Elementals","floor":12,"gold_loss":0},{"damage_healed":0,"gold_gain":0,"player_choice":"Cursed","damage_taken":0,"max_hp_gain":0,"max_hp_loss":0,"event_name":"Wheel of Change","floor":30,"gold_loss":0,"cards_obtained":["Decay"]}],"is_beta":false,"boss_relics":[{"not_picked":["hubris:VirtuousBlindfold","Runic Dome"],"picked":"ChewingGum"},{"not_picked":["Snecko Eye","conspire:SeveredTorchhead"],"picked":"Runesmith:CoreCrystal"}],"items_purged_floors":[27],"is_endless":false,"potions_floor_spawned":[3,6,10,16,18,28,35],"killed_by":"Spire Growth","ascension_level":0}}