{"host":"y7b1p9nkx4idorr2","time":1611899729,"event":{"mods":["AchievementEnabler","Act Like it!","BaseMod","Colored Map","Downfall","GifTheSpireLib","Googly Eyes","Highlight Path","Mimic Mod","Minty Spire (QoL Compilation)","Shop Mod","Spicy Shops","StSLib","Unceasing Turn Reminder"],"gold_per_floor":[349,366,541,541,553,569,595,112,143,153,172,205,105,9,27,125,125,25,35,52,52,64,64,117,131,16,43,43,43,43],"floor_reached":28,"language":"ENG","playtime":1725,"items_purged":["Doubt","Guardian:Strike_Guardian"],"score":275,"play_id":"48b28208-f0cb-43fc-a0fc-4a699d88ffe4","local_time":"20210128235529","is_ascension_mode":true,"campfire_choices":[{"floor":1,"key":"RECALL"},{"floor":13,"key":"REST"},{"data":"expansioncontent:AwakenDeath","floor":18,"key":"SMITH"},{"data":"Guardian:FloatingOrbs","floor":23,"key":"SMITH"}],"circlet_count":0,"master_deck":["Guardian:Strike_Guardian","Guardian:Strike_Guardian","Guardian:Strike_Guardian","Guardian:Defend_Guardian","Guardian:Defend_Guardian","Guardian:Defend_Guardian","Guardian:Defend_Guardian","Guardian:CurlUp","Guardian:TwinSlam","Guardian:TemporalStrike","Guardian:Planning","Guardian:FuturePlans","Guardian:FloatingOrbs+1","Guardian:ChargeCore","Guardian:TemporalStrike","Guardian:DonusPower","Guardian:TimeBomb","expansioncontent:AwakenDeath+1","Guardian:ShieldCharger","Guardian:GatlingBeam","Guardian:DecasProtection","Guardian:ShieldCharger+1","Guardian:TimeSifter","Guardian:VentSteam+1","Guardian:Gem_Blue"],"relics":["Guardian:ModeShifter","Ancient Tea Set","Guardian:StasisCodex","Potion Belt","Peace Pipe","downfall:HeartBlessingGreen","Runic Dome","downfall:HeartBlessingRed","MealTicket","StoneCalendar"],"acts_visited":["Exordium","TheCity"],"potions_floor_usage":[10,12,12],"damage_taken":[{"damage":4,"enemies":"Cultist","floor":2,"turns":5},{"damage":1,"enemies":"Small Slimes","floor":5,"turns":4},{"damage":7,"enemies":"Jaw Worm","floor":6,"turns":4},{"damage":10,"enemies":"downfall:FleeingMerchant","floor":8,"turns":4},{"damage":25,"enemies":"Lagavulin","floor":9,"turns":8},{"damage":15,"enemies":"Gremlin Gang","floor":10,"turns":5},{"damage":0,"enemies":"Large Slime","floor":11,"turns":4},{"damage":7,"enemies":"Gremlin Nob","floor":12,"turns":4},{"damage":3,"enemies":"downfall:FleeingMerchant","floor":14,"turns":4},{"damage":24,"enemies":"Lots of Slimes","floor":15,"turns":5},{"damage":10,"enemies":"IC_STATUS_ARCHETYPE","floor":16,"turns":8},{"damage":5,"enemies":"Spheric Guardian","floor":19,"turns":4},{"damage":12,"enemies":"Snake Plant","floor":20,"turns":5},{"damage":4,"enemies":"Cultist and Chosen","floor":22,"turns":6},{"damage":15,"enemies":"Centurion and Healer","floor":25,"turns":7},{"damage":2,"enemies":"downfall:FleeingMerchant","floor":26,"turns":4},{"damage":33,"enemies":"Book of Stabbing","floor":27,"turns":5},{"damage":18,"enemies":"Snecko","floor":28,"turns":2}],"seed_played":"8796977125537313950","potions_obtained":[{"floor":4,"key":"downfall:CursedFountainPotion"},{"floor":9,"key":"Swift Potion"},{"floor":10,"key":"Strength Potion"},{"floor":11,"key":"SkillPotion"},{"floor":15,"key":"champ:CounterPotion"},{"floor":19,"key":"LiquidBronze"},{"floor":20,"key":"bronze:BurnAndBuffPotion"},{"floor":21,"key":"DistilledChaos"},{"floor":21,"key":"DistilledChaos"}],"is_trial":false,"path_per_floor":["R","M","?","?","M","M","T","$","E","M","M","E","R","$","M","B",null,"R","M","M","?","M","R","T","M","$","E","M"],"character_chosen":"GUARDIAN","items_purchased":["Guardian:Gem_Yellow","Guardian:FuturePlans","Guardian:StasisCodex","expansioncontent:AwakenDeath"],"campfire_rested":1,"item_purchase_floors":[8,8,8,14],"current_hp_per_floor":[72,68,68,68,67,60,60,50,25,10,10,3,24,21,20,10,72,72,67,55,55,51,51,51,36,49,16,0,0,0],"gold":43,"neow_bonus":"TWO_FIFTY_GOLD","is_daily":false,"chose_seed":false,"campfire_upgraded":2,"win_rate":0.0,"timestamp":1611899729,"path_taken":["R","M","?","?","M","M","T","$","E","M","?","E","R","$","M","BOSS","R","M","M","?","M","R","T","?","$","E","M"],"items_purchased_type":["Card","Card","Relic","Card"],"build_version":"2020-12-22","purchased_purges":2,"victory":false,"max_hp_per_floor":[72,72,72,72,72,72,72,72,72,72,72,72,72,72,72,72,72,72,72,72,72,72,72,72,72,72,72,72,72,72],"card_choices":[{"not_picked":["Guardian:Suspension","Guardian:Reroute"],"picked":"Guardian:Gem_Fragmented","floor":2},{"not_picked":["Guardian:RollAttack","Guardian:Suspension"],"picked":"Guardian:TemporalStrike","floor":5},{"not_picked":["Guardian:Recover","Guardian:Gem_Fragmented"],"picked":"Guardian:Gem_Crimson","floor":6},{"not_picked":["Guardian:PiercingHide","Guardian:BronzeOrb"],"picked":"Guardian:Planning","floor":8},{"not_picked":["Guardian:Recover","Guardian:PrismaticBarrier"],"picked":"Guardian:FloatingOrbs","floor":9},{"not_picked":["Guardian:Harden","Guardian:BronzeArmor"],"picked":"Guardian:ChargeCore","floor":10},{"not_picked":["Guardian:Gem_Yellow","Guardian:VentSteam"],"picked":"Guardian:TemporalStrike","floor":11},{"not_picked":["Guardian:PiercingHide","Guardian:Recover"],"picked":"Guardian:DonusPower","floor":12},{"not_picked":["Guardian:TemporalShield","Guardian:CompilePackage"],"picked":"Guardian:TimeBomb","floor":14},{"not_picked":["Guardian:VentSteam","Guardian:Gem_Cyan"],"picked":"Guardian:ShieldCharger","floor":15},{"not_picked":["Guardian:SphericShield","Guardian:FierceBash"],"picked":"Guardian:GatlingBeam","floor":16},{"not_picked":["Guardian:Gem_Green","Guardian:MultiBeam"],"picked":"Guardian:DecasProtection","floor":19},{"not_picked":["Guardian:Gem_Cyan","Guardian:PrimingBeam"],"picked":"Guardian:ShieldCharger+1","floor":20},{"not_picked":["Guardian:Gem_Lightblue","Guardian:PrimingBeam"],"picked":"Guardian:Gem_Red","floor":22},{"not_picked":["Guardian:Suspension","Guardian:EvasiveProtocol"],"picked":"Guardian:TimeSifter","floor":25},{"not_picked":["Guardian:Recover+1","Guardian:Suspension"],"picked":"Guardian:VentSteam+1","floor":26},{"not_picked":["Guardian:GemFire","Guardian:Clone"],"picked":"Guardian:Gem_Blue","floor":27}],"player_experience":2215755,"relics_obtained":[{"floor":7,"key":"Ancient Tea Set"},{"floor":9,"key":"Potion Belt"},{"floor":12,"key":"Peace Pipe"},{"floor":24,"key":"MealTicket"},{"floor":27,"key":"StoneCalendar"}],"event_choices":[{"damage_healed":0,"gold_gain":0,"player_choice":"Got Potions","damage_taken":0,"max_hp_gain":0,"max_hp_loss":0,"event_name":"Lab","floor":21,"gold_loss":0}],"is_beta":false,"boss_relics":[{"not_picked":["Black Star","Fusion Hammer"],"picked":"Runic Dome"}],"items_purged_floors":[8,26],"is_endless":false,"potions_floor_spawned":[9,10,11,15,19,20],"killed_by":"Snecko","ascension_level":2}}