{"host":"jumrmhf584hajrnz","time":1611955548,"event":{"mods":["BaseMod","Duelist Mod","GifTheSpireLib","Minty Spire (QoL Compilation)","Quick Restart","StSLib"],"gold_per_floor":[135,135,152,116,116,151,171,171,245,256,256,8,8,8,8,82,82,94,94,94,38,57,57,73,108,132,144,144,144,144],"floor_reached":29,"language":"ENG","playtime":1198,"items_purged":[],"score":532,"play_id":"ff5c9341-d8f6-4531-84d5-dbcdef2d51f9","local_time":"20210129222548","is_ascension_mode":true,"campfire_choices":[{"floor":8,"key":"RECALL"},{"data":"theDuelist:NaturiaExterio","floor":11,"key":"SMITH"},{"data":"theDuelist:NaturiaPumpkin","floor":13,"key":"SMITH"},{"data":"theDuelist:NaturiaMarron","floor":15,"key":"SMITH"},{"floor":23,"key":"REST"},{"floor":28,"key":"REST"}],"circlet_count":0,"master_deck":["theDuelist:CastleWalls","theDuelist:MultiplicationOfAnts+1","AscendersBane","theDuelist:NaturiaTulip+1","theDuelist:Sparks","theDuelist:NaturiaExterio","theDuelist:NaturiaPumpkin+1","theDuelist:NaturiaRagweed","theDuelist:NaturiaEggplant+1","theDuelist:NaturiaCliff+1","theDuelist:NaturiaEggplant","theDuelist:NaturiaRagweed","theDuelist:NaturiaMarron+1","theDuelist:Sparks","theDuelist:LonefireBlossom","theDuelist:NaturiaBeast+1","theDuelist:NaturiaRock+1","theDuelist:CastleWalls","theDuelist:HuntingInstinct","theDuelist:LonefireBlossom","theDuelist:Sparks","theDuelist:NaturiaExterio+1","theDuelist:HeartUnderdog","theDuelist:NaturiaHydrangea+1","theDuelist:NaturiaEggplant","theDuelist:CastleWalls"],"relics":["theDuelist:MillenniumPuzzle","theDuelist:CardPoolRelic","theDuelist:CardPoolBasicRelic","theDuelist:BoosterPackPoolRelic","theDuelist:CardPoolAddRelic","theDuelist:CardPoolMinusRelic","theDuelist:CardPoolSaveRelic","theDuelist:CardPoolOptionsRelic","NeowsBlessing","theDuelist:DuelistOrichalcum","theDuelist:MarkOfNature","Bottled Tornado","Lee\u0027s Waffle","Runic Dome","Question Card","Ice Cream","Regal Pillow"],"acts_visited":["Exordium","TheCity"],"potions_floor_usage":[10,25,25,29],"damage_taken":[{"damage":0,"enemies":"Jaw Worm","floor":1,"turns":1},{"damage":0,"enemies":"Cultist","floor":3,"turns":1},{"damage":0,"enemies":"3 Sentries","floor":6,"turns":1},{"damage":0,"enemies":"Small Slimes","floor":7,"turns":3},{"damage":9,"enemies":"Exordium Thugs","floor":10,"turns":3},{"damage":48,"enemies":"Hexaghost","floor":16,"turns":8},{"damage":24,"enemies":"2 Thieves","floor":18,"turns":3},{"damage":25,"enemies":"3 Byrds","floor":22,"turns":3},{"damage":17,"enemies":"Snake Plant","floor":24,"turns":3},{"damage":2,"enemies":"theDuelist:KaibaA2","floor":25,"turns":4},{"damage":12,"enemies":"Centurion and Healer","floor":27,"turns":5},{"damage":47,"enemies":"Slavers","floor":29,"turns":3}],"seed_played":"-3728670282415586018","potions_obtained":[{"floor":1,"key":"theDuelist:ElectricPotion"},{"floor":7,"key":"theDuelist:FireBottle"},{"floor":10,"key":"theDuelist:WhiteBottle"},{"floor":22,"key":"AttackPotion"},{"floor":27,"key":"Explosive Potion"}],"is_trial":false,"path_per_floor":["M","?","M","$","?","E","M","R","T","M","R","$","R","?","R","B",null,"M","?","?","$","M","R","M","E","T","M","R","E"],"character_chosen":"THE_DUELIST","items_purchased":["theDuelist:NaturiaPumpkin","Lee\u0027s Waffle","theDuelist:WormBait","theDuelist:NaturiaEggplant"],"campfire_rested":2,"item_purchase_floors":[4,12,12,21],"current_hp_per_floor":[63,63,63,63,55,55,55,55,55,46,46,77,77,77,77,29,65,41,41,41,41,16,39,22,20,20,8,46,0,0],"gold":144,"neow_bonus":"THREE_ENEMY_KILL","is_daily":false,"chose_seed":false,"campfire_upgraded":3,"win_rate":0.0,"timestamp":1611955548,"path_taken":["M","?","?","$","?","E","?","R","T","M","R","$","R","?","R","BOSS","M","?","?","$","?","R","M","E","T","M","R","E"],"items_purchased_type":["Card","Relic","Card","Card"],"build_version":"2020-12-22","purchased_purges":0,"victory":false,"max_hp_per_floor":[70,70,70,70,70,70,70,70,70,70,70,77,77,77,77,77,77,77,77,77,77,77,77,77,77,77,77,77,77,77],"card_choices":[{"not_picked":["theDuelist:NaturiaCliff","theDuelist:NaturiaMantis","theDuelist:NaturiaRosewhip","theDuelist:BarkionBark"],"picked":"theDuelist:NaturiaMarron","floor":1},{"not_picked":["theDuelist:NaturiaExterio","theDuelist:NaturiaMarron","theDuelist:NaturiaPumpkin","theDuelist:SpacetimeTranscendence"],"picked":"theDuelist:LonefireBlossom","floor":3},{"not_picked":["theDuelist:NaturiaEggplant","theDuelist:NaturiaDragonfly","theDuelist:NaturiaCliff","theDuelist:NaturiaStrawberry"],"picked":"theDuelist:NaturiaHydrangea","floor":6},{"not_picked":["theDuelist:NaturiaHydrangea","theDuelist:NaturiaSunflower","theDuelist:NaturiaMarron","theDuelist:NaturiaSpiderfang"],"picked":"theDuelist:LonefireBlossom","floor":7},{"not_picked":["theDuelist:NaturiaHydrangea","theDuelist:NaturiaDragonfly","theDuelist:NaturiaRock","theDuelist:Spore"],"picked":"theDuelist:NaturiaExterio","floor":10},{"not_picked":["theDuelist:NaturiaForest","theDuelist:NaturiaBarkion","theDuelist:Canyon","theDuelist:HeartUnderdog"],"picked":"theDuelist:HuntingInstinct","floor":16},{"not_picked":["theDuelist:NaturiaHydrangea","theDuelist:NaturiaEggplant","theDuelist:NaturiaStinkbug","theDuelist:Anteater"],"picked":"theDuelist:NaturiaRagweed","floor":18},{"not_picked":["theDuelist:Alpacaribou","theDuelist:SangaEarth","theDuelist:Wiretap","theDuelist:NaturiaPineapple"],"picked":"theDuelist:NaturiaExterio","floor":22},{"not_picked":["theDuelist:NaturiaSunflower","theDuelist:NaturiaRagweed","theDuelist:NaturiaCliff+1","theDuelist:SeedSacredTree"],"picked":"theDuelist:NaturiaEggplant","floor":24},{"not_picked":["theDuelist:NaturiaHydrangea","theDuelist:NaturiaSunflower","theDuelist:FossilDig","theDuelist:NaturiaRock"],"picked":"theDuelist:NaturiaRagweed","floor":25},{"not_picked":["theDuelist:SeismicShockwave","theDuelist:HuntingInstinct","theDuelist:Canyon","theDuelist:HeartUnderdog+1"],"picked":"theDuelist:MultiplicationOfAnts+1","floor":27}],"player_experience":1625863,"relics_obtained":[{"floor":6,"key":"theDuelist:MarkOfNature"},{"floor":9,"key":"Bottled Tornado"},{"floor":25,"key":"Ice Cream"},{"floor":26,"key":"Regal Pillow"}],"event_choices":[{"damage_healed":0,"gold_gain":0,"player_choice":"2 cards matched","damage_taken":0,"max_hp_gain":0,"max_hp_loss":0,"event_name":"Match and Keep!","floor":2,"gold_loss":0,"cards_obtained":["theDuelist:HeartUnderdog","theDuelist:NaturiaEggplant"]},{"damage_healed":0,"gold_gain":0,"player_choice":"Dig - random Duelist relic","duelist":true,"damage_taken":0,"max_hp_gain":0,"max_hp_loss":0,"event_name":"Aknamkanon\u0027s Tomb","floor":5,"gold_loss":0},{"damage_healed":0,"gold_gain":0,"player_choice":"Got Potions","damage_taken":0,"max_hp_gain":0,"max_hp_loss":0,"event_name":"Lab","floor":14,"gold_loss":0},{"damage_healed":0,"gold_gain":0,"player_choice":"Ignored","damage_taken":0,"max_hp_gain":0,"max_hp_loss":0,"event_name":"Ghosts","floor":19,"gold_loss":0},{"damage_healed":0,"gold_gain":0,"player_choice":"Gave Potion","damage_taken":0,"relics_obtained":["Question Card"],"max_hp_gain":0,"max_hp_loss":0,"event_name":"WeMeetAgain","floor":20,"gold_loss":0}],"is_beta":false,"boss_relics":[{"not_picked":["Velvet Choker","theDuelist:ElectricKey"],"picked":"Runic Dome"}],"items_purged_floors":[],"is_endless":false,"potions_floor_spawned":[1,7,10,16,22,27],"killed_by":"Slavers","ascension_level":20}}