{"host":"wha9hktbkslqvblg","time":1611924210,"event":{"mods":["BaseMod","Colored Map","Minty Spire (QoL Compilation)","Relic Stats","SuperFastMode","everything is the same but u backflip on backflip"],"gold_per_floor":[109,128,49,60,60,60,79,79,79],"floor_reached":8,"language":"KOR","playtime":138,"items_purged":[],"score":96,"play_id":"a49f445b-ce73-4ea3-a105-f6b72b1ef15d","local_time":"20210129214330","is_ascension_mode":true,"campfire_choices":[{"data":"Eruption","floor":6,"key":"SMITH"}],"circlet_count":0,"master_deck":["AscendersBane","Strike_P","Strike_P","Strike_P","Strike_P","Defend_P","Defend_P","Defend_P","Defend_P","Eruption+1","Vigilance","BowlingBash","FlurryOfBlows","FearNoEvil","WheelKick"],"relics":["PureWater","NeowsBlessing","The Courier"],"acts_visited":["Exordium"],"potions_floor_usage":[7,8],"damage_taken":[{"damage":0.0,"enemies":"Jaw Worm","floor":1.0,"turns":1.0},{"damage":0.0,"enemies":"Cultist","floor":2.0,"turns":1.0},{"damage":0.0,"enemies":"2 Louse","floor":4.0,"turns":1.0},{"damage":0,"enemies":"Gremlin Gang","floor":7,"turns":3},{"damage":0,"enemies":"Gremlin Nob","floor":8,"turns":2}],"seed_played":"9072886648210825171","potions_obtained":[{"floor":2.0,"key":"Swift Potion"},{"floor":4.0,"key":"Swift Potion"}],"is_trial":false,"path_per_floor":["M","M","$","M","?","R","M","E"],"character_chosen":"WATCHER","items_purchased":["FearNoEvil"],"campfire_rested":0,"item_purchase_floors":[3],"current_hp_per_floor":[61,61,61,61,16,16,16,16,16],"gold":79,"neow_bonus":"THREE_ENEMY_KILL","is_daily":false,"chose_seed":false,"campfire_upgraded":1,"win_rate":0.0,"timestamp":1611924210,"path_taken":["M","M","$","M","?","R","M","E"],"items_purchased_type":["Card"],"build_version":"2020-12-22","purchased_purges":0,"victory":false,"max_hp_per_floor":[68,68,68,68,68,68,68,68,68],"relic_stats":{"counters":[5,8],"obtain_stats":[{"NeowsBlessing":0,"The Courier":5,"PureWater":0},{"NeowsBlessing":0,"The Courier":3,"PureWater":0},{"NeowsBlessing":0,"The Courier":3,"PureWater":0}]},"card_choices":[{"not_picked":["JustLucky","ThirdEye"],"picked":"BowlingBash","floor":1.0},{"not_picked":["Prostrate","EmptyBody"],"picked":"FlurryOfBlows","floor":2.0},{"not_picked":["ClearTheMind","Protect","Evaluate"],"picked":"SKIP","floor":4.0},{"not_picked":["Consecrate","Pray"],"picked":"WheelKick","floor":7}],"player_experience":990508,"relics_obtained":[],"event_choices":[{"damage_healed":0,"gold_gain":0,"player_choice":"Success","damage_taken":45,"relics_obtained":["The Courier"],"max_hp_gain":0,"max_hp_loss":0,"event_name":"Scrap Ooze","floor":5,"gold_loss":0}],"is_beta":false,"boss_relics":[],"items_purged_floors":[],"is_endless":false,"potions_floor_spawned":[2,4],"killed_by":"Gremlin Nob","ascension_level":20}}