{"host":"6p0attdrtjqaih7v","time":1611900017,"event":{"mods":["2.2 Compatiblity","AchievementEnabler","Bard","BaseMod","Better Skull","Better Third Choice","Colored Powertips","Hermit","Highlight Path","Key Reminder","Mad Scientist","Marisa????????","Minty Spire (QoL Compilation)","Permanent Neow","Quick Restart","Random Character Button","Relic Stats","Replay The Spire","Robot Space Explorer","Shade Mod","StSLib","The Gatherer","The Hayseed"],"gold_per_floor":[213,213,60,76,92,92,126,140,163,238,263,278,278,297,297,398,398,418,462,462,16,31,31,58,58,127,159,159,170,197,213,213,314,314,332,352,352,366,86,86,103,149,176,211,225,225,225,25,25,25],"floor_reached":51,"language":"ENG","playtime":3785,"items_purged":["Gatherer:Strike_Gatherer","Gatherer:Strike_Gatherer","Pain"],"score":725,"play_id":"62b7f0ea-03b8-4ca2-a2c5-df88c7743182","local_time":"20210129010017","is_ascension_mode":false,"metric_token":1489,"campfire_choices":[{"data":"Gatherer:FlowerWhip+1","floor":6,"key":"SMITH"},{"data":"Gatherer:Centralize","floor":13,"key":"SMITH"},{"data":"Gatherer:FlowerWhip+2","floor":15,"key":"SMITH"},{"data":"Gatherer:Duplicator","floor":23,"key":"SMITH"},{"data":"Gatherer:BomberForm","floor":25,"key":"SMITH"},{"data":"Gatherer:Liquidism","floor":28,"key":"SMITH"},{"data":"Gatherer:Examine","floor":32,"key":"SMITH"},{"data":"Gatherer:Duality","floor":40,"key":"SMITH"},{"floor":49,"key":"REST"}],"circlet_count":0,"master_deck":["Gatherer:Defend_Gatherer","Gatherer:Defend_Gatherer","Gatherer:Defend_Gatherer","Gatherer:Defend_Gatherer","Gatherer:Defend_Gatherer","Gatherer:Centralize+1","Gatherer:FlowerWhip+3","Gatherer:Nutrients","RobotSpaceExplorer:ScrapShield","Gatherer:CarefulStrike+1","Gatherer:BlackTea","Pot Of Greed","Pot Of Greed","Gatherer:BomberForm+1","Gatherer:Solidify","Gatherer:FlowerShield","Gatherer:FinishingStrike+1","Gatherer:Duplicator+1","Gatherer:GatherMaterial+1","Gatherer:Liquidism+1","Gatherer:TacticalStrike","Pot Of Greed","Gatherer:Duality+1","Gatherer:Misfortune+1","Gatherer:ScrollOfPurity+1","Gatherer:AcidicSpray+1","Gatherer:SealedBomb+1","Gatherer:Snatch+1","Gatherer:BalancedGrowth","Gatherer:QuickSynthesis+1"],"relics":["Gatherer:AlchemyBag","Toy Ornithopter","Letter Opener","Grinning Jar","Akabeko","Bottled Lightning","Replay:Bronze Core","Mercury Hourglass","Bag of Preparation","ReplayTheSpireMod:Lightbulb","Mango","Blue Candle","Red Mask","Bronze Scales","keyreminder:keyreminder","Astrolabe","WarpedTongs","ClockworkSouvenir","Shovel","Omamori","Whetstone","Incense Burner","Centennial Puzzle"],"acts_visited":["Exordium","TheCity","TheBeyond"],"potions_floor_usage":[24,24,27,30,42,50,50],"damage_taken":[{"damage":0,"enemies":"Small Slimes","floor":1,"turns":3},{"damage":4,"enemies":"Jaw Worm","floor":4,"turns":4},{"damage":0,"enemies":"2 Louse","floor":5,"turns":2},{"damage":10,"enemies":"3 Sentries","floor":7,"turns":10},{"damage":0,"enemies":"Looter","floor":8,"turns":2},{"damage":2,"enemies":"Replay:BlueRogue","floor":11,"turns":4},{"damage":0,"enemies":"Blue Slaver","floor":12,"turns":2},{"damage":0,"enemies":"Red Slaver","floor":14,"turns":1},{"damage":14,"enemies":"The Guardian","floor":16,"turns":10},{"damage":8,"enemies":"Spheric Guardian","floor":18,"turns":4},{"damage":0,"enemies":"3 Byrds","floor":22,"turns":2},{"damage":13,"enemies":"Gremlin Leader","floor":24,"turns":4},{"damage":4,"enemies":"Masked Bandits","floor":27,"turns":2},{"damage":0,"enemies":"Shelled Parasite and Fungi","floor":29,"turns":3},{"damage":27,"enemies":"Replay:Snechameleon","floor":30,"turns":6},{"damage":0,"enemies":"Centurion and Healer","floor":31,"turns":5},{"damage":1,"enemies":"Champ","floor":33,"turns":10},{"damage":10,"enemies":"3 Darklings","floor":35,"turns":5},{"damage":0,"enemies":"Orb Walker","floor":36,"turns":1},{"damage":1,"enemies":"Transient","floor":38,"turns":5},{"damage":8,"enemies":"Jaw Worm Horde","floor":41,"turns":3},{"damage":3,"enemies":"2 Orb Walkers","floor":42,"turns":4},{"damage":0,"enemies":"R_Hoarder","floor":44,"turns":6},{"damage":0,"enemies":"4 Shapes","floor":45,"turns":5},{"damage":15,"enemies":"Time Eater","floor":50,"turns":11}],"seed_played":"9007977244606542570","potions_obtained":[{"floor":7,"key":"BottledMiracle"},{"floor":11,"key":"Energy Potion"},{"floor":14,"key":"Languid Potion"},{"floor":22,"key":"SkillPotion"},{"floor":27,"key":"Explosive Potion"},{"floor":30,"key":"Dexterity Potion"},{"floor":33,"key":"AttackPotion"},{"floor":35,"key":"DistilledChaos"},{"floor":42,"key":"Ancient Potion"}],"is_trial":false,"path_per_floor":["M","?","$","M","M","R","E","M","T","?","E","M","R","M","R","B",null,"M","?","?","$","M","R","E","R","T","?","R","M","E","M","R","B",null,"M","M","?","M","$","R","M","?","T","E","M","?","T","$","R","B",null],"character_chosen":"THE_GATHERER","items_purchased":["Gatherer:Examine","Bag of Preparation","ReplayTheSpireMod:Lightbulb","ClockworkSouvenir","Centennial Puzzle","Dexterity Potion"],"campfire_rested":1,"item_purchase_floors":[3,21,21,39,48,48],"current_hp_per_floor":[72,66,66,62,62,62,52,52,52,41,39,39,39,39,39,25,72,64,46,70,70,70,70,73,73,73,74,74,74,52,52,52,51,86,76,76,76,75,75,75,67,69,69,69,69,69,69,69,86,71],"gold":25,"neow_bonus":"HUNDRED_GOLD","is_daily":false,"chose_seed":false,"campfire_upgraded":8,"win_rate":0.0,"timestamp":1611900017,"path_taken":["M","?","$","M","M","R","E","M","T","?","E","M","R","M","R","BOSS","M","?","?","$","M","R","E","R","T","?","R","M","E","M","R","BOSS","M","M","?","?","$","R","M","?","T","E","M","?","?","$","R","BOSS"],"items_purchased_type":["Card","Relic","Relic","Relic","Relic","Potion"],"build_version":"2020-12-22","purchased_purges":3,"victory":true,"max_hp_per_floor":[72,72,72,72,72,72,72,72,72,72,72,72,72,72,72,72,72,72,72,72,72,72,72,86,86,86,86,86,86,86,86,86,86,86,86,86,86,86,86,86,86,86,86,86,86,86,86,86,86,86],"relic_stats":{"counters":[25,113],"Blue Candle":[1],"Astrolabe":["Gatherer:Misfortune","Gatherer:ScrollOfPurity","Gatherer:AcidicSpray"],"Bag of Preparation":[30],"Letter Opener":[446],"Whetstone":["Gatherer:CarefulStrike","Gatherer:FinishingStrike"],"Mercury Hourglass":[386],"WarpedTongs":[30],"Centennial Puzzle":[3],"Shovel":0,"Bronze Scales":[162],"obtain_stats":[{"Blue Candle":26,"Astrolabe":34,"Mango":24,"Bag of Preparation":21,"Omamori":43,"Incense Burner":47,"Letter Opener":2,"Whetstone":44,"Akabeko":9,"Mercury Hourglass":19,"WarpedTongs":37,"ClockworkSouvenir":39,"keyreminder:keyreminder":30,"Centennial Puzzle":48,"Shovel":42,"Replay:Bronze Core":17,"Bronze Scales":30,"Red Mask":27,"Bottled Lightning":11,"Grinning Jar":7,"ReplayTheSpireMod:Lightbulb":21,"Gatherer:AlchemyBag":0,"Toy Ornithopter":2},{"Blue Candle":12,"Astrolabe":17,"Mango":12,"Bag of Preparation":10,"Omamori":22,"Incense Burner":24,"Letter Opener":1,"Whetstone":23,"Akabeko":5,"Mercury Hourglass":10,"WarpedTongs":19,"ClockworkSouvenir":20,"keyreminder:keyreminder":15,"Centennial Puzzle":24,"Shovel":22,"Replay:Bronze Core":9,"Bronze Scales":15,"Red Mask":13,"Bottled Lightning":6,"Grinning Jar":4,"ReplayTheSpireMod:Lightbulb":10,"Gatherer:AlchemyBag":0,"Toy Ornithopter":1},{"Blue Candle":48,"Astrolabe":74,"Mango":48,"Bag of Preparation":42,"Omamori":91,"Incense Burner":102,"Letter Opener":3,"Whetstone":97,"Akabeko":21,"Mercury Hourglass":42,"WarpedTongs":79,"ClockworkSouvenir":84,"keyreminder:keyreminder":59,"Centennial Puzzle":102,"Shovel":91,"Replay:Bronze Core":38,"Bronze Scales":59,"Red Mask":50,"Bottled Lightning":25,"Grinning Jar":19,"ReplayTheSpireMod:Lightbulb":42,"Gatherer:AlchemyBag":0,"Toy Ornithopter":3}],"Toy Ornithopter":17},"card_choices":[{"not_picked":["Gatherer:AromaProtection","Gatherer:SaveValuables"],"picked":"Gatherer:Nutrients","floor":1},{"not_picked":["Gatherer:FragileHammer","Gatherer:FlowerFalling"],"picked":"Gatherer:GrowBook","floor":4},{"not_picked":["Gatherer:EnergyBasket","Gatherer:PotentialSlash"],"picked":"Gatherer:CarefulStrike","floor":5},{"not_picked":["Gatherer:OddSpoils","Gatherer:ScentOfRosmari"],"picked":"Gatherer:BlackTea","floor":7},{"not_picked":["Gatherer:Pollute","Gatherer:QuickSynthesis","Gatherer:AromaProtection"],"picked":"SKIP","floor":8},{"not_picked":["Gatherer:Polymorphism","Gatherer:SealedBomb"],"picked":"Gatherer:BomberForm","floor":11},{"not_picked":["Gatherer:ScherryThrow","Gatherer:Polymorphism"],"picked":"Gatherer:Solidify","floor":12},{"not_picked":["Gatherer:FlowerFalling","Gatherer:DrugPower"],"picked":"Gatherer:FlowerShield","floor":14},{"not_picked":["Gatherer:CursedBlade","Gatherer:BlackTea"],"picked":"Gatherer:FinishingStrike","floor":16},{"not_picked":["Gatherer:TreeGrowth","Gatherer:RottenStipe","Gatherer:FlowerShield"],"picked":"SKIP","floor":18},{"not_picked":["Gatherer:CollectorsShot","Gatherer:GatherMaterial"],"picked":"Gatherer:Duplicator","floor":19},{"not_picked":["Gatherer:MiningStrike","Gatherer:Transmute","Gatherer:AromaProtection"],"picked":"SKIP","floor":22},{"not_picked":["Gatherer:ScherryThrow+1","Gatherer:FragileHammer"],"picked":"Gatherer:GatherMaterial+1","floor":24},{"not_picked":["Gatherer:Overflowing","Gatherer:Nutrients"],"picked":"Gatherer:Liquidism","floor":27},{"not_picked":["Gatherer:Snatch","Gatherer:QuickSynthesis"],"picked":"Gatherer:TacticalStrike","floor":29},{"not_picked":["Gatherer:DrugPower","Gatherer:RecipeChange","Gatherer:Bulldoze"],"picked":"SKIP","floor":30},{"not_picked":["Gatherer:OddSpoils","Gatherer:AcidicSpray"],"picked":"Gatherer:Duality","floor":31},{"not_picked":["Gatherer:PotentialSlash+1","Gatherer:CarefulStrike+1","Gatherer:GatherMaterial+1"],"picked":"SKIP","floor":35},{"not_picked":["Gatherer:ScherryThrow","Gatherer:EnergyBasket","Gatherer:SaveValuables"],"picked":"SKIP","floor":36},{"not_picked":["Gatherer:FlowerBeam","Gatherer:DrugPower+1"],"picked":"Gatherer:SealedBomb+1","floor":38},{"not_picked":["Gatherer:BambuSword+1","Gatherer:CollectorsShot"],"picked":"Gatherer:Snatch+1","floor":41},{"not_picked":["Gatherer:WoolGloves","Gatherer:RottenStipe+1"],"picked":"Gatherer:BalancedGrowth","floor":44},{"not_picked":["Gatherer:ScherryThrow+1","Gatherer:CollectorsShot"],"picked":"Gatherer:QuickSynthesis+1","floor":45}],"player_experience":925132,"relics_obtained":[{"floor":7,"key":"Grinning Jar"},{"floor":9,"key":"Akabeko"},{"floor":11,"key":"Bottled Lightning"},{"floor":19,"key":"Mercury Hourglass"},{"floor":24,"key":"Mango"},{"floor":26,"key":"Blue Candle"},{"floor":27,"key":"Red Mask"},{"floor":30,"key":"Bronze Scales"},{"floor":42,"key":"Shovel"},{"floor":43,"key":"Omamori"},{"floor":44,"key":"Whetstone"},{"floor":47,"key":"Incense Burner"}],"event_choices":[{"damage_healed":0,"gold_gain":1,"player_choice":"Relic Relic ","damage_taken":6,"max_hp_gain":0,"max_hp_loss":0,"event_name":"betterThird:BetterScrap","floor":2,"gold_loss":0,"cards_obtained":["Dash"]},{"damage_healed":0,"gold_gain":75,"player_choice":"Gather Gold","damage_taken":11,"max_hp_gain":0,"max_hp_loss":0,"event_name":"World of Goop","floor":10,"gold_loss":0},{"damage_healed":24,"gold_gain":0,"player_choice":"Heal","damage_taken":0,"max_hp_gain":0,"max_hp_loss":0,"event_name":"The Library","floor":20,"gold_loss":0},{"damage_healed":0,"gold_gain":0,"player_choice":"Fought Bandits","damage_taken":0,"max_hp_gain":0,"max_hp_loss":0,"event_name":"Masked Bandits","floor":27,"gold_loss":0},{"damage_healed":0,"gold_gain":0,"player_choice":"Rummage","damage_taken":0,"relics_obtained":["WarpedTongs"],"max_hp_gain":0,"max_hp_loss":0,"event_name":"Accursed Blacksmith","floor":37,"gold_loss":0,"cards_obtained":["Pain"]},{"damage_healed":0,"gold_gain":0,"player_choice":"Fight","damage_taken":0,"max_hp_gain":0,"max_hp_loss":0,"event_name":"Mysterious Sphere","floor":42,"gold_loss":0},{"cards_removed":["Gatherer:Examine"],"damage_healed":0,"gold_gain":0,"player_choice":"Removed Skill","damage_taken":0,"max_hp_gain":0,"max_hp_loss":0,"event_name":"Falling","floor":46,"gold_loss":0}],"is_beta":false,"boss_relics":[{"not_picked":["Pandora\u0027s Box","Replay:Drink Me"],"picked":"Replay:Bronze Core"},{"not_picked":["Snecko Heart","Velvet Choker"],"picked":"Astrolabe"}],"items_purged_floors":[3,21,39],"is_endless":false,"potions_floor_spawned":[7,11,14,16,22,27,30,33,35,36,42],"ascension_level":0}}