{"host":"d61fcf2p3sjwe6yo","time":1611953808,"event":{"mods":["AchievementEnabler","BaseMod","Colored Map","Minty Spire (QoL Compilation)","StSLib","SuperFastMode"],"gold_per_floor":[112,126,144,69,69,100,100,121,148,148,148],"floor_reached":10,"language":"ENG","playtime":373,"items_purged":[],"score":129,"play_id":"241fc406-1fb1-49f7-940f-f554e2e9215f","local_time":"20210129235648","is_ascension_mode":true,"campfire_choices":[{"floor":7,"key":"REST"}],"circlet_count":0,"master_deck":["AscendersBane","Strike_G","Strike_G","Strike_G","Strike_G","Strike_G","Defend_G","Defend_G","Defend_G","Defend_G","Defend_G","Survivor","Neutralize","CurseOfTheBell","Backflip","Deadly Poison","Bane","Noxious Fumes","Bouncing Flask"],"relics":["Calling Bell","Bronze Scales","Sundial","Calipers","Golden Idol","PreservedInsect","Omamori"],"acts_visited":["Exordium"],"potions_floor_usage":[],"damage_taken":[{"damage":5,"enemies":"Cultist","floor":1,"turns":5},{"damage":0,"enemies":"2 Louse","floor":2,"turns":3},{"damage":4,"enemies":"Jaw Worm","floor":3,"turns":5},{"damage":32,"enemies":"3 Sentries","floor":6,"turns":7},{"damage":34,"enemies":"Gremlin Gang","floor":8,"turns":6},{"damage":0,"enemies":"Lagavulin","floor":10,"turns":3}],"seed_played":"-987207667406740500","potions_obtained":[{"floor":1,"key":"LiquidMemories"}],"is_trial":false,"path_per_floor":["M","M","M","$","?","E","R","M","T","E"],"character_chosen":"THE_SILENT","items_purchased":["Noxious Fumes"],"campfire_rested":1,"item_purchase_floors":[4],"current_hp_per_floor":[54,54,50,50,50,18,36,2,2,2,2],"gold":148,"neow_bonus":"BOSS_RELIC","is_daily":false,"chose_seed":false,"campfire_upgraded":0,"win_rate":0.0,"timestamp":1611953808,"path_taken":["M","M","M","?","?","E","R","M","T","E"],"items_purchased_type":["Card"],"build_version":"2020-12-22","purchased_purges":0,"victory":false,"max_hp_per_floor":[66,66,66,66,60,60,60,60,60,60,60],"card_choices":[{"not_picked":["Prepared","Acrobatics"],"picked":"Backflip","floor":1},{"not_picked":["Flying Knee","Flechettes"],"picked":"Deadly Poison","floor":2},{"not_picked":["Infinite Blades","Dagger Throw"],"picked":"Bane","floor":3},{"not_picked":["Infinite Blades","Concentrate","Riddle With Holes"],"picked":"SKIP","floor":6},{"not_picked":["Skewer","Reflex"],"picked":"Bouncing Flask","floor":8}],"player_experience":225439,"relics_obtained":[{"floor":0,"key":"Bronze Scales"},{"floor":0,"key":"Sundial"},{"floor":0,"key":"Calipers"},{"floor":6,"key":"PreservedInsect"},{"floor":9,"key":"Omamori"}],"event_choices":[{"damage_healed":0,"gold_gain":0,"player_choice":"Lose Max HP","damage_taken":0,"relics_obtained":["Golden Idol"],"max_hp_gain":0,"max_hp_loss":6,"event_name":"Golden Idol","floor":5,"gold_loss":0}],"is_beta":false,"boss_relics":[],"items_purged_floors":[],"is_endless":false,"potions_floor_spawned":[1],"killed_by":"Lagavulin","ascension_level":18}}