{"host":"u25um2at8ivhxl8o","time":1611916031,"event":{"mods":["BaseMod","Colored Map","Downfall","Minty Spire (QoL Compilation)","StSLib"],"gold_per_floor":[112,125,125,50,18,49,49,49,49,64,83,83,53,85,85,184,184,198,138,154,167,167,167,200,200,200,214,229,229,248,277,277,377,377,394,414,414,95,108,108,108,108,133,133,151,26,0,32,32,32,32,32,32,32,32],"floor_reached":54,"language":"ENG","playtime":3726,"items_purged":["Writhe","Strike_G","Parasite"],"score":1053,"play_id":"a0ac4607-a5eb-4aaa-b896-346973f3c507","local_time":"20210129022711","is_ascension_mode":true,"campfire_choices":[{"data":"Noxious Fumes","floor":7,"key":"SMITH"},{"floor":12,"key":"REST"},{"data":"Footwork","floor":15,"key":"SMITH"},{"data":"Tools of the Trade","floor":23,"key":"SMITH"},{"data":"Neutralize","floor":25,"key":"SMITH"},{"data":"Dash","floor":29,"key":"SMITH"},{"data":"Survivor","floor":32,"key":"SMITH"},{"floor":44,"key":"RECALL"},{"floor":49,"key":"REST"},{"data":"Catalyst","floor":52,"key":"SMITH"}],"circlet_count":0,"master_deck":["Strike_G","Strike_G","Strike_G","Strike_G","Defend_G","Defend_G","Defend_G","Defend_G","Defend_G","Survivor+1","Neutralize+1","Mayhem+1","Dash+1","Noxious Fumes+1","Footwork+1","Tools of the Trade+1","Caltrops+1","Envenom+1","CurseOfTheBell","Catalyst+1","Mayhem+1","Sadistic Nature+1","Backflip+1"],"relics":["Ring of the Snake","Torii","Singing Bowl","Centennial Puzzle","Busted Crown","Frozen Egg 2","MealTicket","Anchor","Calling Bell","Dream Catcher","Sundial","Dead Branch","DollysMirror","Red Mask","Nunchaku"],"acts_visited":["Exordium","TheCity","TheBeyond","TheEnding"],"potions_floor_usage":[16,16,16,24,24,31,31,40,54],"damage_taken":[{"damage":9,"enemies":"Small Slimes","floor":1,"turns":6},{"damage":0,"enemies":"2 Louse","floor":2,"turns":3},{"damage":21,"enemies":"3 Sentries","floor":6,"turns":8},{"damage":0,"enemies":"Cultist","floor":10,"turns":5},{"damage":16,"enemies":"Lots of Slimes","floor":11,"turns":4},{"damage":0,"enemies":"Lagavulin","floor":14,"turns":8},{"damage":4,"enemies":"Slime Boss","floor":16,"turns":12},{"damage":1,"enemies":"Spheric Guardian","floor":18,"turns":6},{"damage":1,"enemies":"2 Thieves","floor":19,"turns":4},{"damage":9,"enemies":"Snecko","floor":20,"turns":10},{"damage":3,"enemies":"Shelled Parasite and Fungi","floor":21,"turns":10},{"damage":1,"enemies":"Gremlin Leader","floor":24,"turns":10},{"damage":1,"enemies":"Centurion and Healer","floor":27,"turns":8},{"damage":2,"enemies":"Chosen and Byrds","floor":28,"turns":6},{"damage":2,"enemies":"Snecko","floor":30,"turns":6},{"damage":10,"enemies":"Slavers","floor":31,"turns":5},{"damage":32,"enemies":"Automaton","floor":33,"turns":14},{"damage":26,"enemies":"3 Shapes","floor":35,"turns":8},{"damage":1,"enemies":"Orb Walker","floor":36,"turns":5},{"damage":18,"enemies":"Writhing Mass","floor":39,"turns":9},{"damage":0,"enemies":"Reptomancer","floor":40,"turns":2},{"damage":43,"enemies":"Transient","floor":45,"turns":5},{"damage":9,"enemies":"Giant Head","floor":48,"turns":8},{"damage":17,"enemies":"Donu and Deca","floor":50,"turns":8},{"damage":111,"enemies":"Shield and Spear","floor":54,"turns":6}],"seed_played":"-4708200598631868062","potions_obtained":[{"floor":10,"key":"Weak Potion"},{"floor":13,"key":"bronze:BurnAndBuffPotion"},{"floor":13,"key":"SpeedPotion"},{"floor":14,"key":"BlessingOfTheForge"},{"floor":18,"key":"Energy Potion"},{"floor":20,"key":"Slimebound:ThreeZeroPotion"},{"floor":28,"key":"hexamod:SoulburnPotion"},{"floor":30,"key":"Explosive Potion"},{"floor":39,"key":"SmokeBomb"},{"floor":48,"key":"Guardian:BlockOnCardUsePotion"}],"is_trial":false,"path_per_floor":["M","M","?","$","?","E","R","?","T","M","M","R","?","E","R","B",null,"M","M","M","M","?","R","E","R","T","M","M","R","M","E","R","B",null,"M","M","?","$","M","E","$","?","T","R","M","$","?","E","R","B",null,"R","$","E"],"character_chosen":"THE_SILENT","items_purchased":["Catalyst","DollysMirror"],"campfire_rested":2,"item_purchase_floors":[38,38],"current_hp_per_floor":[54,54,54,54,54,33,33,33,33,35,21,43,43,45,45,41,67,66,67,60,59,59,59,58,58,58,59,59,59,59,51,51,19,72,48,49,49,64,48,48,63,57,57,57,16,31,31,22,53,36,85,85,100,0,0],"gold":32,"neow_bonus":"RANDOM_COLORLESS_2","is_daily":false,"chose_seed":false,"campfire_upgraded":7,"win_rate":0.0,"timestamp":1611916031,"path_taken":["M","M","?","$","?","E","R","?","T","M","M","R","?","E","R","BOSS","M","M","M","M","?","R","E","R","T","?","?","R","M","E","R","BOSS","M","M","?","$","M","E","$","?","T","R","M","$","?","E","R","BOSS","R","$","E"],"items_purchased_type":["Card","Relic"],"build_version":"2020-12-22","purchased_purges":3,"victory":false,"max_hp_per_floor":[70,70,70,70,70,70,70,70,70,72,74,74,74,76,76,76,76,76,78,80,82,82,82,82,82,82,84,86,86,88,90,90,90,90,92,94,94,94,96,96,96,100,100,100,102,99,99,99,101,101,101,101,101,101,101],"card_choices":[{"not_picked":["Secret Technique","The Bomb"],"picked":"Mayhem","floor":0},{"not_picked":["Blade Dance","Finisher"],"picked":"Dash","floor":1},{"not_picked":["Underhanded Strike","PiercingWail"],"picked":"Noxious Fumes","floor":2},{"not_picked":["Flechettes","Outmaneuver"],"picked":"Footwork","floor":6},{"not_picked":["Deadly Poison","Outmaneuver","Expertise"],"picked":"Singing Bowl","floor":10},{"not_picked":["Deadly Poison","Outmaneuver","Dagger Spray"],"picked":"Singing Bowl","floor":11},{"not_picked":["Sucker Punch","Footwork","Flying Knee"],"picked":"Singing Bowl","floor":14},{"not_picked":["Venomology","Grand Finale"],"picked":"Tools of the Trade","floor":16},{"not_picked":[],"picked":"PiercingWail","floor":18},{"not_picked":["Dodge and Roll"],"picked":"Singing Bowl","floor":19},{"not_picked":["Prepared"],"picked":"Singing Bowl","floor":20},{"not_picked":["Masterful Stab+1"],"picked":"Singing Bowl","floor":21},{"not_picked":[],"picked":"Caltrops+1","floor":24},{"not_picked":["Dodge and Roll+1"],"picked":"Singing Bowl","floor":27},{"not_picked":["Concentrate"],"picked":"Singing Bowl","floor":28},{"not_picked":["Skewer"],"picked":"Singing Bowl","floor":30},{"not_picked":["Acrobatics"],"picked":"Singing Bowl","floor":31},{"not_picked":[],"picked":"Envenom+1","floor":33},{"not_picked":["Flying Knee"],"picked":"Singing Bowl","floor":35},{"not_picked":["Deflect+1"],"picked":"Singing Bowl","floor":36},{"not_picked":["Underhanded Strike"],"picked":"Singing Bowl","floor":39},{"not_picked":[],"picked":"Sadistic Nature+1","floor":42},{"not_picked":["Madness"],"picked":"Singing Bowl","floor":42},{"not_picked":["Blind"],"picked":"Singing Bowl","floor":42},{"not_picked":["Acrobatics"],"picked":"Singing Bowl","floor":45},{"not_picked":[],"picked":"Backflip+1","floor":48},{"not_picked":["Infinite Blades+1"],"picked":"Singing Bowl","floor":49}],"player_experience":353918,"relics_obtained":[{"floor":6,"key":"Torii"},{"floor":9,"key":"Singing Bowl"},{"floor":14,"key":"Centennial Puzzle"},{"floor":24,"key":"Frozen Egg 2"},{"floor":26,"key":"MealTicket"},{"floor":31,"key":"Anchor"},{"floor":34,"key":"Dream Catcher"},{"floor":34,"key":"Sundial"},{"floor":34,"key":"Dead Branch"},{"floor":48,"key":"Nunchaku"}],"event_choices":[{"damage_healed":0,"gold_gain":0,"player_choice":"Grow","damage_taken":0,"max_hp_gain":0,"max_hp_loss":0,"event_name":"Living Wall","floor":3,"gold_loss":0,"cards_upgraded":["Mayhem"]},{"damage_healed":0,"gold_gain":0,"player_choice":"Left Gold","damage_taken":0,"max_hp_gain":0,"max_hp_loss":0,"event_name":"World of Goop","floor":5,"gold_loss":32},{"damage_healed":0,"gold_gain":0,"player_choice":"Ignored","damage_taken":0,"max_hp_gain":0,"max_hp_loss":0,"event_name":"Shining Light","floor":8,"gold_loss":0},{"damage_healed":0,"gold_gain":0,"player_choice":"Bought 2 Potions","damage_taken":0,"max_hp_gain":0,"max_hp_loss":0,"event_name":"The Woman in Blue","floor":13,"gold_loss":0},{"damage_healed":0,"gold_gain":0,"player_choice":"Ignored","damage_taken":0,"max_hp_gain":0,"max_hp_loss":0,"event_name":"N\u0027loth","floor":22,"gold_loss":0},{"cards_removed":["PiercingWail"],"damage_healed":0,"gold_gain":0,"player_choice":"Removed Skill","damage_taken":0,"max_hp_gain":0,"max_hp_loss":0,"event_name":"Falling","floor":37,"gold_loss":0},{"damage_healed":0,"gold_gain":0,"player_choice":"Memory 3","damage_taken":10,"max_hp_gain":0,"max_hp_loss":0,"event_name":"SensoryStone","floor":42,"gold_loss":0},{"damage_healed":0,"gold_gain":0,"player_choice":"Paid","damage_taken":0,"relics_obtained":["Red Mask"],"max_hp_gain":0,"max_hp_loss":0,"event_name":"Tomb of Lord Red Mask","floor":47,"gold_loss":26}],"is_beta":false,"boss_relics":[{"not_picked":["Snecko Eye","Velvet Choker"],"picked":"Busted Crown"},{"not_picked":["Philosopher\u0027s Stone","Fusion Hammer"],"picked":"Calling Bell"}],"items_purged_floors":[4,38,46],"is_endless":false,"potions_floor_spawned":[10,14,18,20,28,30,39,40,48],"killed_by":"Shield and Spear","ascension_level":7}}