{"host":"wn5psrz55l2vtftw","time":1611903718,"event":{"mods":["BaseMod","Colored Powertips","Good Game Mod","Minty Spire (QoL Compilation)","Relic Filter Mod","Spicy Shops","StSLib","UnlockEverythingMod"],"gold_per_floor":[119,44,60,10,10,10,10,10,10,10,10,10,10,10,10,112,112,123,123,135,135,135,135,35,35,35,362,148,148,167,167,167,272,272,286,202,202,202,202,202,222,251,300,326,12,60,92,109,109,109,109,109,109,142,142],"floor_reached":56,"language":"ZHS","playtime":3177,"items_purged":["Streamline","Shame","Steam+1"],"score":1694,"play_id":"2056742a-d5f5-47ab-a29d-df48fa1a4d11","local_time":"20210129150158","daily_mods":["SealedDeck","Vintage","Colorless Cards","Heirloom","Time Dilation","Flight"],"is_ascension_mode":true,"campfire_choices":[{"data":"FTL","floor":6,"key":"SMITH"},{"data":"Gash","floor":7,"key":"SMITH"},{"data":"Gash","floor":8,"key":"SMITH"},{"data":"Leap","floor":10,"key":"SMITH"},{"data":"Steam","floor":11,"key":"SMITH"},{"data":"Conserve Battery","floor":15,"key":"SMITH"},{"data":"Creative AI","floor":23,"key":"SMITH"},{"floor":25,"key":"RECALL"},{"floor":29,"key":"REST"},{"floor":32,"key":"REST"},{"floor":40,"key":"REST"},{"floor":49,"key":"REST"},{"floor":52,"key":"REST"}],"circlet_count":0,"master_deck":["Conserve Battery+1","Leap+1","Gash+1","Gash+1","Conserve Battery+1","Dramatic Entrance+1","Creative AI+1","Reboot+1","Ghostly+1","Ghostly+1","Ghostly+1","Ghostly+1","Deep Breath+1","Master of Strategy+1","Violence+1","Impatience+1","Writhe","Compile Driver+1"],"relics":["Cracked Core","REME:ComplimentaryCards","FossilizedHelix","Blue Candle","Art of War","Strawberry","Toxic Egg 2","Nuclear Battery","Question Card","Du-Vu Doll","Mummified Hand","The Courier","Old Coin","Pantograph","Inserter","Centennial Puzzle","Lantern","White Beast Statue","Oddly Smooth Stone","Bag of Preparation","Orichalcum","Darkstone Periapt","Calipers","Happy Flower","Ornamental Fan","InkBottle"],"acts_visited":["Exordium","TheCity","TheBeyond","TheEnding"],"potions_floor_usage":[44],"damage_taken":[{"damage":0,"enemies":"Small Slimes","floor":1,"turns":1},{"damage":0,"enemies":"2 Louse","floor":3,"turns":2},{"damage":0,"enemies":"Slime Boss","floor":16,"turns":7},{"damage":0,"enemies":"2 Thieves","floor":18,"turns":3},{"damage":1,"enemies":"Chosen","floor":20,"turns":6},{"damage":0,"enemies":"Book of Stabbing","floor":27,"turns":6},{"damage":0,"enemies":"Centurion and Healer","floor":30,"turns":7},{"damage":0,"enemies":"Champ","floor":33,"turns":9},{"damage":0,"enemies":"Orb Walker","floor":35,"turns":4},{"damage":0,"enemies":"3 Shapes","floor":41,"turns":3},{"damage":0,"enemies":"Giant Head","floor":42,"turns":6},{"damage":0,"enemies":"Nemesis","floor":44,"turns":7},{"damage":0,"enemies":"2 Orb Walkers","floor":46,"turns":3},{"damage":0,"enemies":"Giant Head","floor":47,"turns":5},{"damage":0,"enemies":"3 Darklings","floor":48,"turns":1},{"damage":0,"enemies":"Awakened One","floor":50,"turns":7},{"damage":0,"enemies":"Shield and Spear","floor":54,"turns":3},{"damage":6,"enemies":"The Heart","floor":55,"turns":6}],"seed_played":"6432233543130498773","potions_obtained":[{"floor":20,"key":"Ancient Potion"},{"floor":33,"key":"SkillPotion"},{"floor":35,"key":"Swift Potion"},{"floor":44,"key":"GamblersBrew"}],"is_trial":true,"path_per_floor":["M","$","M","?","?","R","R","R","T","R","R","T","?","$","R","B",null,"M","?","M","?","?","R","$","R","T","E","$","R","M","T","R","B",null,"M","$","?","?","?","R","M","E","T","E","$","?","E","M","R","B",null,"R","$","E","B",null],"character_chosen":"DEFECT","items_purchased":["Master of Strategy+1","Impatience+1","Orichalcum","Darkstone Periapt"],"campfire_rested":5,"item_purchase_floors":[28,36,45,45],"current_hp_per_floor":[75,75,75,75,60,60,60,60,67,67,67,67,67,67,67,67,82,82,41,40,40,40,40,40,40,40,40,40,41,41,41,41,41,41,41,41,41,41,41,41,41,41,41,41,41,41,41,41,41,41,41,41,41,41,35],"gold":142,"neow_bonus":"","is_daily":false,"chose_seed":false,"campfire_upgraded":7,"win_rate":0.0,"timestamp":1611903718,"path_taken":["M","$","M","?","?","R","R","R","T","R","R","?","?","?","R","BOSS","M","?","M","?","?","R","$","R","T","E","$","R","?","?","R","BOSS","M","$","?","?","?","R","M","E","T","E","$","?","E","?","R","BOSS","R","$","E","BOSS"],"items_purchased_type":["Card","Card","Relic","Relic"],"build_version":"2020-12-22","purchased_purges":3,"victory":true,"max_hp_per_floor":[75,75,75,75,75,75,75,75,82,82,82,82,82,82,82,82,82,82,41,41,41,41,41,41,41,41,41,41,41,41,41,41,41,41,41,41,41,41,41,41,41,41,41,41,41,41,41,41,41,41,41,41,41,41,41],"card_choices":[{"not_picked":["Secret Technique+1","Fission+1"],"picked":"Reboot+1","floor":16},{"not_picked":["Bandage Up+1","Stack+1","Panacea+1","Darkness+1"],"picked":"SKIP","floor":27},{"not_picked":["Rainbow+1","Chrysalis+1","Metamorphosis+1"],"picked":"Violence+1","floor":33},{"not_picked":["Redo+1","Leap+1","Static Discharge+1","Barrage+1"],"picked":"SKIP","floor":42},{"not_picked":["Leap+1","Ball Lightning","Static Discharge","Defragment+1"],"picked":"SKIP","floor":44},{"not_picked":["Jack Of All Trades+1","Leap+1","Beam Cell"],"picked":"Compile Driver+1","floor":46},{"not_picked":["Forethought+1","Force Field+1","Streamline+1","Creative AI"],"picked":"SKIP","floor":47},{"not_picked":["Go for the Eyes","Turbo+1","Melter","Hologram+1"],"picked":"SKIP","floor":54}],"player_experience":88084,"relics_obtained":[{"floor":1,"key":"Blue Candle"},{"floor":3,"key":"Art of War"},{"floor":9,"key":"Strawberry"},{"floor":12,"key":"Toxic Egg 2"},{"floor":18,"key":"Question Card"},{"floor":20,"key":"Du-Vu Doll"},{"floor":26,"key":"The Courier"},{"floor":27,"key":"Old Coin"},{"floor":30,"key":"Pantograph"},{"floor":35,"key":"Centennial Puzzle"},{"floor":41,"key":"Lantern"},{"floor":42,"key":"White Beast Statue"},{"floor":43,"key":"Oddly Smooth Stone"},{"floor":44,"key":"Bag of Preparation"},{"floor":46,"key":"Calipers"},{"floor":47,"key":"Happy Flower"},{"floor":48,"key":"Ornamental Fan"},{"floor":54,"key":"InkBottle"}],"event_choices":[{"cards_removed":["Madness"],"damage_healed":0,"gold_gain":0,"player_choice":"Card Removal","damage_taken":0,"max_hp_gain":0,"max_hp_loss":0,"event_name":"The Cleric","floor":4,"gold_loss":50},{"damage_healed":0,"gold_gain":0,"player_choice":"Entered Light","damage_taken":15,"max_hp_gain":0,"max_hp_loss":0,"event_name":"Shining Light","floor":5,"gold_loss":0,"cards_upgraded":["Conserve Battery","Dramatic Entrance"]},{"damage_healed":0,"gold_gain":0,"cards_transformed":["FTL"],"player_choice":"Change","damage_taken":0,"max_hp_gain":0,"max_hp_loss":0,"event_name":"Living Wall","floor":13,"gold_loss":0,"cards_obtained":["Creative AI"]},{"damage_healed":0,"gold_gain":0,"player_choice":"Became a Ghost","damage_taken":0,"max_hp_gain":0,"max_hp_loss":41,"event_name":"Ghosts","floor":19,"gold_loss":0,"cards_obtained":["Ghostly","Ghostly","Ghostly","Ghostly","Ghostly"]},{"damage_healed":0,"gold_gain":0,"player_choice":"Read","damage_taken":0,"max_hp_gain":0,"max_hp_loss":0,"event_name":"The Library","floor":21,"gold_loss":0,"cards_obtained":["Deep Breath"]},{"damage_healed":0,"gold_gain":0,"player_choice":"Stole Relic","damage_taken":0,"relics_obtained":["Mummified Hand"],"max_hp_gain":0,"max_hp_loss":0,"event_name":"Addict","floor":22,"gold_loss":0,"cards_obtained":["Shame"]},{"damage_healed":10,"gold_gain":0,"player_choice":"Writhe","damage_taken":0,"max_hp_gain":0,"max_hp_loss":0,"event_name":"Winding Halls","floor":37,"gold_loss":0,"cards_obtained":["Writhe"]},{"cards_removed":["Ghostly"],"damage_healed":0,"gold_gain":0,"player_choice":"Removed Skill","damage_taken":0,"max_hp_gain":0,"max_hp_loss":0,"event_name":"Falling","floor":38,"gold_loss":0},{"damage_healed":0,"gold_gain":0,"player_choice":"Ignored","damage_taken":0,"max_hp_gain":0,"max_hp_loss":0,"event_name":"Tomb of Lord Red Mask","floor":39,"gold_loss":0},{"damage_healed":0,"gold_gain":0,"player_choice":"Fight","damage_taken":0,"max_hp_gain":0,"max_hp_loss":0,"event_name":"Mysterious Sphere","floor":46,"gold_loss":0}],"is_beta":false,"boss_relics":[{"not_picked":["Black Star","Coffee Dripper"],"picked":"Nuclear Battery"},{"not_picked":["Snecko Eye","Astrolabe"],"picked":"Inserter"}],"items_purged_floors":[2,24,45],"is_endless":false,"potions_floor_spawned":[20,33,35,41,44,46,47,48,54],"ascension_level":1}}