{"host":"3y2rtlgteqp2nuo3","time":1611921860,"event":{"mods":["2.2 Compatiblity","AchievementEnabler","BaseMod","Colored Map","DeckTracker","Highlight Path","Keyboard Shortcuts","Minty Spire (QoL Compilation)","Permanent Neow","Quick Restart","StSLib","SuperFastMode","everything is the same but u backflip on backflip"],"gold_per_floor":[118,136,151,76,89,89,164,183,206,216,231,231,241,141,141,214,214,225,225,236,236,256,256,291,125,125,145,145,145],"floor_reached":28,"language":"KOR","playtime":531,"items_purged":["Injury","Strike_G"],"score":466,"play_id":"29291235-c9c2-4e85-a839-9df40fd97350","local_time":"20210129210420","is_ascension_mode":true,"campfire_choices":[{"data":"Deadly Poison","floor":6.0,"key":"SMITH"},{"floor":12.0,"key":"REST"},{"floor":15.0,"key":"REST"},{"floor":23.0,"key":"REST"}],"circlet_count":0,"master_deck":["AscendersBane","Survivor","Neutralize","Deadly Poison+1","Slice","Crippling Poison","Deadly Poison","Heel Hook","Die Die Die","Catalyst+1","Noxious Fumes","Dodge and Roll","Wraith Form v2","Cloak And Dagger","Reflex","Bane","All Out Attack","Deadly Poison","Corpse Explosion","Leg Sweep","Tactician+1","Bouncing Flask"],"relics":["Ring of the Snake","Happy Flower","Pandora\u0027s Box","Nunchaku","Snake Skull","Singing Bowl"],"acts_visited":["Exordium","TheCity"],"potions_floor_usage":[28,28],"damage_taken":[{"damage":3.0,"enemies":"Jaw Worm","floor":1.0,"turns":4.0},{"damage":5.0,"enemies":"Small Slimes","floor":2.0,"turns":3.0},{"damage":0.0,"enemies":"Cultist","floor":3.0,"turns":3.0},{"damage":3.0,"enemies":"Looter","floor":5.0,"turns":4.0},{"damage":26.0,"enemies":"Exordium Thugs","floor":8.0,"turns":6.0},{"damage":4.0,"enemies":"Lots of Slimes","floor":10.0,"turns":3.0},{"damage":1.0,"enemies":"Red Slaver","floor":11.0,"turns":4.0},{"damage":11.0,"enemies":"3 Louse","floor":13.0,"turns":3.0},{"damage":19.0,"enemies":"Hexaghost","floor":16.0,"turns":8.0},{"damage":9.0,"enemies":"3 Byrds","floor":18.0,"turns":3.0},{"damage":5.0,"enemies":"Spheric Guardian","floor":20.0,"turns":4.0},{"damage":3.0,"enemies":"Snake Plant","floor":22.0,"turns":2.0},{"damage":35.0,"enemies":"Book of Stabbing","floor":24.0,"turns":7.0},{"damage":13.0,"enemies":"Snecko","floor":27.0,"turns":3.0},{"damage":15,"enemies":"Shelled Parasite and Fungi","floor":28,"turns":2}],"seed_played":"7775671425497169650","potions_obtained":[{"floor":2.0,"key":"Poison Potion"},{"floor":8.0,"key":"Ancient Potion"},{"floor":16.0,"key":"GhostInAJar"},{"floor":22.0,"key":"FearPotion"}],"is_trial":false,"path_per_floor":["M","M","M","$","M","R","?","M","T","M","M","R","M","$","R","B",null,"M","?","M","?","M","R","E","$","T","M","M"],"character_chosen":"THE_SILENT","items_purchased":["Snake Skull"],"campfire_rested":3,"item_purchase_floors":[25],"current_hp_per_floor":[56,51,51,51,48,48,37,11,11,7,6,25,14,14,33,14,53,44,44,39,39,36,55,20,20,20,9,0,0],"gold":145,"neow_bonus":"TRANSFORM_TWO_CARDS","is_daily":false,"chose_seed":false,"campfire_upgraded":1,"win_rate":0.0,"timestamp":1611921860,"path_taken":["M","M","M","$","M","R","?","M","T","M","M","R","M","$","R","BOSS","M","?","M","?","M","R","E","$","T","?","M"],"items_purchased_type":["Relic"],"build_version":"2020-12-22","purchased_purges":2,"victory":false,"max_hp_per_floor":[66,66,66,66,66,66,66,66,66,66,66,66,66,66,66,66,66,66,66,66,66,66,66,66,66,66,68,68,68],"card_choices":[{"not_picked":["Prepared","All Out Attack"],"picked":"Crippling Poison","floor":1.0},{"not_picked":["Dagger Spray","Dash"],"picked":"Deadly Poison","floor":2.0},{"not_picked":["Underhanded Strike","Prepared"],"picked":"Heel Hook","floor":3.0},{"not_picked":["Dagger Spray","Riddle With Holes","Slice"],"picked":"SKIP","floor":5.0},{"not_picked":["All Out Attack","Outmaneuver"],"picked":"Die Die Die","floor":8.0},{"not_picked":["Caltrops","Infinite Blades"],"picked":"Catalyst","floor":10.0},{"not_picked":["Underhanded Strike","Deflect"],"picked":"Noxious Fumes","floor":11.0},{"not_picked":["Underhanded Strike","Backstab","Dodge and Roll"],"picked":"SKIP","floor":13.0},{"not_picked":["Underhanded Strike","Backstab"],"picked":"Dodge and Roll","floor":13.0},{"not_picked":["Tools of the Trade","Venomology"],"picked":"Wraith Form v2","floor":16.0},{"not_picked":["PiercingWail","All Out Attack"],"picked":"Tactician+1","floor":18.0},{"not_picked":["Prepared","Crippling Poison","Endless Agony"],"picked":"SKIP","floor":20.0},{"not_picked":["Bane","Sucker Punch+1","Cloak And Dagger"],"picked":"SKIP","floor":22.0},{"not_picked":["Night Terror","Deadly Poison"],"picked":"Bouncing Flask","floor":24.0},{"not_picked":["Finisher","Dagger Throw","PiercingWail"],"picked":"Singing Bowl","floor":27.0}],"player_experience":731892,"relics_obtained":[{"floor":9.0,"key":"Happy Flower"},{"floor":24.0,"key":"Nunchaku"},{"floor":26.0,"key":"Singing Bowl"}],"event_choices":[{"damage_healed":0.0,"max_hp_gain":0.0,"max_hp_loss":0.0,"gold_gain":75.0,"event_name":"World of Goop","player_choice":"Gather Gold","floor":7.0,"gold_loss":0.0,"damage_taken":11.0},{"damage_healed":0.0,"max_hp_gain":0.0,"max_hp_loss":0.0,"gold_gain":0.0,"event_name":"The Mausoleum","player_choice":"Ignored","floor":19.0,"gold_loss":0.0,"damage_taken":0.0},{"damage_healed":0.0,"max_hp_gain":0.0,"max_hp_loss":0.0,"gold_gain":0.0,"event_name":"Upgrade Shrine","player_choice":"Upgraded","floor":21.0,"gold_loss":0.0,"damage_taken":0.0,"cards_upgraded":["Catalyst"]}],"is_beta":false,"boss_relics":[{"not_picked":["Calling Bell","Cursed Key"],"picked":"Pandora\u0027s Box"}],"items_purged_floors":[4,14],"is_endless":false,"potions_floor_spawned":[2,8,11,16,18,22,24,27],"killed_by":"Shelled Parasite and Fungi","ascension_level":16}}