{"host":"c3lc60y5x60jlt1y","time":1611955160,"event":{"mods":["AchievementEnabler","BaseMod","Bestiary","Colored Map","Minty Spire (QoL Compilation)","Quick Restart","StSLib","ojb\u0027s Info Mod"],"gold_per_floor":[111,127,127,138,148,148,163,163,163,163,88,101,119,219,219,322,322,340,354,354,354,364,364,374,374,374,334,344,362,362,378,378,482,482,494,512,528,389,409,409,459,459,459,459,459,459,473,473,473],"floor_reached":48,"language":"ENG","playtime":12346,"items_purged":["Strike_P","Strike_P"],"score":428,"play_id":"ff780151-2df1-42ba-9380-3c627d2ac0fd","local_time":"20210129231920","is_ascension_mode":false,"campfire_choices":[{"data":"Eruption","floor":6.0,"key":"SMITH"},{"data":"Vigilance","floor":8.0,"key":"SMITH"},{"data":"Swivel","floor":15.0,"key":"SMITH"},{"data":"DevaForm","floor":23.0,"key":"SMITH"},{"floor":25.0,"key":"REST"},{"floor":30.0,"key":"REST"},{"floor":32.0,"key":"REST"},{"floor":40.0,"key":"REST"},{"floor":46.0,"key":"REST"}],"circlet_count":0,"master_deck":["Strike_P","Defend_P","Eruption+1","Vigilance+1","EmptyFist","TalkToTheHand","LikeWater","Swivel+1","Wallop","DevaForm+1","SpiritShield","WaveOfTheHand+1","Conclude","WaveOfTheHand","Evaluate","Crescendo+1","FlurryOfBlows","Indignation","Wallop+1","Ragnarok","EmptyFist+1","WindmillStrike","Worship","CrushJoints+1","Enlightenment","Madness","Madness","Perseverance+1"],"relics":["PureWater"],"acts_visited":["Exordium","TheCity","TheBeyond"],"potions_floor_usage":[],"damage_taken":[{"damage":0.0,"enemies":"2 Louse","floor":1.0,"turns":2.0},{"damage":0.0,"enemies":"Small Slimes","floor":2.0,"turns":3.0},{"damage":0.0,"enemies":"Cultist","floor":4.0,"turns":3.0},{"damage":8.0,"enemies":"Exordium Wildlife","floor":5.0,"turns":3.0},{"damage":0.0,"enemies":"Blue Slaver","floor":7.0,"turns":5.0},{"damage":0.0,"enemies":"Looter","floor":12.0,"turns":3.0},{"damage":0.0,"enemies":"Exordium Thugs","floor":13.0,"turns":2.0},{"damage":26.0,"enemies":"The Guardian","floor":16.0,"turns":12.0},{"damage":13.0,"enemies":"3 Byrds","floor":18.0,"turns":11.0},{"damage":15.0,"enemies":"Spheric Guardian","floor":19.0,"turns":9.0},{"damage":21.0,"enemies":"Shelled Parasite and Fungi","floor":22.0,"turns":9.0},{"damage":21.0,"enemies":"Snecko","floor":24.0,"turns":8.0},{"damage":14.0,"enemies":"Snake Plant","floor":28.0,"turns":5.0},{"damage":20.0,"enemies":"Centurion and Healer","floor":29.0,"turns":8.0},{"damage":6.0,"enemies":"Chosen and Byrds","floor":31.0,"turns":6.0},{"damage":40.0,"enemies":"Champ","floor":33.0,"turns":17.0},{"damage":12.0,"enemies":"Orb Walker","floor":35.0,"turns":3.0},{"damage":2.0,"enemies":"3 Shapes","floor":36.0,"turns":4.0},{"damage":24.0,"enemies":"Maw","floor":37.0,"turns":9.0},{"damage":36.0,"enemies":"Jaw Worm Horde","floor":39.0,"turns":7.0},{"damage":15.0,"enemies":"Mind Bloom Boss Battle","floor":41.0,"turns":9.0},{"damage":25.0,"enemies":"Spire Growth","floor":47.0,"turns":8.0},{"damage":9,"enemies":"Sphere and 2 Shapes","floor":48,"turns":2}],"seed_played":"2990098411820710381","potions_obtained":[{"floor":4.0,"key":"SteroidPotion"},{"floor":7.0,"key":"BottledMiracle"},{"floor":12.0,"key":"LiquidBronze"},{"floor":16.0,"key":"ColorlessPotion"},{"floor":27.0,"key":"Fruit Juice"},{"floor":27.0,"key":"Energy Potion"},{"floor":27.0,"key":"SkillPotion"},{"floor":28.0,"key":"Regen Potion"},{"floor":29.0,"key":"LiquidBronze"},{"floor":33.0,"key":"SpeedPotion"},{"floor":36.0,"key":"SteroidPotion"},{"floor":41.0,"key":"Block Potion"}],"is_trial":false,"path_per_floor":["M","M","?","M","M","R","M","R","T","?","$","M","M","?","R","B",null,"M","M","?","?","M","R","M","R","T","?","M","M","R","M","R","B",null,"M","M","M","$","M","R","?","?","T","?","?","R","M","M"],"character_chosen":"WATCHER","items_purchased":["Worship"],"campfire_rested":5,"item_purchase_floors":[38],"current_hp_per_floor":[79,79,72,72,64,64,64,64,64,64,64,64,64,64,64,38,79,66,51,51,51,30,30,9,32,32,32,18,17,42,36,61,21,84,72,70,46,46,10,35,20,20,20,9,9,34,9,0,0],"gold":473,"neow_bonus":"TEN_PERCENT_HP_BONUS","is_daily":false,"chose_seed":false,"campfire_upgraded":4,"win_rate":0.0,"timestamp":1611955160,"path_taken":["M","M","?","M","M","R","M","R","T","?","$","M","M","?","R","BOSS","M","?","?","?","M","R","M","R","T","?","M","?","R","M","R","BOSS","M","M","M","$","M","R","?","?","T","?","?","R","M","M"],"items_purchased_type":["Card"],"build_version":"2020-12-22","purchased_purges":2,"victory":false,"max_hp_per_floor":[79,79,79,79,79,79,79,79,79,79,79,79,79,79,79,79,79,79,79,79,79,79,79,79,79,79,79,79,84,84,84,84,84,84,84,84,84,84,84,84,84,84,84,84,84,84,84,84,84],"card_choices":[{"not_picked":["FollowUp","BattleHymn"],"picked":"EmptyFist","floor":1.0},{"not_picked":["ClearTheMind","Halt"],"picked":"TalkToTheHand","floor":2.0},{"not_picked":["FlyingSleeves","SashWhip"],"picked":"LikeWater","floor":4.0},{"not_picked":["BattleHymn","SashWhip"],"picked":"Swivel","floor":5.0},{"not_picked":["Crescendo","FlurryOfBlows","Consecrate"],"picked":"SKIP","floor":7.0},{"not_picked":["CarveReality","WreathOfFlame"],"picked":"Wallop","floor":12.0},{"not_picked":["Fasting2","Crescendo"],"picked":"DevaForm","floor":13.0},{"not_picked":["MasterReality","Alpha"],"picked":"SpiritShield","floor":16.0},{"not_picked":["CrushJoints","Prostrate"],"picked":"WaveOfTheHand+1","floor":18.0},{"not_picked":["CarveReality+1","ClearTheMind"],"picked":"Conclude","floor":19.0},{"not_picked":["Wireheading+1","CrushJoints"],"picked":"Crescendo+1","floor":22.0},{"not_picked":["ClearTheMind","Nirvana+1"],"picked":"FlurryOfBlows","floor":24.0},{"not_picked":["Vengeance","CarveReality"],"picked":"Indignation","floor":28.0},{"not_picked":["Alpha","Conclude"],"picked":"Wallop+1","floor":29.0},{"not_picked":["Conclude","Crescendo","EmptyBody"],"picked":"SKIP","floor":31.0},{"not_picked":["SpiritShield","DevaForm"],"picked":"Ragnarok","floor":33.0},{"not_picked":["ThirdEye","Wallop","Halt"],"picked":"SKIP","floor":35.0},{"not_picked":["EmptyBody+1","SashWhip+1"],"picked":"EmptyFist+1","floor":36.0},{"not_picked":["ThirdEye","SandsOfTime"],"picked":"WindmillStrike","floor":37.0},{"not_picked":["BattleHymn","PathToVictory"],"picked":"CrushJoints+1","floor":39.0},{"not_picked":["HandOfGreed","Mind Blast"],"picked":"Enlightenment","floor":42.0},{"not_picked":["FollowUp","BowlingBash+1"],"picked":"Perseverance+1","floor":47.0}],"player_experience":8775707,"relics_obtained":[],"event_choices":[{"cards_removed":["Defend_P"],"damage_healed":0.0,"max_hp_gain":0.0,"max_hp_loss":0.0,"gold_gain":0.0,"event_name":"Golden Wing","player_choice":"Card Removal","floor":3.0,"gold_loss":0.0,"damage_taken":7.0},{"damage_healed":0.0,"max_hp_gain":0.0,"max_hp_loss":0.0,"gold_gain":0.0,"event_name":"Liars Game","player_choice":"Ignored","floor":10.0,"gold_loss":0.0,"damage_taken":0.0},{"damage_healed":0.0,"max_hp_gain":0.0,"max_hp_loss":0.0,"gold_gain":100.0,"event_name":"Golden Shrine","player_choice":"Pray","floor":14.0,"gold_loss":0.0,"damage_taken":0.0},{"cards_removed":["Defend_P"],"damage_healed":0.0,"max_hp_gain":0.0,"max_hp_loss":0.0,"gold_gain":0.0,"event_name":"Back to Basics","player_choice":"Elegance","floor":20.0,"gold_loss":0.0,"damage_taken":0.0},{"damage_healed":0.0,"max_hp_gain":0.0,"max_hp_loss":0.0,"gold_gain":0.0,"cards_transformed":["Strike_P","Defend_P"],"event_name":"Drug Dealer","player_choice":"Became Test Subject","floor":21.0,"gold_loss":0.0,"damage_taken":0.0,"cards_obtained":["WaveOfTheHand","Evaluate"]},{"damage_healed":0.0,"max_hp_gain":0.0,"max_hp_loss":0.0,"gold_gain":0.0,"event_name":"The Woman in Blue","player_choice":"Bought 3 Potions","floor":27.0,"gold_loss":0.0,"damage_taken":0.0},{"damage_healed":0.0,"max_hp_gain":0.0,"max_hp_loss":0.0,"gold_gain":0.0,"event_name":"MindBloom","player_choice":"Fight","floor":41.0,"gold_loss":0.0,"damage_taken":0.0},{"damage_healed":0.0,"max_hp_gain":0.0,"max_hp_loss":0.0,"gold_gain":0.0,"event_name":"SensoryStone","player_choice":"Memory 1","floor":42.0,"gold_loss":0.0,"damage_taken":0.0},{"damage_healed":0.0,"max_hp_gain":0.0,"max_hp_loss":0.0,"gold_gain":0.0,"event_name":"Winding Halls","player_choice":"Embrace Madness","floor":44.0,"gold_loss":0.0,"damage_taken":11.0,"cards_obtained":["Madness","Madness"]},{"damage_healed":0.0,"max_hp_gain":0.0,"max_hp_loss":0.0,"gold_gain":0.0,"event_name":"SecretPortal","player_choice":"Ignored","floor":45.0,"gold_loss":0.0,"damage_taken":0.0}],"is_beta":false,"boss_relics":[{"not_picked":["SlaversCollar","Empty Cage","Busted Crown"]},{"not_picked":["SlaversCollar","Empty Cage","Busted Crown"]}],"items_purged_floors":[11,38],"is_endless":false,"potions_floor_spawned":[4,7,12,16,28,29,33,36,41],"killed_by":"Sphere and 2 Shapes","ascension_level":0}}