{"host":"hl3ams4am2ku5u4p","time":1611885545,"event":{"mods":["Aspiration","BaseMod","Beaked The Cultist","BetterRewards","CatGirl Mod","Colored Map","Colored Powertips","Conspire","Downfall","Energized Spire","Halation","HornydragonMod","Hubris","Infinite Spire","Mad Scientist","Magitek Elite","Minty Spire (QoL Compilation)","READ ME - Guardian Mod","Replay The Spire","Spikes Relics","StSLib","SuperFastMode","The Blackbeard","The Bug Knight","The Construct","The Disciple","The Jungle","The Mystic","The Necromancer","The Senshi"],"gold_per_floor":[114,134,134,146,146,146,159,14,14,43,43,62,62,75,75,176,176,196,87,87,87,99,99,99,129,152,166,166,166,166,182,182,284,234,248,248,228,245,257,257,290,290,316,316,316],"floor_reached":44,"language":"FRA","playtime":1520,"items_purged":["Defend_B","Blizzard"],"score":636,"play_id":"20f012d2-4b06-4c22-8fb8-ee7a51777830","local_time":"20210129025905","is_ascension_mode":true,"campfire_choices":[{"data":"ReplayTheSpireMod:Dual Polarity","floor":6,"key":"SMITH"},{"data":"Capacitor","floor":11,"key":"SMITH"},{"floor":13,"key":"REST"},{"data":"Barrage","floor":15,"key":"SMITH"},{"floor":23,"key":"REST"},{"data":"ReplayTheSpireMod:Calculation Training","floor":24,"key":"SMITH"},{"floor":28,"key":"REST"},{"data":"hubris:Ukulele","floor":32,"key":"SMITH"},{"floor":40,"key":"REST"},{"floor":42,"key":"REST"}],"circlet_count":0,"master_deck":["Strike_B","Strike_B","Strike_B","Strike_B","Defend_B","Defend_B","Defend_B","Zap+1","Dualcast+1","Capacitor+1","ReplayTheSpireMod:Dual Polarity+1","Ball Lightning","Barrage+1","Ball Lightning","ReplayTheSpireMod:Calculation Training+1","Electrodynamics","hubris:Ukulele+1","Leap","Conserve Battery+1","Strike_B","infinitespire:NeuralNetwork"],"relics":["Cracked Core","HollowMod:PaleOreRelic","halation:PinkSoulGem","CultistMask","WingedGreaves","Tintinnabulum","hubris:Towel","halation:Trompette","War Paint","energizedSpire:HugeHouse","SpikesRelics:SneckoPlush","ZombieTooth","Regal Pillow"],"acts_visited":["Exordium","Exordium","TheBeyond"],"potions_floor_usage":[25,25,38,39],"damage_taken":[{"damage":0,"enemies":"conspire:RoseBush","floor":1,"turns":2},{"damage":2,"enemies":"Cultist","floor":2,"turns":4},{"damage":0,"enemies":"2 Louse","floor":4,"turns":2},{"damage":8,"enemies":"Looter","floor":7,"turns":3},{"damage":11,"enemies":"Lagavulin","floor":10,"turns":4},{"damage":6,"enemies":"Red Slaver","floor":12,"turns":2},{"damage":6,"enemies":"3 Louse","floor":14,"turns":2},{"damage":55,"enemies":"The Guardian","floor":16,"turns":8},{"damage":16,"enemies":"theJungle:GiantWrat","floor":18,"turns":4},{"damage":18,"enemies":"theJungle:Flameango_and_Byrd","floor":22,"turns":4},{"damage":20,"enemies":"theJungle:MamaSnecko","floor":25,"turns":5},{"damage":11,"enemies":"theJungle:SlimyTreeVines","floor":27,"turns":3},{"damage":6,"enemies":"theJungle:Snecko_Cultist_And_Trap","floor":31,"turns":4},{"damage":40,"enemies":"theJungle:FunGuy","floor":33,"turns":7},{"damage":29,"enemies":"3 Shapes","floor":35,"turns":3},{"damage":2,"enemies":"Orb Walker","floor":38,"turns":3},{"damage":11,"enemies":"Sphere and 2 Shapes","floor":39,"turns":3},{"damage":47,"enemies":"Giant Head","floor":41,"turns":7},{"damage":32,"enemies":"Reptomancer","floor":44,"turns":2}],"seed_played":"-1254987933411227922","potions_obtained":[{"floor":1,"key":"Reflective Coating"},{"floor":4,"key":"construct:ShiftPotion"},{"floor":10,"key":"ColorlessPotion"},{"floor":18,"key":"Block Potion"},{"floor":25,"key":"Regen Potion"},{"floor":33,"key":"Weak Potion"},{"floor":37,"key":"AttackPotion"},{"floor":41,"key":"LiquidMemories"}],"is_trial":false,"path_per_floor":["M","M","?","M","?","R","M","$","T","E","R","M","R","M","R","B",null,"M","$","?","?","M","R","R","E","T","M","R","?","?","M","R","B",null,"M","AVR","?","M","M","R","E","R","T","E"],"character_chosen":"DEFECT","items_purchased":["HollowMod:PaleOreRelic","Conserve Battery","Capacitor","ReplayTheSpireMod:Dual Polarity","Electrodynamics","hubris:Ukulele","Conserve Battery+1"],"campfire_rested":5,"item_purchase_floors":[0,0,0,0,8,8,19],"current_hp_per_floor":[67,65,65,65,65,65,57,57,57,46,47,42,65,60,61,7,75,59,60,61,62,45,68,69,50,51,44,67,68,69,64,65,26,70,41,42,43,42,32,54,8,30,31,0,0],"gold":316,"neow_bonus":"","is_daily":false,"chose_seed":false,"campfire_upgraded":5,"win_rate":0.0,"timestamp":1611885545,"path_taken":["M","M","?","M","?","R","M","$","T","E","R","M","R","M","R","BOSS","M","?","?","?","?","R","R","E","T","M","R","?","?","M","R","BOSS","M","AVR","?","M","?","R","E","R","T","E"],"items_purchased_type":["Relic","Card","Card","Card","Card","Card","Card"],"build_version":"2020-12-22","purchased_purges":2,"victory":false,"max_hp_per_floor":[75,75,75,75,75,75,75,75,75,75,75,75,75,75,75,75,75,75,75,75,75,75,75,75,75,75,75,75,75,75,75,75,75,70,70,70,70,70,70,70,70,70,70,70,70],"card_choices":[{"not_picked":["Compile Driver","Double Energy"],"picked":"Ball Lightning","floor":1},{"not_picked":["Sweeping Beam","Hologram"],"picked":"Barrage","floor":2},{"not_picked":["Undo","Compile Driver"],"picked":"Ball Lightning","floor":4},{"not_picked":["Redo","Beam Cell"],"picked":"ReplayTheSpireMod:Calculation Training","floor":7},{"not_picked":["Genetic Algorithm","Melter","hubris:PowerSurge"],"picked":"SKIP","floor":10},{"not_picked":["Chaos","BootSequence"],"picked":"Leap","floor":12},{"not_picked":["Compile Driver","Crystallizer","Cold Snap"],"picked":"SKIP","floor":14},{"not_picked":["Coolheaded","Streamline+1","Force Field"],"picked":"SKIP","floor":18},{"not_picked":["aspiration:Polymerization","Coolheaded","conspire:Rain"],"picked":"SKIP","floor":22},{"not_picked":["Reprogram","Conserve Battery+1","Sweeping Beam"],"picked":"SKIP","floor":25},{"not_picked":["Streamline","Cold Snap","Ball Lightning"],"picked":"SKIP","floor":27},{"not_picked":["ReplayTheSpireMod:Repulse+1","Crystallizer+1","DiskWipe"],"picked":"SKIP","floor":31},{"not_picked":["RefreshScreen+1","Cold Snap+1","Conserve Battery"],"picked":"SKIP","floor":35},{"not_picked":["Leap+1","Machine Learning","Hologram"],"picked":"SKIP","floor":38},{"not_picked":["Stack+1","Redo+1","Rebound+1"],"picked":"SKIP","floor":39},{"not_picked":["Leap+1","Coolheaded+1","Aggregate+1"],"picked":"SKIP","floor":41}],"player_experience":19606,"relics_obtained":[{"floor":9,"key":"WingedGreaves"},{"floor":10,"key":"Tintinnabulum"},{"floor":25,"key":"halation:Trompette"},{"floor":26,"key":"War Paint"},{"floor":41,"key":"ZombieTooth"},{"floor":43,"key":"Regal Pillow"}],"event_choices":[{"damage_healed":0,"gold_gain":0,"player_choice":"Trade","damage_taken":0,"relics_obtained":["CultistMask"],"max_hp_gain":0,"max_hp_loss":0,"event_name":"FaceTrader","floor":5,"gold_loss":0},{"damage_healed":0,"gold_gain":0,"player_choice":"Got Potions","damage_taken":0,"max_hp_gain":0,"max_hp_loss":0,"event_name":"Lab","floor":21,"gold_loss":0},{"damage_healed":0,"gold_gain":0,"player_choice":"Bought 1 Potion","damage_taken":0,"max_hp_gain":0,"max_hp_loss":0,"event_name":"The Woman in Blue","floor":37,"gold_loss":0}],"is_beta":false,"boss_relics":[{"not_picked":["ReplayTheSpireMod:SealedPack","Nuclear Battery","aspiration:PoetsPen_weak"]},{"not_picked":["Philosopher\u0027s Stone","ChewingGum"],"picked":"energizedSpire:HugeHouse"}],"items_purged_floors":[19,36],"is_endless":false,"potions_floor_spawned":[1,4,10,18,25,33,41],"killed_by":"Reptomancer","ascension_level":1}}