{"host":"uvmuduost5bzvojs","time":1611956351,"event":{"mods":["Aspiration","Bard","BaseMod","Better Match","Block Reminder","Conspire","Hermit","Highlight Path","Hubris","Infinite Spire","Jorbs\u0027s Wanderer Trilogy","Mad Scientist","Marisa????????","Mimic Mod","Minty Spire (QoL Compilation)","Potionbrewer","Replay The Spire","Robot Space Explorer","StSLib","The Blackbeard","The Construct","The Cursed","The Disciple","The Hayseed","The Hierophant","The Juggle","The Jungle","The Poker Player","The Runesmith","The Servant 0.9.4","The Spell Scribe","The Valiant","TheBandit"],"gold_per_floor":[119,119,119,139,152,152,181,204,243,243,55,69,94,112,112,209,209,221,232,157,192,192,270,270,305,331,331,483,483,515,515,515,545,545,545],"floor_reached":40,"language":"ENG","playtime":2530,"items_purged":["Strike_MRS"],"score":505,"play_id":"66d9a636-d6bb-4b2f-93aa-4afac1002ff8","local_time":"20210129163911","is_ascension_mode":false,"campfire_choices":[{"data":"EventHorizon","floor":6,"key":"SMITH"},{"data":"MysteriousBeam","floor":10,"key":"SMITH"},{"data":"ReplayTheSpireMod:Private Reserves","floor":15,"key":"SMITH"},{"data":"infinitespire:Collect","floor":32,"key":"SMITH"}],"circlet_count":0,"master_deck":["Strike_MRS","Strike_MRS","Strike_MRS","Defend_MRS","Defend_MRS","Defend_MRS","Defend_MRS","MasterSpark","UpSweep","EventHorizon+1","AsteroidBelt","MysteriousBeam+1","ChargeUpSpray+1","WitchLeyline+1","MeteoricShower+1","Acceleration","ReplayTheSpireMod:Private Reserves+1","SporeBomb","PulseMagic","StarBarrage+1","TreasureHunter+1","IllusionStar","WitchOfGreed","MagicChant+1","DeepEcoloBomb+1","infinitespire:Collect+1","WitchOfGreed+1","EarthLightRay+1"],"relics":["MiniHakkero","hubris:Teleporter","Molten Egg 2","PreservedInsect","Boot","conspire:SlowCooker","aspiration:PocketMushroom","ReplayFunnel","aspiration:RitualDagger","construct:FoamFinger","potionbrewer:RamsHorn","Pondfish Scales","hubris:CrackedHourglass"],"acts_visited":["Exordium","TheCity","TheBeyond"],"potions_floor_usage":[9,18,18,23,30,35],"damage_taken":[{"damage":0,"enemies":"Jaw Worm","floor":1,"turns":3},{"damage":0,"enemies":"Small Slimes","floor":4,"turns":3},{"damage":6,"enemies":"Cultist","floor":5,"turns":3},{"damage":26,"enemies":"Lagavulin","floor":7,"turns":4},{"damage":4,"enemies":"Exordium Thugs","floor":9,"turns":4},{"damage":6,"enemies":"Exordium Thugs","floor":12,"turns":3},{"damage":0,"enemies":"Gremlin Nob","floor":13,"turns":2},{"damage":8,"enemies":"Exordium Wildlife","floor":14,"turns":2},{"damage":0,"enemies":"Slime Boss","floor":16,"turns":5},{"damage":11,"enemies":"conspire:FuzzyDice","floor":18,"turns":5},{"damage":10,"enemies":"Chosen","floor":20,"turns":3},{"damage":33,"enemies":"Book of Stabbing","floor":23,"turns":3},{"damage":35,"enemies":"Snake Plant","floor":28,"turns":3},{"damage":12,"enemies":"Replay:Snechameleon","floor":30,"turns":3},{"damage":81,"enemies":"conspire:MysteriousRune","floor":33,"turns":7},{"damage":19,"enemies":"3 Darklings","floor":35,"turns":3},{"damage":19,"enemies":"3 Shapes","floor":38,"turns":3}],"seed_played":"-6138568403554240907","potions_obtained":[{"floor":1,"key":"Swift Potion"},{"floor":5,"key":"Doom Potion"},{"floor":7,"key":"potionbrewer:NoxiousPotion"},{"floor":13,"key":"Block Potion"},{"floor":18,"key":"Swift Potion"},{"floor":20,"key":"SteroidPotion"},{"floor":28,"key":"Block Potion"},{"floor":30,"key":"Explosive Potion"},{"floor":35,"key":"Energy Potion"}],"is_trial":false,"path_per_floor":["M","?","?","M","M","R","E","T","MIM","R","$","M","E","M","R","B",null,"M","M","?","E","AVR","T","?","M","E","R","B",null,"M","AVR","?","M","E"],"character_chosen":"MARISA","items_purchased":["MeteoricShower+1","Acceleration","ReplayTheSpireMod:Private Reserves"],"campfire_rested":0,"item_purchase_floors":[11,11,11],"current_hp_per_floor":[82,82,70,70,64,64,38,38,34,34,34,28,28,20,20,20,82,71,61,61,28,28,28,8,62,63,63,26,82,75,75,75,68,0,0],"gold":545,"neow_bonus":"TEN_PERCENT_HP_BONUS","is_daily":false,"chose_seed":false,"campfire_upgraded":4,"win_rate":0.0,"timestamp":1611956351,"path_taken":["M","?","?","M","?","R","E","?","MIM","R","$","M","E","M","R","BOSS","M","?","?","E","AVR","T","?","M","E","R","BOSS","M","AVR","?","?","E"],"items_purchased_type":["Card","Card","Card"],"build_version":"2020-12-22","purchased_purges":1,"victory":false,"max_hp_per_floor":[82,82,82,82,82,82,82,82,82,82,82,82,82,82,82,82,82,82,82,82,82,82,82,82,82,82,82,82,82,82,82,82,82,82,82],"card_choices":[{"not_picked":["SprinkleStarSeal","OrrerysSun"],"picked":"EventHorizon","floor":1},{"not_picked":["GalacticHalo","DC"],"picked":"AsteroidBelt","floor":4},{"not_picked":["MagicAbsorber","MilkyWay"],"picked":"MysteriousBeam","floor":5},{"not_picked":["StarDustReverie","SporeBomb"],"picked":"ChargeUpSpray+1","floor":7},{"not_picked":["DarkSpark+1","SporeBomb"],"picked":"WitchLeyline+1","floor":9},{"not_picked":["GravityBeat+1","AsteroidBelt"],"picked":"SporeBomb","floor":12},{"not_picked":["RefractionSpark+1","AsteroidBelt"],"picked":"PulseMagic","floor":13},{"not_picked":["StarlightTyphoon","EnergyFlow"],"picked":"StarBarrage+1","floor":14},{"not_picked":["FinalSpark+1","SatelliteIllusion"],"picked":"TreasureHunter+1","floor":16},{"not_picked":["EnergyRecoil+1","UnstableBomb+1"],"picked":"IllusionStar","floor":18},{"not_picked":["DarkSpark+1","SprinkleStarSeal"],"picked":"WitchOfGreed","floor":20},{"not_picked":["Singularity+1","ShootTheMoon+1"],"picked":"MagicChant+1","floor":21},{"not_picked":["MysteriousBeam+1","6A+1"],"picked":"DeepEcoloBomb+1","floor":23},{"not_picked":["GalacticHalo+1","NonDirectionalLaser+1"],"picked":"WitchOfGreed+1","floor":28},{"not_picked":["WitchOfGreed","BigCrunch"],"picked":"EarthLightRay+1","floor":30},{"not_picked":["DoubleSpark+1","SuperPerseids","ManaConvection"],"picked":"SKIP","floor":35},{"not_picked":["ShootTheMoon+1","DoubleSpark+1","Occultation"],"picked":"SKIP","floor":38}],"player_experience":1909174,"relics_obtained":[{"floor":7,"key":"Molten Egg 2"},{"floor":8,"key":"PreservedInsect"},{"floor":13,"key":"Boot"},{"floor":23,"key":"aspiration:PocketMushroom"},{"floor":26,"key":"construct:FoamFinger"},{"floor":30,"key":"potionbrewer:RamsHorn"},{"floor":33,"key":"Pondfish Scales"}],"event_choices":[{"damage_healed":0,"gold_gain":0,"player_choice":"Leave","damage_taken":0,"max_hp_gain":0,"max_hp_loss":0,"event_name":"The Cleric","floor":2,"gold_loss":0},{"damage_healed":0,"gold_gain":0,"player_choice":"Success","damage_taken":12,"relics_obtained":["hubris:Teleporter"],"max_hp_gain":0,"max_hp_loss":0,"event_name":"Scrap Ooze","floor":3,"gold_loss":0},{"damage_healed":0,"gold_gain":0,"player_choice":"2","damage_taken":0,"max_hp_gain":0,"max_hp_loss":0,"event_name":"betterMatch:BetterMatch","floor":21,"gold_loss":0,"cards_obtained":["betterMatch:UncommonCard"]},{"damage_healed":0,"gold_gain":0,"player_choice":"Got Potions","damage_taken":0,"max_hp_gain":0,"max_hp_loss":0,"event_name":"Lab","floor":37,"gold_loss":0}],"is_beta":false,"boss_relics":[{"not_picked":["ReplayTheSpireMod:DimensionalGlitch","Ring of Chaos"],"picked":"conspire:SlowCooker"},{"not_picked":["aspiration:RunesmithSkillbook","ReplayTheSpireMod:SealedPack"],"picked":"hubris:CrackedHourglass"}],"items_purged_floors":[25],"is_endless":false,"potions_floor_spawned":[1,5,7,13,18,20,30,33,35],"killed_by":"Reptomancer","ascension_level":0}}