{"host":"h5wult4bedbgdxyl","time":1611938094,"event":{"mods":["AchievementEnabler","BaseMod","Colored Map","Minty Spire (QoL Compilation)","Quick Restart"],"gold_per_floor":[114,189,209,209,209,209,238,238,238,238,258,258,258,273,273,375,375,359,221,221,221,239,239,274,274,274,274,307,323,323,323],"floor_reached":30,"language":"ZHS","playtime":2335,"items_purged":[],"score":290,"play_id":"19a6ee1f-31a8-4d40-9c51-5ec7acddebd3","local_time":"20210130003454","is_ascension_mode":true,"campfire_choices":[{"floor":6,"key":"REST"},{"floor":10,"key":"REST"},{"data":"Demon Form","floor":13,"key":"SMITH"},{"data":"Pommel Strike","floor":15,"key":"SMITH"},{"data":"Heavy Blade","floor":23,"key":"SMITH"},{"floor":27,"key":"REST"}],"circlet_count":0,"master_deck":["Strike_R","Strike_R","Strike_R","Defend_R","Defend_R","Defend_R","Defend_R","Bash","Doubt","Heavy Blade+1","Demon Form+1","Headbutt","Power Through","Pommel Strike+1","Offering","Flex","Dual Wield+1","Inflame"],"relics":["Burning Blood","Potion Belt","Thread and Needle","Champion Belt","Singing Bowl","Busted Crown","Mercury Hourglass","Tiny Chest","Bottled Tornado"],"acts_visited":["TheCity"],"potions_floor_usage":[3,16,29],"damage_taken":[{"damage":7,"enemies":"Small Slimes","floor":1,"turns":4},{"damage":9,"enemies":"Jaw Worm","floor":3,"turns":6},{"damage":26,"enemies":"Lagavulin","floor":7,"turns":7},{"damage":0,"enemies":"2 Louse","floor":11,"turns":3},{"damage":7,"enemies":"2 Fungi Beasts","floor":14,"turns":4},{"damage":28,"enemies":"Slime Boss","floor":16,"turns":11},{"damage":7,"enemies":"2 Thieves","floor":18,"turns":4},{"damage":6,"enemies":"Chosen","floor":22,"turns":4},{"damage":56,"enemies":"Slavers","floor":24,"turns":5},{"damage":44,"enemies":"Book of Stabbing","floor":28,"turns":6},{"damage":12,"enemies":"Centurion and Healer","floor":29,"turns":4},{"damage":22,"enemies":"Shelled Parasite and Fungi","floor":30,"turns":3}],"seed_played":"825780266526643563","potions_obtained":[{"floor":1,"key":"Dexterity Potion"},{"floor":7,"key":"Dexterity Potion"},{"floor":28,"key":"LiquidBronze"}],"is_trial":false,"path_per_floor":["M","?","M","$","?","R","E","T","T","R","M","?","R","M","R","B",null,"M","$","?","$","M","R","E","?","T","R","E","M","M"],"character_chosen":"IRONCLAD","items_purchased":["Offering"],"campfire_rested":3,"item_purchase_floors":[19],"current_hp_per_floor":[79,68,65,65,23,47,27,27,27,51,59,59,59,58,58,38,84,85,85,85,85,87,87,39,39,39,66,28,22,0,0],"gold":323,"neow_bonus":"TRANSFORM_TWO_CARDS","is_daily":false,"chose_seed":false,"campfire_upgraded":3,"win_rate":0.0,"timestamp":1611938094,"path_taken":["M","?","M","$","?","R","E","?","T","R","M","?","R","M","R","BOSS","M","$","?","$","M","R","E","?","T","R","E","M","M"],"items_purchased_type":["Card"],"build_version":"2020-12-22","purchased_purges":0,"victory":false,"max_hp_per_floor":[80,80,80,80,80,80,80,80,80,80,82,82,82,82,82,84,84,86,86,86,86,88,88,90,90,90,90,90,90,90,90],"card_choices":[{"not_picked":["Rage","Thunderclap","Feel No Pain"],"picked":"SKIP","floor":1},{"not_picked":["Sentinel","Battle Trance"],"picked":"Headbutt","floor":3},{"not_picked":["Twin Strike","Fiend Fire"],"picked":"Power Through","floor":7},{"not_picked":["Second Wind","Cleave","True Grit"],"picked":"Singing Bowl","floor":11},{"not_picked":["Armaments","Disarm"],"picked":"Pommel Strike","floor":14},{"not_picked":["Juggernaut","Exhume","Corruption"],"picked":"Singing Bowl","floor":16},{"not_picked":["Iron Wave+1"],"picked":"Singing Bowl","floor":18},{"not_picked":["Cleave"],"picked":"Singing Bowl","floor":22},{"not_picked":["Body Slam+1"],"picked":"Singing Bowl","floor":24},{"not_picked":[],"picked":"Dual Wield+1","floor":28},{"not_picked":[],"picked":"Inflame","floor":29}],"player_experience":44208,"relics_obtained":[{"floor":7,"key":"Thread and Needle"},{"floor":8,"key":"Champion Belt"},{"floor":9,"key":"Singing Bowl"},{"floor":24,"key":"Mercury Hourglass"},{"floor":26,"key":"Tiny Chest"},{"floor":28,"key":"Bottled Tornado"}],"event_choices":[{"damage_healed":0,"gold_gain":75,"player_choice":"Gather Gold","damage_taken":11,"max_hp_gain":0,"max_hp_loss":0,"event_name":"World of Goop","floor":2,"gold_loss":0},{"damage_healed":0,"gold_gain":0,"player_choice":"Success","damage_taken":42,"relics_obtained":["Potion Belt"],"max_hp_gain":0,"max_hp_loss":0,"event_name":"Scrap Ooze","floor":5,"gold_loss":0},{"damage_healed":0,"gold_gain":0,"player_choice":"Ignored","damage_taken":0,"max_hp_gain":0,"max_hp_loss":0,"event_name":"Shining Light","floor":12,"gold_loss":0},{"damage_healed":0,"gold_gain":0,"player_choice":"Read","damage_taken":0,"max_hp_gain":0,"max_hp_loss":0,"event_name":"The Library","floor":20,"gold_loss":0,"cards_obtained":["Flex"]},{"damage_healed":0,"gold_gain":0,"player_choice":"Ignored","damage_taken":0,"max_hp_gain":0,"max_hp_loss":0,"event_name":"Vampires","floor":25,"gold_loss":0}],"is_beta":false,"boss_relics":[{"not_picked":["Philosopher\u0027s Stone","Runic Cube"],"picked":"Busted Crown"}],"items_purged_floors":[],"is_endless":false,"potions_floor_spawned":[1,7,28],"killed_by":"Shelled Parasite and Fungi","ascension_level":2}}