{"host":"toh0bbw446wnuexf","time":1611902824,"event":{"mods":["BaseMod","Downfall","Hermit","Minty Spire (QoL Compilation)","Random Character Button","StSLib"],"gold_per_floor":[99,110,130,140,155,155,155,155,169,204,204,104,133,43,58,155,155,155,168,182,200,210,225,296,313,313,333,349,349,349,368,382,477,477,477,497,515,529,257,270,270,370,389,399,399,427,427,427,437,437],"floor_reached":51,"language":"ENG","playtime":3605,"items_purged":["bronze:Strike","bronze:Defend"],"score":936,"play_id":"655a93c8-8535-48a1-8634-03aab71458c7","local_time":"20210129194704","is_ascension_mode":true,"campfire_choices":[{"data":"bronze:Replicate","floor":1,"key":"SMITH"},{"data":"bronze:Constructor","floor":6,"key":"SMITH"},{"floor":8,"key":"RECALL"},{"data":"bronze:Goto","floor":12,"key":"SMITH"},{"data":"bronze:Terminator","floor":18,"key":"SMITH"},{"floor":30,"key":"REST"},{"data":"bronze:Defend","floor":35,"key":"SMITH"},{"floor":47,"key":"REST"}],"circlet_count":0,"master_deck":["bronze:Strike","bronze:Strike","bronze:Defend","bronze:Defend","bronze:Defend+1","bronze:Replicate+1","bronze:Goto+1","bronze:Constructor+1","bronze:Terminator+1","bronze:Separator+1","Doubt"],"relics":["Sozu","Singing Bowl","Bag of Preparation","downfall:HeartBlessingRed","Pen Nib","Shuriken","SlaversCollar","Vajra","Calipers","TungstenRod"],"acts_visited":["Exordium","TheCity","TheBeyond"],"potions_floor_usage":[],"damage_taken":[{"damage":0,"enemies":"Jaw Worm","floor":2,"turns":3},{"damage":0,"enemies":"Small Slimes","floor":3,"turns":4},{"damage":0,"enemies":"2 Louse","floor":4,"turns":2},{"damage":6,"enemies":"Red Slaver","floor":5,"turns":5},{"damage":9,"enemies":"Exordium Wildlife","floor":9,"turns":6},{"damage":4,"enemies":"Lagavulin","floor":10,"turns":7},{"damage":44,"enemies":"Gremlin Nob","floor":13,"turns":5},{"damage":0,"enemies":"downfall:FleeingMerchant","floor":14,"turns":4},{"damage":0,"enemies":"2 Fungi Beasts","floor":15,"turns":3},{"damage":0,"enemies":"SI_SHIV_ARCHETYPE","floor":16,"turns":5},{"damage":0,"enemies":"Chosen","floor":19,"turns":3},{"damage":9,"enemies":"Chosen and Byrds","floor":20,"turns":5},{"damage":0,"enemies":"Snake Plant","floor":21,"turns":2},{"damage":0,"enemies":"Sentry and Sphere","floor":22,"turns":3},{"damage":8,"enemies":"Centurion and Healer","floor":23,"turns":7},{"damage":0,"enemies":"Snake Plant","floor":25,"turns":4},{"damage":29,"enemies":"Cultist and Chosen","floor":27,"turns":8},{"damage":0,"enemies":"Chosen and Byrds","floor":28,"turns":4},{"damage":18,"enemies":"Snake Plant","floor":31,"turns":4},{"damage":20,"enemies":"Snecko","floor":32,"turns":7},{"damage":3,"enemies":"WA_ARCHETYPE_CALM","floor":33,"turns":8},{"damage":11,"enemies":"3 Shapes","floor":36,"turns":6},{"damage":7,"enemies":"Orb Walker","floor":37,"turns":3},{"damage":14,"enemies":"Transient","floor":38,"turns":5},{"damage":0,"enemies":"downfall:FleeingMerchant","floor":39,"turns":4},{"damage":19,"enemies":"Maw","floor":40,"turns":7},{"damage":18,"enemies":"Jaw Worm Horde","floor":43,"turns":4},{"damage":17,"enemies":"Sphere and 2 Shapes","floor":44,"turns":5},{"damage":3,"enemies":"Giant Head","floor":46,"turns":6},{"damage":0,"enemies":"Spire Growth","floor":49,"turns":4},{"damage":24,"enemies":"DF_ARCHETYPE_ORBS","floor":50,"turns":10}],"seed_played":"6466868687763819482","potions_obtained":[],"is_trial":false,"path_per_floor":["R","M","M","M","M","R","T","R","M","E","?","R","E","$","M","B",null,"R","M","M","M","M","M","T","M","?","M","M","?","R","M","M","B",null,"R","M","M","M","$","M","T","?","M","M","?","E","R","?","M","B",null],"character_chosen":"THE_AUTOMATON","items_purchased":["Vajra"],"campfire_rested":2,"item_purchase_floors":[39],"current_hp_per_floor":[70,70,70,70,64,64,64,64,57,55,60,60,18,20,20,22,85,85,87,80,82,82,76,76,78,78,51,53,53,82,66,48,47,105,105,96,91,79,81,64,64,64,48,33,33,32,68,121,123,99],"gold":437,"neow_bonus":"BOSS_RELIC","is_daily":false,"chose_seed":false,"campfire_upgraded":5,"win_rate":0.0,"timestamp":1611902824,"path_taken":["R","M","M","M","M","R","T","R","M","E","?","R","E","$","M","BOSS","R","M","M","M","M","M","T","M","?","M","M","?","R","M","M","BOSS","R","M","M","M","$","M","T","?","M","?","?","E","R","?","M","BOSS"],"items_purchased_type":["Relic"],"build_version":"2020-12-22","purchased_purges":2,"victory":true,"max_hp_per_floor":[70,70,70,70,70,70,70,70,72,74,79,79,81,83,83,85,85,85,87,89,91,91,93,93,95,95,97,99,99,99,101,103,105,105,105,107,109,111,113,115,115,115,117,119,119,121,121,121,123,123],"card_choices":[{"not_picked":["bronze:BitShift","bronze:OilSpill"],"picked":"bronze:Constructor","floor":2},{"not_picked":["bronze:DigitalCarnage","bronze:Frontload","bronze:Branch"],"picked":"SKIP","floor":3},{"not_picked":["bronze:WildBeam","bronze:FineTuning","bronze:Shield"],"picked":"SKIP","floor":4},{"not_picked":["bronze:DelayedGuard","bronze:Shield","bronze:Format"],"picked":"SKIP","floor":5},{"not_picked":["bronze:BronzeArmor","bronze:OilSpill","bronze:BitShift"],"picked":"Singing Bowl","floor":9},{"not_picked":["bronze:Iterate","bronze:CleanCode","bronze:Shield"],"picked":"Singing Bowl","floor":10},{"not_picked":["bronze:WhirlingStrike","bronze:Return","bronze:Repair"],"picked":"Singing Bowl","floor":13},{"not_picked":["bronze:Overload","bronze:BitShift","bronze:NullPointer"],"picked":"Singing Bowl","floor":14},{"not_picked":["bronze:DelayedGuard","bronze:GetLatest"],"picked":"bronze:Terminator","floor":15},{"not_picked":["bronze:ShipIt","bronze:HyperBeam","bronze:InfiniteLoop"],"picked":"Singing Bowl","floor":16},{"not_picked":["bronze:Terminator","bronze:Turbo+1","bronze:WildBeam"],"picked":"Singing Bowl","floor":19},{"not_picked":["bronze:DelayedGuard","bronze:WhirlingStrike","bronze:DigitalCarnage+1"],"picked":"Singing Bowl","floor":20},{"not_picked":["bronze:OilSpill","bronze:Iterate","bronze:Fortify"],"picked":"Singing Bowl","floor":21},{"not_picked":["bronze:Turbo","bronze:Deprecate"],"picked":"bronze:Separator+1","floor":22},{"not_picked":["bronze:Shell","bronze:Deprecate+1","bronze:WildBeam"],"picked":"Singing Bowl","floor":23},{"not_picked":["bronze:ClassDefault","bronze:Verify","bronze:Iterate+1"],"picked":"Singing Bowl","floor":25},{"not_picked":["bronze:CutThrough+1","bronze:InfiniteBeams","bronze:BitShift"],"picked":"Singing Bowl","floor":27},{"not_picked":["bronze:DelayedSlice","bronze:Invalidate+1","bronze:OilSpill"],"picked":"Singing Bowl","floor":28},{"not_picked":["bronze:CutThrough","bronze:Terminator+1","bronze:Frontload"],"picked":"Singing Bowl","floor":31},{"not_picked":["bronze:DelayedSlice","bronze:BuggyMess","bronze:Turbo"],"picked":"Singing Bowl","floor":32},{"not_picked":["bronze:ShipIt","bronze:AlphaBuild","bronze:Format"],"picked":"Singing Bowl","floor":33},{"not_picked":["bronze:Iterate+1","bronze:ChildClass+1","bronze:Overload+1"],"picked":"Singing Bowl","floor":36},{"not_picked":["bronze:DigitalCarnage+1","bronze:Backtrace+1","bronze:WhirlingStrike+1"],"picked":"Singing Bowl","floor":37},{"not_picked":["bronze:Boost+1","bronze:Frontload+1","bronze:WhirlingStrike"],"picked":"Singing Bowl","floor":38},{"not_picked":["bronze:Assembly","bronze:Overheat","bronze:WildBeam"],"picked":"Singing Bowl","floor":39},{"not_picked":["bronze:Shell","bronze:Constructor+1","bronze:Separator+1"],"picked":"Singing Bowl","floor":40},{"not_picked":["bronze:WildBeam+1","bronze:Fortify","bronze:Shell+1"],"picked":"Singing Bowl","floor":43},{"not_picked":["bronze:Return+1","bronze:Deprecate","bronze:BuggyMess"],"picked":"Singing Bowl","floor":44},{"not_picked":["bronze:Separator+1","bronze:CleanCode","bronze:AlphaBuild"],"picked":"Singing Bowl","floor":46},{"not_picked":["bronze:Overheat+1","bronze:FineTuning","bronze:BugBarrage"],"picked":"Singing Bowl","floor":49}],"player_experience":625473,"relics_obtained":[{"floor":7,"key":"Singing Bowl"},{"floor":10,"key":"Bag of Preparation"},{"floor":13,"key":"Pen Nib"},{"floor":24,"key":"Shuriken"},{"floor":41,"key":"Calipers"},{"floor":46,"key":"TungstenRod"}],"event_choices":[{"damage_healed":0,"gold_gain":0,"player_choice":"Donut","damage_taken":0,"max_hp_gain":5,"max_hp_loss":0,"event_name":"Big Fish","floor":11,"gold_loss":0},{"damage_healed":0,"gold_gain":0,"player_choice":"Ignored","damage_taken":0,"max_hp_gain":0,"max_hp_loss":0,"event_name":"Vampires","floor":29,"gold_loss":0},{"cards_removed":["bronze:Strike"],"damage_healed":0,"gold_gain":0,"player_choice":"Removed Attack","damage_taken":0,"max_hp_gain":0,"max_hp_loss":0,"event_name":"Falling","floor":45,"gold_loss":0}],"is_beta":false,"boss_relics":[{"not_picked":["Calling Bell","Cursed Key","Coffee Dripper"]},{"not_picked":["Empty Cage","SacredBark"],"picked":"SlaversCollar"}],"items_purged_floors":[14,39],"is_endless":false,"potions_floor_spawned":[4,9,10,20,22,23,25,28,37,40,43,44],"ascension_level":1}}