{"host":"8p5c6x4qt9411139","time":1611960259,"event":{"mods":["Aspiration","BaseMod","BetterRewards","Hubris","Infinite Spire","Minty Spire (QoL Compilation)","Quick Restart","Replay The Spire","Shop Mod","StSLib","The Animator","The Jungle"],"gold_per_floor":[116,126,142,142,142,176,176,196,249,318,331,331,136,155,155,155,260,260,276,276,296,296,310,335,354,354,354,354,365,365,378,388,388,490,490,502,520,531,190,190,190,204,204,230,43,43,43,43,56,56,56],"floor_reached":52,"language":"ENG","playtime":1688,"items_purged":["Strike_R","Defend_R","Strike_R"],"score":801,"play_id":"3d50dbe4-1974-4767-8941-413a6d3e9aaa","local_time":"20210129144419","is_ascension_mode":false,"campfire_choices":[{"data":"infinitespire:OneForAll","floor":7.0,"key":"SMITH"},{"data":"Uppercut","floor":12.0,"key":"SMITH"},{"data":"Neutralize","floor":15.0,"key":"SMITH"},{"data":"Bludgeon","floor":16.0,"key":"SMITH"},{"floor":26.0,"key":"REST"},{"floor":46,"key":"REST"},{"floor":48,"key":"RECALL"},{"floor":50,"key":"DIG"}],"circlet_count":0,"master_deck":["Strike_R","Strike_R+1","Defend_R","Defend_R","Defend_R","infinitespire:OneForAll+1","Uppercut+1","Ghostly Armor+1","Survivor","Neutralize+1","Bludgeon+1","hubris:ReadiedAction","Hemogenesis+1","Shame","Offering","hubris:SharpeningStone","Disarm","ReplayTheSpireMod:Brewmster"],"relics":["Burning Blood","Paper Frog","Gremlin Horn","Toy Ornithopter","hubris:OldNail","ReplayTheSpireMod:DimensionalGlitch","theJungle:WildStrawberry","StrikeDummy","Mirror","theJungle:PaperFaux","Fusion Hammer","Lee\u0027s Waffle","Strange Spoon","infinitespire:PuzzleCube","hubris:SphereOfDissonance","Bag of Marbles"],"acts_visited":["Exordium","Exordium","TheBeyond"],"potions_floor_usage":[49,49,49,51,51,51,51,51,51,51],"damage_taken":[{"damage":3.0,"enemies":"Jaw Worm","floor":1.0,"turns":3.0},{"damage":0.0,"enemies":"Small Slimes","floor":2.0,"turns":3.0},{"damage":8.0,"enemies":"2 Louse","floor":3.0,"turns":2.0},{"damage":28.0,"enemies":"Lagavulin","floor":6.0,"turns":10.0},{"damage":1.0,"enemies":"2 Fungi Beasts","floor":8.0,"turns":4.0},{"damage":11.0,"enemies":"Large Slime","floor":11.0,"turns":5.0},{"damage":0.0,"enemies":"Lots of Slimes","floor":14.0,"turns":3.0},{"damage":12.0,"enemies":"Hexaghost","floor":17.0,"turns":5.0},{"damage":7.0,"enemies":"theJungle:GiantWrat","floor":19.0,"turns":3.0},{"damage":13.0,"enemies":"theJungle:MUSHROOMGANG","floor":21.0,"turns":4.0},{"damage":16.0,"enemies":"theJungle:JungleHuntersEncounter","floor":23.0,"turns":6.0},{"damage":15.0,"enemies":"theJungle:MamaSnecko","floor":24.0,"turns":4.0},{"damage":25.0,"enemies":"theJungle:2_Flameangoes","floor":25.0,"turns":4.0},{"damage":18.0,"enemies":"theJungle:Lyon","floor":29.0,"turns":4.0},{"damage":2.0,"enemies":"Snake Plant","floor":31.0,"turns":3.0},{"damage":0.0,"enemies":"theJungle:2_Snecko_Cultists","floor":32.0,"turns":2.0},{"damage":46.0,"enemies":"theJungle:FunGuy","floor":34.0,"turns":7.0},{"damage":0.0,"enemies":"Orb Walker","floor":36.0,"turns":3.0},{"damage":32.0,"enemies":"3 Shapes","floor":37.0,"turns":2.0},{"damage":7.0,"enemies":"Spire Growth","floor":38.0,"turns":3.0},{"damage":13.0,"enemies":"Sphere and 2 Shapes","floor":42.0,"turns":3.0},{"damage":23,"enemies":"4 Shapes","floor":49,"turns":7},{"damage":73,"enemies":"Donu and Deca","floor":51,"turns":5}],"seed_played":"-2735558388557430323","potions_obtained":[{"floor":1.0,"key":"Fruit Juice"},{"floor":6.0,"key":"FearPotion"},{"floor":11.0,"key":"Cursed Concoction"},{"floor":23.0,"key":"Dexterity Potion"},{"floor":29.0,"key":"AttackPotion"},{"floor":34.0,"key":"Languid Potion"}],"is_trial":false,"path_per_floor":["M","M","M","?","?","E","R","M","T","?","M","R","$","M","R","R","B",null,"M","?","M","?","M","E","M","R","T","?","M","$","M","M","R","B",null,"M","M","M","$","?","?","M","AVR","T","$","R","T","R","M","R","B",null],"character_chosen":"IRONCLAD","items_purchased":["infinitespire:OneForAll","Paper Frog","Gremlin Horn","Uppercut","FairyPotion","Lee\u0027s Waffle","Disarm","ReplayTheSpireMod:Brewmster"],"campfire_rested":2,"item_purchase_floors":[0,0,0,0,13,39,39,45],"current_hp_per_floor":[47,53,51,35,35,13,13,18,18,18,13,13,13,19,19,19,18,80,76,62,56,56,47,39,26,52,52,52,43,43,48,55,55,25,87,87,58,58,94,94,94,84,84,84,84,94,94,94,83,83,43],"gold":56,"neow_bonus":"","is_daily":false,"chose_seed":false,"campfire_upgraded":4,"win_rate":0.0,"timestamp":1611960259,"path_taken":["M","M","M","?","?","E","R","M","T","?","M","R","$","M","R","R","BOSS","M","?","M","?","M","E","M","R","T","?","M","$","M","?","R","BOSS","M","M","M","$","?","?","M","AVR","T","?","R","?","R","?","R","BOSS"],"items_purchased_type":["Card","Relic","Relic","Card","Potion","Relic","Card","Card"],"build_version":"2020-12-22","purchased_purges":3,"victory":true,"max_hp_per_floor":[80,80,80,80,80,80,80,80,80,80,80,80,80,80,80,80,80,80,80,87,87,87,87,87,87,87,87,87,87,87,87,87,87,87,87,87,87,87,94,94,94,94,94,94,94,94,94,94,94,94,94],"card_choices":[{"not_picked":["Cleave","Run Through","Pummel"],"picked":"SKIP","floor":1.0},{"not_picked":["Abandon","Uppercut","Thunderclap"],"picked":"SKIP","floor":2.0},{"not_picked":["Clash","Warcry"],"picked":"Ghostly Armor","floor":3.0},{"not_picked":["Wild Strike","Iron Wave"],"picked":"Bludgeon","floor":6.0},{"not_picked":["Replay:Undeath\u0027s Touch","Heavy Blade","Anger"],"picked":"SKIP","floor":8.0},{"not_picked":["Twin Strike","Replay:Undeath\u0027s Touch","Wild Strike"],"picked":"SKIP","floor":11.0},{"not_picked":["Iron Wave","ReplayTheSpireMod:Limb From Limb"],"picked":"hubris:ReadiedAction","floor":14.0},{"not_picked":["Fiend Fire","Bludgeon"],"picked":"Hemogenesis","floor":17.0},{"not_picked":["Havoc+1","Flex","Heavy Blade"],"picked":"SKIP","floor":19.0},{"not_picked":["Anger","Thunderclap+1","Ghostly Armor"],"picked":"SKIP","floor":21.0},{"not_picked":["Intimidate","Searing Blow","Seeing Red"],"picked":"SKIP","floor":23.0},{"not_picked":["Body Slam+1","Pommel Strike","Entrench"],"picked":"SKIP","floor":24.0},{"not_picked":["hubris:ReadiedAction","Sword Boomerang+1","Twin Strike"],"picked":"SKIP","floor":25.0},{"not_picked":["Second Wind+1","Ghostly Armor","Fire Breathing"],"picked":"SKIP","floor":29.0},{"not_picked":["Run Through","Flex","Hemogenesis"],"picked":"SKIP","floor":31.0},{"not_picked":["Perfected Strike","Infernal Blade","Anger"],"picked":"SKIP","floor":32.0},{"not_picked":["hubris:StunningStrike","Berserk"],"picked":"Offering","floor":34.0},{"not_picked":["infinitespire:OneForAll","Burning Pact"],"picked":"hubris:SharpeningStone","floor":36.0},{"not_picked":["Perfected Strike+1","ReplayTheSpireMod:Limb From Limb","Twin Strike+1"],"picked":"SKIP","floor":37.0},{"not_picked":["Replay:Undeath\u0027s Touch","Body Slam","Sword Boomerang"],"picked":"SKIP","floor":38.0},{"not_picked":["Shrug It Off","Thunderclap+1","Ghostly Armor"],"picked":"SKIP","floor":42},{"not_picked":["Fire Breathing+1","Body Slam","Spot Weakness"],"picked":"SKIP","floor":49}],"player_experience":403133,"relics_obtained":[{"floor":6.0,"key":"Toy Ornithopter"},{"floor":9.0,"key":"hubris:OldNail"},{"floor":24.0,"key":"StrikeDummy"},{"floor":27.0,"key":"Mirror"},{"floor":44,"key":"infinitespire:PuzzleCube"},{"floor":47,"key":"hubris:SphereOfDissonance"},{"floor":50,"key":"Bag of Marbles"}],"event_choices":[{"damage_healed":0.0,"max_hp_gain":0.0,"max_hp_loss":0.0,"gold_gain":0.0,"event_name":"Shining Light","player_choice":"Entered Light","floor":4.0,"gold_loss":0.0,"damage_taken":16.0,"cards_upgraded":["Ghostly Armor","Strike_R"]},{"damage_healed":0.0,"max_hp_gain":0.0,"max_hp_loss":0.0,"gold_gain":69.0,"event_name":"Golden Wing","player_choice":"Gained Gold","floor":10.0,"gold_loss":0.0,"damage_taken":0.0},{"cards_removed":["Strike_R"],"damage_healed":0.0,"max_hp_gain":0.0,"max_hp_loss":0.0,"gold_gain":0.0,"event_name":"Bonfire Elementals","player_choice":"Offered Basic","floor":28.0,"gold_loss":0.0,"damage_taken":0.0},{"damage_healed":0.0,"max_hp_gain":0.0,"max_hp_loss":0.0,"gold_gain":0.0,"event_name":"SensoryStone","player_choice":"Memory 1","floor":40.0,"gold_loss":0.0,"damage_taken":0.0},{"damage_healed":0.0,"max_hp_gain":0.0,"max_hp_loss":0.0,"gold_gain":0.0,"event_name":"NoteForYourself","player_choice":"Ignored","floor":41.0,"gold_loss":0.0,"damage_taken":0.0}],"is_beta":false,"boss_relics":[{"not_picked":["hubris:TerracottaHorce","Electric Blood"],"picked":"ReplayTheSpireMod:DimensionalGlitch"},{"not_picked":["aspiration:FutureDiary","Velvet Choker"],"picked":"Fusion Hammer"}],"items_purged_floors":[0,13,39],"is_endless":false,"potions_floor_spawned":[1,6,11,23,29,31,34,36,49],"ascension_level":0}}