{"host":"i0avyit1s6jb1siw","time":1611936578,"event":{"mods":["BaseMod","DeckTracker","Dota2Spire","Highlight Path","Minty Spire (QoL Compilation)","Quick Restart","StSLib","SuperFastMode"],"gold_per_floor":[117,12,29,46,46,72,88,98,117,117,117,143,143,162,173,173,173,173,244,244,224,139,139,139,54,54,54,54,54,54,54,54,54,54,54,54,54,54,54,54,54,54,54,54,54,54,54,54,54,54,54,54,54,54,54,54,54,1,1,1,1],"floor_reached":60,"language":"ENG","playtime":3562,"items_purged":[],"score":2099,"play_id":"dd3f66e7-c044-407c-a5e2-576bdd05d40c","local_time":"20210129170938","is_ascension_mode":true,"campfire_choices":[{"data":"Feed","floor":13.0,"key":"SMITH"},{"data":"Fire Breathing","floor":17.0,"key":"SMITH"},{"data":"Perfected Strike","floor":18.0,"key":"SMITH"},{"data":"Limit Break","floor":26.0,"key":"SMITH"},{"floor":35,"key":"REST"},{"data":"Pommel Strike","floor":36,"key":"SMITH"},{"floor":51,"key":"RECALL"},{"floor":53,"key":"REST"},{"floor":57,"key":"REST"}],"circlet_count":0,"master_deck":["AscendersBane","Strike_R","Strike_R","Strike_R","Strike_R","Strike_R","Defend_R","Defend_R","Defend_R","Defend_R","Bash","Wild Strike","Combust","Feed+1","Fire Breathing+1","Spot Weakness","Perfected Strike+1","Perfected Strike+1","Limit Break+1","Shrug It Off","Shockwave","Second Wind","Ghostly Armor","Dual Wield+1","Perfected Strike","Sentinel","Dark Embrace","Pommel Strike+1","Flame Barrier","Wild Strike","Finesse","Trip","Finesse","Shrug It Off","True Grit+1","Wild Strike","Perfected Strike","Wild Strike","Wild Strike"],"relics":["Burning Blood","Akabeko","Dota2Spire:ArcaneBoots","StrikeDummy","Incense Burner","Dota2Spire:MonkeyKingBar","Pantograph","Ectoplasm","Dota2Spire:ShivaGuard","Potion Belt","Dream Catcher","Lizard Tail","Nilry\u0027s Codex","Dota2Spire:RefresherOrb","PreservedInsect","Happy Flower","Blood Vial"],"acts_visited":["Exordium","TheCity","TheBeyond","TheEnding"],"potions_floor_usage":[37,42,44,44,60,60],"damage_taken":[{"damage":7.0,"enemies":"Small Slimes","floor":1.0,"turns":4.0},{"damage":0.0,"enemies":"Cultist","floor":3.0,"turns":2.0},{"damage":0.0,"enemies":"2 Louse","floor":4.0,"turns":2.0},{"damage":18.0,"enemies":"3 Sentries","floor":6.0,"turns":5.0},{"damage":16.0,"enemies":"Exordium Wildlife","floor":7.0,"turns":4.0},{"damage":23.0,"enemies":"Exordium Thugs","floor":8.0,"turns":5.0},{"damage":7.0,"enemies":"3 Louse","floor":9.0,"turns":2.0},{"damage":30.0,"enemies":"Lagavulin","floor":12.0,"turns":5.0},{"damage":9.0,"enemies":"Looter","floor":14.0,"turns":3.0},{"damage":0.0,"enemies":"2 Fungi Beasts","floor":15.0,"turns":2.0},{"damage":27.0,"enemies":"Hexaghost","floor":19.0,"turns":6.0},{"damage":11.0,"enemies":"2 Thieves","floor":21.0,"turns":2.0},{"damage":13.0,"enemies":"Shell Parasite","floor":23.0,"turns":3.0},{"damage":9.0,"enemies":"Centurion and Healer","floor":24.0,"turns":4.0},{"damage":15.0,"enemies":"Slavers","floor":27.0,"turns":5.0},{"damage":31,"enemies":"Gremlin Leader","floor":30,"turns":5},{"damage":11,"enemies":"Shelled Parasite and Fungi","floor":31,"turns":5},{"damage":11,"enemies":"Snecko","floor":32,"turns":4},{"damage":60,"enemies":"Champ","floor":37,"turns":11},{"damage":1,"enemies":"Orb Walker","floor":39,"turns":3},{"damage":12,"enemies":"3 Shapes","floor":40,"turns":8},{"damage":23,"enemies":"Spire Growth","floor":42,"turns":4},{"damage":23,"enemies":"4 Shapes","floor":43,"turns":5},{"damage":56,"enemies":"Giant Head","floor":44,"turns":6},{"damage":10,"enemies":"Sphere and 2 Shapes","floor":45,"turns":9},{"damage":0,"enemies":"Maw","floor":46,"turns":4},{"damage":14,"enemies":"3 Darklings","floor":48,"turns":5},{"damage":16,"enemies":"Writhing Mass","floor":50,"turns":4},{"damage":48,"enemies":"Reptomancer","floor":52,"turns":6},{"damage":53,"enemies":"Donu and Deca","floor":54,"turns":8},{"damage":67,"enemies":"Awakened One","floor":55,"turns":12},{"damage":13,"enemies":"Shield and Spear","floor":59,"turns":5},{"damage":165,"enemies":"The Heart","floor":60,"turns":9}],"seed_played":"-509134397175096930","potions_obtained":[{"floor":3.0,"key":"Explosive Potion"},{"floor":7.0,"key":"LiquidBronze"},{"floor":9.0,"key":"ElixirPotion"},{"floor":12.0,"key":"Swift Potion"},{"floor":19.0,"key":"LiquidMemories"},{"floor":27.0,"key":"Explosive Potion"},{"floor":32,"key":"Energy Potion"},{"floor":39,"key":"LiquidMemories"},{"floor":40,"key":"GamblersBrew"},{"floor":50,"key":"Regen Potion"},{"floor":52,"key":"LiquidBronze"}],"is_trial":false,"path_per_floor":["M","?","M","M","$","E","M","M","M","T","T","E","R","M","M","?","R","R","B",null,"M","?","M","M","$","R","E","?","T","E","M","M","$","?","R","R","B",null,"M","M","?","M","M","E","M","M","T","M","$","M","R","E","R","B","B",null,"R","$","E","B"],"character_chosen":"IRONCLAD","items_purchased":["Ghostly Armor","Energy Potion"],"campfire_rested":3,"item_purchase_floors":[25,58],"current_hp_per_floor":[67,67,73,75,75,63,56,42,44,44,44,23,23,20,30,35,35,35,39,82,81,81,78,79,79,79,74,74,74,49,48,43,43,22,56,56,31,98,103,101,91,78,65,15,11,21,21,13,13,74,74,32,72,54,22,114,144,144,141,0,0],"gold":1,"neow_bonus":"RANDOM_COMMON_RELIC","is_daily":false,"chose_seed":false,"campfire_upgraded":5,"win_rate":0.0,"timestamp":1611936578,"path_taken":["M","?","M","M","$","E","M","?","?","T","T","E","R","M","M","?","R","R","BOSS","M","?","M","M","$","R","E","?","T","E","?","M","?","?","R","R","BOSS","M","M","?","M","M","E","M","M","T","M","$","M","R","E","R","BOSS","BOSS","R","$","E","BOSS"],"items_purchased_type":["Card","Potion"],"build_version":"2020-12-22","purchased_purges":0,"victory":false,"max_hp_per_floor":[75,75,75,75,75,75,78,81,84,84,84,87,87,87,91,96,96,96,96,96,100,100,104,108,108,108,112,112,112,112,116,116,116,116,116,116,120,120,120,124,124,128,132,132,132,136,136,136,136,136,136,136,136,140,144,144,144,144,148,148,148],"card_choices":[{"not_picked":["Seeing Red","Cleave"],"picked":"Wild Strike","floor":1.0},{"not_picked":["Sever Soul","Rupture","Entrench"],"picked":"SKIP","floor":3.0},{"not_picked":["Entrench","Intimidate"],"picked":"Combust","floor":4.0},{"not_picked":["Burning Pact","Wild Strike"],"picked":"Feed","floor":6.0},{"not_picked":["Sword Boomerang","Twin Strike"],"picked":"Fire Breathing","floor":7.0},{"not_picked":["Heavy Blade","Cleave","Iron Wave"],"picked":"SKIP","floor":8.0},{"not_picked":["Cleave","Warcry"],"picked":"Spot Weakness","floor":9.0},{"not_picked":["Berserk","Inflame"],"picked":"Perfected Strike","floor":12.0},{"not_picked":["Clothesline","Twin Strike"],"picked":"Perfected Strike","floor":14.0},{"not_picked":["Clash","Dropkick","Thunderclap"],"picked":"SKIP","floor":15.0},{"not_picked":["Barricade","Fiend Fire"],"picked":"Limit Break","floor":19.0},{"not_picked":["Twin Strike+1","Anger"],"picked":"Shrug It Off","floor":21.0},{"not_picked":["Carnage","Havoc"],"picked":"Shockwave","floor":23.0},{"not_picked":["Shockwave","Rampage"],"picked":"Second Wind","floor":24.0},{"not_picked":["Iron Wave","Heavy Blade"],"picked":"Dual Wield+1","floor":27.0},{"not_picked":["Brutality","Searing Blow"],"picked":"Perfected Strike","floor":30},{"not_picked":["Headbutt","Armaments"],"picked":"Sentinel","floor":31},{"not_picked":["Clash","Warcry"],"picked":"Dark Embrace","floor":32},{"not_picked":["Clothesline","Thunderclap"],"picked":"Pommel Strike","floor":35},{"not_picked":["Disarm","Sentinel"],"picked":"Flame Barrier","floor":39},{"not_picked":["Pommel Strike","True Grit"],"picked":"Wild Strike","floor":40},{"not_picked":["Jack Of All Trades","Impatience"],"picked":"Finesse","floor":41},{"not_picked":["Dramatic Entrance","Mayhem"],"picked":"Trip","floor":41},{"not_picked":["Discovery","Violence"],"picked":"Finesse","floor":41},{"not_picked":["Wild Strike","Seeing Red+1"],"picked":"Shrug It Off","floor":42},{"not_picked":["Cleave","Twin Strike"],"picked":"True Grit+1","floor":43},{"not_picked":["Body Slam","Carnage","Rampage"],"picked":"SKIP","floor":44},{"not_picked":["Hemokinesis","Rupture","Thunderclap+1"],"picked":"SKIP","floor":45},{"not_picked":["Warcry","Dropkick","Spot Weakness+1"],"picked":"SKIP","floor":46},{"not_picked":["True Grit","Clothesline","Bloodletting"],"picked":"SKIP","floor":48},{"not_picked":["Shrug It Off","Havoc"],"picked":"Wild Strike","floor":50},{"not_picked":["Cleave","Bludgeon","Warcry"],"picked":"SKIP","floor":52},{"not_picked":["Feel No Pain","Pummel"],"picked":"Perfected Strike","floor":53},{"not_picked":["Havoc","Combust+1"],"picked":"Wild Strike","floor":57},{"not_picked":["Brutality","Sentinel"],"picked":"Wild Strike","floor":59}],"player_experience":2375078,"relics_obtained":[{"floor":6.0,"key":"StrikeDummy"},{"floor":10.0,"key":"Incense Burner"},{"floor":11.0,"key":"Dota2Spire:MonkeyKingBar"},{"floor":12.0,"key":"Pantograph"},{"floor":27.0,"key":"Potion Belt"},{"floor":29.0,"key":"Dream Catcher"},{"floor":30,"key":"Lizard Tail"},{"floor":34,"key":"Nilry\u0027s Codex"},{"floor":44,"key":"PreservedInsect"},{"floor":52,"key":"Happy Flower"},{"floor":59,"key":"Blood Vial"}],"event_choices":[{"damage_healed":0.0,"max_hp_gain":0.0,"max_hp_loss":0.0,"gold_gain":0.0,"event_name":"WeMeetAgain","player_choice":"Paid Gold","floor":2.0,"gold_loss":105.0,"damage_taken":0.0,"relics_obtained":["Dota2Spire:ArcaneBoots"]},{"damage_healed":0.0,"max_hp_gain":5.0,"max_hp_loss":0.0,"gold_gain":0.0,"event_name":"Big Fish","player_choice":"Donut","floor":16.0,"gold_loss":0.0,"damage_taken":0.0},{"damage_healed":0.0,"max_hp_gain":0.0,"max_hp_loss":0.0,"gold_gain":0.0,"event_name":"Addict","player_choice":"Obtained Relic","floor":22.0,"gold_loss":85.0,"damage_taken":0.0,"relics_obtained":["Dota2Spire:ShivaGuard"]},{"damage_healed":0.0,"max_hp_gain":0.0,"max_hp_loss":0.0,"gold_gain":0.0,"event_name":"Accursed Blacksmith","player_choice":"Forge","floor":28.0,"gold_loss":0.0,"damage_taken":0.0,"cards_upgraded":["Perfected Strike"]},{"damage_healed":0,"gold_gain":0,"player_choice":"Obtained Book","damage_taken":21,"max_hp_gain":0,"max_hp_loss":0,"event_name":"Cursed Tome","floor":34,"gold_loss":0},{"damage_healed":0,"gold_gain":0,"player_choice":"Memory 3","damage_taken":10,"max_hp_gain":0,"max_hp_loss":0,"event_name":"SensoryStone","floor":41,"gold_loss":0}],"is_beta":false,"boss_relics":[{"not_picked":["Runic Cube","SacredBark"],"picked":"Ectoplasm"},{"not_picked":["Astrolabe","Black Blood"],"picked":"Dota2Spire:RefresherOrb"}],"items_purged_floors":[],"is_endless":false,"potions_floor_spawned":[3,7,9,12,19,23,24,27,32,39,40,50,52,59],"killed_by":"The Heart","ascension_level":20}}