{"host":"AZZAM","time":1611932205,"event":{"mods":["BaseMod","Colored Map","Highlight Path","Minty Spire (QoL Compilation)","Relic Stats","Unceasing Turn Reminder"],"gold_per_floor":[210,12,12,87,99,127,127,161,161,161,188,200,200,229,229,325,325,343,243,263,233,249,280,280,280],"floor_reached":24,"language":"ENG","playtime":771,"items_purged":["Defend_G","Strike_G"],"score":267,"play_id":"87d6aafe-19eb-4e81-84ca-dcb2e5ad7f1a","local_time":"20210129175645","is_ascension_mode":true,"campfire_choices":[{"data":"All Out Attack","floor":7,"key":"SMITH"},{"floor":13,"key":"REST"},{"data":"Well Laid Plans","floor":15,"key":"SMITH"}],"circlet_count":0,"master_deck":["Strike_G","Strike_G","Strike_G","Strike_G","Defend_G","Defend_G","Defend_G","Defend_G","Survivor","Neutralize","Sucker Punch","Dagger Throw","Eviscerate","Dagger Throw","All Out Attack+1","Acrobatics","Dash","Blade Dance","Well Laid Plans+1","After Image","Accuracy","Poisoned Stab+1","PiercingWail"],"relics":["Ring of the Snake","Ginger","Boot","Paper Crane","Dream Catcher","Art of War","Du-Vu Doll","Coffee Dripper","Ornamental Fan"],"acts_visited":["Exordium","TheCity"],"potions_floor_usage":[16,21,23,24],"damage_taken":[{"damage":0,"enemies":"Cultist","floor":1,"turns":5},{"damage":0,"enemies":"2 Louse","floor":5,"turns":2},{"damage":24,"enemies":"3 Sentries","floor":6,"turns":7},{"damage":16,"enemies":"Gremlin Nob","floor":8,"turns":3},{"damage":0,"enemies":"Small Slimes","floor":12,"turns":2},{"damage":12,"enemies":"3 Sentries","floor":14,"turns":5},{"damage":13,"enemies":"The Guardian","floor":16,"turns":12},{"damage":13,"enemies":"Spheric Guardian","floor":18,"turns":4},{"damage":3,"enemies":"3 Byrds","floor":20,"turns":4},{"damage":15,"enemies":"Snake Plant","floor":22,"turns":4},{"damage":43,"enemies":"Book of Stabbing","floor":23,"turns":6},{"damage":9,"enemies":"Centurion and Healer","floor":24,"turns":1}],"seed_played":"1827342340047944885","potions_obtained":[{"floor":5,"key":"SpeedPotion"},{"floor":6,"key":"SkillPotion"},{"floor":14,"key":"Fire Potion"},{"floor":20,"key":"Fruit Juice"},{"floor":21,"key":"DuplicationPotion"},{"floor":21,"key":"FearPotion"}],"is_trial":false,"path_per_floor":["M","$","?","?","M","E","R","E","T","?","T","M","R","E","R","B",null,"M","$","M","?","M","E","M"],"character_chosen":"THE_SILENT","items_purchased":["Dagger Throw","Eviscerate"],"campfire_rested":1,"item_purchase_floors":[2,2],"current_hp_per_floor":[70,70,75,64,64,40,40,24,24,21,21,21,43,31,31,18,75,62,62,59,64,49,6,0,0],"gold":280,"neow_bonus":"HUNDRED_GOLD","is_daily":false,"chose_seed":false,"campfire_upgraded":2,"win_rate":0.0,"timestamp":1611932205,"path_taken":["M","$","?","?","M","E","R","E","T","?","?","M","R","E","R","BOSS","M","$","M","?","?","E","M"],"items_purchased_type":["Card","Card"],"build_version":"2020-12-18","purchased_purges":2,"victory":false,"max_hp_per_floor":[70,70,75,75,75,75,75,75,75,75,75,75,75,75,75,75,75,75,75,75,80,80,80,80,80],"relic_stats":{"Dream Catcher":1,"counters":[12,55],"Ornamental Fan":[8],"Art of War":[2],"Ginger":[2],"Boot":[48],"obtain_stats":[{"Du-Vu Doll":14,"Dream Catcher":10,"Ornamental Fan":23,"Art of War":11,"Coffee Dripper":17,"Ginger":6,"Paper Crane":9,"Boot":8,"Ring of the Snake":0},{"Du-Vu Doll":6,"Dream Catcher":4,"Ornamental Fan":11,"Art of War":4,"Coffee Dripper":7,"Ginger":3,"Paper Crane":4,"Boot":4,"Ring of the Snake":0},{"Du-Vu Doll":24,"Dream Catcher":17,"Ornamental Fan":54,"Art of War":17,"Coffee Dripper":36,"Ginger":14,"Paper Crane":17,"Boot":17,"Ring of the Snake":0}],"Ring of the Snake":[24]},"card_choices":[{"not_picked":["Reflex","Well Laid Plans"],"picked":"Sucker Punch","floor":1},{"not_picked":["Bane","Backflip"],"picked":"Dagger Throw","floor":5},{"not_picked":["Poisoned Stab","Cloak And Dagger"],"picked":"All Out Attack","floor":6},{"not_picked":["Dodge and Roll","Backstab"],"picked":"Acrobatics","floor":8},{"not_picked":["Deadly Poison","Terror"],"picked":"Dash","floor":12},{"not_picked":["Flying Knee","Quick Slash"],"picked":"Blade Dance","floor":13},{"not_picked":["Finisher","Expertise"],"picked":"Well Laid Plans","floor":14},{"not_picked":["A Thousand Cuts","Venomology"],"picked":"After Image","floor":16},{"not_picked":["Escape Plan+1","Dodge and Roll"],"picked":"Accuracy","floor":18},{"not_picked":["Masterful Stab","Backflip"],"picked":"Poisoned Stab+1","floor":20},{"not_picked":["Dodge and Roll","Flying Knee","Quick Slash"],"picked":"SKIP","floor":22},{"not_picked":["Choke","Night Terror"],"picked":"PiercingWail","floor":23}],"player_experience":67917,"relics_obtained":[{"floor":6,"key":"Ginger"},{"floor":8,"key":"Boot"},{"floor":9,"key":"Paper Crane"},{"floor":11,"key":"Art of War"},{"floor":14,"key":"Du-Vu Doll"},{"floor":23,"key":"Ornamental Fan"}],"event_choices":[{"damage_healed":0,"gold_gain":0,"player_choice":"Donut","damage_taken":0,"max_hp_gain":5,"max_hp_loss":0,"event_name":"Big Fish","floor":3,"gold_loss":0},{"damage_healed":0,"gold_gain":75,"player_choice":"Gather Gold","damage_taken":11,"max_hp_gain":0,"max_hp_loss":0,"event_name":"World of Goop","floor":4,"gold_loss":0},{"damage_healed":0,"gold_gain":0,"player_choice":"Success","damage_taken":3,"relics_obtained":["Dream Catcher"],"max_hp_gain":0,"max_hp_loss":0,"event_name":"Scrap Ooze","floor":10,"gold_loss":0},{"damage_healed":0,"gold_gain":0,"player_choice":"Bought 2 Potions","damage_taken":0,"max_hp_gain":0,"max_hp_loss":0,"event_name":"The Woman in Blue","floor":21,"gold_loss":0}],"is_beta":true,"boss_relics":[{"not_picked":["Tiny House","Runic Dome"],"picked":"Coffee Dripper"}],"items_purged_floors":[2,19],"is_endless":false,"potions_floor_spawned":[5,6,14,20],"killed_by":"Centurion and Healer","ascension_level":3}}