{"host":"d744ndivyohnro60","time":1611884507,"event":{"mods":["BaseMod","Bestiary","Colored Powertips","Minty Spire (QoL Compilation)","Relic Stats"],"gold_per_floor":[118,118,44,55,72,103,103,132,132,132,132,132],"floor_reached":11,"language":"ENG","playtime":541,"items_purged":[],"score":93,"play_id":"22d34c24-e867-484d-b829-3c6a7a3f15d0","local_time":"20210128204147","is_ascension_mode":true,"campfire_choices":[],"circlet_count":0,"master_deck":["Zap","Dualcast","Echo Form","Sunder","Seek","Storm","Biased Cognition","Go for the Eyes","Melter","Consume","Auto Shields","Reinforced Body","Conserve Battery","Undo","Cold Snap+1"],"relics":["Pandora\u0027s Box","Strawberry","Molten Egg 2","Incense Burner","Bottled Lightning","Nunchaku"],"acts_visited":["Exordium"],"potions_floor_usage":[6,6],"damage_taken":[{"damage":4.0,"enemies":"Cultist","floor":1.0,"turns":3.0},{"damage":0.0,"enemies":"Jaw Worm","floor":4.0,"turns":2.0},{"damage":0.0,"enemies":"2 Louse","floor":5.0,"turns":2.0},{"damage":13,"enemies":"Lagavulin","floor":6,"turns":3},{"damage":43,"enemies":"Gremlin Nob","floor":8,"turns":5},{"damage":28,"enemies":"3 Sentries","floor":11,"turns":4}],"seed_played":"6523436440516139950","potions_obtained":[{"floor":1.0,"key":"AttackPotion"},{"floor":5,"key":"DistilledChaos"}],"is_trial":false,"path_per_floor":["M","T","$","M","M","E","?","E","T","?","E"],"character_chosen":"DEFECT","items_purchased":["Auto Shields"],"campfire_rested":0,"item_purchase_floors":[3],"current_hp_per_floor":[71,78,78,78,78,65,65,22,22,22,0,0],"gold":132,"neow_bonus":"BOSS_RELIC","is_daily":false,"chose_seed":false,"campfire_upgraded":0,"win_rate":0.0,"timestamp":1611884507,"path_taken":["M","?","?","M","M","E","?","E","T","?","E"],"items_purchased_type":["Card"],"build_version":"2020-12-22","purchased_purges":0,"victory":false,"max_hp_per_floor":[75,82,82,82,82,82,82,82,82,82,82,82],"relic_stats":{"Nunchaku":[0],"counters":[6,19],"Pandora\u0027s Box":["Echo Form","Sunder","Seek","Storm","Biased Cognition","Chill","Go for the Eyes","Melter"],"obtain_stats":[{"Nunchaku":10,"Strawberry":2,"Pandora\u0027s Box":0,"Molten Egg 2":6,"Incense Burner":8,"Bottled Lightning":9,"Cracked Core":0},{"Nunchaku":5,"Strawberry":1,"Pandora\u0027s Box":0,"Molten Egg 2":4,"Incense Burner":5,"Bottled Lightning":5,"Cracked Core":0},{"Nunchaku":15,"Strawberry":3,"Pandora\u0027s Box":0,"Molten Egg 2":10,"Incense Burner":15,"Bottled Lightning":15,"Cracked Core":0}]},"card_choices":[{"not_picked":["Melter","Coolheaded"],"picked":"Consume","floor":1.0},{"not_picked":["Barrage","Beam Cell"],"picked":"Reinforced Body","floor":4.0},{"not_picked":["Hologram","Coolheaded"],"picked":"Conserve Battery","floor":5},{"not_picked":["Reprogram","Self Repair"],"picked":"Undo","floor":6},{"not_picked":["Conserve Battery","Steam"],"picked":"Cold Snap+1","floor":8}],"player_experience":158593,"relics_obtained":[{"floor":2.0,"key":"Strawberry"},{"floor":6,"key":"Molten Egg 2"},{"floor":8,"key":"Incense Burner"},{"floor":9,"key":"Bottled Lightning"}],"event_choices":[{"cards_removed":["Chill"],"damage_healed":0,"gold_gain":0,"player_choice":"Forget","damage_taken":0,"max_hp_gain":0,"max_hp_loss":0,"event_name":"Living Wall","floor":7,"gold_loss":0},{"damage_healed":0,"gold_gain":0,"player_choice":"Searched \u00271\u0027 times","damage_taken":0,"relics_obtained":["Nunchaku"],"max_hp_gain":0,"max_hp_loss":0,"event_name":"Dead Adventurer","floor":10,"gold_loss":0}],"is_beta":false,"boss_relics":[],"items_purged_floors":[],"is_endless":false,"potions_floor_spawned":[1,5],"killed_by":"3 Sentries","ascension_level":3}}