{"host":"njo8qgvy2a57fcny","time":1611915907,"event":{"mods":["Aspiration","BaseMod","BetterRewards","CCEM2","Colored Map","Colored Powertips","Conspire","Custom Start","Downfall","Energized Spire","GifTheSpireLib","Halation","Hermit","Hubris","Infinite Spire","Jedi Mod","Jorbs\u0027s Wanderer Trilogy","Mimic Mod","Minty Spire (QoL Compilation)","Quick Restart","Random Character Button","Random Character Mod","Rare Cards Sparkle","Relic Sorter","Reliquary","Replay The Spire","Shop Mod","StSLib","Stuff the Spire","The Animator","The Jungle","The Runesmith","The Servant 0.9.4","Unceasing Turn Reminder","thorton"],"gold_per_floor":[99,99,113,126,141,169,169,69,80,80,80,110,10,22,41,138,138,138,138,153,171,185,202,233,260,272,272,272],"floor_reached":26,"language":"ENG","playtime":2063,"items_purged":[],"score":277,"play_id":"82b76e1c-83ba-42e7-a120-02c5bd84e22a","local_time":"20210129212507","is_ascension_mode":true,"campfire_choices":[{"data":"hexamod:Float","floor":1,"key":"SMITH"},{"floor":8,"key":"RECALL"},{"data":"hexamod:Incineration","floor":11,"key":"SMITH"},{"data":"hexamod:Sear","floor":13,"key":"SMITH"},{"data":"hexamod:NecessarySacrifice","floor":18,"key":"SMITH"}],"circlet_count":0,"master_deck":["hexamod:Strike","hexamod:Strike","hexamod:Strike","hexamod:Defend","hexamod:Defend","hexamod:Sear+1","hexamod:Float+1","hexamod:BurningTouch","hexamod:PhantomCloak","hexamod:ThermalTransfer","hexamod:Incineration+1","hexamod:SoulSteal","hexamod:PhantomCloak","hexamod:SoulSteal","animator:Curse_GriefSeed","hexamod:GhostOfSpireFuture","hexamod:NecessarySacrifice+1","hexamod:Hexaguard","hexamod:WildfireWeapon","StuffTheSpire:Sprint","Dash","hubris:Sniper","hexamod:PhantomFireball+1","hexamod:SkipABeat","hexamod:StepThrough","hexamod:CatchUp+1","hexamod:InspiringFlames","hexamod:HauntingEcho+1"],"relics":["hexamod:SpiritBrand","hubris:OldNail","downfall:HeartBlessingBlue","aspiration:HiddenCompartment","downfall:HeartBlessingRed","Honey Jar","Gremlin Horn","MawBank"],"acts_visited":["Exordium","TheCity"],"potions_floor_usage":[6,6,6,15,16,23,25],"damage_taken":[{"damage":0,"enemies":"Small Slimes","floor":3,"turns":3},{"damage":1,"enemies":"Cultist","floor":4,"turns":3},{"damage":0,"enemies":"Jaw Worm","floor":5,"turns":4},{"damage":13,"enemies":"Lagavulin","floor":6,"turns":5},{"damage":8,"enemies":"Red Slaver","floor":9,"turns":3},{"damage":23,"enemies":"3 Sentries","floor":12,"turns":8},{"damage":13,"enemies":"2 Fungi Beasts","floor":14,"turns":4},{"damage":18,"enemies":"Gremlin Gang","floor":15,"turns":3},{"damage":28,"enemies":"IC_STATUS_ARCHETYPE","floor":16,"turns":6},{"damage":9,"enemies":"conspire:FuzzyDice","floor":20,"turns":6},{"damage":10,"enemies":"Spheric Guardian","floor":21,"turns":4},{"damage":23,"enemies":"Centurion and Healer","floor":22,"turns":6},{"damage":3,"enemies":"conspire:HollyBat","floor":23,"turns":7},{"damage":2,"enemies":"Chosen and Byrds","floor":24,"turns":4},{"damage":20,"enemies":"Replay:Snechameleon","floor":25,"turns":5},{"damage":3,"enemies":"Chosen and Byrds","floor":26,"turns":2}],"seed_played":"-3076203211704111778","potions_obtained":[{"floor":2,"key":"Doom Potion"},{"floor":2,"key":"Block Potion"},{"floor":2,"key":"SteroidPotion"},{"floor":3,"key":"Block Potion"},{"floor":4,"key":"jedi:StrikingPotion"},{"floor":5,"key":"AttackPotion"},{"floor":14,"key":"conspire:TimeTravelPotion"},{"floor":15,"key":"Death Potion"},{"floor":21,"key":"sneckomod:MuddlingPotion"},{"floor":22,"key":"Dexterity Potion"}],"is_trial":false,"path_per_floor":["R","?","M","M","M","E","T","R","M","?","R","E","R","M","M","B",null,"R","?","M","M","M","M","MIM","E","M"],"character_chosen":"THE_SPIRIT","items_purchased":[],"campfire_rested":0,"item_purchase_floors":[],"current_hp_per_floor":[77,77,77,76,76,63,63,73,65,65,65,42,42,29,29,1,87,87,87,78,68,45,42,40,20,17,17,17],"gold":272,"neow_bonus":"TEN_PERCENT_HP_BONUS","is_daily":false,"chose_seed":false,"campfire_upgraded":4,"win_rate":0.0,"timestamp":1611915907,"path_taken":["R","?","M","?","M","E","T","R","M","?","R","E","R","?","M","BOSS","R","?","M","?","M","M","MIM","E","M"],"items_purchased_type":[],"build_version":"2020-12-22","purchased_purges":0,"victory":false,"max_hp_per_floor":[77,77,77,77,77,77,77,87,87,87,87,87,87,87,87,87,87,87,87,87,87,87,87,87,87,87,87,87],"card_choices":[{"not_picked":["hexamod:SpectersWail","hexamod:Rewind"],"picked":"hexamod:BurningTouch","floor":3},{"not_picked":["hexamod:RetreatToShadows","hexamod:ShieldOfDarkness"],"picked":"hexamod:PhantomCloak","floor":4},{"not_picked":["hexamod:SpectersWail","hexamod:SwordOfDarkness"],"picked":"hexamod:ThermalTransfer","floor":5},{"not_picked":["hexamod:NightmareGuise","hexamod:ForkedFlame"],"picked":"hexamod:Incineration","floor":6},{"not_picked":["hexamod:RecurringNightmare","hexamod:Firestarter"],"picked":"hexamod:SoulSteal","floor":9},{"not_picked":["hexamod:Hexaguard","hexamod:GhostShield"],"picked":"hexamod:GhostOfSpireFuture","floor":12},{"not_picked":["hexamod:GhostShield","hexamod:ParanormalForm"],"picked":"hexamod:NecessarySacrifice","floor":14},{"not_picked":["hexamod:BacktrackSmack","hexamod:Incineration"],"picked":"hexamod:Hexaguard","floor":15},{"not_picked":["hexamod:SearingWound","hexamod:VolcanoVisage"],"picked":"hexamod:WildfireWeapon","floor":16},{"not_picked":["hexamod:ThermalTransfer","hexamod:BurningTouch","hexamod:NightmareStrike+1"],"picked":"hexamod:PhantomFireball+1","floor":20},{"not_picked":["hexamod:BacktrackSmack+1","hexamod:NightmareGuise","hexamod:NightmareStrike"],"picked":"hexamod:SkipABeat","floor":21},{"not_picked":["hexamod:GhostShield","hexamod:SkipABeat","hexamod:SecondSeal"],"picked":"hexamod:StepThrough","floor":22},{"not_picked":["hexamod:NightmareGuise+1","hexamod:Hexaguard+1","hexamod:ThermalTransfer+1"],"picked":"hexamod:CatchUp+1","floor":23},{"not_picked":["hexamod:GhostShield","hexamod:SoulSteal+1","hexamod:NightmareGuise"],"picked":"hexamod:InspiringFlames","floor":24},{"not_picked":["hexamod:FastForward","hexamod:NightmareStrike+1","hexamod:SecondSeal"],"picked":"hexamod:HauntingEcho+1","floor":25}],"player_experience":745384,"relics_obtained":[{"floor":6,"key":"hubris:OldNail"},{"floor":12,"key":"aspiration:HiddenCompartment"},{"floor":24,"key":"Gremlin Horn"},{"floor":25,"key":"MawBank"}],"event_choices":[{"damage_healed":0,"gold_gain":0,"player_choice":"Got Potions","damage_taken":0,"max_hp_gain":0,"max_hp_loss":0,"event_name":"Lab","floor":2,"gold_loss":0}],"is_beta":false,"boss_relics":[{"not_picked":["conspire:SlowCooker","Sozu"],"picked":"Honey Jar"}],"items_purged_floors":[],"is_endless":false,"potions_floor_spawned":[3,4,5,14,15,21,22],"killed_by":"Chosen and Byrds","ascension_level":1}}