{"host":"gvojdp5vi78oolan","time":1611926549,"event":{"mods":["BaseMod","Colored Map","Colored Powertips","Highlight Path","Minty Spire (QoL Compilation)","Quick Restart"],"gold_per_floor":[117,117,42,62,83,118,118,18,41,41,41,60,60,80,80,205,268,281,281,300,324,342,342,342,342],"floor_reached":24,"language":"ZHS","playtime":1985,"items_purged":["Injury","Strike_P"],"score":198,"play_id":"ffdef893-4227-465f-99bb-7223c4e849ae","local_time":"20210129212229","is_ascension_mode":false,"campfire_choices":[{"floor":7,"key":"REST"},{"floor":13,"key":"REST"},{"floor":15,"key":"REST"},{"floor":23,"key":"REST"}],"circlet_count":0,"master_deck":["Strike_P","Strike_P","Strike_P","Defend_P","Defend_P+1","Defend_P","Defend_P","Eruption","Vigilance+1","FlurryOfBlows","Halt","Prostrate","Consecrate","Crescendo","Meditate","Devotion","Consecrate","FlyingSleeves+1","PathToVictory","BowlingBash","BowlingBash"],"relics":["PureWater","Golden Idol","Ancient Tea Set","Bronze Scales","Tiny House"],"acts_visited":["Exordium","TheCity"],"potions_floor_usage":[6,20,20,22,22,24],"damage_taken":[{"damage":0,"enemies":"Small Slimes","floor":1,"turns":2},{"damage":0,"enemies":"Jaw Worm","floor":4,"turns":2},{"damage":0,"enemies":"Cultist","floor":5,"turns":4},{"damage":63,"enemies":"3 Sentries","floor":6,"turns":15},{"damage":8,"enemies":"Large Slime","floor":12,"turns":4},{"damage":4,"enemies":"Red Slaver","floor":14,"turns":4},{"damage":55,"enemies":"The Guardian","floor":16,"turns":16},{"damage":26,"enemies":"2 Thieves","floor":18,"turns":5},{"damage":11,"enemies":"Shell Parasite","floor":20,"turns":6},{"damage":30,"enemies":"Snake Plant","floor":21,"turns":4},{"damage":14,"enemies":"3 Cultists","floor":22,"turns":3},{"damage":35,"enemies":"Sentry and Sphere","floor":24,"turns":5}],"seed_played":"-6532332256542993165","potions_obtained":[{"floor":1,"key":"BlessingOfTheForge"},{"floor":16,"key":"Fire Potion"},{"floor":17,"key":"LiquidBronze"},{"floor":19,"key":"BottledMiracle"},{"floor":20,"key":"EssenceOfSteel"},{"floor":22,"key":"SteroidPotion"}],"is_trial":false,"path_per_floor":["M","?","$","M","M","E","R","$","T","$","?","M","R","M","R","B",null,"M","?","M","M","M","R","M"],"character_chosen":"WATCHER","items_purchased":[],"campfire_rested":4,"item_purchase_floors":[],"current_hp_per_floor":[79,79,79,79,79,16,39,39,39,39,39,31,54,50,73,18,84,58,58,47,17,3,28,0,0],"gold":342,"neow_bonus":"TEN_PERCENT_HP_BONUS","is_daily":false,"chose_seed":false,"campfire_upgraded":0,"win_rate":0.0,"timestamp":1611926549,"path_taken":["M","?","$","M","M","E","R","$","T","$","?","?","R","M","R","BOSS","M","?","M","M","M","R","?"],"items_purchased_type":[],"build_version":"2020-12-22","purchased_purges":2,"victory":false,"max_hp_per_floor":[79,79,79,79,79,79,79,79,79,79,79,79,79,79,79,79,84,84,84,84,84,84,84,84,84],"card_choices":[{"not_picked":["ReachHeaven","CrushJoints"],"picked":"FlurryOfBlows","floor":1},{"not_picked":["FlurryOfBlows","CrushJoints"],"picked":"Halt","floor":4},{"not_picked":["WindmillStrike","Meditate"],"picked":"Prostrate","floor":5},{"not_picked":["CutThroughFate","Conclude"],"picked":"Consecrate","floor":6},{"not_picked":["ReachHeaven","Halt"],"picked":"Crescendo","floor":12},{"not_picked":["SignatureMove","Prostrate"],"picked":"Meditate","floor":14},{"not_picked":["Establishment","DeusExMachina"],"picked":"Devotion","floor":16},{"not_picked":["Halt","CrushJoints"],"picked":"Consecrate","floor":17},{"not_picked":["PathToVictory","FlurryOfBlows"],"picked":"FlyingSleeves+1","floor":18},{"not_picked":["CrushJoints","Swivel"],"picked":"PathToVictory","floor":20},{"not_picked":["ThirdEye","CrushJoints"],"picked":"BowlingBash","floor":21},{"not_picked":["Tantrum","FlurryOfBlows"],"picked":"BowlingBash","floor":22}],"player_experience":113481,"relics_obtained":[{"floor":6,"key":"Ancient Tea Set"},{"floor":9,"key":"Bronze Scales"}],"event_choices":[{"damage_healed":0,"gold_gain":0,"player_choice":"Take Wound","damage_taken":0,"relics_obtained":["Golden Idol"],"max_hp_gain":0,"max_hp_loss":0,"event_name":"Golden Idol","floor":2,"gold_loss":0,"cards_obtained":["Injury"]},{"damage_healed":0,"gold_gain":0,"player_choice":"Upgraded","damage_taken":0,"max_hp_gain":0,"max_hp_loss":0,"event_name":"Upgrade Shrine","floor":11,"gold_loss":0,"cards_upgraded":["Vigilance"]},{"damage_healed":0,"gold_gain":0,"player_choice":"Got Potions","damage_taken":0,"max_hp_gain":0,"max_hp_loss":0,"event_name":"Lab","floor":19,"gold_loss":0}],"is_beta":false,"boss_relics":[{"not_picked":["Ectoplasm","Velvet Choker"],"picked":"Tiny House"}],"items_purged_floors":[3,8],"is_endless":false,"potions_floor_spawned":[1,16,20,22],"killed_by":"Sentry and Sphere","ascension_level":0}}