{"host":"xobdcpbm4ckypiai","time":1611888726,"event":{"mods":["BaseMod","Energized Spire","FoggyMod","Minty Spire (QoL Compilation)","Permanent Neow","Relic Stats","Reliquary","Replay The Spire","Spicy Shops","StSLib","UnlockEverythingMod","¡¾ÒÅÎï¿¨ÅÆ¡¿REMEMod"],"gold_per_floor":[119,119,132,132,17,46,66,66,118,40,40,70,20,117,117,275,275,297,297,374,394,142,223,223,241,241,241,328,418,418,418,418,569,569,634,634,634,681,64,103,103,103,103,103,169,299,360,38,38,47],"floor_reached":51,"language":"ZHS","playtime":2500,"items_purged":["Bash","Body Slam","Disarm"],"score":1170,"play_id":"d24fa8c9-8f53-4f95-ba08-10949edc7e44","local_time":"20210129105206","is_ascension_mode":false,"campfire_choices":[{"data":"Uppercut","floor":11.0,"key":"SMITH"},{"data":"Disarm","floor":15.0,"key":"SMITH"},{"data":"REME_ACTH","floor":24.0,"key":"SMITH"},{"floor":30.0,"key":"REST"},{"floor":32.0,"key":"REST"},{"data":"Double Tap","floor":41.0,"key":"SMITH"},{"data":"Perfected Strike","floor":44.0,"key":"SMITH"},{"floor":49,"key":"REST"}],"circlet_count":0,"master_deck":["Strike_R+1","DevaForm","Perfected Strike","Disarm+1","Uppercut+1","Dropkick+1","Perfected Strike","Perfected Strike","REME_ACTH+1","Pommel Strike","Flex+1","Defy Death+1","Pommel Strike+1","True Grit+1","Perfected Strike","Exhume+1","Perfected Strike+1","Madness","Madness","Offering+1","Double Tap+1","Pommel Strike+1","Spot Weakness+1"],"relics":["Burning Blood","REME_ComplimentaryCards","Gremlin Food","Bronze Scales","Ring of Hypnosis","ReplayTheSpireMod:Ring of Challenge","Pet Ghost","REME_CardOfGreed","REME_ArchaeologicalTools","REME_ChargedStone","reliquary:Aerogel","ReplayFunnel","Nunchaku","reliquary:PorcupineQuills","REME_HourglassOfDeath","Replay:PocketPolymizer","Sozu","Toy Ornithopter","Happy Flower","Strange Spoon","reliquary:RoseTintedGlasses","Onion Ring","REME_HandOfSuture","Bag of Preparation","InkBottle","Replay:Baseball","reliquary:SharkskinSheath","Replay:Wax Seal","Guide Book"],"acts_visited":["Exordium","TheCity","TheBeyond"],"potions_floor_usage":[50],"damage_taken":[{"damage":5.0,"enemies":"Small Slimes","floor":1.0,"turns":4.0},{"damage":10.0,"enemies":"Cultist","floor":3.0,"turns":4.0},{"damage":21.0,"enemies":"Lagavulin","floor":6.0,"turns":6.0},{"damage":6.0,"enemies":"Jaw Worm","floor":7.0,"turns":3.0},{"damage":8.0,"enemies":"Gremlin Nob","floor":12.0,"turns":3.0},{"damage":0.0,"enemies":"Gremlin Gang","floor":14.0,"turns":2.0},{"damage":59.0,"enemies":"The Guardian","floor":16.0,"turns":8.0},{"damage":5.0,"enemies":"3 Byrds","floor":18.0,"turns":4.0},{"damage":7.0,"enemies":"Spheric Guardian","floor":21.0,"turns":3.0},{"damage":46.0,"enemies":"Slavers","floor":23.0,"turns":5.0},{"damage":25.0,"enemies":"Book of Stabbing","floor":28.0,"turns":3.0},{"damage":23.0,"enemies":"Snake Plant","floor":29.0,"turns":4.0},{"damage":14.0,"enemies":"Pondfish","floor":33.0,"turns":6.0},{"damage":0.0,"enemies":"3 Shapes","floor":35.0,"turns":2.0},{"damage":0.0,"enemies":"Nemesis","floor":40.0,"turns":1.0},{"damage":0.0,"enemies":"Orb Walker","floor":45.0,"turns":1.0},{"damage":6,"enemies":"R_Hoarder","floor":46,"turns":4},{"damage":19,"enemies":"Sphere and 2 Shapes","floor":47,"turns":4},{"damage":26,"enemies":"Donu and Deca","floor":50,"turns":2}],"seed_played":"4352006898957924238","potions_obtained":[{"floor":3.0,"key":"Swift Potion"},{"floor":6.0,"key":"Adrenaline Potion"},{"floor":25.0,"key":"Block Potion"},{"floor":25.0,"key":"HeartOfIron"},{"floor":25.0,"key":"EntropicBrew"}],"is_trial":false,"path_per_floor":["M","?","M","?","$","E","M","?","T","$","R","E","?","M","R","B",null,"M","?","T","M","$","E","R","?","T","?","E","M","R","?","R","B",null,"M","?","?","T","$","E","R","$","T","R","M","E","M","$","R","B",null],"character_chosen":"IRONCLAD","items_purchased":["Uppercut","REME_CardOfGreed","ReplayFunnel","Strange Spoon","reliquary:RoseTintedGlasses","Onion Ring","REME_HandOfSuture","Replay:Wax Seal","Guide Book"],"campfire_rested":3,"item_purchase_floors":[5,10,22,39,39,39,39,48,48],"current_hp_per_floor":[80,80,76,76,76,61,61,61,61,61,61,59,59,65,65,12,80,80,80,80,79,79,39,39,39,39,65,46,29,53,53,77,69,80,80,80,70,70,70,76,76,76,76,76,80,80,67,67,80,60],"gold":47,"neow_bonus":"ONE_RANDOM_RARE_CARD","is_daily":false,"chose_seed":false,"campfire_upgraded":5,"win_rate":0.0,"timestamp":1611888726,"path_taken":["M","?","?","?","$","E","?","?","T","?","R","E","?","?","R","BOSS","M","?","?","?","$","E","R","?","T","?","E","?","R","?","R","BOSS","M","?","?","?","?","E","R","$","T","R","?","E","?","$","R","BOSS"],"items_purchased_type":["Card","Relic","Relic","Relic","Relic","Relic","Relic","Relic","Relic"],"build_version":"2020-12-22","purchased_purges":3,"victory":true,"max_hp_per_floor":[80,80,80,80,80,80,80,80,80,80,80,80,80,80,80,80,80,80,80,80,80,80,80,80,80,80,80,80,80,80,80,80,80,80,80,80,80,80,80,80,80,80,80,80,80,80,80,80,80,80],"relic_stats":{"Sozu":3,"Strange Spoon":[22],"Nunchaku":[8],"Happy Flower":[4],"counters":[19,69],"Bronze Scales":[180],"Bag of Preparation":[8],"obtain_stats":[{"ReplayFunnel":22,"Replay:PocketPolymizer":28,"reliquary:Aerogel":20,"REME_ChargedStone":17,"Bag of Preparation":40,"Burning Blood":0,"Pet Ghost":9,"Sozu":34,"Nunchaku":23,"reliquary:RoseTintedGlasses":39,"REME_ArchaeologicalTools":12,"Replay:Wax Seal":48,"InkBottle":43,"reliquary:SharkskinSheath":47,"Gremlin Food":2,"Ring of Hypnosis":8,"Happy Flower":38,"Guide Book":48,"Strange Spoon":39,"Replay:Baseball":46,"reliquary:PorcupineQuills":26,"REME_HourglassOfDeath":28,"Bronze Scales":6,"Onion Ring":39,"REME_HandOfSuture":39,"REME_CardOfGreed":10,"ReplayTheSpireMod:Ring of Challenge":8,"Toy Ornithopter":35,"REME_ComplimentaryCards":0},{"ReplayFunnel":9,"Replay:PocketPolymizer":11,"reliquary:Aerogel":8,"REME_ChargedStone":7,"Bag of Preparation":15,"Burning Blood":0,"Pet Ghost":4,"Sozu":13,"Nunchaku":10,"reliquary:RoseTintedGlasses":14,"REME_ArchaeologicalTools":5,"Replay:Wax Seal":18,"InkBottle":15,"reliquary:SharkskinSheath":18,"Gremlin Food":1,"Ring of Hypnosis":4,"Happy Flower":14,"Guide Book":18,"Strange Spoon":14,"Replay:Baseball":17,"reliquary:PorcupineQuills":10,"REME_HourglassOfDeath":11,"Bronze Scales":3,"Onion Ring":14,"REME_HandOfSuture":14,"REME_CardOfGreed":4,"ReplayTheSpireMod:Ring of Challenge":4,"Toy Ornithopter":14,"REME_ComplimentaryCards":0},{"ReplayFunnel":37,"Replay:PocketPolymizer":45,"reliquary:Aerogel":34,"REME_ChargedStone":30,"Bag of Preparation":58,"Burning Blood":0,"Pet Ghost":17,"Sozu":55,"Nunchaku":42,"reliquary:RoseTintedGlasses":57,"REME_ArchaeologicalTools":20,"Replay:Wax Seal":67,"InkBottle":58,"reliquary:SharkskinSheath":67,"Gremlin Food":4,"Ring of Hypnosis":17,"Happy Flower":57,"Guide Book":67,"Strange Spoon":57,"Replay:Baseball":63,"reliquary:PorcupineQuills":42,"REME_HourglassOfDeath":45,"Bronze Scales":14,"Onion Ring":57,"REME_HandOfSuture":57,"REME_CardOfGreed":17,"ReplayTheSpireMod:Ring of Challenge":17,"Toy Ornithopter":57,"REME_ComplimentaryCards":0}],"Burning Blood":104,"Toy Ornithopter":0,"InkBottle":[8]},"card_choices":[{"not_picked":["Combust","Pommel Strike"],"picked":"Perfected Strike","floor":1.0},{"not_picked":["Reckless Charge","Thunderclap"],"picked":"Disarm","floor":3.0},{"not_picked":["Flex","Warcry"],"picked":"Dropkick","floor":6.0},{"not_picked":["Run Through","Flex"],"picked":"Perfected Strike","floor":7.0},{"not_picked":["Anger","Thunderclap","Heavy Blade"],"picked":"SKIP","floor":12.0},{"not_picked":["Seeing Red","Infernal Blade"],"picked":"Perfected Strike","floor":14.0},{"not_picked":["Bludgeon","Reaper"],"picked":"REME_ACTH","floor":16.0},{"not_picked":["Wild Strike","Clothesline"],"picked":"Pommel Strike","floor":18.0},{"not_picked":["Run Through","Sever Soul","Headbutt"],"picked":"SKIP","floor":21.0},{"not_picked":["ReplayTheSpireMod:LeadingStrike","ReplayTheSpireMod:Strike From Hell"],"picked":"Flex+1","floor":23.0},{"not_picked":["Second Wind","Metallicize"],"picked":"Defy Death+1","floor":25.0},{"not_picked":["ReplayTheSpireMod:Strike From Hell","REME_FearOfPain"],"picked":"Pommel Strike+1","floor":28.0},{"not_picked":["Power Through","Body Slam"],"picked":"True Grit+1","floor":29.0},{"not_picked":["Feed","Replay:Many Hands"],"picked":"Exhume","floor":33.0},{"not_picked":["Havoc+1","Heavy Blade+1"],"picked":"Perfected Strike","floor":35.0},{"not_picked":["Combust+1","Replay:Undeath\u0027s Touch+1"],"picked":"Offering","floor":40.0},{"not_picked":["Searing Blow+1","Thunderclap","True Grit"],"picked":"SKIP","floor":45.0},{"not_picked":["Dropkick+1","Flex","Rage+1"],"picked":"SKIP","floor":46},{"not_picked":["Burning Pact+1","Havoc+1"],"picked":"Pommel Strike+1","floor":47}],"player_experience":91679,"relics_obtained":[{"floor":6.0,"key":"Bronze Scales"},{"floor":8.0,"key":"Ring of Hypnosis"},{"floor":8.0,"key":"ReplayTheSpireMod:Ring of Challenge"},{"floor":9.0,"key":"Pet Ghost"},{"floor":12.0,"key":"REME_ArchaeologicalTools"},{"floor":20.0,"key":"reliquary:Aerogel"},{"floor":23.0,"key":"Nunchaku"},{"floor":26.0,"key":"reliquary:PorcupineQuills"},{"floor":28.0,"key":"REME_HourglassOfDeath"},{"floor":28.0,"key":"Replay:PocketPolymizer"},{"floor":35.0,"key":"Toy Ornithopter"},{"floor":38.0,"key":"Happy Flower"},{"floor":40.0,"key":"Bag of Preparation"},{"floor":43.0,"key":"InkBottle"},{"floor":46,"key":"Replay:Baseball"},{"floor":47,"key":"reliquary:SharkskinSheath"}],"event_choices":[{"cards_removed":["Fiend Fire"],"damage_healed":0.0,"max_hp_gain":0.0,"max_hp_loss":0.0,"gold_gain":0.0,"event_name":"WeMeetAgain","player_choice":"Gave Card","floor":2.0,"gold_loss":0.0,"damage_taken":0.0,"relics_obtained":["Gremlin Food"]},{"damage_healed":0.0,"max_hp_gain":0.0,"max_hp_loss":0.0,"gold_gain":0.0,"cards_transformed":["Defend_R"],"event_name":"Transmorgrifier","player_choice":"Transformed","floor":4.0,"gold_loss":0.0,"damage_taken":0.0,"cards_obtained":["Body Slam"]},{"cards_removed":["Defend_R"],"damage_healed":0.0,"max_hp_gain":0.0,"max_hp_loss":0.0,"gold_gain":0.0,"event_name":"The Cleric","player_choice":"Card Removal","floor":13.0,"gold_loss":50.0,"damage_taken":0.0},{"damage_healed":0.0,"max_hp_gain":0.0,"max_hp_loss":0.0,"gold_gain":0.0,"event_name":"Vampires","player_choice":"Ignored","floor":19.0,"gold_loss":0.0,"damage_taken":0.0},{"damage_healed":26.0,"max_hp_gain":0.0,"max_hp_loss":0.0,"gold_gain":0.0,"event_name":"The Library","player_choice":"Heal","floor":27.0,"gold_loss":0.0,"damage_taken":0.0},{"cards_removed":["Defend_R"],"damage_healed":0.0,"max_hp_gain":0.0,"max_hp_loss":0.0,"gold_gain":0.0,"event_name":"Purifier","player_choice":"Purged","floor":31.0,"gold_loss":0.0,"damage_taken":0.0},{"cards_removed":["Sentinel"],"damage_healed":0.0,"max_hp_gain":0.0,"max_hp_loss":0.0,"gold_gain":0.0,"event_name":"Falling","player_choice":"Removed Skill","floor":36.0,"gold_loss":0.0,"damage_taken":0.0},{"damage_healed":0.0,"max_hp_gain":0.0,"max_hp_loss":0.0,"gold_gain":0.0,"event_name":"Winding Halls","player_choice":"Embrace Madness","floor":37.0,"gold_loss":0.0,"damage_taken":10.0,"cards_obtained":["Madness","Madness"]}],"is_beta":false,"boss_relics":[{"not_picked":["Runic Dome","energizedSpire:TabascoSauce"],"picked":"REME_ChargedStone"},{"not_picked":["reliquary:WritOfMandamus","Runic Cube"],"picked":"Sozu"}],"items_purged_floors":[5,22,48],"is_endless":false,"potions_floor_spawned":[3,6,40,46,47],"ascension_level":0}}