{"host":"59fzh68erzs7h44i","time":1611958819,"event":{"mods":["AchievementEnabler","BaseMod","Downfall","Minty Spire (QoL Compilation)","StSLib","The Jungle"],"gold_per_floor":[114,114,129,54,54,93,93,113,113,129,179,179,218,238,238,367,367,380,400,415,436,240,240,284,284,309,330,330,343,358,58,58,58,58],"floor_reached":33,"language":"ENG","playtime":1247,"items_purged":["Defend_P","Defend_P","Strike_P"],"score":354,"play_id":"0a5cc9cb-5142-4b53-aecd-c6654ce0b3ec","local_time":"20210129172019","is_ascension_mode":false,"campfire_choices":[{"floor":15,"key":"REST"},{"data":"WindmillStrike","floor":23,"key":"SMITH"},{"floor":25,"key":"REST"},{"floor":32,"key":"REST"}],"circlet_count":0,"master_deck":["Strike_P","Strike_P","Strike_P","Defend_P","Defend_P","Eruption","Vigilance","Prostrate","WheelKick","JustLucky","WindmillStrike+1","FlyingSleeves","FollowUp","Brilliance","SashWhip","TalkToTheHand","Swivel","FollowUp","Finesse","CutThroughFate","Prostrate","Worship+1"],"relics":["PureWater","NeowsBlessing","Golden Idol","Blue Candle","Ginger","Turnip","Bag of Marbles","MealTicket","Shuriken","SlaversCollar","Bronze Scales","Dream Catcher","Damaru"],"acts_visited":["Exordium","TheCity"],"potions_floor_usage":[20,21,33],"damage_taken":[{"damage":0,"enemies":"Jaw Worm","floor":1,"turns":1},{"damage":0,"enemies":"2 Louse","floor":3,"turns":1},{"damage":0,"enemies":"3 Sentries","floor":6,"turns":1},{"damage":0,"enemies":"Cultist","floor":8,"turns":3},{"damage":14,"enemies":"Looter","floor":10,"turns":4},{"damage":16,"enemies":"Gremlin Nob","floor":13,"turns":4},{"damage":0,"enemies":"Gremlin Gang","floor":14,"turns":3},{"damage":0,"enemies":"Slime Boss","floor":16,"turns":6},{"damage":10,"enemies":"Shell Parasite","floor":18,"turns":4},{"damage":0,"enemies":"Spheric Guardian","floor":19,"turns":2},{"damage":10,"enemies":"Cultist and Chosen","floor":20,"turns":3},{"damage":10,"enemies":"Snake Plant","floor":21,"turns":3},{"damage":23,"enemies":"Book of Stabbing","floor":24,"turns":5},{"damage":15,"enemies":"Snecko","floor":27,"turns":5},{"damage":16,"enemies":"Sentry and Sphere","floor":29,"turns":5},{"damage":8,"enemies":"Snake Plant","floor":30,"turns":4},{"damage":99,"enemies":"Collector","floor":33,"turns":3}],"seed_played":"5689369909826572784","potions_obtained":[{"floor":3,"key":"DistilledChaos"},{"floor":13,"key":"FairyPotion"},{"floor":18,"key":"ColorlessPotion"},{"floor":20,"key":"hexamod:SoulburnPotion"},{"floor":21,"key":"SpeedPotion"},{"floor":27,"key":"AttackPotion"}],"is_trial":false,"path_per_floor":["M","?","M","$","?","E","$","M","T","M","T","?","E","M","R","B",null,"M","M","M","M","$","R","E","R","T","M","?","M","M","$","R","B"],"character_chosen":"WATCHER","items_purchased":["Finesse","Damaru","Prostrate"],"campfire_rested":3,"item_purchase_floors":[22,31,31],"current_hp_per_floor":[72,54,54,54,49,49,49,49,49,35,35,35,19,19,40,40,72,62,62,52,42,57,57,34,55,55,40,40,24,16,31,52,0,0],"gold":58,"neow_bonus":"THREE_ENEMY_KILL","is_daily":false,"chose_seed":false,"campfire_upgraded":1,"win_rate":0.0,"timestamp":1611958819,"path_taken":["M","?","M","$","?","E","?","M","T","?","?","?","E","M","R","BOSS","M","M","?","M","$","R","E","R","T","M","?","M","M","$","R","BOSS"],"items_purchased_type":["Card","Relic","Card"],"build_version":"2020-12-22","purchased_purges":3,"victory":false,"max_hp_per_floor":[72,72,72,72,72,72,72,72,72,72,72,72,72,72,72,72,72,72,72,72,72,72,72,72,72,72,72,72,72,72,72,72,72,72],"card_choices":[{"not_picked":["Crescendo","EmptyFist"],"picked":"Prostrate","floor":1},{"not_picked":["DeceiveReality","ReachHeaven"],"picked":"WheelKick","floor":3},{"not_picked":["Consecrate","Scrawl"],"picked":"JustLucky","floor":6},{"not_picked":["Protect","Consecrate"],"picked":"WindmillStrike","floor":8},{"not_picked":["DeceiveReality","Halt"],"picked":"FlyingSleeves","floor":10},{"not_picked":["CrushJoints","Evaluate"],"picked":"FollowUp","floor":13},{"not_picked":["CrushJoints","BowlingBash","Halt"],"picked":"SKIP","floor":14},{"not_picked":["MasterReality","Scrawl"],"picked":"Brilliance","floor":16},{"not_picked":["Evaluate","ReachHeaven"],"picked":"SashWhip","floor":18},{"not_picked":["PathToVictory","CutThroughFate"],"picked":"TalkToTheHand","floor":19},{"not_picked":["Fasting2","BowlingBash"],"picked":"Swivel","floor":20},{"not_picked":["ReachHeaven","CrushJoints"],"picked":"FollowUp","floor":21},{"not_picked":["WaveOfTheHand","Scrawl","EmptyFist+1"],"picked":"SKIP","floor":24},{"not_picked":["FlurryOfBlows","ClearTheMind"],"picked":"CutThroughFate","floor":27},{"not_picked":["Study","ClearTheMind+1","SashWhip"],"picked":"SKIP","floor":29},{"not_picked":["BowlingBash","FlyingSleeves","EmptyFist"],"picked":"SKIP","floor":30},{"not_picked":["ForeignInfluence","Consecrate+1"],"picked":"Worship+1","floor":32}],"player_experience":189795,"relics_obtained":[{"floor":6,"key":"Ginger"},{"floor":9,"key":"Turnip"},{"floor":11,"key":"Bag of Marbles"},{"floor":13,"key":"Shuriken"},{"floor":24,"key":"Bronze Scales"},{"floor":26,"key":"Dream Catcher"}],"event_choices":[{"damage_healed":0,"gold_gain":0,"player_choice":"Take Damage","damage_taken":18,"relics_obtained":["Golden Idol"],"max_hp_gain":0,"max_hp_loss":0,"event_name":"Golden Idol","floor":2,"gold_loss":0},{"damage_healed":0,"gold_gain":0,"player_choice":"Gave Potion","damage_taken":0,"relics_obtained":["MealTicket"],"max_hp_gain":0,"max_hp_loss":0,"event_name":"WeMeetAgain","floor":12,"gold_loss":0}],"is_beta":false,"boss_relics":[{"not_picked":["Snecko Eye","Runic Pyramid"],"picked":"SlaversCollar"}],"items_purged_floors":[4,22,31],"is_endless":false,"potions_floor_spawned":[3,13,18,20,21,27],"killed_by":"Collector","ascension_level":0}}