{"host":"vyiqbz5w606ur92t","time":1611952423,"event":{"mods":["BaseMod","Downfall","Minty Spire (QoL Compilation)","StSLib"],"gold_per_floor":[99,118,138,156,66,66,93,93,127,144,157,192,292,292,292,292],"floor_reached":14,"language":"ENG","playtime":1248,"items_purged":["sneckomod:Strike"],"score":110,"play_id":"8a5313b5-48cf-494d-ad34-d00127c84f40","local_time":"20210129203343","is_ascension_mode":true,"campfire_choices":[{"data":"Deep Breath","floor":1,"key":"SMITH"},{"data":"sneckomod:QuickBite","floor":8,"key":"SMITH"}],"circlet_count":0,"master_deck":["sneckomod:Strike","sneckomod:Strike","sneckomod:Defend","sneckomod:Defend","sneckomod:Defend","sneckomod:TailWhip","sneckomod:SnekBite","sneckomod:Unknown","sneckomod:Unknown","Deep Breath+1","sneckomod:SoulRoll","sneckomod:UnknownExhaust","sneckomod:QuickBite+1","sneckomod:UnendingSupply","sneckomod:ImprovisedAttack","sneckomod:UnknownDraw","sneckomod:UnknownUncommonSkill","sneckomod:UnknownDexterity"],"relics":["sneckomod:SneckoSoul","Mummified Hand","Centennial Puzzle","Turnip","Singing Bowl"],"acts_visited":["Exordium"],"potions_floor_usage":[10,12],"damage_taken":[{"damage":6,"enemies":"2 Louse","floor":2,"turns":3},{"damage":0,"enemies":"Cultist","floor":3,"turns":2},{"damage":10,"enemies":"Jaw Worm","floor":4,"turns":3},{"damage":0,"enemies":"downfall:FleeingMerchant","floor":5,"turns":4},{"damage":23,"enemies":"Gremlin Nob","floor":9,"turns":4},{"damage":11,"enemies":"Exordium Thugs","floor":10,"turns":4},{"damage":13,"enemies":"3 Louse","floor":11,"turns":2},{"damage":17,"enemies":"3 Sentries","floor":12,"turns":6},{"damage":8,"enemies":"Lagavulin","floor":14,"turns":4}],"seed_played":"-7639544140223886605","potions_obtained":[{"floor":2,"key":"SkillPotion"},{"floor":4,"key":"sneckomod:OffclassReductionPotion"},{"floor":12,"key":"SteroidPotion"}],"is_trial":false,"path_per_floor":["R","M","M","M","$","?","T","R","E","M","M","E","?","E"],"character_chosen":"THE_SNECKO","items_purchased":[],"campfire_rested":0,"item_purchase_floors":[],"current_hp_per_floor":[90,84,84,74,74,71,71,71,48,37,24,7,7,0,0,0],"gold":292,"neow_bonus":"RANDOM_COLORLESS","is_daily":false,"chose_seed":false,"campfire_upgraded":2,"win_rate":0.0,"timestamp":1611952423,"path_taken":["R","M","M","M","$","?","T","R","E","M","M","E","?","E"],"items_purchased_type":[],"build_version":"2020-12-22","purchased_purges":1,"victory":false,"max_hp_per_floor":[90,90,90,90,90,90,90,90,90,90,90,90,90,90,90,90],"card_choices":[{"not_picked":["Good Instincts","Finesse"],"picked":"Deep Breath","floor":0},{"not_picked":["sneckomod:WideSting","sneckomod:Nope"],"picked":"sneckomod:SoulRoll","floor":2},{"not_picked":["sneckomod:Unknown0Cost","sneckomod:SoulRoll"],"picked":"sneckomod:UnknownExhaust","floor":3},{"not_picked":["sneckomod:CheapStock","sneckomod:Unknown1Cost"],"picked":"sneckomod:QuickBite","floor":4},{"not_picked":["sneckomod:QuickMove","sneckomod:PureSnecko"],"picked":"sneckomod:UnendingSupply","floor":5},{"not_picked":["sneckomod:MixItUp","sneckomod:Unknown1Cost"],"picked":"sneckomod:ImprovisedAttack","floor":9},{"not_picked":["sneckomod:QuickBite","sneckomod:UnknownCommonAttack"],"picked":"sneckomod:UnknownDraw","floor":10},{"not_picked":["sneckomod:IronFang","sneckomod:UnknownCommonAttack"],"picked":"sneckomod:UnknownUncommonSkill","floor":11},{"not_picked":["sneckomod:UnknownX","sneckomod:RainOfDice"],"picked":"sneckomod:UnknownDexterity","floor":12}],"player_experience":1230104,"relics_obtained":[{"floor":7,"key":"Centennial Puzzle"},{"floor":9,"key":"Turnip"},{"floor":12,"key":"Singing Bowl"}],"event_choices":[{"damage_healed":0,"gold_gain":0,"player_choice":"Success","damage_taken":3,"relics_obtained":["Mummified Hand"],"max_hp_gain":0,"max_hp_loss":0,"event_name":"Scrap Ooze","floor":6,"gold_loss":0}],"is_beta":false,"boss_relics":[],"items_purged_floors":[5],"is_endless":false,"potions_floor_spawned":[2,4,12],"killed_by":"Lagavulin","ascension_level":2}}