{"host":"3jpwrwmmgyabjceh","time":1611925141,"event":{"mods":["AchievementEnabler","BaseMod","Colored Map","Colored Powertips","Highlight Path","Minty Spire (QoL Compilation)","Quick Restart","Relic Stats","StSLib","SuperFastMode"],"gold_per_floor":[113,113,37,112,112,145,145,145,145],"floor_reached":8,"language":"ENG","playtime":168,"items_purged":[],"score":68,"play_id":"b1f5ee0d-f89e-4185-94b4-28b129a2def6","local_time":"20210129155901","is_ascension_mode":true,"campfire_choices":[{"data":"Vault","floor":7,"key":"SMITH"}],"circlet_count":0,"master_deck":["Strike_P","Strike_P","Strike_P","Defend_P","Defend_P","Defend_P","Defend_P","Eruption","Vigilance","SashWhip","Conclude","Vault+1"],"relics":["SacredBark","Golden Idol","The Courier"],"acts_visited":["Exordium"],"potions_floor_usage":[],"damage_taken":[{"damage":7,"enemies":"Cultist","floor":1,"turns":5},{"damage":37,"enemies":"Lagavulin","floor":6,"turns":6},{"damage":7,"enemies":"3 Sentries","floor":8,"turns":3}],"seed_played":"96542527096028407","potions_obtained":[],"is_trial":false,"path_per_floor":["M","?","$","?","?","E","R","E"],"character_chosen":"WATCHER","items_purchased":["Conclude"],"campfire_rested":0,"item_purchase_floors":[3],"current_hp_per_floor":[58,51,51,40,40,3,3,0,0],"gold":145,"neow_bonus":"BOSS_RELIC","is_daily":false,"chose_seed":false,"campfire_upgraded":1,"win_rate":0.0,"timestamp":1611925141,"path_taken":["M","?","$","?","?","E","R","E"],"items_purchased_type":["Card"],"build_version":"2020-12-22","purchased_purges":0,"victory":false,"max_hp_per_floor":[72,72,72,72,67,67,67,67,67],"relic_stats":{"counters":[3,14],"Golden Idol":7,"obtain_stats":[{"Golden Idol":5,"SacredBark":0,"The Courier":6,"PureWater":0},{"Golden Idol":1,"SacredBark":0,"The Courier":2,"PureWater":0},{"Golden Idol":5,"SacredBark":0,"The Courier":11,"PureWater":0}]},"card_choices":[{"not_picked":["EmptyBody","Consecrate"],"picked":"SashWhip","floor":1},{"not_picked":["DevaForm","Consecrate"],"picked":"Vault","floor":6}],"player_experience":295647,"relics_obtained":[{"floor":6,"key":"The Courier"}],"event_choices":[{"cards_removed":["Strike_P"],"damage_healed":0,"gold_gain":0,"player_choice":"Card Removal","damage_taken":7,"max_hp_gain":0,"max_hp_loss":0,"event_name":"Golden Wing","floor":2,"gold_loss":0},{"damage_healed":0,"gold_gain":75,"player_choice":"Gather Gold","damage_taken":11,"max_hp_gain":0,"max_hp_loss":0,"event_name":"World of Goop","floor":4,"gold_loss":0},{"damage_healed":0,"gold_gain":0,"player_choice":"Lose Max HP","damage_taken":0,"relics_obtained":["Golden Idol"],"max_hp_gain":0,"max_hp_loss":5,"event_name":"Golden Idol","floor":5,"gold_loss":0}],"is_beta":false,"boss_relics":[],"items_purged_floors":[],"is_endless":false,"potions_floor_spawned":[],"killed_by":"3 Sentries","ascension_level":6}}