{"host":"okbt03weh3qrqoj9","time":1611956928,"event":{"mods":["Abigail Mod","AchievementEnabler","Act Like it!","Arknights The Spire","BaseMod","Better Altar","Better Skull","Better Third Choice","CapriCore","Chen","Colored Powertips","Defuse TimeMaze Blight","Dio Mod","Dota2Spire","Ekko","Energized Spire","Gensokyo","GungeonMod","Hermit","KinomotoSakuraMod(????)","Koishi","Lobotomy","LobotomyExtend","Mari Mod (Legacy)","Mari\u0027s V1 Patch","Marisa????????","Minty Spire (QoL Compilation)","MostiFishMod","Pale of the Ancients","Prisma Mod","Reimu??????","Reliquary","SCP261 Mod","Slumbering Mod","StSLib","The Bladedancer","The Blue Laboratory","The Bug Knight","The Fake Hero","The Hayseed","The Immortal","The Jungle","The Showman","The Wild Card","TheBandit","Trackpad","Treasure Hunter","Wandering Minibosses","Yakumo Yukari mod"],"gold_per_floor":[109,109,123,143,91,120,120,134,134,134,167,167,178,190,190,291,291,307,325,325,325,325,371,334,375,467,492,529,92,92,108,108,201,201,221,221,221,221,239,266,266,285,309,329,357,357,44,67,67,63,63,63,63,63,88,84,84],"floor_reached":56,"language":"ENG","playtime":3572,"items_purged":[],"score":975,"play_id":"add2d2ac-71a4-4e25-8fb3-92f2fef5d16d","local_time":"20210129164848","is_ascension_mode":false,"campfire_choices":[{"floor":7,"key":"RECALL"},{"floor":10,"key":"REST"},{"floor":15,"key":"REST"},{"data":"ats:Echo Reverb","floor":30,"key":"SMITH"},{"data":"ats:Serious Mode","floor":32,"key":"SMITH"},{"data":"ats:Burning Ground","floor":41,"key":"SMITH"},{"data":"ats:True Silver Slash","floor":49,"key":"SMITH"},{"data":"ats:Burning Ground","floor":53,"key":"SMITH"}],"circlet_count":0,"master_deck":["ats:Strike C","ats:Strike G","ats:Strike S","ats:Strike V","ats:Armor Crushing Shot","ats:Defend","ats:Defend","ats:Defend","ats:Defend","ats:Emotion Absorption","ats:Volcano","ats:Closed Bolt Burst Fire","ats:Very Hot Blade+1","ats:Red Shift","ats:Apocalypse","TH:Mimic","ats:Rat Pack","ats:Volcano","TH:Mimic","TH:Mimic","ats:Overload","ats:Sashimi Platter","ats:Ignite","TH:EnergyPotion","ats:True Silver Slash+1","ats:Cat Scratch","ats:Serious Mode+1","TH:Mimic","ats:Very Hot Blade","ats:Ignite+1","TH:DeckOfManyThings","ats:Echo Reverb+1","TH:CopperCoins","ats:Burning Ground+1","TH:Mimic","ats:Hammer On+1","ats:Burning Ground+1","ats:Flame Of Heaven+1","TH:DeckOfManyThings","ats:Wolf Pack","ats:Ignite+1","ats:Very Hot Blade","TH:TreasureMap","ats:Mental Burst","ats:Absolute Focus+1","TH:DeckOfManyThings","ats:Flame Of Heaven+1","TH:TreasureMap","ats:Healing Drone+1","ats:Very Hot Blade","TH:Mimic","TH:DeckOfManyThings","ats:Sunburst"],"relics":["ats:Sanity","DaveBox","MetatronsCube","SynthV:TestCard","LetterFromLob","ats:Originium","SynthV:C4","Dota2Spire:MonkeyKingBar","trackpad:SappingStone","ats:Omniscience","MawBank","Lantern","Gremlin Horn","Art of War","ats:Special","Dota2Spire:Desolator","ChiXiaoBlade","Gensokyo:EmptyGrave","CombinedTypeHook","Toy Ornithopter","Tea:ReiMu","Torii","ats:Spiritual Recovery","HollowDreamFlower"],"acts_visited":["Exordium","Exordium","theJungle:Jungle","TheEnding"],"potions_floor_usage":[56,56],"damage_taken":[{"damage":0,"enemies":"theSlumbering:NewCultist","floor":1,"turns":3},{"damage":6,"enemies":"Cultist","floor":3,"turns":3},{"damage":5,"enemies":"Small Slimes","floor":4,"turns":2},{"damage":35,"enemies":"3 Sentries","floor":6,"turns":5},{"damage":1,"enemies":"3 Louse","floor":8,"turns":3},{"damage":15,"enemies":"Gremlin Nob","floor":11,"turns":4},{"damage":0,"enemies":"2 Fungi Beasts","floor":13,"turns":1},{"damage":0,"enemies":"Gremlin Gang","floor":14,"turns":3},{"damage":65,"enemies":"The Guardian","floor":16,"turns":8},{"damage":0,"enemies":"theJungle:MUSHROOMGANG","floor":18,"turns":3},{"damage":0,"enemies":"theJungle:GiantWrat","floor":19,"turns":2},{"damage":12,"enemies":"theJungle:Cassacara","floor":23,"turns":4},{"damage":12,"enemies":"theJungle:Snecko_Cultist_And_Trap","floor":24,"turns":5},{"damage":0,"enemies":"theJungle:MamaSnecko","floor":25,"turns":4},{"damage":0,"enemies":"theJungle:2_Snecko_Cultists","floor":27,"turns":3},{"damage":1,"enemies":"theJungle:2_Phrogs","floor":28,"turns":4},{"damage":0,"enemies":"theJungle:2_Flameangoes","floor":31,"turns":3},{"damage":6,"enemies":"theJungle:FunGuy","floor":33,"turns":6},{"damage":0,"enemies":"Gensokyo:3_Bats","floor":35,"turns":2},{"damage":0,"enemies":"Gensokyo:AncientGuardian","floor":39,"turns":1},{"damage":13,"enemies":"Gensokyo:Kasen","floor":40,"turns":5},{"damage":4,"enemies":"Gensokyo:4_Bats","floor":42,"turns":2},{"damage":0,"enemies":"Gensokyo:Sharpion","floor":44,"turns":2},{"damage":9,"enemies":"Gensokyo:Doremy","floor":45,"turns":4},{"damage":0,"enemies":"Gensokyo:Yuyuko","floor":50,"turns":2},{"damage":10,"enemies":"Shield and Spear","floor":55,"turns":4},{"damage":76,"enemies":"Kars","floor":56,"turns":3}],"seed_played":"2349949973929453297","potions_obtained":[{"floor":8,"key":"SpeedPotion"},{"floor":11,"key":"DemoMod:LeadSkinPotion"},{"floor":12,"key":"blueLaboratory:FrostheartPotion"},{"floor":12,"key":"DemoMod:LeadSkinPotion"},{"floor":23,"key":"blueLaboratory:HorrorPotion"},{"floor":25,"key":"blueLaboratory:CorrosionFlask"}],"is_trial":false,"path_per_floor":["M","?","M","M","$","E","R","M","T","R","E","?","M","M","R","B",null,"M","M","?","?","?","E","M","E","T","M","E","$","R","M","R","B",null,"M","?","?","?","M","E","R","M","T","M","E","?","$","T","R","B",null,null,"R","$","E","B"],"character_chosen":"DOCTOR_CLASS","items_purchased":["ats:Apocalypse","ats:Burning Ground","ats:Special","Dota2Spire:Desolator","Torii","ats:Very Hot Blade"],"campfire_rested":2,"item_purchase_floors":[5,29,29,29,47,47],"current_hp_per_floor":[51,55,49,44,44,19,19,23,23,44,39,39,39,48,69,32,72,72,72,67,67,67,68,65,77,77,77,76,76,76,76,76,71,77,77,71,71,71,71,68,68,64,64,69,60,60,60,60,60,60,60,71,71,71,61,0,0],"gold":84,"neow_bonus":"THREE_RARE_CARDS","is_daily":false,"chose_seed":false,"campfire_upgraded":5,"win_rate":0.0,"timestamp":1611956928,"path_taken":["M","?","M","M","$","E","R","M","T","R","E","?","M","M","R","BOSS","M","?","?","?","?","E","?","E","T","?","E","?","R","M","R","BOSS","M","?","?","?","M","E","R","M","T","M","E","?","?","?","R","BOSS","R","$","E","BOSS"],"items_purchased_type":["Card","Card","Relic","Relic","Relic","Card"],"build_version":"2020-12-22","purchased_purges":0,"victory":false,"max_hp_per_floor":[72,72,72,72,72,72,72,72,72,72,72,72,72,72,72,72,72,72,72,77,77,77,77,77,77,77,77,77,77,77,77,77,77,77,77,71,71,71,71,71,71,71,71,71,71,71,71,71,71,71,71,71,71,71,71,71,71],"card_choices":[{"not_picked":["ats:Dogmatic Field","ats:Ambush"],"picked":"ats:Volcano","floor":0},{"not_picked":["ats:Flexible Camouflage","ats:Cat Scratch"],"picked":"ats:Closed Bolt Burst Fire","floor":1},{"not_picked":["ats:Healing Strengthening","ats:Cat Scratch","ats:Blood Oath","ats:Guard Mode"],"picked":"ats:Very Hot Blade","floor":3},{"not_picked":["ats:Assault Order","ats:Thermite Blade","ats:Song Of Battle","ats:Ignite"],"picked":"ats:Red Shift","floor":4},{"not_picked":["TH:CopperCoins","TH:DeckOfManyThings","TH:CursedSword"],"picked":"TH:Mimic","floor":6},{"not_picked":["ats:Phantom","ats:Flexible Camouflage","ats:Steam Pump","ats:Sunburst"],"picked":"ats:Rat Pack","floor":6},{"not_picked":["ats:Powerful Strike","ats:Cat Scratch","ats:Apocalypse","ats:Very Hot Blade"],"picked":"ats:Volcano","floor":8},{"not_picked":["TH:EnergyPotion","TH:ElvenBoots","TH:CopperCoins"],"picked":"TH:Mimic","floor":9},{"not_picked":["TH:TreasureMap","TH:CursedSword","TH:ArmorSpikes"],"picked":"TH:Mimic","floor":11},{"not_picked":["ats:Flame Of Heaven","ats:Nebulous Foxfire","ats:Counter Healing Mode","ats:Guard Mode"],"picked":"ats:Overload","floor":11},{"not_picked":["ats:Automatic Cover","ats:Closed Bolt Burst Fire","ats:Leaping Hammer","ats:Sword Rain"],"picked":"ats:Sashimi Platter","floor":13},{"not_picked":["ats:Guard Mode","ats:Blood Oath","ats:Composite Medical Shells","ats:Beaten Up"],"picked":"ats:Ignite","floor":14},{"not_picked":["TH:DeckOfManyThings","TH:TreasureMap","TH:BikiniMail"],"picked":"TH:EnergyPotion","floor":16},{"not_picked":["ats:Volcano","ats:Fractured Body","ats:Dogmatic Field","ats:Nebulous Foxfire"],"picked":"ats:True Silver Slash","floor":16},{"not_picked":["ats:Consecutive Shot Auto","ats:Magnetic Hammer","ats:Song Of Battle","ats:Powerful Strike"],"picked":"ats:Cat Scratch","floor":18},{"not_picked":["ats:Flexible Camouflage+1","ats:Powerful Strike","ats:LN2 Cannon+1","ats:Curse Doll"],"picked":"ats:Serious Mode","floor":19},{"not_picked":["TH:CursedSword","TH:ArmorSpikes","TH:EnergyPotion"],"picked":"TH:Mimic","floor":23},{"not_picked":["ats:Shell Defense+1","ats:Explosion Area Strengthen+1","ats:Assault Order","ats:Phantom"],"picked":"ats:Very Hot Blade","floor":23},{"not_picked":["ats:Song Of Battle+1","ats:Curse Doll+1","ats:Part Time Job+1","ats:Literary Storm"],"picked":"ats:Ignite+1","floor":24},{"not_picked":["TH:ArmorSpikes","TH:ElvenBoots","TH:CopperCoins"],"picked":"TH:DeckOfManyThings","floor":25},{"not_picked":["ats:Chain Hook","ats:Absolute Focus","ats:Soul Absorption","ats:Cat Scratch"],"picked":"ats:Echo Reverb","floor":25},{"not_picked":["TH:PixieDust","TH:ArmorSpikes","TH:TreasureMap"],"picked":"TH:CopperCoins","floor":26},{"not_picked":["ats:Demon Strength","ats:Flexible Camouflage","ats:Powerful Strike","ats:Phantom"],"picked":"ats:Burning Ground","floor":27},{"not_picked":["TH:ElvenBoots","TH:EnergyPotion","TH:CursedSword"],"picked":"TH:Mimic","floor":28},{"not_picked":["ats:Blood Oath","ats:Ambush","ats:Poison Spread","ats:Apocalypse+1"],"picked":"ats:Hammer On+1","floor":28},{"not_picked":["ats:Flexible Camouflage","ats:Guard Mode","ats:Spore Proliferation","ats:Curse Doll"],"picked":"ats:Flame Of Heaven+1","floor":31},{"not_picked":["TH:CopperCoins","TH:BikiniMail","TH:ElvenBoots"],"picked":"TH:DeckOfManyThings","floor":33},{"not_picked":["ats:Ambush","ats:Dogmatic Field","ats:Fractured Body","ats:Durian"],"picked":"ats:Wolf Pack","floor":33},{"not_picked":["ats:Revitalization+1","ats:Hammer On","ats:Flexible Camouflage","ats:Shell Defense+1"],"picked":"ats:Ignite+1","floor":35},{"not_picked":["ats:Blood Oath+1","ats:Magnetic Hammer+1","ats:Leaping Hammer","ats:Sword Rain"],"picked":"ats:Very Hot Blade","floor":39},{"not_picked":["TH:ElvenBoots","TH:CopperCoins","TH:CursedSword"],"picked":"TH:TreasureMap","floor":40},{"not_picked":["ats:Rapid Magazine","ats:Poison Spread+1","ats:Serious Mode","ats:Curse Doll"],"picked":"ats:Mental Burst","floor":40},{"not_picked":["ats:Revitalization","ats:Hammer On+1","ats:Curse Doll","ats:Thorns+1"],"picked":"ats:Absolute Focus+1","floor":42},{"not_picked":["TH:TreasureMap","TH:Mimic","TH:BikiniMail"],"picked":"TH:DeckOfManyThings","floor":43},{"not_picked":["ats:Encircling Forest+1","ats:Beaten Up+1","ats:Consecutive Shot Auto","ats:Shell Defense+1"],"picked":"ats:Flame Of Heaven+1","floor":44},{"not_picked":["TH:ElvenBoots","TH:CursedSword","TH:EnergyPotion"],"picked":"TH:TreasureMap","floor":45},{"not_picked":["ats:Flexible Camouflage","ats:Revitalization","ats:Defend Order+1","ats:Blood Oath"],"picked":"ats:Healing Drone+1","floor":45},{"not_picked":["TH:DeckOfManyThings","TH:TreasureMap","TH:CopperCoins"],"picked":"TH:Mimic","floor":48},{"not_picked":["TH:ElvenBoots","TH:PixieDust","TH:CopperCoins"],"picked":"TH:DeckOfManyThings","floor":55},{"not_picked":["ats:Cat Scratch+1","ats:Leaping Hammer+1","ats:Powerful Strike+1","ats:Curse Doll+1"],"picked":"ats:Sunburst","floor":55}],"player_experience":403707,"relics_obtained":[{"floor":1,"key":"SynthV:TestCard"},{"floor":1,"key":"LetterFromLob"},{"floor":6,"key":"ats:Originium"},{"floor":6,"key":"SynthV:C4"},{"floor":9,"key":"Dota2Spire:MonkeyKingBar"},{"floor":11,"key":"ats:Originium"},{"floor":11,"key":"trackpad:SappingStone"},{"floor":23,"key":"ats:Originium"},{"floor":23,"key":"Lantern"},{"floor":25,"key":"ats:Originium"},{"floor":25,"key":"Gremlin Horn"},{"floor":28,"key":"Art of War"},{"floor":40,"key":"CombinedTypeHook"},{"floor":43,"key":"Toy Ornithopter"},{"floor":45,"key":"Tea:ReiMu"},{"floor":48,"key":"ats:Spiritual Recovery"},{"floor":55,"key":"HollowDreamFlower"}],"event_choices":[{"damage_healed":0,"gold_gain":0,"player_choice":"Got Potions","damage_taken":0,"max_hp_gain":0,"max_hp_loss":0,"event_name":"Lab","floor":12,"gold_loss":0},{"damage_healed":0,"gold_gain":0,"player_choice":"Gave Potion","damage_taken":0,"relics_obtained":["MawBank"],"max_hp_gain":0,"max_hp_loss":0,"event_name":"WeMeetAgain","floor":22,"gold_loss":0}],"is_beta":false,"boss_relics":[{"not_picked":["reliquary:RedPaperclip","Snecko Eye"],"picked":"ats:Omniscience"},{"not_picked":["FixedStarFall","JellyFishMachine"],"picked":"ChiXiaoBlade"}],"items_purged_floors":[],"is_endless":false,"potions_floor_spawned":[8,11,14,23,25,27,28,33,35,44],"killed_by":"Kars","ascension_level":0}}