{"host":"928gv66myv2vlnsd","time":1611962679,"event":{"mods":["BaseMod","Minty Spire (QoL Compilation)","StSLib"],"gold_per_floor":[114,129,144,159,220,250,250,250,250,250,265,265,115,40,40,140,140,155,155,33,48,63,93,93,123,123,138,153,153,171,186,186,295,354,369,88,103,118,136,136,136,136,161,176,206,206,15,15,15,15],"floor_reached":51,"language":"ENG","playtime":3444,"items_purged":["Doppelganger","Envenom"],"score":795,"play_id":"40b53757-5c9b-4532-97d4-b847aca9296f","local_time":"20210129182439","daily_mods":["Shiny","ControlledChaos","Lethality"],"is_ascension_mode":false,"campfire_choices":[{"data":"Wraith Form v2","floor":7,"key":"SMITH"},{"data":"Night Terror","floor":10,"key":"SMITH"},{"data":"Venomology","floor":12,"key":"SMITH"},{"data":"Adrenaline","floor":15,"key":"SMITH"},{"floor":24,"key":"REST"},{"floor":32,"key":"REST"},{"data":"Apotheosis","floor":40,"key":"SMITH"},{"data":"Adrenaline","floor":46,"key":"SMITH"},{"data":"Corpse Explosion","floor":49,"key":"SMITH"}],"circlet_count":0,"master_deck":["Venomology+1","Corpse Explosion+1","Malaise","Phantasmal Killer","Die Die Die","Adrenaline+1","Burst","Wraith Form v2+1","Tools of the Trade","Night Terror+1","Unload","After Image","Bullet Time","Glass Knife","A Thousand Cuts","Cloak And Dagger","Acrobatics","PiercingWail","Dodge and Roll","Footwork+1","Calculated Gamble","Night Terror","Deadly Poison","Leg Sweep","Choke","Finisher","Adrenaline+1","Cloak And Dagger+1","Noxious Fumes","Apotheosis+1","Master of Strategy","Wraith Form v2+1"],"relics":["Ring of the Serpent","Frozen Eye","Akabeko","Nunchaku","Oddly Smooth Stone","ClockworkSouvenir","CeramicFish","Regal Pillow","Meat on the Bone","Nilry\u0027s Codex","Tiny House","Chemical X","Toy Ornithopter","PreservedInsect","DollysMirror"],"acts_visited":["Exordium","TheCity","TheBeyond"],"potions_floor_usage":[4,6,11,11,11,16,16,16,18,23,25,27,27,28,28,28,31,31,33,33,38,38,42,44,50,50,50],"damage_taken":[{"damage":1,"enemies":"Jaw Worm","floor":1,"turns":3},{"damage":0,"enemies":"Small Slimes","floor":2,"turns":2},{"damage":0,"enemies":"Cultist","floor":3,"turns":2},{"damage":1,"enemies":"Exordium Thugs","floor":4,"turns":2},{"damage":0,"enemies":"Gremlin Nob","floor":6,"turns":2},{"damage":0,"enemies":"Large Slime","floor":11,"turns":2},{"damage":24,"enemies":"Hexaghost","floor":16,"turns":6},{"damage":2,"enemies":"2 Thieves","floor":18,"turns":3},{"damage":0,"enemies":"Spheric Guardian","floor":21,"turns":3},{"damage":0,"enemies":"Snecko","floor":22,"turns":4},{"damage":37,"enemies":"Slavers","floor":23,"turns":4},{"damage":0,"enemies":"Gremlin Leader","floor":25,"turns":4},{"damage":0,"enemies":"Cultist and Chosen","floor":27,"turns":4},{"damage":6,"enemies":"Shelled Parasite and Fungi","floor":28,"turns":5},{"damage":0,"enemies":"Snake Plant","floor":31,"turns":2},{"damage":2,"enemies":"Champ","floor":33,"turns":8},{"damage":0,"enemies":"3 Darklings","floor":35,"turns":3},{"damage":0,"enemies":"3 Shapes","floor":37,"turns":1},{"damage":0,"enemies":"Spire Growth","floor":38,"turns":4},{"damage":24,"enemies":"Reptomancer","floor":42,"turns":2},{"damage":0,"enemies":"Transient","floor":44,"turns":5},{"damage":0,"enemies":"Giant Head","floor":45,"turns":6},{"damage":5,"enemies":"Awakened One","floor":50,"turns":10}],"seed_played":"1138922244981197753","potions_obtained":[{"floor":2,"key":"Dexterity Potion"},{"floor":3,"key":"CunningPotion"},{"floor":6,"key":"EntropicBrew"},{"floor":25,"key":"Fire Potion"},{"floor":31,"key":"DuplicationPotion"},{"floor":33,"key":"BlessingOfTheForge"},{"floor":34,"key":"Regen Potion"},{"floor":37,"key":"GamblersBrew"},{"floor":48,"key":"PowerPotion"}],"is_trial":false,"path_per_floor":["M","M","M","M","?","E","R","?","T","R","M","R","$","$","R","B",null,"M","?","$","M","M","E","R","E","T","M","M","?","?","M","R","B",null,"M","$","M","M","?","R","?","E","T","M","E","R","$","?","R","B",null],"character_chosen":"THE_SILENT","items_purchased":["ClockworkSouvenir","Leg Sweep","Swift Potion","Chemical X","Noxious Fumes","DollysMirror","Swift Potion"],"campfire_rested":2,"item_purchase_floors":[13,20,20,36,36,47,47],"current_hp_per_floor":[69,69,69,68,68,68,68,68,68,68,68,68,68,68,68,44,70,68,55,55,55,55,18,40,40,40,40,46,30,30,42,75,73,80,80,80,80,80,70,70,70,46,46,66,66,66,66,66,66,76],"gold":15,"neow_bonus":"","is_daily":true,"chose_seed":false,"campfire_upgraded":7,"win_rate":0.0,"timestamp":1611962679,"path_taken":["M","M","M","M","?","E","R","?","T","R","?","R","?","$","R","BOSS","M","?","$","M","M","E","R","E","T","M","M","?","?","M","R","BOSS","M","$","M","M","?","R","?","E","T","M","E","R","$","?","R","BOSS"],"items_purchased_type":["Relic","Card","Potion","Relic","Card","Relic","Potion"],"build_version":"2020-12-22","purchased_purges":2,"victory":true,"max_hp_per_floor":[70,70,70,70,70,70,70,70,70,70,70,70,70,70,70,70,70,70,75,75,75,75,75,75,75,75,75,75,75,75,75,75,75,80,80,80,80,80,80,80,80,80,80,80,80,80,80,80,80,80],"card_choices":[{"not_picked":["Masterful Stab","Infinite Blades"],"picked":"Cloak And Dagger","floor":1},{"not_picked":["Slice","Endless Agony"],"picked":"Acrobatics","floor":2},{"not_picked":["Bane","Finisher"],"picked":"PiercingWail","floor":3},{"not_picked":["Dagger Throw","Quick Slash"],"picked":"Dodge and Roll","floor":4},{"not_picked":["Dagger Throw","Flying Knee"],"picked":"Footwork","floor":6},{"not_picked":["Reflex","Endless Agony"],"picked":"Calculated Gamble","floor":11},{"not_picked":["Phantasmal Killer","Doppelganger"],"picked":"Night Terror","floor":16},{"not_picked":["Deflect","Predator"],"picked":"Deadly Poison","floor":18},{"not_picked":["Reflex","Slice+1","Eviscerate"],"picked":"SKIP","floor":21},{"not_picked":["Underhanded Strike","Slice","Outmaneuver"],"picked":"SKIP","floor":22},{"not_picked":["All Out Attack","Distraction+1","Blade Dance"],"picked":"SKIP","floor":23},{"not_picked":["Infinite Blades","A Thousand Cuts","Blade Dance"],"picked":"SKIP","floor":25},{"not_picked":["Underhanded Strike","Sucker Punch","Bane+1"],"picked":"SKIP","floor":27},{"not_picked":["Blur","Backstab","Bane"],"picked":"SKIP","floor":28},{"not_picked":["Prepared","Quick Slash+1","Escape Plan"],"picked":"SKIP","floor":31},{"not_picked":["Envenom","Venomology"],"picked":"Adrenaline","floor":33},{"not_picked":["Acrobatics+1","Deflect"],"picked":"Cloak And Dagger+1","floor":34},{"not_picked":["Flying Knee+1","Sucker Punch","Acrobatics+1"],"picked":"SKIP","floor":35},{"not_picked":["Dash","Deadly Poison+1","Flying Knee"],"picked":"SKIP","floor":37},{"not_picked":["Accuracy+1","Bouncing Flask+1","Storm of Steel"],"picked":"SKIP","floor":38},{"not_picked":["Sadistic Nature","Panacea"],"picked":"Apotheosis","floor":39},{"not_picked":["Blind","Violence"],"picked":"Master of Strategy","floor":39},{"not_picked":["Dagger Spray+1","Accuracy","Dash"],"picked":"SKIP","floor":44},{"not_picked":["Prepared","Crippling Poison","Accuracy"],"picked":"SKIP","floor":45}],"player_experience":1375243,"relics_obtained":[{"floor":6,"key":"Akabeko"},{"floor":8,"key":"Nunchaku"},{"floor":9,"key":"Oddly Smooth Stone"},{"floor":23,"key":"CeramicFish"},{"floor":25,"key":"Regal Pillow"},{"floor":26,"key":"Meat on the Bone"},{"floor":29,"key":"Nilry\u0027s Codex"},{"floor":43,"key":"Toy Ornithopter"},{"floor":45,"key":"PreservedInsect"}],"event_choices":[{"damage_healed":0,"gold_gain":61,"player_choice":"Gained Gold","damage_taken":0,"max_hp_gain":0,"max_hp_loss":0,"event_name":"Golden Wing","floor":5,"gold_loss":0},{"damage_healed":0,"gold_gain":0,"player_choice":"Relic","damage_taken":0,"max_hp_gain":0,"max_hp_loss":0,"event_name":"Wheel of Change","floor":8,"gold_loss":0},{"damage_healed":0,"gold_gain":0,"player_choice":"Shed Blood","damage_taken":18,"max_hp_gain":5,"max_hp_loss":0,"event_name":"Forgotten Altar","floor":19,"gold_loss":0},{"damage_healed":0,"gold_gain":0,"player_choice":"Obtained Book","damage_taken":16,"max_hp_gain":0,"max_hp_loss":0,"event_name":"Cursed Tome","floor":29,"gold_loss":0},{"damage_healed":0,"gold_gain":0,"cards_transformed":["Grand Finale","Storm of Steel"],"player_choice":"Became Test Subject","damage_taken":0,"max_hp_gain":0,"max_hp_loss":0,"event_name":"Drug Dealer","floor":30,"gold_loss":0,"cards_obtained":["Choke","Finisher"]},{"damage_healed":0,"gold_gain":0,"player_choice":"Memory 3","damage_taken":10,"max_hp_gain":0,"max_hp_loss":0,"event_name":"SensoryStone","floor":39,"gold_loss":0},{"damage_healed":0,"gold_gain":0,"player_choice":"Ignored","damage_taken":0,"max_hp_gain":0,"max_hp_loss":0,"event_name":"Tomb of Lord Red Mask","floor":41,"gold_loss":0},{"damage_healed":0,"gold_gain":0,"player_choice":"Got Potions","damage_taken":0,"max_hp_gain":0,"max_hp_loss":0,"event_name":"Lab","floor":48,"gold_loss":0}],"is_beta":false,"boss_relics":[{"not_picked":["Calling Bell","WristBlade"],"picked":"Ring of the Serpent"},{"not_picked":["Empty Cage","Runic Dome"],"picked":"Tiny House"}],"items_purged_floors":[14,36],"is_endless":false,"potions_floor_spawned":[2,3,6,22,25,31,33,37,42],"ascension_level":0}}