{"host":"vyjryxuuuxkt43k4","time":1611931232,"event":{"mods":["AchievementEnabler","BaseMod","Colored Map","DeckTracker","Keyboard Shortcuts","Minty Spire (QoL Compilation)","Permanent Neow","Quick Restart","Rare Cards Sparkle","StSLib","SuperFastMode","everything is the same but u backflip on backflip"],"gold_per_floor":[212,226,3,3,3,21,21,54,103,103,103,122,161,182,182,306,306,320,146,61,74,95,95,113,162,211,37,171,194,194,213,213,345,345,369,396,1404,631,631,667,667,667,746,786,402,436,457,40,40,40],"floor_reached":51,"language":"KOR","playtime":3347,"items_purged":["Defend_P","Defend_P","Strike_P","Normality","Defend_P"],"score":1233,"play_id":"c5b889e8-fa69-4a19-a757-fdcb14d0e8f8","local_time":"20210129234032","is_ascension_mode":true,"campfire_choices":[{"data":"Eruption","floor":7.0,"key":"SMITH"},{"floor":10.0,"key":"REST"},{"data":"MentalFortress","floor":15.0,"key":"SMITH"},{"data":"Scrawl","floor":23,"key":"SMITH"},{"data":"Vault","floor":30,"key":"SMITH"},{"data":"Tantrum","floor":32,"key":"SMITH"},{"data":"Adaptation","floor":41,"key":"SMITH"},{"data":"Apotheosis","floor":42,"key":"SMITH"},{"data":"DevaForm","floor":49,"key":"SMITH"}],"circlet_count":0,"master_deck":["Strike_P","Strike_P","Defend_P","Eruption+1","Vigilance","FlurryOfBlows","MentalFortress+1","SandsOfTime","EmptyBody","Consecrate","CutThroughFate","Scrawl+1","WheelKick","Tantrum+1","MentalFortress+1","Vault+1","DeusExMachina","ClearTheMind+1","Secret Weapon","Blind","Blind","Adaptation+1","Apotheosis+1","DevaForm+1"],"relics":["PureWater","Omamori","Golden Idol","Happy Flower","Ancient Tea Set","Blood Vial","SacredBark","PreservedInsect","CeramicFish","Orichalcum","TungstenRod","InkBottle","Calling Bell","Damaru","Shuriken","WingedGreaves","Strange Spoon","Meat on the Bone","Bottled Tornado","Kunai","Potion Belt","Nunchaku","The Courier","Lantern","Frozen Eye","Bag of Marbles"],"acts_visited":["Exordium","TheCity","TheBeyond"],"potions_floor_usage":[18,18,22,25,25,29,33,40],"damage_taken":[{"damage":0.0,"enemies":"2 Louse","floor":1.0,"turns":3.0},{"damage":0.0,"enemies":"Cultist","floor":2.0,"turns":4.0},{"damage":10.0,"enemies":"Small Slimes","floor":6.0,"turns":3.0},{"damage":8.0,"enemies":"Lagavulin","floor":8.0,"turns":6.0},{"damage":1.0,"enemies":"3 Louse","floor":12.0,"turns":4.0},{"damage":18.0,"enemies":"3 Sentries","floor":13.0,"turns":7.0},{"damage":3.0,"enemies":"Blue Slaver","floor":14.0,"turns":3.0},{"damage":0.0,"enemies":"Slime Boss","floor":16.0,"turns":5.0},{"damage":3,"enemies":"3 Byrds","floor":18,"turns":3},{"damage":7,"enemies":"Chosen","floor":21,"turns":3},{"damage":15,"enemies":"Snecko","floor":22,"turns":5},{"damage":0,"enemies":"Centurion and Healer","floor":24,"turns":3},{"damage":2,"enemies":"Slavers","floor":25,"turns":2},{"damage":0,"enemies":"Colosseum Slavers","floor":28,"turns":2},{"damage":8,"enemies":"Colosseum Nobs","floor":28,"turns":3},{"damage":0,"enemies":"Cultist and Chosen","floor":29,"turns":3},{"damage":3,"enemies":"Snake Plant","floor":31,"turns":3},{"damage":18,"enemies":"Champ","floor":33,"turns":8},{"damage":1,"enemies":"3 Darklings","floor":35,"turns":3},{"damage":0,"enemies":"Giant Head","floor":40,"turns":4},{"damage":0,"enemies":"Reptomancer","floor":44,"turns":3},{"damage":0,"enemies":"Giant Head","floor":46,"turns":4},{"damage":0,"enemies":"3 Shapes","floor":47,"turns":2},{"damage":0,"enemies":"Donu and Deca","floor":50,"turns":5}],"seed_played":"4390842588903555610","potions_obtained":[{"floor":2.0,"key":"StancePotion"},{"floor":6.0,"key":"GamblersBrew"},{"floor":8.0,"key":"DuplicationPotion"},{"floor":11.0,"key":"LiquidMemories"},{"floor":11.0,"key":"GamblersBrew"},{"floor":14.0,"key":"PowerPotion"},{"floor":16.0,"key":"Explosive Potion"},{"floor":24,"key":"StancePotion"},{"floor":25,"key":"SpeedPotion"},{"floor":28,"key":"Strength Potion"},{"floor":29,"key":"Energy Potion"},{"floor":35,"key":"AttackPotion"},{"floor":44,"key":"SteroidPotion"}],"is_trial":false,"path_per_floor":["M","M","$","?","?","M","R","E","T","R","?","M","E","M","R","B",null,"M","$","?","M","M","R","M","E","T","$","?","M","R","M","R","B",null,"M","?","?","$","?","E","R","R","T","E","$","E","M","$","R","B",null],"character_chosen":"WATCHER","items_purchased":["Omamori","Regen Potion","Block Potion","Adaptation","Strange Spoon","Meat on the Bone","Apotheosis","SkillPotion","Nunchaku","Lantern","Frozen Eye","Bag of Marbles","EssenceOfSteel"],"campfire_rested":1,"item_purchase_floors":[3,19,27,38,38,38,38,45,45,48,48,48,48],"current_hp_per_floor":[72,72,72,54,47,37,37,29,29,50,50,49,31,30,30,32,62,61,61,61,56,62,62,64,64,64,64,60,62,62,61,61,45,65,66,57,57,57,57,59,59,59,59,61,61,63,65,65,65,67],"gold":40,"neow_bonus":"HUNDRED_GOLD","is_daily":false,"chose_seed":false,"campfire_upgraded":8,"win_rate":0.0,"timestamp":1611931232,"path_taken":["M","M","$","?","?","M","R","E","T","R","?","M","E","M","R","BOSS","M","$","?","M","M","R","M","E","T","$","?","M","R","M","R","BOSS","M","?","?","$","?","E","R","R","T","E","?","E","?","$","R","BOSS"],"items_purchased_type":["Relic","Potion","Potion","Card","Relic","Relic","Card","Potion","Relic","Relic","Relic","Relic","Potion"],"build_version":"2020-12-22","purchased_purges":5,"victory":true,"max_hp_per_floor":[72,72,72,72,72,72,72,72,72,72,72,72,72,72,72,72,72,72,72,72,72,72,72,72,72,72,72,72,72,72,72,72,72,72,72,72,72,72,72,72,72,72,72,72,72,72,72,72,72,72],"card_choices":[{"not_picked":["PathToVictory","Crescendo","JustLucky"],"picked":"SKIP","floor":1.0},{"not_picked":["SashWhip","PathToVictory"],"picked":"FlurryOfBlows","floor":2.0},{"not_picked":["Swivel","BattleHymn"],"picked":"MentalFortress","floor":6.0},{"not_picked":["PathToVictory","Prostrate"],"picked":"SandsOfTime","floor":8.0},{"not_picked":["Sanctity","LikeWater"],"picked":"EmptyBody","floor":12.0},{"not_picked":["Fasting2","Wallop"],"picked":"Consecrate","floor":13.0},{"not_picked":["WindmillStrike","ThirdEye"],"picked":"CutThroughFate","floor":14.0},{"not_picked":["Ragnarok","Brilliance"],"picked":"Scrawl","floor":16.0},{"not_picked":["Evaluate","FlyingSleeves"],"picked":"WheelKick","floor":18},{"not_picked":["SashWhip","WheelKick+1"],"picked":"Tantrum","floor":21},{"not_picked":["FollowUp","Protect+1","CutThroughFate"],"picked":"SKIP","floor":22},{"not_picked":["ClearTheMind","EmptyBody","PathToVictory"],"picked":"SKIP","floor":24},{"not_picked":["EmptyBody","Vengeance+1"],"picked":"MentalFortress+1","floor":25},{"not_picked":["ClearTheMind+1","TalkToTheHand"],"picked":"Vault","floor":28},{"not_picked":["Protect+1","CrushJoints","Pray"],"picked":"SKIP","floor":29},{"not_picked":["PathToVictory","WaveOfTheHand","FlyingSleeves"],"picked":"SKIP","floor":31},{"not_picked":["MasterReality","Omniscience"],"picked":"DeusExMachina","floor":33},{"not_picked":["FollowUp+1","CutThroughFate"],"picked":"ClearTheMind+1","floor":35},{"not_picked":["Forethought","Enlightenment"],"picked":"Secret Weapon","floor":36},{"not_picked":["Metamorphosis","Good Instincts"],"picked":"Blind","floor":36},{"not_picked":["PanicButton","Jack Of All Trades"],"picked":"Blind","floor":36},{"not_picked":["Conclude+1","Halt+1","Collect+1"],"picked":"SKIP","floor":40},{"not_picked":["Sanctity+1","JustLucky"],"picked":"DevaForm","floor":44},{"not_picked":["SashWhip","Pray+1","PathToVictory+1"],"picked":"SKIP","floor":46},{"not_picked":["CrushJoints+1","WindmillStrike","FollowUp"],"picked":"SKIP","floor":47}],"player_experience":501072,"relics_obtained":[{"floor":8.0,"key":"Happy Flower"},{"floor":9.0,"key":"Ancient Tea Set"},{"floor":13.0,"key":"Blood Vial"},{"floor":25,"key":"CeramicFish"},{"floor":26,"key":"Orichalcum"},{"floor":28,"key":"TungstenRod"},{"floor":28,"key":"InkBottle"},{"floor":34,"key":"Damaru"},{"floor":34,"key":"Shuriken"},{"floor":34,"key":"WingedGreaves"},{"floor":40,"key":"Bottled Tornado"},{"floor":43,"key":"Kunai"},{"floor":44,"key":"Potion Belt"},{"floor":46,"key":"The Courier"}],"event_choices":[{"damage_healed":0.0,"max_hp_gain":0.0,"max_hp_loss":0.0,"gold_gain":0.0,"event_name":"Golden Idol","player_choice":"Take Damage","floor":4.0,"gold_loss":0.0,"damage_taken":18.0,"relics_obtained":["Golden Idol"]},{"cards_removed":["Strike_P"],"damage_healed":0.0,"max_hp_gain":0.0,"max_hp_loss":0.0,"gold_gain":0.0,"event_name":"Golden Wing","player_choice":"Card Removal","floor":5.0,"gold_loss":0.0,"damage_taken":7.0},{"damage_healed":0.0,"max_hp_gain":0.0,"max_hp_loss":0.0,"gold_gain":0.0,"event_name":"Lab","player_choice":"Got Potions","floor":11.0,"gold_loss":0.0,"damage_taken":0.0},{"damage_healed":0,"gold_gain":0,"player_choice":"Obtained Relic","damage_taken":0,"relics_obtained":["PreservedInsect"],"max_hp_gain":0,"max_hp_loss":0,"event_name":"Addict","floor":20,"gold_loss":85},{"damage_healed":0,"gold_gain":0,"player_choice":"Fight","damage_taken":0,"max_hp_gain":0,"max_hp_loss":0,"event_name":"Colosseum","floor":28,"gold_loss":0},{"damage_healed":0,"gold_gain":0,"player_choice":"Fought Nobs","damage_taken":0,"max_hp_gain":0,"max_hp_loss":0,"event_name":"Colosseum","floor":28,"gold_loss":0},{"damage_healed":0,"gold_gain":0,"player_choice":"Memory 3","damage_taken":10,"max_hp_gain":0,"max_hp_loss":0,"event_name":"SensoryStone","floor":36,"gold_loss":0},{"damage_healed":0,"gold_gain":999,"player_choice":"Gold","damage_taken":0,"max_hp_gain":0,"max_hp_loss":0,"event_name":"MindBloom","floor":37,"gold_loss":0,"cards_obtained":["Normality","Normality"]},{"damage_healed":0,"gold_gain":0,"player_choice":"Ignored","damage_taken":0,"max_hp_gain":0,"max_hp_loss":0,"event_name":"Tomb of Lord Red Mask","floor":39,"gold_loss":0}],"is_beta":false,"boss_relics":[{"not_picked":["Coffee Dripper","Black Star"],"picked":"SacredBark"},{"not_picked":["Runic Pyramid","Snecko Eye"],"picked":"Calling Bell"}],"items_purged_floors":[3,19,27,38,45],"is_endless":false,"potions_floor_spawned":[2,6,8,14,16,24,25,28,28,29,35,44],"ascension_level":5}}