{"host":"dscols65uipasqd2","time":1611906058,"event":{"mods":["2.2 Compatiblity","AchievementEnabler","Aspiration","BaseMod","Colored Powertips","Downfall","Energized Spire","GifTheSpireLib","Hermit","Hubris","Infinite Spire","JesterMod","Jorbs\u0027s Wanderer Trilogy","Magitek Elite","Marisa????????","Minty Spire (QoL Compilation)","Rare Cards Sparkle","Replay The Spire","StSLib","Stuff the Spire","The Cursed","The Disciple","The Hierophant","The Judge","The Jungle","TheFirefly"],"gold_per_floor":[99,117,20,20,170,170,470,2,2,22,40,51,51,80,90,195,195,195,195,195,206,226,226,226,226,226,226,226,259,259,276,291,389,389,389,409,409,455,509,509,509,509],"floor_reached":40,"language":"ENG","playtime":1948,"items_purged":[],"score":400,"play_id":"86a02361-a13e-4a91-b0a2-a41a452b1762","local_time":"20210129024058","is_ascension_mode":false,"campfire_choices":[{"data":"champ:Execute","floor":1,"key":"SMITH"},{"data":"champ:StanceDance","floor":6,"key":"SMITH"},{"data":"champ:EndlessRage","floor":9,"key":"SMITH"},{"data":"champ:FanOfKnives","floor":13,"key":"SMITH"},{"data":"champ:Improvising","floor":18,"key":"SMITH"},{"data":"champ:StrikeOfGenius","floor":23,"key":"SMITH"},{"floor":25,"key":"REST"},{"data":"infinitespire:Collect","floor":28,"key":"SMITH"},{"floor":30,"key":"REST"},{"floor":35,"key":"DIG"}],"circlet_count":0,"master_deck":["champ:Strike+1","champ:Strike","champ:Strike","champ:Strike","champ:Defend","champ:Defend","champ:Defend","champ:Defend","champ:Execute+1","champ:Taunt","champ:StanceDance+1","champ:GutPunch+1","champ:EndlessRage+1","downfall:Icky","champ:HeartStrike+1","champ:FanOfKnives+1","champ:StanceDance","champ:FocusedBerserking+1","champ:StrikeOfGenius+1","champ:FlashCut","champ:Improvising+1","champ:Duel+1","champ:AdrenalArmor","infinitespire:Collect+1","infinitespire:NeuralNetwork","champ:TornadoPunch+1","champ:LastStand","champ:PreciseThrust","champ:UltimateStance","champ:RisingSlash+1","Metamorphosis","Deep Breath","Discovery","champ:HoldFirm"],"relics":["champ:ChampionCrown","hubris:Icosahedron","Old Coin","Regal Pillow","HandDrill","Whetstone","champ:GladiatorsBookOfMartialProwess","aspiration:PoetsPen_weak","Mirror","Guide Book","CultistMask","infinitespire:Satchel","SlaversCollar","Guard_Bracelet","ReplayTheSpireMod:ShopPack","CatCart"],"acts_visited":["Exordium","TheCity","TheBeyond"],"potions_floor_usage":[14,14,16,21,29,33,33,38,38,38],"damage_taken":[{"damage":16,"enemies":"Jaw Worm","floor":2,"turns":4},{"damage":25,"enemies":"downfall:FleeingMerchant","floor":3,"turns":4},{"damage":20,"enemies":"downfall:FleeingMerchant","floor":8,"turns":4},{"damage":10,"enemies":"2 Louse","floor":10,"turns":2},{"damage":10,"enemies":"Small Slimes","floor":11,"turns":2},{"damage":32,"enemies":"Red Slaver","floor":12,"turns":4},{"damage":34,"enemies":"Gremlin Nob","floor":14,"turns":4},{"damage":27,"enemies":"Large Slime","floor":15,"turns":5},{"damage":27,"enemies":"WA_ARCHETYPE_RETAIN","floor":16,"turns":6},{"damage":16,"enemies":"Chosen","floor":21,"turns":4},{"damage":30,"enemies":"Chosen and Byrds","floor":22,"turns":4},{"damage":53,"enemies":"Nightmare","floor":29,"turns":5},{"damage":0,"enemies":"Cultist and Chosen","floor":31,"turns":1},{"damage":10,"enemies":"Snecko","floor":32,"turns":3},{"damage":23,"enemies":"IC_MUSHROOM_ARCHETYPE","floor":33,"turns":4},{"damage":54,"enemies":"3 Shapes","floor":36,"turns":4},{"damage":90,"enemies":"Orin","floor":38,"turns":7},{"damage":78,"enemies":"Nightmare","floor":40,"turns":5}],"seed_played":"-6266108953828437409","potions_obtained":[{"floor":2,"key":"EssenceOfSteel"},{"floor":11,"key":"champ:OpenerPotion"},{"floor":12,"key":"Fire Potion"},{"floor":16,"key":"hexamod:SoulburnPotion"},{"floor":19,"key":"CultistPotion"},{"floor":22,"key":"Elixir"},{"floor":29,"key":"SpeedPotion"},{"floor":32,"key":"Venom Potion"},{"floor":33,"key":"Cursed Concoction"},{"floor":36,"key":"Block Potion"}],"is_trial":false,"path_per_floor":["R","M","$","?","?","R","T","$","R","M","M","M","R","E","M","B",null,"R","?","?","M","M","R","T","R","AVR","?","R","NM","R","M","M","B",null,"R","M","AVR","?","T","NM"],"character_chosen":"THE_CHAMP","items_purchased":["champ:EndlessRage","Regal Pillow","HandDrill","Whetstone"],"campfire_rested":2,"item_purchase_floors":[3,8,8,8],"current_hp_per_floor":[99,93,93,93,93,93,93,93,93,93,93,81,81,54,42,35,99,99,99,99,88,73,73,73,99,99,99,99,66,99,99,99,96,99,99,65,65,49,49,0,0,0],"gold":509,"neow_bonus":"TEN_PERCENT_HP_BONUS","is_daily":false,"chose_seed":false,"campfire_upgraded":7,"win_rate":0.0,"timestamp":1611906058,"path_taken":["R","M","$","?","?","R","T","?","R","M","M","?","R","E","M","BOSS","R","?","?","M","M","R","T","R","AVR","?","R","NM","R","?","M","BOSS","R","M","AVR","?","?","NM"],"items_purchased_type":["Card","Relic","Relic","Relic"],"build_version":"2020-12-22","purchased_purges":0,"victory":false,"max_hp_per_floor":[99,99,99,99,99,99,99,99,99,99,99,99,99,99,99,99,99,99,99,99,99,99,99,99,99,99,99,99,99,99,99,99,99,99,99,99,99,99,99,99,99,99],"card_choices":[{"not_picked":["champ:FocusedBerserking","champ:CrownThrow"],"picked":"champ:StanceDance","floor":2},{"not_picked":["champ:GladiatorStyle","champ:FalseCounter"],"picked":"champ:GutPunch","floor":3},{"not_picked":["champ:Backstep","champ:Shatter"],"picked":"champ:HeartStrike","floor":8},{"not_picked":["champ:DeathBlow","champ:BladeFlurry"],"picked":"champ:FanOfKnives","floor":10},{"not_picked":["champ:HeartStrike","champ:Circumvent"],"picked":"champ:StanceDance","floor":11},{"not_picked":["champ:RecklessLeap","champ:ShieldWall"],"picked":"champ:FocusedBerserking","floor":12},{"not_picked":["champ:CrownThrow","champ:FancyFootwork"],"picked":"champ:StrikeOfGenius","floor":14},{"not_picked":["champ:HeartStrike","champ:Backstep"],"picked":"champ:FlashCut","floor":15},{"not_picked":["champ:HeavySlash","champ:StrikeOfGenius"],"picked":"champ:Improvising","floor":16},{"not_picked":["champ:TornadoPunch","champ:ArenaPreparation"],"picked":"champ:Duel+1","floor":21},{"not_picked":["champ:Encircle+1","champ:CalledShot"],"picked":"champ:AdrenalArmor","floor":22},{"not_picked":["infinitespire:NeuralNetwork","hubris:Rewind"],"picked":"infinitespire:SealOfDarkness+","floor":29},{"not_picked":["champ:CrookedStrike","champ:PreciseThrust+1"],"picked":"champ:TornadoPunch+1","floor":29},{"not_picked":["champ:GutPunch+1","champ:PerfectedStrike+1"],"picked":"champ:LastStand","floor":31},{"not_picked":["champ:Circumvent","champ:TornadoPunch"],"picked":"champ:PreciseThrust","floor":32},{"not_picked":["champ:HeavySlash","champ:VampiricStrike"],"picked":"champ:UltimateStance","floor":33},{"not_picked":["champ:RapidStrikes","champ:CrownThrow+1"],"picked":"champ:RisingSlash+1","floor":36},{"not_picked":["ReplayUltimateDefense","Sadistic Nature"],"picked":"Metamorphosis","floor":37},{"not_picked":["Secret Weapon","Forethought"],"picked":"Deep Breath","floor":37},{"not_picked":["Panache","Purity"],"picked":"Discovery","floor":37},{"not_picked":["champ:CrownThrow+1","champ:PerfectedStrike+1"],"picked":"champ:HoldFirm","floor":38}],"player_experience":493657,"relics_obtained":[{"floor":7,"key":"Old Coin"},{"floor":14,"key":"champ:GladiatorsBookOfMartialProwess"},{"floor":24,"key":"Mirror"},{"floor":29,"key":"infinitespire:Satchel"},{"floor":35,"key":"Guard_Bracelet"},{"floor":38,"key":"CatCart"}],"event_choices":[{"damage_healed":0,"gold_gain":0,"player_choice":"Ignored","damage_taken":0,"max_hp_gain":0,"max_hp_loss":0,"event_name":"Vampires","floor":20,"gold_loss":0},{"damage_healed":0,"gold_gain":0,"player_choice":"Trade","damage_taken":0,"relics_obtained":["CultistMask"],"max_hp_gain":0,"max_hp_loss":0,"event_name":"FaceTrader","floor":27,"gold_loss":0},{"damage_healed":0,"gold_gain":0,"player_choice":"Fight","damage_taken":0,"max_hp_gain":0,"max_hp_loss":0,"event_name":"OrinTheCat","floor":38,"gold_loss":0}],"is_beta":false,"boss_relics":[{"not_picked":["energizedSpire:RedRose","hubris:BlackHole"],"picked":"aspiration:PoetsPen_weak"},{"not_picked":["energizedSpire:StickyHand","aspiration:FutureDiary"],"picked":"SlaversCollar"}],"items_purged_floors":[],"is_endless":false,"potions_floor_spawned":[2,11,12,16,22,29,32,33,36],"killed_by":"Nightmare","ascension_level":0}}