{"host":"lktusdb9orijgc6z","time":1611931613,"event":{"mods":["BaseMod","Bestiary","Colored Map","Colored Powertips","Minty Spire (QoL Compilation)","Permanent Neow","Quick Restart","Relic Stats","StSLib","everything is the same but u backflip on backflip","slay the spire mod where everything is the same but ironclad has a cowboy hat"],"gold_per_floor":[109,128,146,157,13,13,40,52,78,78,78],"floor_reached":10,"language":"ENG","playtime":590,"items_purged":[],"score":140,"play_id":"8652f289-4ca8-4966-83b0-78a4e379abf6","local_time":"20210129154653","is_ascension_mode":true,"campfire_choices":[{"data":"Double Energy","floor":6.0,"key":"SMITH"}],"circlet_count":0,"master_deck":["AscendersBane","Strike_B","Strike_B","Strike_B","Strike_B","Defend_B","Defend_B","Defend_B","Defend_B","Zap","Dualcast","Multi-Cast","Streamline","Double Energy+1","Cold Snap","Turbo","Doom and Gloom","Ball Lightning","Steam Power","Hologram"],"relics":["Cracked Core","PreservedInsect","Omamori"],"acts_visited":["Exordium"],"potions_floor_usage":[10,10,10],"damage_taken":[{"damage":3.0,"enemies":"Small Slimes","floor":1.0,"turns":3.0},{"damage":3.0,"enemies":"2 Louse","floor":2.0,"turns":2.0},{"damage":0.0,"enemies":"Cultist","floor":3.0,"turns":2.0},{"damage":5.0,"enemies":"Large Slime","floor":4.0,"turns":6.0},{"damage":25.0,"enemies":"3 Sentries","floor":7.0,"turns":3.0},{"damage":0.0,"enemies":"3 Louse","floor":8.0,"turns":2.0},{"damage":18,"enemies":"Lagavulin","floor":10,"turns":4}],"seed_played":"3419075019023189306","potions_obtained":[{"floor":1.0,"key":"BlessingOfTheForge"},{"floor":2.0,"key":"PotionOfCapacity"},{"floor":8.0,"key":"EntropicBrew"}],"is_trial":false,"path_per_floor":["M","M","M","M","$","R","E","M","T","E"],"character_chosen":"DEFECT","items_purchased":["Doom and Gloom","Ball Lightning"],"campfire_rested":0,"item_purchase_floors":[5,5],"current_hp_per_floor":[43,40,40,35,35,35,10,10,10,0,0],"gold":78,"neow_bonus":"THREE_RARE_CARDS","is_daily":false,"chose_seed":false,"campfire_upgraded":1,"win_rate":0.0,"timestamp":1611931613,"path_taken":["M","M","M","M","$","R","E","M","T","E"],"items_purchased_type":["Card","Card"],"build_version":"2020-12-22","purchased_purges":0,"victory":false,"max_hp_per_floor":[71,71,71,71,71,71,71,71,71,71,71],"relic_stats":{"counters":[7,22],"PreservedInsect":29,"obtain_stats":[{"PreservedInsect":7,"Omamori":9,"Cracked Core":0},{"PreservedInsect":5,"Omamori":6,"Cracked Core":0},{"PreservedInsect":16,"Omamori":18,"Cracked Core":0}]},"card_choices":[{"not_picked":["Core Surge","Reboot"],"picked":"Multi-Cast","floor":0.0},{"not_picked":["Fusion","Steam"],"picked":"Streamline","floor":1.0},{"not_picked":["Leap","Turbo"],"picked":"Double Energy","floor":2.0},{"not_picked":["Conserve Battery","Go for the Eyes"],"picked":"Cold Snap","floor":3.0},{"not_picked":["Reprogram","Compile Driver"],"picked":"Turbo","floor":4.0},{"not_picked":["Auto Shields","Hyperbeam"],"picked":"Steam Power","floor":7.0},{"not_picked":["Compile Driver","Ball Lightning"],"picked":"Hologram","floor":8.0}],"player_experience":714967,"relics_obtained":[{"floor":7.0,"key":"PreservedInsect"},{"floor":9.0,"key":"Omamori"}],"event_choices":[],"is_beta":false,"boss_relics":[],"items_purged_floors":[],"is_endless":false,"potions_floor_spawned":[1,2,8],"killed_by":"Lagavulin","ascension_level":20}}