{"host":"0tiuc76yumknr6qf","time":1611956484,"event":{"mods":["Aspiration","BaseMod","Bestiary","Colored Map","DeckTracker","Highlight Path","Minty Spire (QoL Compilation)","StSLib"],"gold_per_floor":[114,131,131,131,143,143,177,177,177,189,57,57,89,106,106,177,177,196,212,262,276,290,290,325,325,325,325,325,343,365,409,409,409,409],"floor_reached":33,"language":"ENG","playtime":1744,"items_purged":["Strike_R"],"score":594,"play_id":"e6ebf4fe-2632-43d9-b93a-972cc479ad7b","local_time":"20210129154124","is_ascension_mode":true,"campfire_choices":[{"data":"Twin Strike","floor":6,"key":"SMITH"},{"floor":12,"key":"REST"},{"data":"True Grit","floor":15,"key":"SMITH"},{"data":"Limit Break","floor":23,"key":"SMITH"},{"data":"Sword Boomerang","floor":25,"key":"SMITH"},{"data":"Shrug It Off","floor":28,"key":"SMITH"},{"floor":32,"key":"REST"}],"circlet_count":0,"master_deck":["AscendersBane","Strike_R+1","Strike_R+1","Defend_R","Defend_R","Defend_R","Defend_R","Bash","Twin Strike+1","Spot Weakness","Reaper","True Grit+1","Impervious","Sword Boomerang+1","Shrug It Off+1","Offering","Limit Break+1","Flame Barrier+1","Seeing Red+1","Clothesline+1","Pummel","Dual Wield"],"relics":["Burning Blood","aspiration:SeaSaltIceCream","aspiration:Nostalgia","PureWater","NlothsMask","Orichalcum","aspiration:RitualDagger","CeramicFish","Akabeko","Matryoshka"],"acts_visited":["Exordium","TheCity"],"potions_floor_usage":[16,30,31,33],"damage_taken":[{"damage":4,"enemies":"2 Louse","floor":1,"turns":3},{"damage":2,"enemies":"Cultist","floor":2,"turns":4},{"damage":12,"enemies":"Jaw Worm","floor":5,"turns":3},{"damage":46,"enemies":"3 Sentries","floor":7,"turns":11},{"damage":9,"enemies":"Large Slime","floor":10,"turns":7},{"damage":39,"enemies":"Lagavulin","floor":13,"turns":8},{"damage":3,"enemies":"Red Slaver","floor":14,"turns":4},{"damage":24,"enemies":"The Guardian","floor":16,"turns":13},{"damage":37,"enemies":"Spheric Guardian","floor":18,"turns":4},{"damage":23,"enemies":"Chosen","floor":19,"turns":5},{"damage":36,"enemies":"Shelled Parasite and Fungi","floor":21,"turns":5},{"damage":31,"enemies":"Snecko","floor":22,"turns":6},{"damage":65,"enemies":"Slavers","floor":24,"turns":6},{"damage":27,"enemies":"Snake Plant","floor":29,"turns":3},{"damage":27,"enemies":"3 Cultists","floor":30,"turns":5},{"damage":87,"enemies":"Gremlin Leader","floor":31,"turns":7},{"damage":61,"enemies":"Collector","floor":33,"turns":5}],"seed_played":"3737904371632206933","potions_obtained":[{"floor":2,"key":"Ancient Potion"},{"floor":10,"key":"SpeedPotion"},{"floor":14,"key":"DuplicationPotion"},{"floor":24,"key":"Fire Potion"},{"floor":30,"key":"DuplicationPotion"},{"floor":31,"key":"PowerPotion"}],"is_trial":false,"path_per_floor":["M","M","?","?","M","R","E","?","T","M","$","R","E","M","R","B",null,"M","M","?","M","M","R","E","R","T","?","R","M","M","E","R","B"],"character_chosen":"IRONCLAD","items_purchased":["Shrug It Off"],"campfire_rested":2,"item_purchase_floors":[11],"current_hp_per_floor":[77,81,56,56,56,56,26,26,26,30,30,54,21,28,28,16,66,35,18,18,82,69,69,41,41,41,41,41,38,57,23,47,0,0],"gold":409,"neow_bonus":"TEN_PERCENT_HP_BONUS","is_daily":false,"chose_seed":false,"campfire_upgraded":5,"win_rate":0.0,"timestamp":1611956484,"path_taken":["M","M","?","?","?","R","E","?","T","?","$","R","E","M","R","BOSS","M","?","?","M","M","R","E","R","T","?","R","M","?","E","R","BOSS"],"items_purchased_type":["Card"],"build_version":"2020-12-22","purchased_purges":1,"victory":false,"max_hp_per_floor":[82,82,82,82,82,82,82,82,82,82,82,82,82,82,82,82,82,82,82,82,82,82,82,82,82,82,82,82,82,82,82,82,82,82],"card_choices":[{"not_picked":["Anger","Clash"],"picked":"Twin Strike","floor":1},{"not_picked":["Sword Boomerang","Sever Soul"],"picked":"Spot Weakness","floor":2},{"not_picked":["Headbutt","Body Slam"],"picked":"True Grit","floor":5},{"not_picked":["Clash","Flex"],"picked":"Impervious","floor":7},{"not_picked":["Blood for Blood","Pommel Strike"],"picked":"Sword Boomerang","floor":10},{"not_picked":["Headbutt","Corruption"],"picked":"Offering","floor":13},{"not_picked":["Hemokinesis","Pommel Strike","Body Slam"],"picked":"SKIP","floor":14},{"not_picked":["Exhume","Corruption"],"picked":"Limit Break","floor":16},{"not_picked":["Clothesline","Clash"],"picked":"Flame Barrier+1","floor":18},{"not_picked":["Twin Strike","Intimidate","Headbutt"],"picked":"SKIP","floor":19},{"not_picked":["Iron Wave","Infernal Blade"],"picked":"Seeing Red+1","floor":21},{"not_picked":["Flex","Sever Soul","Clash"],"picked":"SKIP","floor":22},{"not_picked":["Wild Strike","Reaper"],"picked":"Clothesline+1","floor":24},{"not_picked":["Perfected Strike","Twin Strike","Warcry"],"picked":"SKIP","floor":29},{"not_picked":["Power Through","Thunderclap"],"picked":"Pummel","floor":30},{"not_picked":["Iron Wave","Flame Barrier"],"picked":"Dual Wield","floor":31}],"player_experience":1901094,"relics_obtained":[{"floor":7,"key":"aspiration:SeaSaltIceCream"},{"floor":13,"key":"Orichalcum"},{"floor":24,"key":"CeramicFish"},{"floor":26,"key":"Akabeko"},{"floor":31,"key":"Matryoshka"}],"event_choices":[{"damage_healed":0,"gold_gain":0,"player_choice":"Entered Light","damage_taken":25,"max_hp_gain":0,"max_hp_loss":0,"event_name":"Shining Light","floor":3,"gold_loss":0,"cards_upgraded":["Strike_R","Strike_R"]},{"damage_healed":0,"gold_gain":0,"cards_transformed":["Strike_R"],"player_choice":"Transformed","damage_taken":0,"max_hp_gain":0,"max_hp_loss":0,"event_name":"Transmorgrifier","floor":4,"gold_loss":0,"cards_obtained":["Reaper"]},{"damage_healed":0,"gold_gain":0,"player_choice":"Trade","damage_taken":0,"relics_obtained":["NlothsMask"],"max_hp_gain":0,"max_hp_loss":0,"event_name":"FaceTrader","floor":8,"gold_loss":0},{"damage_healed":0,"gold_gain":50,"player_choice":"Stole From Cult","damage_taken":0,"max_hp_gain":0,"max_hp_loss":0,"event_name":"Nest","floor":20,"gold_loss":0},{"cards_removed":["Strike_R"],"damage_healed":0,"gold_gain":0,"player_choice":"Offered Basic","damage_taken":0,"max_hp_gain":0,"max_hp_loss":0,"event_name":"Bonfire Elementals","floor":27,"gold_loss":0}],"is_beta":false,"boss_relics":[{"not_picked":["Busted Crown","Empty Cage"],"picked":"aspiration:RitualDagger"}],"items_purged_floors":[11],"is_endless":false,"potions_floor_spawned":[2,10,14,24,29,30,31],"killed_by":"Collector","ascension_level":20}}