{"host":"Bilverbakes","time":1611881201,"event":{"mods":["2.2 Compatiblity","AchievementEnabler","BaseMod","Bestiary","Colored Map","Minty Spire (QoL Compilation)","Relic Stats","StSLib","ojb\u0027s Info Mod"],"gold_per_floor":[113,124,135,155,155,155,168,199,223,249,266,297,297,310,310,385,385,400,400,400,413,53,53,87,87,112,124,152,186,186,218,218,293,293,309,334,334,351,363,389,404,421,421,434,434,469,482,494,494,494,494,494,494,99,126,126],"floor_reached":57,"language":"ENG","playtime":4544,"items_purged":["Strike_P"],"score":3192,"play_id":"7811a22b-fa5d-4bbe-acb2-ea7c6f989cf8","local_time":"20210128184641","is_ascension_mode":true,"campfire_choices":[{"data":"Eruption","floor":6.0,"key":"SMITH"},{"data":"CrushJoints","floor":13.0,"key":"SMITH"},{"data":"Tantrum","floor":15.0,"key":"SMITH"},{"data":"LessonLearned","floor":23.0,"key":"SMITH"},{"floor":25.0,"key":"REST"},{"data":"BowlingBash","floor":30.0,"key":"SMITH"},{"floor":32.0,"key":"REST"},{"floor":45,"key":"RECALL"},{"data":"Devotion","floor":49,"key":"SMITH"},{"floor":53,"key":"REST"}],"circlet_count":0,"master_deck":["AscendersBane","Strike_P+1","Strike_P+1","Defend_P+1","Defend_P+1","Eruption+1","Vigilance+1","TalkToTheHand+1","Nirvana+1","SpiritShield+1","FollowUp+1","CrushJoints+1","Brilliance+1","Tantrum+1","BowlingBash+1","MentalFortress+1","LessonLearned+1","Conclude+1","CutThroughFate+1","Swivel+1","CutThroughFate+1","SpiritShield+1","Indignation+1","Devotion+1","EmptyFist+1","Meditate+1","WheelKick+1","Protect+1","Wallop+1","Worship+1","Worship+1"],"relics":["Astrolabe","Pantograph","Potion Belt","Akabeko","Damaru","Snecko Eye","White Beast Statue","Shuriken","Orichalcum","Matryoshka","Red Mask","Calipers","SacredBark","CaptainsWheel","Blood Vial","Centennial Puzzle","CloakClasp","Bronze Scales","Pen Nib"],"acts_visited":["Exordium","TheCity","TheBeyond","TheEnding"],"potions_floor_usage":[44,46,48,50,51,54,55,56,56,56,56],"damage_taken":[{"damage":0.0,"enemies":"Cultist","floor":1.0,"turns":4.0},{"damage":0.0,"enemies":"Small Slimes","floor":2.0,"turns":6.0},{"damage":9.0,"enemies":"Jaw Worm","floor":3.0,"turns":6.0},{"damage":12.0,"enemies":"Large Slime","floor":4.0,"turns":7.0},{"damage":1.0,"enemies":"2 Fungi Beasts","floor":7.0,"turns":4.0},{"damage":12.0,"enemies":"Gremlin Nob","floor":8.0,"turns":4.0},{"damage":0.0,"enemies":"Lagavulin","floor":10.0,"turns":5.0},{"damage":3.0,"enemies":"Looter","floor":11.0,"turns":2.0},{"damage":2.0,"enemies":"3 Sentries","floor":12.0,"turns":6.0},{"damage":9.0,"enemies":"Exordium Thugs","floor":14.0,"turns":3.0},{"damage":34.0,"enemies":"The Guardian","floor":16.0,"turns":7.0},{"damage":4.0,"enemies":"Chosen","floor":18.0,"turns":3.0},{"damage":9.0,"enemies":"Shell Parasite","floor":21.0,"turns":5.0},{"damage":4.0,"enemies":"Book of Stabbing","floor":24.0,"turns":3.0},{"damage":0.0,"enemies":"Snecko","floor":27.0,"turns":2.0},{"damage":15.0,"enemies":"Gremlin Leader","floor":28.0,"turns":4.0},{"damage":2.0,"enemies":"Masked Bandits","floor":29.0,"turns":3.0},{"damage":23.0,"enemies":"Book of Stabbing","floor":31.0,"turns":5.0},{"damage":0.0,"enemies":"Automaton","floor":33.0,"turns":5.0},{"damage":0.0,"enemies":"Orb Walker","floor":35.0,"turns":3.0},{"damage":0.0,"enemies":"Mind Bloom Boss Battle","floor":36.0,"turns":8.0},{"damage":0.0,"enemies":"3 Shapes","floor":38.0,"turns":4.0},{"damage":7.0,"enemies":"Jaw Worm Horde","floor":39.0,"turns":4.0},{"damage":20.0,"enemies":"Giant Head","floor":40.0,"turns":6.0},{"damage":0.0,"enemies":"Transient","floor":41.0,"turns":6.0},{"damage":0,"enemies":"Sphere and 2 Shapes","floor":42,"turns":7},{"damage":6,"enemies":"Spire Growth","floor":44,"turns":3},{"damage":7,"enemies":"Nemesis","floor":46,"turns":6},{"damage":0,"enemies":"Writhing Mass","floor":47,"turns":6},{"damage":0,"enemies":"Jaw Worm Horde","floor":48,"turns":3},{"damage":0,"enemies":"Awakened One","floor":50,"turns":8},{"damage":0,"enemies":"Time Eater","floor":51,"turns":7},{"damage":9,"enemies":"Shield and Spear","floor":55,"turns":6},{"damage":16,"enemies":"The Heart","floor":56,"turns":8}],"seed_played":"-323695183447474538","potions_obtained":[{"floor":3.0,"key":"PowerPotion"},{"floor":7.0,"key":"Block Potion"},{"floor":11.0,"key":"Regen Potion"},{"floor":14.0,"key":"BlessingOfTheForge"},{"floor":16.0,"key":"AttackPotion"},{"floor":18.0,"key":"DistilledChaos"},{"floor":24.0,"key":"PowerPotion"},{"floor":27.0,"key":"BottledMiracle"},{"floor":28.0,"key":"PowerPotion"},{"floor":29.0,"key":"Explosive Potion"},{"floor":31.0,"key":"AttackPotion"},{"floor":33.0,"key":"Block Potion"},{"floor":35.0,"key":"Block Potion"},{"floor":36.0,"key":"ColorlessPotion"},{"floor":38.0,"key":"EntropicBrew"},{"floor":39.0,"key":"SteroidPotion"},{"floor":40.0,"key":"Strength Potion"},{"floor":41.0,"key":"Swift Potion"},{"floor":42,"key":"DistilledChaos"},{"floor":44,"key":"BlessingOfTheForge"},{"floor":46,"key":"Fire Potion"},{"floor":47,"key":"EssenceOfSteel"},{"floor":48,"key":"Weak Potion"},{"floor":55,"key":"SteroidPotion"}],"is_trial":false,"path_per_floor":["M","M","M","M","?","R","M","E","T","E","M","E","R","M","R","B",null,"M","?","?","M","$","R","E","R","T","M","E","?","R","E","R","B",null,"M","?","?","M","M","E","M","M","T","M","R","E","M","M","R","B","B",null,"R","$","E","B",null],"character_chosen":"WATCHER","items_purchased":["White Beast Statue","Bronze Scales","Pen Nib","Fire Potion"],"campfire_rested":3,"item_purchase_floors":[22,54,54,54],"current_hp_per_floor":[61,61,52,40,40,40,39,27,27,27,24,37,37,28,28,19,56,52,52,52,43,43,43,39,59,59,59,44,42,42,19,39,64,67,67,68,68,68,61,41,43,45,45,41,41,36,38,40,40,67,68,68,68,68,59,52],"gold":126,"neow_bonus":"BOSS_RELIC","is_daily":false,"chose_seed":false,"campfire_upgraded":6,"win_rate":0.0,"timestamp":1611881201,"path_taken":["M","?","M","M","?","R","M","E","T","E","M","E","R","M","R","BOSS","M","?","?","M","$","R","E","R","T","M","E","?","R","E","R","BOSS","M","?","?","M","M","E","M","M","T","M","R","E","M","?","R","BOSS","BOSS","R","$","E","BOSS"],"items_purchased_type":["Relic","Relic","Relic","Potion"],"build_version":"2020-12-18","purchased_purges":1,"victory":true,"max_hp_per_floor":[68,68,68,68,68,68,68,68,68,68,68,68,68,68,68,68,68,68,68,68,68,68,68,68,68,68,68,68,68,68,68,68,68,68,68,68,68,68,68,68,68,68,68,68,68,68,68,68,68,68,68,68,68,68,68,68],"relic_stats":{"Blood Vial":17,"Centennial Puzzle":[12],"counters":[34,169],"Shuriken":[39],"Astrolabe":["TalkToTheHand","Nirvana","SpiritShield"],"Pantograph":83,"Bronze Scales":[123],"Snecko Eye":[216,201,203,210],"Pen Nib":[2],"CloakClasp":[148],"Orichalcum":[30],"obtain_stats":[{"Potion Belt":9,"Calipers":31,"Astrolabe":0,"SacredBark":34,"Damaru":12,"Pen Nib":54,"CloakClasp":46,"Orichalcum":26,"Akabeko":10,"White Beast Statue":22,"Blood Vial":40,"CaptainsWheel":36,"Centennial Puzzle":43,"Matryoshka":28,"Shuriken":24,"Pantograph":8,"Bronze Scales":54,"Snecko Eye":17,"Red Mask":29,"PureWater":0},{"Potion Belt":6,"Calipers":18,"Astrolabe":0,"SacredBark":19,"Damaru":9,"Pen Nib":32,"CloakClasp":28,"Orichalcum":14,"Akabeko":7,"White Beast Statue":13,"Blood Vial":24,"CaptainsWheel":21,"Centennial Puzzle":26,"Matryoshka":16,"Shuriken":14,"Pantograph":6,"Bronze Scales":32,"Snecko Eye":11,"Red Mask":17,"PureWater":0},{"Potion Belt":31,"Calipers":79,"Astrolabe":0,"SacredBark":84,"Damaru":44,"Pen Nib":155,"CloakClasp":131,"Orichalcum":65,"Akabeko":36,"White Beast Statue":62,"Blood Vial":109,"CaptainsWheel":95,"Centennial Puzzle":122,"Matryoshka":71,"Shuriken":65,"Pantograph":31,"Bronze Scales":155,"Snecko Eye":54,"Red Mask":74,"PureWater":0}]},"card_choices":[{"not_picked":["Protect","WindmillStrike","SashWhip"],"picked":"SKIP","floor":1.0},{"not_picked":["ThirdEye","EmptyFist"],"picked":"FollowUp","floor":2.0},{"not_picked":["ThirdEye","SashWhip"],"picked":"CrushJoints","floor":3.0},{"not_picked":["CrushJoints","Protect","ReachHeaven"],"picked":"SKIP","floor":4.0},{"not_picked":["WindmillStrike","Crescendo"],"picked":"Brilliance","floor":7.0},{"not_picked":["Evaluate","ForeignInfluence"],"picked":"Tantrum","floor":8.0},{"not_picked":["WaveOfTheHand","Vengeance","Protect"],"picked":"SKIP","floor":10.0},{"not_picked":["Crescendo","EmptyFist"],"picked":"BowlingBash","floor":11.0},{"not_picked":["Crescendo","Fasting2","SashWhip"],"picked":"SKIP","floor":12.0},{"not_picked":["Evaluate","Crescendo"],"picked":"MentalFortress","floor":14.0},{"not_picked":["Alpha","Brilliance"],"picked":"LessonLearned","floor":16.0},{"not_picked":["PathToVictory+1","CarveReality","Prostrate"],"picked":"SKIP","floor":18.0},{"not_picked":["CarveReality","ThirdEye"],"picked":"Conclude","floor":21.0},{"not_picked":["SashWhip","Protect"],"picked":"CutThroughFate+1","floor":24.0},{"not_picked":["EmptyBody","Consecrate"],"picked":"Swivel","floor":27.0},{"not_picked":["FlyingSleeves","EmptyFist"],"picked":"CutThroughFate+1","floor":28.0},{"not_picked":["Halt","PathToVictory+1"],"picked":"SpiritShield","floor":29.0},{"not_picked":["Protect+1","ClearTheMind"],"picked":"Indignation+1","floor":31.0},{"not_picked":["Alpha","SpiritShield"],"picked":"Devotion","floor":33.0},{"not_picked":["Consecrate","Vengeance","WaveOfTheHand"],"picked":"SKIP","floor":35.0},{"not_picked":["SashWhip","JustLucky"],"picked":"EmptyFist","floor":36.0},{"not_picked":["ThirdEye+1","PathToVictory"],"picked":"Meditate","floor":38.0},{"not_picked":["Meditate","Wireheading","ClearTheMind"],"picked":"SKIP","floor":39.0},{"not_picked":["Swivel","Devotion"],"picked":"WheelKick","floor":40.0},{"not_picked":["SashWhip","Meditate"],"picked":"Protect+1","floor":41.0},{"not_picked":["WreathOfFlame","ClearTheMind+1"],"picked":"Wallop","floor":42},{"not_picked":["Swivel","JustLucky+1"],"picked":"Worship+1","floor":44},{"not_picked":["Protect","Halt","PathToVictory+1"],"picked":"SKIP","floor":46},{"not_picked":["ConjureBlade","LikeWater+1","CrushJoints"],"picked":"SKIP","floor":47},{"not_picked":["FollowUp+1","ClearTheMind+1"],"picked":"Worship+1","floor":48},{"not_picked":["CrushJoints","FlurryOfBlows","Protect+1"],"picked":"SKIP","floor":55}],"player_experience":834230,"relics_obtained":[{"floor":8.0,"key":"Pantograph"},{"floor":9.0,"key":"Potion Belt"},{"floor":10.0,"key":"Akabeko"},{"floor":12.0,"key":"Damaru"},{"floor":24.0,"key":"Shuriken"},{"floor":26.0,"key":"Orichalcum"},{"floor":28.0,"key":"Matryoshka"},{"floor":29.0,"key":"Red Mask"},{"floor":31.0,"key":"Calipers"},{"floor":36.0,"key":"CaptainsWheel"},{"floor":40.0,"key":"Blood Vial"},{"floor":43,"key":"Centennial Puzzle"},{"floor":46,"key":"CloakClasp"}],"event_choices":[{"damage_healed":0.0,"max_hp_gain":0.0,"max_hp_loss":0.0,"gold_gain":0.0,"event_name":"Scrap Ooze","player_choice":"Fled","floor":5.0,"gold_loss":0.0,"damage_taken":0.0},{"damage_healed":0.0,"max_hp_gain":0.0,"max_hp_loss":0.0,"gold_gain":0.0,"event_name":"Vampires","player_choice":"Ignored","floor":19.0,"gold_loss":0.0,"damage_taken":0.0},{"damage_healed":0.0,"max_hp_gain":0.0,"max_hp_loss":0.0,"gold_gain":0.0,"event_name":"Ghosts","player_choice":"Ignored","floor":20.0,"gold_loss":0.0,"damage_taken":0.0},{"damage_healed":0.0,"max_hp_gain":0.0,"max_hp_loss":0.0,"gold_gain":0.0,"event_name":"Masked Bandits","player_choice":"Fought Bandits","floor":29.0,"gold_loss":0.0,"damage_taken":0.0},{"damage_healed":0.0,"max_hp_gain":0.0,"max_hp_loss":0.0,"gold_gain":0.0,"event_name":"MindBloom","player_choice":"Fight","floor":36.0,"gold_loss":0.0,"damage_taken":0.0},{"damage_healed":0.0,"max_hp_gain":0.0,"max_hp_loss":0.0,"gold_gain":0.0,"event_name":"Match and Keep!","player_choice":"0 cards matched","floor":37.0,"gold_loss":0.0,"damage_taken":0.0,"cards_obtained":[]}],"is_beta":true,"boss_relics":[{"not_picked":["Empty Cage","Cursed Key"],"picked":"Snecko Eye"},{"not_picked":["Black Star","Calling Bell"],"picked":"SacredBark"}],"items_purged_floors":[22],"is_endless":false,"potions_floor_spawned":[3,7,11,14,16,18,24,27,28,29,31,33,35,36,38,39,40,41,42,44,46,47,48,55],"ascension_level":20}}