{"host":"p1xsuo25udtrkbq2","time":1611955351,"event":{"mods":["BaseMod","Colored Map","Highlight Path","Minty Spire (QoL Compilation)","Quick Restart","Rare Cards Sparkle","Relic Stats","Slay the Relics Exporter","StSLib","everything is the same but u backflip on backflip"],"gold_per_floor":[119,44,44,44,56,85,98,130,130,130,142,157,13,27,27,122,122,132,142,142,70,98,124,124,124,124,152,71,85,85,99,99,200,200,210,222,274,102,102,133,133,165,177,189,6,6,34,45,45,45,45,45,0,27,27,27],"floor_reached":55,"language":"ENG","playtime":7798,"items_purged":["Strike_B","Strike_B"],"score":1100,"play_id":"5839cf65-e5d5-4c02-9f0c-6f1f1f2ed6ee","local_time":"20210129162231","is_ascension_mode":true,"campfire_choices":[{"data":"Chaos","floor":10.0,"key":"SMITH"},{"data":"Recycle","floor":15.0,"key":"SMITH"},{"data":"Biased Cognition","floor":24.0,"key":"SMITH"},{"data":"Static Discharge","floor":32.0,"key":"SMITH"},{"data":"Defragment","floor":41.0,"key":"SMITH"},{"floor":46.0,"key":"RECALL"},{"data":"Capacitor","floor":49.0,"key":"SMITH"},{"data":"Capacitor","floor":52.0,"key":"SMITH"}],"circlet_count":0,"master_deck":["Defend_B","Defend_B","Zap","Dualcast","Streamline","Chaos+1","Static Discharge+1","Compile Driver","Conserve Battery","Cold Snap","Chill","Skim","Coolheaded","Recycle+1","Undo","Biased Cognition+1","Glacier","Lockon+1","Steam Power","Coolheaded","Self Repair+1","Capacitor+1","Capacitor+1","Echo Form","White Noise+1","Genetic Algorithm+1","Ball Lightning","Defragment+1","Rebound+1","Leap+1","Doom and Gloom+1","Master of Strategy","Steam","Beam Cell+1"],"relics":["Cracked Core","NeowsBlessing","HornCleat","Unceasing Top","Dead Branch","Orrery","Coffee Dripper","Red Mask","Bronze Scales","Bottled Tornado","PreservedInsect","Astrolabe","CaptainsWheel","Oddly Smooth Stone","MawBank","Meat on the Bone","Lantern"],"acts_visited":["Exordium","TheCity","TheBeyond","TheEnding"],"potions_floor_usage":[55],"damage_taken":[{"damage":0.0,"enemies":"Cultist","floor":1.0,"turns":1.0},{"damage":0.0,"enemies":"2 Louse","floor":5.0,"turns":1.0},{"damage":0.0,"enemies":"Lagavulin","floor":6.0,"turns":1.0},{"damage":0.0,"enemies":"Small Slimes","floor":7.0,"turns":3.0},{"damage":11.0,"enemies":"3 Sentries","floor":8.0,"turns":6.0},{"damage":5.0,"enemies":"Gremlin Gang","floor":11.0,"turns":2.0},{"damage":2.0,"enemies":"Exordium Wildlife","floor":12.0,"turns":3.0},{"damage":0.0,"enemies":"Looter","floor":14.0,"turns":4.0},{"damage":0.0,"enemies":"Hexaghost","floor":16.0,"turns":9.0},{"damage":0.0,"enemies":"3 Byrds","floor":18.0,"turns":6.0},{"damage":0.0,"enemies":"Chosen","floor":19.0,"turns":5.0},{"damage":3.0,"enemies":"Masked Bandits","floor":22.0,"turns":4.0},{"damage":4.0,"enemies":"Gremlin Leader","floor":23.0,"turns":7.0},{"damage":9.0,"enemies":"Slavers","floor":27.0,"turns":7.0},{"damage":0.0,"enemies":"Snake Plant","floor":29.0,"turns":3.0},{"damage":15.0,"enemies":"Gremlin Leader","floor":30.0,"turns":9.0},{"damage":4.0,"enemies":"Cultist and Chosen","floor":31.0,"turns":6.0},{"damage":35.0,"enemies":"Collector","floor":33.0,"turns":11.0},{"damage":13.0,"enemies":"3 Shapes","floor":35.0,"turns":7.0},{"damage":3.0,"enemies":"Orb Walker","floor":36.0,"turns":2.0},{"damage":22.0,"enemies":"2 Orb Walkers","floor":37.0,"turns":5.0},{"damage":15.0,"enemies":"Nemesis","floor":40.0,"turns":3.0},{"damage":5.0,"enemies":"Giant Head","floor":42.0,"turns":8.0},{"damage":8.0,"enemies":"Reptomancer","floor":47.0,"turns":5.0},{"damage":0.0,"enemies":"Spire Growth","floor":48.0,"turns":6.0},{"damage":24.0,"enemies":"Donu and Deca","floor":50.0,"turns":7.0},{"damage":2,"enemies":"Shield and Spear","floor":54,"turns":6},{"damage":72,"enemies":"The Heart","floor":55,"turns":8}],"seed_played":"5005340316722507991","potions_obtained":[{"floor":6.0,"key":"AttackPotion"},{"floor":12.0,"key":"FocusPotion"},{"floor":14.0,"key":"PowerPotion"},{"floor":16.0,"key":"DistilledChaos"},{"floor":19.0,"key":"Block Potion"},{"floor":22.0,"key":"SmokeBomb"},{"floor":29.0,"key":"PowerPotion"},{"floor":35.0,"key":"SpeedPotion"},{"floor":42.0,"key":"FocusPotion"},{"floor":48.0,"key":"Explosive Potion"}],"is_trial":false,"path_per_floor":["M","$","?","?","M","E","M","E","T","R","M","M","$","M","R","B",null,"M","M","?","$","?","E","R","?","T","E","$","M","E","M","R","B",null,"M","M","?","$","?","E","R","E","T","?","$","R","E","M","R","B",null,"R","$","E","B"],"character_chosen":"DEFECT","items_purchased":["Orrery","Steam Power","Capacitor","Regen Potion","Master of Strategy","Steam"],"campfire_rested":0,"item_purchase_floors":[13,21,28,38,45,53],"current_hp_per_floor":[68,68,68,68,68,68,68,57,57,57,52,50,50,50,50,50,69,69,69,69,69,66,62,62,62,62,53,53,63,58,64,64,39,66,63,60,38,38,38,32,32,37,37,37,37,37,39,59,59,57,68,68,68,71,0,0],"gold":27,"neow_bonus":"THREE_ENEMY_KILL","is_daily":false,"chose_seed":false,"campfire_upgraded":7,"win_rate":0.0,"timestamp":1611955351,"path_taken":["M","?","?","?","M","E","M","E","T","R","?","M","$","M","R","BOSS","M","M","?","$","?","E","R","?","T","E","?","?","E","M","R","BOSS","M","M","?","$","?","E","R","E","T","?","$","R","E","M","R","BOSS","R","$","E","BOSS"],"items_purchased_type":["Relic","Card","Card","Potion","Card","Card"],"build_version":"2020-12-22","purchased_purges":2,"victory":false,"max_hp_per_floor":[75,75,75,75,75,75,75,75,75,75,75,75,75,75,75,75,75,75,75,75,75,75,75,75,75,75,75,75,75,75,75,75,75,75,75,75,75,75,71,71,71,71,71,71,71,71,71,71,71,71,71,71,71,71,71,71],"relic_stats":{"counters":[28,145],"Dead Branch":[100],"Bronze Scales":[413],"Astrolabe":["Rip and Tear","White Noise","Genetic Algorithm"],"PreservedInsect":342,"MawBank":36,"obtain_stats":[{"Lantern":54,"NeowsBlessing":0,"Dead Branch":9,"Astrolabe":34,"Oddly Smooth Stone":40,"PreservedInsect":27,"Bottled Tornado":26,"MawBank":42,"CaptainsWheel":37,"HornCleat":6,"Bronze Scales":23,"Orrery":13,"Coffee Dripper":17,"Red Mask":22,"Cracked Core":0,"Unceasing Top":8,"Meat on the Bone":47},{"Lantern":27,"NeowsBlessing":0,"Dead Branch":5,"Astrolabe":18,"Oddly Smooth Stone":22,"PreservedInsect":14,"Bottled Tornado":13,"MawBank":23,"CaptainsWheel":21,"HornCleat":3,"Bronze Scales":13,"Orrery":7,"Coffee Dripper":9,"Red Mask":12,"Cracked Core":0,"Unceasing Top":5,"Meat on the Bone":24},{"Lantern":137,"NeowsBlessing":0,"Dead Branch":12,"Astrolabe":88,"Oddly Smooth Stone":105,"PreservedInsect":59,"Bottled Tornado":52,"MawBank":113,"CaptainsWheel":102,"HornCleat":3,"Bronze Scales":52,"Orrery":17,"Coffee Dripper":30,"Red Mask":45,"Cracked Core":0,"Unceasing Top":12,"Meat on the Bone":118}],"Unceasing Top":[5],"Meat on the Bone":12},"card_choices":[{"not_picked":["Leap","Barrage"],"picked":"Streamline","floor":1.0},{"not_picked":["Loop","Aggregate"],"picked":"Chaos","floor":5.0},{"not_picked":["Self Repair","Rebound"],"picked":"Static Discharge","floor":6.0},{"not_picked":["Sweeping Beam","Stack"],"picked":"Compile Driver","floor":7.0},{"not_picked":["Machine Learning","Beam Cell"],"picked":"Conserve Battery","floor":8.0},{"not_picked":["Ball Lightning","Seek"],"picked":"Cold Snap","floor":11.0},{"not_picked":["Barrage","Gash"],"picked":"Chill","floor":12.0},{"not_picked":["Storm","Rebound"],"picked":"Skim","floor":13.0},{"not_picked":["Compile Driver","Reprogram"],"picked":"Coolheaded","floor":13.0},{"not_picked":["Darkness","Coolheaded"],"picked":"Recycle","floor":13.0},{"not_picked":["Cold Snap","Redo"],"picked":"Undo","floor":13.0},{"not_picked":["Compile Driver","Barrage","Reprogram"],"picked":"SKIP","floor":14.0},{"not_picked":["Machine Learning","Reboot"],"picked":"Biased Cognition","floor":16.0},{"not_picked":["Hologram","Sweeping Beam"],"picked":"Glacier","floor":18.0},{"not_picked":["Sweeping Beam","Steam"],"picked":"Lockon+1","floor":19.0},{"not_picked":["Aggregate","Leap"],"picked":"Coolheaded","floor":22.0},{"not_picked":["Auto Shields","Redo","Coolheaded"],"picked":"SKIP","floor":23.0},{"not_picked":["Hologram","Coolheaded+1"],"picked":"Self Repair+1","floor":27.0},{"not_picked":["Rebound","Rip and Tear","Hyperbeam"],"picked":"SKIP","floor":29.0},{"not_picked":["Gash","Scrape"],"picked":"Capacitor","floor":31.0},{"not_picked":["Biased Cognition","Creative AI"],"picked":"Echo Form","floor":33.0},{"not_picked":["Sunder+1","Undo"],"picked":"Ball Lightning","floor":35.0},{"not_picked":["Reinforced Body","Double Energy"],"picked":"Defragment","floor":36.0},{"not_picked":["Self Repair","Coolheaded"],"picked":"Rebound+1","floor":37.0},{"not_picked":["Beam Cell","Redo"],"picked":"Leap+1","floor":40.0},{"not_picked":["White Noise+1","Scrape"],"picked":"Doom and Gloom+1","floor":42.0},{"not_picked":["Rebound+1","Multi-Cast","Redo+1"],"picked":"SKIP","floor":47.0},{"not_picked":["Conserve Battery+1","Compile Driver","Gash"],"picked":"SKIP","floor":48.0},{"not_picked":["Gash+1","Sunder+1"],"picked":"Beam Cell+1","floor":54}],"player_experience":958374,"relics_obtained":[{"floor":6.0,"key":"HornCleat"},{"floor":8.0,"key":"Unceasing Top"},{"floor":9.0,"key":"Dead Branch"},{"floor":22.0,"key":"Red Mask"},{"floor":23.0,"key":"Bronze Scales"},{"floor":26.0,"key":"Bottled Tornado"},{"floor":27.0,"key":"PreservedInsect"},{"floor":37.0,"key":"CaptainsWheel"},{"floor":40.0,"key":"Oddly Smooth Stone"},{"floor":42.0,"key":"MawBank"},{"floor":47.0,"key":"Meat on the Bone"},{"floor":54,"key":"Lantern"}],"event_choices":[{"damage_healed":0.0,"max_hp_gain":0.0,"max_hp_loss":0.0,"gold_gain":0.0,"event_name":"Liars Game","player_choice":"Ignored","floor":3.0,"gold_loss":0.0,"damage_taken":0.0},{"cards_removed":["Strike_B"],"damage_healed":0.0,"max_hp_gain":0.0,"max_hp_loss":0.0,"gold_gain":0.0,"event_name":"Bonfire Elementals","player_choice":"Offered Basic","floor":4.0,"gold_loss":0.0,"damage_taken":0.0},{"damage_healed":0.0,"max_hp_gain":0.0,"max_hp_loss":0.0,"gold_gain":0.0,"event_name":"Ghosts","player_choice":"Ignored","floor":20.0,"gold_loss":0.0,"damage_taken":0.0},{"damage_healed":0.0,"max_hp_gain":0.0,"max_hp_loss":0.0,"gold_gain":0.0,"event_name":"Masked Bandits","player_choice":"Fought Bandits","floor":22.0,"gold_loss":0.0,"damage_taken":0.0},{"damage_healed":0.0,"max_hp_gain":0.0,"max_hp_loss":0.0,"gold_gain":0.0,"event_name":"Vampires","player_choice":"Ignored","floor":25.0,"gold_loss":0.0,"damage_taken":0.0},{"damage_healed":0.0,"max_hp_gain":0.0,"max_hp_loss":0.0,"gold_gain":0.0,"event_name":"Mysterious Sphere","player_choice":"Fight","floor":37.0,"gold_loss":0.0,"damage_taken":0.0},{"damage_healed":0.0,"max_hp_gain":0.0,"max_hp_loss":4.0,"gold_gain":0.0,"event_name":"Winding Halls","player_choice":"Max HP","floor":39.0,"gold_loss":0.0,"damage_taken":0.0},{"cards_removed":["Rip and Tear"],"damage_healed":0.0,"max_hp_gain":0.0,"max_hp_loss":0.0,"gold_gain":0.0,"event_name":"Falling","player_choice":"Removed Attack","floor":44.0,"gold_loss":0.0,"damage_taken":0.0}],"is_beta":false,"boss_relics":[{"not_picked":["Empty Cage","Ectoplasm"],"picked":"Coffee Dripper"},{"not_picked":["Tiny House","Sozu"],"picked":"Astrolabe"}],"items_purged_floors":[2,38],"is_endless":false,"potions_floor_spawned":[6,12,14,16,19,22,29,30,35,42,48],"killed_by":"The Heart","ascension_level":6}}