{"host":"zksvs3x2ysy9npnz","time":1611885552,"event":{"mods":["Aspiration","BaseMod","Beaked The Cultist","BetterRewards","Clockwork Mod","Colored Map","Conspire","Downfall","Duelist Mod","Halation","Highlight Path","Hubris","Infinite Spire","Jedi Mod","Magitek Elite","Minty Spire (QoL Compilation)","Permanent Neow","Quick Restart","Relic Stats","Shop Mod","StSLib","The Runesmith","The Witch"],"gold_per_floor":[112,37,2,2,16,16,51,70,118,118,9,9,20,32,32,127,127,144,144,156,156,174,174,209,224,251,5,5,24,24,37,37,135,135,149,169,200,212,232,232,252,252,334,365,365,381,398,398,398,398,398,398,178,203,203],"floor_reached":56,"language":"FRA","playtime":5416,"items_purged":["Runesmith:Strike_RS","Runesmith:Strike_RS","Runesmith:Strike_RS","Runesmith:Strike_RS+1"],"score":1932,"play_id":"b3c88806-c386-430f-b674-d0690cccc192","local_time":"20210129025912","is_ascension_mode":true,"campfire_choices":[{"data":"Runesmith:CraftFirestone","floor":6.0,"key":"SMITH"},{"data":"Runesmith:Refine","floor":10.0,"key":"SMITH"},{"data":"Runesmith:Grindstone","floor":15,"key":"SMITH"},{"floor":23,"key":"REST"},{"data":"infinitespire:NeuralNetwork","floor":28,"key":"SMITH"},{"floor":30,"key":"RECALL"},{"floor":32,"key":"REST"},{"data":"infinitespire:Collect","floor":40,"key":"SMITH"},{"data":"Deep Breath","floor":42,"key":"SMITH"},{"data":"Runesmith:CreatorForm","floor":45,"key":"SMITH"},{"floor":49,"key":"REST"},{"data":"Madness","floor":52,"key":"SMITH"}],"circlet_count":0,"master_deck":["AscendersBane","Runesmith:Defend_RS","Runesmith:Defend_RS","Runesmith:Defend_RS","Runesmith:Defend_RS","Runesmith:CraftFirestone+1","Runesmith:Fortify+1","Runesmith:Refine+1","Deep Breath+1","Runesmith:EarthShield","Runesmith:LithiumIon","Runesmith:Grindstone+1","Runesmith:CraftIndustria","Runesmith:CraftProtectio+1","Runesmith:Accelerate","infinitespire:NeuralNetwork+1","infinitespire:SevenWalls+1","Runesmith:CreatorForm+1","infinitespire:Collect+1","Runesmith:PoweredAnvil+1","Runesmith:CraftMagma","Madness+1","Madness","jedi:forcepull","Runesmith:Accelerate"],"relics":["Runesmith:BrokenRuby","hubris:TenFootPole","Sozu","jedi:zontanonomicon","Sling","conspire:SpecialSausage","Pear","Whetstone","infinitespire:Satchel","beaked:SacredDeck","halation:KoshaPiece","Sundial","aspiration:ChemicalBlood","Toy Ornithopter"],"acts_visited":["Exordium","TheCity","TheBeyond","TheEnding"],"potions_floor_usage":[14,16,24,24],"damage_taken":[{"damage":2.0,"enemies":"Jaw Worm","floor":1.0,"turns":3.0},{"damage":0.0,"enemies":"Cultist","floor":5.0,"turns":4.0},{"damage":20.0,"enemies":"Lagavulin","floor":7.0,"turns":8.0},{"damage":0.0,"enemies":"2 Louse","floor":8.0,"turns":5.0},{"damage":12.0,"enemies":"Large Slime","floor":13.0,"turns":6.0},{"damage":21,"enemies":"Gremlin Gang","floor":14,"turns":7},{"damage":0,"enemies":"Hexaghost","floor":16,"turns":10},{"damage":13,"enemies":"Chosen","floor":18,"turns":6},{"damage":0,"enemies":"Spheric Guardian","floor":20,"turns":7},{"damage":6,"enemies":"Snake Plant","floor":22,"turns":6},{"damage":0,"enemies":"Slavers","floor":24,"turns":6},{"damage":0,"enemies":"Snecko","floor":25,"turns":7},{"damage":0,"enemies":"Cultist and Chosen","floor":29,"turns":8},{"damage":0,"enemies":"Snake Plant","floor":31,"turns":4},{"damage":0,"enemies":"Automaton","floor":33,"turns":11},{"damage":0,"enemies":"3 Darklings","floor":35,"turns":7},{"damage":0,"enemies":"3 Shapes","floor":36,"turns":5},{"damage":0,"enemies":"conspire:MimicChest","floor":37,"turns":7},{"damage":3,"enemies":"Jaw Worm Horde","floor":38,"turns":7},{"damage":2,"enemies":"Writhing Mass","floor":39,"turns":5},{"damage":0,"enemies":"3 Darklings","floor":41,"turns":6},{"damage":0,"enemies":"Nightmare","floor":44,"turns":9},{"damage":26,"enemies":"Jaw Worm Horde","floor":46,"turns":6},{"damage":0,"enemies":"Maw","floor":47,"turns":7},{"damage":4,"enemies":"hubris:GrandSnecko","floor":50,"turns":12},{"damage":6,"enemies":"Shield and Spear","floor":54,"turns":7},{"damage":48,"enemies":"The Heart","floor":55,"turns":10}],"seed_played":"-2266319271789433059","potions_obtained":[{"floor":1.0,"key":"SkillPotion"},{"floor":13.0,"key":"LiquidMemories"},{"floor":14,"key":"Explosive Potion"},{"floor":16,"key":"jedi:StrikingPotion"}],"is_trial":false,"path_per_floor":["M","$","?","$","M","R","E","M","T","R","$","$","M","M","R","B",null,"M","?","M","AVR","M","R","E","M","T","$","R","M","R","M","R","B",null,"M","M","?","M","M","R","M","R","T","NM","R","M","M","?","R","B",null,"R","$","E","B",null],"character_chosen":"RUNESMITH_CLASS","items_purchased":["Deep Breath","Runesmith:EarthShield","infinitespire:Satchel","jedi:forcepull"],"campfire_rested":3,"item_purchase_floors":[11,11,27,53],"current_hp_per_floor":[61,61,70,70,70,70,50,50,50,50,50,50,38,17,17,17,57,44,37,37,37,31,52,62,62,62,62,62,62,62,62,80,80,80,80,80,80,77,75,75,75,75,75,75,75,49,49,44,68,64,76,76,76,70,22],"gold":203,"neow_bonus":"UPGRADE_CARD","is_daily":false,"chose_seed":false,"campfire_upgraded":8,"win_rate":0.0,"timestamp":1611885552,"path_taken":["M","$","?","?","M","R","E","M","T","R","?","$","M","?","R","BOSS","M","?","M","AVR","M","R","E","M","T","$","R","M","R","M","R","BOSS","M","M","?","M","M","R","?","R","T","NM","R","M","M","?","R","BOSS","R","$","E","BOSS"],"items_purchased_type":["Card","Card","Relic","Card"],"build_version":"2020-12-22","purchased_purges":4,"victory":true,"max_hp_per_floor":[70,70,70,70,70,70,70,70,70,70,70,70,70,70,70,70,70,70,70,70,70,70,70,80,80,80,80,80,80,80,80,80,80,80,80,80,80,80,80,80,80,80,80,80,80,80,80,80,80,80,80,80,80,80,80],"relic_stats":{"Sozu":8,"counters":[27,186],"Sundial":[30],"Whetstone":["infinitespire:SevenWalls","Runesmith:Strike_RS"],"obtain_stats":[{"Runesmith:BrokenRuby":0,"Pear":24,"jedi:zontanonomicon":19,"conspire:SpecialSausage":21,"Whetstone":26,"Sling":21,"Sozu":17,"Sundial":43,"infinitespire:Satchel":27,"beaked:SacredDeck":34,"hubris:TenFootPole":7,"halation:KoshaPiece":37,"Toy Ornithopter":54,"aspiration:ChemicalBlood":44},{"Runesmith:BrokenRuby":0,"Pear":11,"jedi:zontanonomicon":8,"conspire:SpecialSausage":9,"Whetstone":12,"Sling":9,"Sozu":7,"Sundial":21,"infinitespire:Satchel":12,"beaked:SacredDeck":15,"hubris:TenFootPole":3,"halation:KoshaPiece":18,"Toy Ornithopter":26,"aspiration:ChemicalBlood":22},{"Runesmith:BrokenRuby":0,"Pear":68,"jedi:zontanonomicon":49,"conspire:SpecialSausage":56,"Whetstone":75,"Sling":56,"Sozu":43,"Sundial":135,"infinitespire:Satchel":75,"beaked:SacredDeck":98,"hubris:TenFootPole":15,"halation:KoshaPiece":117,"Toy Ornithopter":176,"aspiration:ChemicalBlood":144}],"Toy Ornithopter":0},"card_choices":[{"not_picked":["Runesmith:ChiselStab","Runesmith:Terraform"],"picked":"Runesmith:Refine","floor":1.0},{"not_picked":["Runesmith:StaticCage","Runesmith:HammerTime","Runesmith:RuneHurl"],"picked":"SKIP","floor":5.0},{"not_picked":["Runesmith:ShiftingStrike","Runesmith:RuneHurl","Runesmith:StaticCage"],"picked":"SKIP","floor":7.0},{"not_picked":["Runesmith:ChiselStab","Runesmith:ShiftingStrike","Runesmith:HammerThrow"],"picked":"SKIP","floor":8.0},{"not_picked":["Runesmith:NegativeSpace","Runesmith:HammerThrow"],"picked":"Runesmith:LithiumIon","floor":13.0},{"not_picked":["Runesmith:EarthShield","Runesmith:Empowerment"],"picked":"Runesmith:Grindstone","floor":14},{"not_picked":["Runesmith:UnlimitedPower","Runesmith:MetallurgicalResearch"],"picked":"Runesmith:CraftIndustria","floor":16},{"not_picked":["Runesmith:HammerTime","Runesmith:Empowerment+1"],"picked":"Runesmith:CraftProtectio+1","floor":18},{"not_picked":["Runesmith:StaticCage","Runesmith:ChiselStab"],"picked":"Runesmith:Accelerate","floor":20},{"not_picked":["Runesmith:Repurpose","Runesmith:EnergizedChisel","Runesmith:MakeshiftArmor"],"picked":"SKIP","floor":22},{"not_picked":["Runesmith:DuctTape","Runesmith:MakeshiftArmor+1","Runesmith:Terraform+1"],"picked":"SKIP","floor":24},{"not_picked":["Runesmith:CraftSpiculum","Runesmith:Accelerate","Runesmith:Reinforce"],"picked":"SKIP","floor":25},{"not_picked":["Runesmith:NegativeSpace","Runesmith:Terraform","Runesmith:ShiftingStrike"],"picked":"SKIP","floor":29},{"not_picked":["Runesmith:HeatExchange","Runesmith:Prism","Runesmith:PerfectChisel+1"],"picked":"SKIP","floor":31},{"not_picked":["Runesmith:LightningRod","Runesmith:GrandSlam"],"picked":"Runesmith:CreatorForm","floor":33},{"not_picked":["Runesmith:CraftSpiculum","Runesmith:CraftProtectio+1","Runesmith:ChargedHammer"],"picked":"SKIP","floor":35},{"not_picked":["Runesmith:ChiselStab","Runesmith:EarthShield"],"picked":"Runesmith:PoweredAnvil+1","floor":36},{"not_picked":["Runesmith:FieryHammer","Runesmith:EnergizedChisel","Runesmith:Grindstone"],"picked":"SKIP","floor":38},{"not_picked":["Runesmith:RuneHurl","Runesmith:Electrocute","Runesmith:CraftMedicinae"],"picked":"SKIP","floor":39},{"not_picked":["Runesmith:Firestorm","Runesmith:Superposition+1","Runesmith:Malloc"],"picked":"SKIP","floor":41},{"not_picked":["Runesmith:DoubleUp","Runesmith:Malloc+1","Runesmith:ChaoticBlast"],"picked":"SKIP","floor":44},{"not_picked":["Runesmith:Augment","Runesmith:Discharge","Runesmith:NegativeSpace"],"picked":"SKIP","floor":46},{"not_picked":["Runesmith:HeatedChisel+1","Runesmith:CraftMagma","Runesmith:Accelerate"],"picked":"SKIP","floor":47},{"not_picked":["Runesmith:HeatedChisel+1","Runesmith:Accelerate"],"picked":"Runesmith:CraftMagma","floor":47},{"not_picked":["Runesmith:Permafrost","Runesmith:ShiftingStrike"],"picked":"Runesmith:Accelerate","floor":54}],"player_experience":2102174,"relics_obtained":[{"floor":7.0,"key":"hubris:TenFootPole"},{"floor":19,"key":"jedi:zontanonomicon"},{"floor":24,"key":"Pear"},{"floor":26,"key":"Whetstone"},{"floor":37,"key":"halation:KoshaPiece"},{"floor":43,"key":"Sundial"},{"floor":44,"key":"aspiration:ChemicalBlood"},{"floor":54,"key":"Toy Ornithopter"}],"event_choices":[{"damage_healed":17.0,"max_hp_gain":0.0,"max_hp_loss":0.0,"gold_gain":0.0,"event_name":"The Cleric","player_choice":"Healed","floor":3.0,"gold_loss":35.0,"damage_taken":0.0},{"damage_healed":0,"gold_gain":0,"player_choice":"Obtained Book","damage_taken":16,"max_hp_gain":0,"max_hp_loss":0,"event_name":"Cursed Tome","floor":19,"gold_loss":0},{"damage_healed":0,"gold_gain":0,"player_choice":"Embrace Madness","damage_taken":10,"max_hp_gain":0,"max_hp_loss":0,"event_name":"Winding Halls","floor":48,"gold_loss":0,"cards_obtained":["Madness","Madness"]}],"is_beta":false,"boss_relics":[{"not_picked":["Ectoplasm","hubris:TerracottaHorce"],"picked":"Sozu"},{"not_picked":["Pandora\u0027s Box","aspiration:RunicSpoon"],"picked":"beaked:SacredDeck"}],"items_purged_floors":[2,21,27,53],"is_endless":false,"potions_floor_spawned":[1,13,14,16,18,24,29,31,37,38,39,46],"ascension_level":12}}