{"host":"v3oyswa3lvajzvma","time":1611944800,"event":{"mods":["100% Spire Juice","Arknights The Spire","BaseMod","ChefMod","Duelist Mod","Hermit","Hubris","Minty Spire (QoL Compilation)","Robot Space Explorer","StSLib","The Construct","The Cursed","The Disciple","The Runesmith","The Servant 0.9.4"],"gold_per_floor":[217,217,228,228,238,273,273,273,324,342,366,366,366,400,400,501,501,520,520,534,154,170,170,21,21,47,74,87,47,47,59,59,163,163,177,177,31,45,45,45,90,90,90,125,136,136,155,155,155],"floor_reached":48,"language":"ENG","playtime":2726,"items_purged":[],"score":538,"play_id":"916035c7-5f91-443b-9599-de677e07a38c","local_time":"20210129102640","is_ascension_mode":false,"campfire_choices":[{"floor":7,"key":"REST"},{"floor":12,"key":"REST"},{"floor":15,"key":"REST"},{"floor":23,"key":"REST"},{"floor":25,"key":"REST"},{"floor":30,"key":"REST"},{"data":"Runesmith:UnlimitedPower","floor":32,"key":"SMITH"},{"data":"Runesmith:FieryHammer+1","floor":40,"key":"SMITH"},{"floor":42,"key":"REST"},{"floor":46,"key":"REST"}],"circlet_count":0,"master_deck":["Runesmith:Strike_RS","Runesmith:Strike_RS","Runesmith:Strike_RS","Runesmith:Strike_RS+1","Runesmith:Defend_RS","Runesmith:Defend_RS","Runesmith:Defend_RS","Runesmith:Defend_RS+1","Runesmith:CraftFirestone","Runesmith:Fortify","Runesmith:HeatedChisel+1","Runesmith:Terraform","Runesmith:EarthShield","Runesmith:RuneHurl","Runesmith:Grindstone","Runesmith:GoWithTheFlow","Parasite","Runesmith:FieryHammer+2","Runesmith:LithiumIon","Runesmith:UnlimitedPower+1","Runesmith:Attraction+1","Runesmith:HeatedChisel+1","Runesmith:WhiteBalance+1","Runesmith:CraftSpiculum","HandOfGreed","Runesmith:PoweredAnvil","Dark Shackles","Runesmith:UnstableHammer","Runesmith:ChiselStab+1","Runesmith:Grindstone","Runesmith:CraftMagma+1","Runesmith:CraftPrismatica","Runesmith:HeatedChisel+1","Runesmith:GrandSlam","Runesmith:CraftProtectio","Runesmith:CraftProtectio","Runesmith:Superposition+1","Runesmith:HeatExchange","Runesmith:LithiumIon","Runesmith:LithiumIon+1"],"relics":["Runesmith:BrokenRuby","hubris:Towel","Happy Flower","Bronze Scales","Dream Catcher","hubris:Spice","Sozu","Sling","hubris:Icosahedron","Boot","Mango"],"acts_visited":["Exordium","TheCity","TheBeyond"],"potions_floor_usage":[10,14,18,18],"damage_taken":[{"damage":0,"enemies":"2 Louse","floor":1,"turns":3},{"damage":0,"enemies":"Small Slimes","floor":3,"turns":4},{"damage":1,"enemies":"Jaw Worm","floor":5,"turns":4},{"damage":22,"enemies":"Lagavulin","floor":6,"turns":7},{"damage":14,"enemies":"Exordium Thugs","floor":10,"turns":5},{"damage":11,"enemies":"3 Sentries","floor":14,"turns":6},{"damage":19,"enemies":"The Guardian","floor":16,"turns":10},{"damage":12,"enemies":"2 Thieves","floor":18,"turns":4},{"damage":10,"enemies":"3 Byrds","floor":20,"turns":3},{"damage":40,"enemies":"Cultist and Chosen","floor":22,"turns":7},{"damage":0,"enemies":"theDuelist:KaibaA2","floor":27,"turns":3},{"damage":22,"enemies":"Snake Plant","floor":28,"turns":3},{"damage":11,"enemies":"Sentry and Sphere","floor":31,"turns":6},{"damage":35,"enemies":"hubris:MusketHawk","floor":33,"turns":7},{"damage":25,"enemies":"3 Shapes","floor":35,"turns":4},{"damage":18,"enemies":"Orb Walker","floor":38,"turns":3},{"damage":24,"enemies":"Giant Head","floor":41,"turns":7},{"damage":31,"enemies":"4 Shapes","floor":44,"turns":5},{"damage":0,"enemies":"Maw","floor":45,"turns":6},{"damage":10,"enemies":"Sphere and 2 Shapes","floor":47,"turns":3},{"damage":63,"enemies":"Nemesis","floor":48,"turns":5}],"seed_played":"2990552755369279080","potions_obtained":[{"floor":1,"key":"construct:ShiftPotion"},{"floor":6,"key":"Swift Potion"},{"floor":10,"key":"GamblersBrew"},{"floor":14,"key":"SteroidPotion"},{"floor":16,"key":"LiquidBronze"}],"is_trial":false,"path_per_floor":["M","?","M","?","M","E","R","?","T","M","T","R","?","E","R","B",null,"M","?","M","$","M","R","$","R","T","E","M","?","R","M","R","B",null,"M","?","$","M","?","R","E","R","T","M","M","R","M","E"],"character_chosen":"RUNESMITH_CLASS","items_purchased":["Runesmith:CraftSpiculum","HandOfGreed","Runesmith:PoweredAnvil","Dark Shackles","Sling","Boot"],"campfire_rested":8,"item_purchase_floors":[21,21,21,21,24,37],"current_hp_per_floor":[70,70,70,70,69,47,68,54,54,40,40,61,70,67,78,59,78,66,66,56,56,16,39,39,62,70,70,48,48,71,60,60,25,70,45,45,45,27,54,54,30,46,60,29,29,49,39,0,0],"gold":155,"neow_bonus":"HUNDRED_GOLD","is_daily":false,"chose_seed":false,"campfire_upgraded":2,"win_rate":0.0,"timestamp":1611944800,"path_taken":["M","?","M","?","M","E","R","?","T","?","?","R","?","E","R","BOSS","M","?","M","?","M","R","$","R","T","E","M","?","R","?","R","BOSS","M","?","$","M","?","R","E","R","T","M","M","R","M","E"],"items_purchased_type":["Card","Card","Card","Card","Relic","Relic"],"build_version":"2020-12-22","purchased_purges":0,"victory":false,"max_hp_per_floor":[70,70,70,70,70,70,70,70,70,70,70,70,70,78,78,78,78,78,78,78,78,78,78,78,78,86,78,78,78,78,78,78,78,70,70,70,70,62,54,54,54,54,68,68,68,68,68,68,68],"card_choices":[{"not_picked":["Runesmith:CraftObretio","Runesmith:RuneHurl"],"picked":"Runesmith:HeatedChisel","floor":1},{"not_picked":["Runesmith:Attraction","Runesmith:MakeshiftArmor"],"picked":"Runesmith:Terraform","floor":3},{"not_picked":["Runesmith:StaticCage","Runesmith:Retool"],"picked":"Runesmith:EarthShield","floor":5},{"not_picked":["Runesmith:Duplicate","Runesmith:MakeshiftArmor"],"picked":"Runesmith:RuneHurl","floor":6},{"not_picked":["Runesmith:OneForEveryone","Runesmith:RuneHurl"],"picked":"Runesmith:Grindstone","floor":10},{"not_picked":["Runesmith:Grindstone","Runesmith:MakeshiftArmor"],"picked":"Runesmith:GoWithTheFlow","floor":12},{"not_picked":["Runesmith:HeatedChisel","Runesmith:Firewall"],"picked":"Runesmith:FieryHammer","floor":14},{"not_picked":["Runesmith:ElementalConversion","Runesmith:Reinforce"],"picked":"Runesmith:LithiumIon","floor":15},{"not_picked":["Runesmith:LastStand","Runesmith:GrandSlam"],"picked":"Runesmith:UnlimitedPower","floor":16},{"not_picked":["Runesmith:Overpower","Runesmith:Repurpose"],"picked":"Runesmith:Attraction+1","floor":18},{"not_picked":["Runesmith:ElementalConversion","Runesmith:DoubleUp"],"picked":"Runesmith:WhiteBalance+1","floor":20},{"not_picked":["Runesmith:EarthShield","Runesmith:Supernova"],"picked":"Runesmith:UnstableHammer","floor":22},{"not_picked":["Runesmith:EarthShield","Runesmith:StaticCage"],"picked":"Runesmith:ChiselStab+1","floor":23},{"not_picked":["Runesmith:Accelerate+1","Runesmith:CraftProtectio"],"picked":"Runesmith:Grindstone","floor":25},{"not_picked":["Runesmith:Firewall","Runesmith:Reinforce"],"picked":"Runesmith:CraftMagma+1","floor":27},{"not_picked":["Runesmith:CraftMagma+1","Runesmith:Overpower"],"picked":"Runesmith:CraftPrismatica","floor":28},{"not_picked":["Runesmith:BackupBattery","Runesmith:Augment"],"picked":"Runesmith:HeatedChisel+1","floor":31},{"not_picked":["Runesmith:DuctTape","Runesmith:Supernova"],"picked":"Runesmith:GrandSlam","floor":33},{"not_picked":["Runesmith:HammerThrow","Runesmith:CraftSpiculum+1"],"picked":"Runesmith:CraftProtectio","floor":35},{"not_picked":["Runesmith:MakeshiftArmor","Runesmith:StaticCage"],"picked":"hubris:SpiceAddiction","floor":38},{"not_picked":["Runesmith:EarthShield","Runesmith:NanitesCloud+1"],"picked":"Runesmith:CraftProtectio","floor":41},{"not_picked":["Runesmith:HammerAndChisel+1","Runesmith:Grindstone+1"],"picked":"Runesmith:Superposition+1","floor":42},{"not_picked":["Runesmith:MakeshiftArmor+1","Runesmith:ElementalConversion+1"],"picked":"Runesmith:HeatExchange","floor":44},{"not_picked":["Runesmith:Reinforce+1","Runesmith:BackupBattery"],"picked":"Runesmith:LithiumIon","floor":45},{"not_picked":["Runesmith:ShiftingStrike","Runesmith:ChiselStab+1"],"picked":"Runesmith:LithiumIon+1","floor":47}],"player_experience":47343,"relics_obtained":[{"floor":6,"key":"Happy Flower"},{"floor":9,"key":"Bronze Scales"},{"floor":11,"key":"Dream Catcher"},{"floor":14,"key":"hubris:Spice"},{"floor":26,"key":"hubris:Spice"},{"floor":27,"key":"hubris:Spice"},{"floor":43,"key":"Mango"}],"event_choices":[{"damage_healed":0,"gold_gain":0,"player_choice":"Entered Light","damage_taken":14,"max_hp_gain":0,"max_hp_loss":0,"event_name":"Shining Light","floor":8,"gold_loss":0,"cards_upgraded":["Runesmith:Strike_RS","Runesmith:Defend_RS"]},{"damage_healed":17,"gold_gain":0,"player_choice":"Healed and dodged fight","damage_taken":0,"max_hp_gain":0,"max_hp_loss":0,"event_name":"Mushrooms","floor":13,"gold_loss":0,"cards_obtained":["Parasite"]},{"damage_healed":0,"gold_gain":0,"player_choice":"Copied","damage_taken":0,"max_hp_gain":0,"max_hp_loss":0,"event_name":"Duplicator","floor":19,"gold_loss":0,"cards_obtained":["Runesmith:HeatedChisel"]},{"damage_healed":0,"gold_gain":0,"player_choice":"Upgrade","damage_taken":0,"max_hp_gain":0,"max_hp_loss":0,"event_name":"Designer","floor":29,"gold_loss":40,"cards_upgraded":["Runesmith:FieryHammer"]},{"damage_healed":54,"gold_gain":0,"player_choice":"Heal","damage_taken":0,"max_hp_gain":0,"max_hp_loss":8,"event_name":"The Moai Head","floor":39,"gold_loss":0}],"is_beta":false,"boss_relics":[{"not_picked":["Busted Crown","Runic Pyramid"],"picked":"Sozu"},{"not_picked":["Runic Dome","Philosopher\u0027s Stone"],"picked":"hubris:Spice"}],"items_purged_floors":[],"is_endless":false,"potions_floor_spawned":[1,6,10,14,16,28,31,33,35,41,44,45],"killed_by":"Nemesis","ascension_level":0}}