{"host":"jx3f6ezc0g3s9edc","time":1611885111,"event":{"mods":["AchievementEnabler","BaseMod","Bestiary","Colored Map","Highlight Path","Minty Spire (QoL Compilation)","StSLib"],"gold_per_floor":[109,109,122,145,169,203,203,246,246,246,246,267,267,302,302,433,433,452,452,53,53,66,110,128,128,202,236,257,257,257],"floor_reached":29,"language":"ENG","playtime":3226,"items_purged":[],"score":400,"play_id":"f8b04240-6891-484b-9d57-e488ddec4444","local_time":"20210128205151","is_ascension_mode":true,"campfire_choices":[{"data":"Eruption","floor":7.0,"key":"SMITH"},{"floor":10.0,"key":"REST"},{"floor":15.0,"key":"REST"},{"floor":25.0,"key":"REST"}],"circlet_count":0,"master_deck":["Strike_P","Strike_P","Strike_P","Strike_P","Defend_P","Defend_P","Defend_P","Eruption+1","Vigilance","JustLucky","CrushJoints","Weave","Consecrate","Nirvana","JustLucky","Crescendo","BowlingBash","DevaForm","Protect+1","Wireheading","Indignation","J.A.X.","FlurryOfBlows","Wireheading+1","Meditate+1","Sanctity+1","SashWhip+1"],"relics":["PureWater","Golden Idol","White Beast Statue","Yang","StrikeDummy","Pear","Centennial Puzzle","Black Star","TeardropLocket","Bottled Tornado","Toxic Egg 2","Darkstone Periapt","Blood Vial","Frozen Egg 2"],"acts_visited":["Exordium","TheCity"],"potions_floor_usage":[29],"damage_taken":[{"damage":0.0,"enemies":"Cultist","floor":1.0,"turns":2.0},{"damage":0.0,"enemies":"Jaw Worm","floor":3.0,"turns":2.0},{"damage":5.0,"enemies":"Small Slimes","floor":4.0,"turns":3.0},{"damage":2.0,"enemies":"Red Slaver","floor":5.0,"turns":3.0},{"damage":26.0,"enemies":"Gremlin Nob","floor":6.0,"turns":4.0},{"damage":27.0,"enemies":"3 Sentries","floor":8.0,"turns":11.0},{"damage":2.0,"enemies":"Blue Slaver","floor":12.0,"turns":3.0},{"damage":15.0,"enemies":"Gremlin Nob","floor":14.0,"turns":4.0},{"damage":0.0,"enemies":"Slime Boss","floor":16.0,"turns":5.0},{"damage":2.0,"enemies":"3 Byrds","floor":18.0,"turns":5.0},{"damage":23.0,"enemies":"2 Thieves","floor":22.0,"turns":3.0},{"damage":42.0,"enemies":"Gremlin Leader","floor":23.0,"turns":4.0},{"damage":3.0,"enemies":"Snecko","floor":24.0,"turns":3.0},{"damage":68.0,"enemies":"Book of Stabbing","floor":27.0,"turns":6.0},{"damage":21.0,"enemies":"Snake Plant","floor":28.0,"turns":4.0},{"damage":24,"enemies":"Shelled Parasite and Fungi","floor":29,"turns":1}],"seed_played":"-4391124861626777793","potions_obtained":[{"floor":4.0,"key":"Block Potion"},{"floor":8.0,"key":"ColorlessPotion"},{"floor":12.0,"key":"SkillPotion"},{"floor":14.0,"key":"Energy Potion"},{"floor":16.0,"key":"FearPotion"},{"floor":18.0,"key":"FairyPotion"},{"floor":22.0,"key":"FairyPotion"},{"floor":27.0,"key":"SneckoOil"},{"floor":28.0,"key":"Ambrosia"}],"is_trial":false,"path_per_floor":["M","?","M","M","M","E","R","E","T","R","T","M","?","E","R","B",null,"M","?","$","?","M","E","M","R","T","E","M","M"],"character_chosen":"WATCHER","items_purchased":["TeardropLocket","Wireheading","Indignation"],"campfire_rested":3,"item_purchase_floors":[20,20,20],"current_hp_per_floor":[79,73,73,68,66,40,40,13,13,34,44,42,42,27,51,51,83,81,81,81,81,58,16,13,37,37,24,5,0,0],"gold":257,"neow_bonus":"TEN_PERCENT_HP_BONUS","is_daily":false,"chose_seed":false,"campfire_upgraded":1,"win_rate":0.0,"timestamp":1611885111,"path_taken":["M","?","M","M","M","E","R","E","T","R","?","?","?","E","R","BOSS","M","?","$","?","M","E","M","R","T","E","?","M"],"items_purchased_type":["Relic","Card","Card"],"build_version":"2020-12-22","purchased_purges":0,"victory":false,"max_hp_per_floor":[79,73,73,73,73,73,73,73,73,73,83,83,83,83,83,83,83,83,83,83,83,83,83,83,83,83,83,83,83,83],"card_choices":[{"not_picked":["PathToVictory","Perseverance"],"picked":"JustLucky","floor":1.0},{"not_picked":["FlyingSleeves","FlurryOfBlows"],"picked":"CrushJoints","floor":3.0},{"not_picked":["CrushJoints","Vengeance"],"picked":"Weave","floor":4.0},{"not_picked":["JustLucky","Pray"],"picked":"Consecrate","floor":5.0},{"not_picked":["Vengeance","Halt"],"picked":"Nirvana","floor":6.0},{"not_picked":["Evaluate","CrushJoints"],"picked":"JustLucky","floor":8.0},{"not_picked":["SignatureMove","BowlingBash"],"picked":"Crescendo","floor":12.0},{"not_picked":["LikeWater","Nirvana"],"picked":"BowlingBash","floor":14.0},{"not_picked":["Brilliance","Establishment"],"picked":"DevaForm","floor":16.0},{"not_picked":["DeceiveReality","ThirdEye"],"picked":"Protect+1","floor":18.0},{"not_picked":["Evaluate","Fasting2"],"picked":"FlurryOfBlows","floor":22.0},{"not_picked":["Nirvana","FlurryOfBlows"],"picked":"Wireheading+1","floor":23.0},{"not_picked":["ForeignInfluence+1","BowlingBash"],"picked":"Meditate+1","floor":24.0},{"not_picked":["Halt+1","LikeWater+1"],"picked":"Sanctity+1","floor":27.0},{"not_picked":["PathToVictory+1","DeceiveReality+1"],"picked":"SashWhip+1","floor":28.0}],"player_experience":783657,"relics_obtained":[{"floor":6.0,"key":"White Beast Statue"},{"floor":8.0,"key":"Yang"},{"floor":9.0,"key":"StrikeDummy"},{"floor":11.0,"key":"Pear"},{"floor":14.0,"key":"Centennial Puzzle"},{"floor":23.0,"key":"Bottled Tornado"},{"floor":23.0,"key":"Toxic Egg 2"},{"floor":26.0,"key":"Darkstone Periapt"},{"floor":27.0,"key":"Blood Vial"},{"floor":27.0,"key":"Frozen Egg 2"}],"event_choices":[{"damage_healed":0.0,"max_hp_gain":0.0,"max_hp_loss":6.0,"gold_gain":0.0,"event_name":"Golden Idol","player_choice":"Lose Max HP","floor":2.0,"gold_loss":0.0,"damage_taken":0.0,"relics_obtained":["Golden Idol"]},{"cards_removed":["Defend_P"],"damage_healed":0.0,"max_hp_gain":0.0,"max_hp_loss":0.0,"gold_gain":0.0,"event_name":"Bonfire Elementals","player_choice":"Offered Basic","floor":13.0,"gold_loss":0.0,"damage_taken":0.0},{"damage_healed":0.0,"max_hp_gain":0.0,"max_hp_loss":0.0,"gold_gain":0.0,"event_name":"Beggar","player_choice":"Ignored","floor":19.0,"gold_loss":0.0,"damage_taken":0.0},{"damage_healed":0.0,"max_hp_gain":0.0,"max_hp_loss":0.0,"gold_gain":0.0,"event_name":"Drug Dealer","player_choice":"Obtain J.A.X.","floor":21.0,"gold_loss":0.0,"damage_taken":0.0,"cards_obtained":["J.A.X."]}],"is_beta":false,"boss_relics":[{"not_picked":["Busted Crown","Cursed Key"],"picked":"Black Star"}],"items_purged_floors":[],"is_endless":false,"potions_floor_spawned":[4,8,12,14,16,18,22,23,24,27,28],"killed_by":"Shelled Parasite and Fungi","ascension_level":4}}