{"host":"n9lc5i44t98l6pio","time":1611897942,"event":{"mods":["BaseMod","Curses Come First","Downfall","Minty Spire (QoL Compilation)","Replay The Spire","Say the Spire","StSLib"],"gold_per_floor":[99,32,46,56,75,103,130,150,163,148,180,180,80,290,300,399,399,399,499,499,517,509,418,418,418,218,233,250,250,23,51,73,168,168,168,193,205,231,231,231,249,4,4,4,49,49,69,87,87,100,111,111,111,111],"floor_reached":52,"language":"ENG","playtime":3018,"items_purged":[],"score":688,"play_id":"6bffc226-5706-4a8e-9450-f5a5ced6ed69","local_time":"20210129062542","is_ascension_mode":false,"campfire_choices":[{"floor":1.0,"key":"DIG"},{"floor":13.0,"key":"REST"},{"floor":18.0,"key":"RECALL"},{"floor":26.0,"key":"REST"},{"floor":29.0,"key":"REST"},{"floor":35.0,"key":"DIG"},{"floor":44.0,"key":"REST"},{"floor":46.0,"key":"REST"},{"floor":49.0,"key":"REST"}],"circlet_count":0,"master_deck":["hexamod:Sear","hexamod:Float","hexamod:BurningTouch","hexamod:BurningTouch","hexamod:ExtraCrispy","hexamod:GhostLash","hexamod:TimeOfNeed","hexamod:GhostShield","hexamod:HeatShield","hexamod:SearingWound","hexamod:ShieldOfDarkness","hexamod:FlamesFromBeyond","hexamod:PhantomCloak","hexamod:UnlimitedPower","hexamod:ThermalTransfer","hexamod:HeatShield","hexamod:BacktrackSmack","hexamod:SpectralAdrenaline","hexamod:SpectersWail","hexamod:DynamicBlow","hexamod:EmpoweredFlame","hexamod:SearingWound","hexamod:AdvancingGuard+1","hexamod:SwordOfDarkness","hexamod:ThirdSeal","hexamod:FourthSeal","hexamod:SecondSeal","hexamod:FirstSeal","hexamod:Firestarter+1","hexamod:ThermalTransfer","hexamod:RadiantFlame","hexamod:CatchUp","hexamod:NightmareStrike+1","hexamod:Firestarter","hexamod:Incineration","hexamod:ChargedBarrage","hexamod:ExtraCrispy","hexamod:ExtraCrispy","hexamod:ExtraCrispy","hexamod:BurningTouch","hexamod:FlamesFromBeyond+1","hexamod:Incineration","hexamod:GhostflameInferno","hexamod:HexaLevel","hexamod:PhantomFireball+1","hexamod:FlamesFromBeyond","hexamod:FlamesFromBeyond","hexamod:PhantomFireball+1","Parasite","hexamod:ChargedBarrage","hexamod:ShieldOfDarkness+1","hexamod:TurnItUp+1","expansioncontent:QuickStudy","hexamod:SwordOfDarkness","hexamod:WildfireWeapon","hexamod:GhostLash","hexamod:NightmareStrike+1","hexamod:ShieldOfDarkness","hexamod:GhostShield+1","hexamod:RetreatToShadows"],"relics":["hexamod:SpiritBrand","ReplayTheSpireMod:Ninjato","Simple Rune","Replay:Rubber Ducky","downfall:HeartBlessingGreen","Pandora\u0027s Box","Replay:Towering Pillar of Hats","Mirror","downfall:RedIOU","downfall:HeartBlessingRed","downfall:HeartBlessingBlue","DollysMirror","HornCleat","SacredBark","Meat on the Bone","Chameleon Ring","InkBottle","Peace Pipe"],"acts_visited":["Exordium","TheCity","TheBeyond"],"potions_floor_usage":[],"damage_taken":[{"damage":0.0,"enemies":"downfall:FleeingMerchant","floor":2.0,"turns":4.0},{"damage":0.0,"enemies":"Cultist","floor":3.0,"turns":3.0},{"damage":0.0,"enemies":"2 Louse","floor":4.0,"turns":2.0},{"damage":0.0,"enemies":"Small Slimes","floor":5.0,"turns":3.0},{"damage":39.0,"enemies":"Lagavulin","floor":6.0,"turns":6.0},{"damage":10.0,"enemies":"Exordium Wildlife","floor":8.0,"turns":4.0},{"damage":0.0,"enemies":"Large Slime","floor":9.0,"turns":3.0},{"damage":0.0,"enemies":"downfall:FleeingMerchant","floor":10.0,"turns":4.0},{"damage":0.0,"enemies":"Gremlin Nob","floor":11.0,"turns":3.0},{"damage":4.0,"enemies":"2 Fungi Beasts","floor":15.0,"turns":3.0},{"damage":6.0,"enemies":"IC_STATUS_ARCHETYPE","floor":16.0,"turns":6.0},{"damage":33.0,"enemies":"DF_ARCHETYPE_STREAMLINE","floor":19.0,"turns":8.0},{"damage":0.0,"enemies":"Chosen","floor":21.0,"turns":5.0},{"damage":0.0,"enemies":"downfall:FleeingMerchant","floor":23.0,"turns":4.0},{"damage":0.0,"enemies":"Spheric Guardian","floor":25.0,"turns":2.0},{"damage":19.0,"enemies":"Shelled Parasite and Fungi","floor":27.0,"turns":5.0},{"damage":10.0,"enemies":"Cultist and Chosen","floor":28.0,"turns":7.0},{"damage":29.0,"enemies":"downfall:FleeingMerchant","floor":30.0,"turns":4.0},{"damage":21.0,"enemies":"Book of Stabbing","floor":31.0,"turns":6.0},{"damage":0.0,"enemies":"Centurion and Healer","floor":32.0,"turns":7.0},{"damage":9.0,"enemies":"WA_ARCHETYPE_CALM","floor":33.0,"turns":7.0},{"damage":0.0,"enemies":"3 Shapes","floor":36.0,"turns":3.0},{"damage":5.0,"enemies":"Orb Walker","floor":37.0,"turns":3.0},{"damage":52.0,"enemies":"Spire Growth","floor":38.0,"turns":8.0},{"damage":13.0,"enemies":"Writhing Mass","floor":41.0,"turns":4.0},{"damage":0.0,"enemies":"downfall:FleeingMerchant","floor":42.0,"turns":3.0},{"damage":45.0,"enemies":"2 Orb Walkers","floor":45.0,"turns":6.0},{"damage":7.0,"enemies":"Maw","floor":47.0,"turns":9.0},{"damage":5.0,"enemies":"Sphere and 2 Shapes","floor":48.0,"turns":4.0},{"damage":31.0,"enemies":"Jaw Worm Horde","floor":50.0,"turns":4.0},{"damage":8,"enemies":"Spire Growth","floor":51,"turns":5},{"damage":53,"enemies":"DF_ARCHETYPE_ORBS","floor":52,"turns":5}],"seed_played":"-1384100167755310157","potions_obtained":[{"floor":0.0,"key":"SpeedPotion"},{"floor":0.0,"key":"EssenceOfSteel"},{"floor":0.0,"key":"SmokeBomb"},{"floor":4.0,"key":"Fire Potion"},{"floor":6.0,"key":"ColorlessPotion"},{"floor":9.0,"key":"Weak Potion"},{"floor":11.0,"key":"Venom Potion"},{"floor":21.0,"key":"Languid Potion"},{"floor":23.0,"key":"Death Potion"},{"floor":27.0,"key":"Fruit Juice"},{"floor":27.0,"key":"SpeedPotion"},{"floor":28.0,"key":"Doom Potion"},{"floor":28.0,"key":"LiquidBronze"},{"floor":30.0,"key":"EssenceOfSteel"},{"floor":31.0,"key":"LifebloodPotion"},{"floor":33.0,"key":"ColorlessPotion"},{"floor":37.0,"key":"Dexterity Potion"},{"floor":41.0,"key":"EntropicBrew"},{"floor":41.0,"key":"Adrenaline Potion"},{"floor":45.0,"key":"Dexterity Potion"},{"floor":47.0,"key":"LiquidBronze"},{"floor":47.0,"key":"BlessingOfTheForge"},{"floor":48.0,"key":"Reflective Coating"},{"floor":50.0,"key":"Guardian:BlockOnCardUsePotion"}],"is_trial":false,"path_per_floor":["R","$","M","M","M","E","T","M","M","$","E","?","R","?","M","B",null,"R","?","?","M","?","$","T","M","R","M","M","R","$","E","M","B",null,"R","M","M","M","PTL","PTL","M","$","T","R","?","R","M","M","R","M","M","B"],"character_chosen":"THE_SPIRIT","items_purchased":["hexamod:BurningTouch","hexamod:RadiantFlame","hexamod:ExtraCrispy","DollysMirror","Chameleon Ring","hexamod:TurnItUp+1","expansioncontent:QuickStudy","hexamod:SwordOfDarkness"],"campfire_rested":6,"item_purchase_floors":[2,23,30,30,42,42,42,42],"current_hp_per_floor":[70,70,70,70,70,31,31,21,21,21,21,44,65,65,61,55,70,70,37,37,37,30,37,37,37,71,64,61,85,56,35,42,40,85,85,85,80,40,40,40,39,51,51,76,43,68,61,63,85,54,53,0,0,0],"gold":111,"neow_bonus":"THREE_SMALL_POTIONS","is_daily":false,"chose_seed":false,"campfire_upgraded":0,"win_rate":0.0,"timestamp":1611897942,"path_taken":["R","$","M","M","?","E","T","?","M","$","E","?","R","?","M","BOSS","R","?","?","M","?","$","T","M","R","M","?","R","$","E","M","BOSS","R","M","M","M","PTL","PTL","M","$","T","R","?","R","M","M","R","M","M","BOSS"],"items_purchased_type":["Card","Card","Card","Relic","Relic","Card","Card","Card"],"build_version":"2020-12-22","purchased_purges":0,"victory":false,"max_hp_per_floor":[70,70,70,70,70,70,70,70,70,70,70,70,70,70,70,70,70,70,70,70,70,70,70,70,70,80,85,85,85,85,85,85,85,85,85,85,85,85,85,85,85,85,85,85,85,85,85,85,85,85,85,85,85,85],"card_choices":[{"not_picked":["hexamod:InspiringFlames","hexamod:GhostShield"],"picked":"hexamod:BurningTouch","floor":2.0},{"not_picked":["hexamod:FlamesFromBeyond","hexamod:RecurringNightmare"],"picked":"hexamod:ExtraCrispy","floor":3.0},{"not_picked":["hexamod:NightmareStrike","hexamod:GhostShield"],"picked":"hexamod:GhostLash","floor":4.0},{"not_picked":["hexamod:InspiringFlames","hexamod:SuperheatedStrike"],"picked":"hexamod:TimeOfNeed","floor":5.0},{"not_picked":["hexamod:Again","hexamod:Hexaguard"],"picked":"hexamod:GhostShield","floor":6.0},{"not_picked":["hexamod:ThermalTransfer","hexamod:Hexaguard"],"picked":"hexamod:HeatShield","floor":8.0},{"not_picked":["hexamod:Hexaguard","hexamod:FastForward"],"picked":"hexamod:SearingWound","floor":9.0},{"not_picked":["hexamod:Haunt","hexamod:RetreatToShadows"],"picked":"hexamod:ShieldOfDarkness","floor":10.0},{"not_picked":["hexamod:SkipABeat","hexamod:NightmareStrike"],"picked":"hexamod:FlamesFromBeyond","floor":11.0},{"not_picked":["hexamod:RetreatToShadows","hexamod:SpectersWail"],"picked":"hexamod:NightmareGuise","floor":14.0},{"not_picked":["hexamod:ParanormalForm","hexamod:GhostOfSpirePast"],"picked":"hexamod:PhantomCloak","floor":15.0},{"not_picked":["hexamod:ParanormalForm","hexamod:TimeWarp"],"picked":"hexamod:UnlimitedPower","floor":16.0},{"not_picked":["hexamod:NightmareGuise","hexamod:NightmareStrike+1"],"picked":"hexamod:AdvancingGuard+1","floor":19.0},{"not_picked":["hexamod:SkipABeat","hexamod:Rewind"],"picked":"hexamod:SwordOfDarkness","floor":21.0},{"not_picked":["hexamod:ThermalTransfer+1","hexamod:HauntingEcho"],"picked":"hexamod:Firestarter+1","floor":23.0},{"not_picked":["hexamod:FastForward+1","hexamod:Rewind"],"picked":"hexamod:ThermalTransfer","floor":23.0},{"not_picked":["hexamod:GhostShield","hexamod:NightmareStrike"],"picked":"hexamod:CatchUp","floor":27.0},{"not_picked":["hexamod:FastForward","hexamod:Rewind"],"picked":"hexamod:NightmareStrike+1","floor":27.0},{"not_picked":["hexamod:FastForward","hexamod:SwordOfDarkness"],"picked":"hexamod:Firestarter","floor":28.0},{"not_picked":["hexamod:EtherealExpedition+1","hexamod:FastForward"],"picked":"hexamod:Incineration","floor":28.0},{"not_picked":["hexamod:Firestarter","hexamod:UnlimitedPower"],"picked":"hexamod:ChargedBarrage","floor":30.0},{"not_picked":["hexamod:ThermalTransfer","hexamod:Hexaguard+1"],"picked":"hexamod:ExtraCrispy","floor":31.0},{"not_picked":["hexamod:NightmareStrike+1","hexamod:FastForward"],"picked":"hexamod:BurningTouch","floor":31.0},{"not_picked":["hexamod:GhostOfSpireFuture+1","hexamod:Hexaguard"],"picked":"hexamod:FlamesFromBeyond+1","floor":32.0},{"not_picked":["hexamod:ShieldOfDarkness","hexamod:NightmareGuise+1"],"picked":"hexamod:Incineration","floor":32.0},{"not_picked":["hexamod:ParanormalForm","hexamod:SearingWound"],"picked":"hexamod:GhostflameInferno","floor":33.0},{"not_picked":["hexamod:GhostflameInferno","hexamod:TurnItUp"],"picked":"hexamod:HexaLevel","floor":33.0},{"not_picked":["hexamod:NecessarySacrifice+1","hexamod:ThermalTransfer+1"],"picked":"hexamod:PhantomFireball+1","floor":36.0},{"not_picked":["hexamod:GhostOfSpirePast","hexamod:StepThrough"],"picked":"hexamod:FlamesFromBeyond","floor":37.0},{"not_picked":["hexamod:SecondSeal","hexamod:HeatMetal"],"picked":"hexamod:FlamesFromBeyond","floor":38.0},{"not_picked":["hexamod:SuperheatedStrike","hexamod:SpectralAdrenaline"],"picked":"hexamod:PhantomFireball+1","floor":38.0},{"not_picked":["hexamod:FlamesFromBeyond","hexamod:HeatShield+1"],"picked":"hexamod:ChargedBarrage","floor":41.0},{"not_picked":["hexamod:SkipABeat","hexamod:SuperheatedStrike"],"picked":"hexamod:ShieldOfDarkness+1","floor":42.0},{"not_picked":["hexamod:NightmareGuise","hexamod:SoulSteal"],"picked":"hexamod:WildfireWeapon","floor":45.0},{"not_picked":["hexamod:EtherealExpedition+1","hexamod:DynamicBlow"],"picked":"hexamod:GhostLash","floor":45.0},{"not_picked":["hexamod:BacktrackSmack","hexamod:FastForward+1"],"picked":"hexamod:NightmareStrike+1","floor":47.0},{"not_picked":["hexamod:SwordOfDarkness","hexamod:BacktrackSmack+1"],"picked":"hexamod:ShieldOfDarkness","floor":48.0},{"not_picked":["hexamod:Firestarter","hexamod:AdvancingGuard"],"picked":"hexamod:GhostShield+1","floor":50.0},{"not_picked":["hexamod:SkipABeat+1","hexamod:NecessarySacrifice"],"picked":"hexamod:RetreatToShadows","floor":51}],"player_experience":227139,"relics_obtained":[{"floor":1.0,"key":"Potion Belt"},{"floor":6.0,"key":"ReplayTheSpireMod:Ninjato"},{"floor":7.0,"key":"Simple Rune"},{"floor":11.0,"key":"Replay:Rubber Ducky"},{"floor":19.0,"key":"Replay:Towering Pillar of Hats"},{"floor":19.0,"key":"Mirror"},{"floor":31.0,"key":"HornCleat"},{"floor":35.0,"key":"Meat on the Bone"},{"floor":43.0,"key":"InkBottle"},{"floor":45.0,"key":"Peace Pipe"}],"event_choices":[{"damage_healed":23.0,"max_hp_gain":0.0,"max_hp_loss":0.0,"gold_gain":0.0,"event_name":"Big Fish","player_choice":"Banana","floor":12.0,"gold_loss":0.0,"damage_taken":0.0},{"damage_healed":0.0,"max_hp_gain":0.0,"max_hp_loss":0.0,"gold_gain":0.0,"event_name":"Mysterious Sphere","player_choice":"Fight","floor":45.0,"gold_loss":0.0,"damage_taken":0.0}],"is_beta":false,"boss_relics":[{"not_picked":["Empty Cage","Kintsugi"],"picked":"Pandora\u0027s Box"},{"not_picked":["Coffee Dripper","Ring of Chaos"],"picked":"SacredBark"}],"items_purged_floors":[],"is_endless":false,"potions_floor_spawned":[4,6,9,11,15,21,27,28,31,32,33,37,41,45,47,48,50],"killed_by":"DF_ARCHETYPE_ORBS","ascension_level":0}}