{"host":"1dz819zv7fs9tsdy","time":1611945197,"event":{"mods":["AchievementEnabler","BaseMod","Colored Powertips","Curses Come First","Hubris","Minty Spire (QoL Compilation)","Rare Cards Sparkle","StSLib"],"gold_per_floor":[115,128,128,146,163,189,202,202,226,401,421,421,431,459,459,459,459],"floor_reached":16,"language":"ENG","playtime":8184,"items_purged":[],"score":137,"play_id":"ac2b6dee-469c-40cc-8904-3bcaaef63e50","local_time":"20210129183317","is_ascension_mode":true,"campfire_choices":[{"floor":8,"key":"REST"},{"floor":12,"key":"REST"},{"floor":15,"key":"REST"}],"circlet_count":0,"master_deck":["Strike_G","Strike_G","Strike_G","Strike_G","Strike_G","Defend_G","Defend_G","Defend_G","Defend_G","Defend_G","Survivor","Neutralize","Choke","Caltrops","hubris:Compulsion","Wraith Form v2","Riddle With Holes","Poisoned Stab","Dodge and Roll","Doubt","Choke","Backflip","Dagger Spray"],"relics":["Philosopher\u0027s Stone","Snake Skull","MealTicket","Ornamental Fan"],"acts_visited":["Exordium"],"potions_floor_usage":[14,14,16,16],"damage_taken":[{"damage":0,"enemies":"Cultist","floor":1,"turns":4},{"damage":1,"enemies":"2 Louse","floor":2,"turns":2},{"damage":0,"enemies":"Small Slimes","floor":4,"turns":3},{"damage":11,"enemies":"2 Fungi Beasts","floor":5,"turns":3},{"damage":38,"enemies":"3 Sentries","floor":6,"turns":8},{"damage":9,"enemies":"3 Louse","floor":7,"turns":3},{"damage":15,"enemies":"Exordium Thugs","floor":11,"turns":6},{"damage":2,"enemies":"Exordium Wildlife","floor":13,"turns":3},{"damage":17,"enemies":"Gremlin Nob","floor":14,"turns":6},{"damage":44,"enemies":"Hexaghost","floor":16,"turns":11}],"seed_played":"-4877433943160611842","potions_obtained":[{"floor":6,"key":"Swift Potion"},{"floor":7,"key":"Block Potion"},{"floor":11,"key":"Dexterity Potion"},{"floor":14,"key":"LiquidMemories"}],"is_trial":false,"path_per_floor":["M","M","?","M","M","E","M","R","T","?","M","R","M","E","R","B"],"character_chosen":"THE_SILENT","items_purchased":[],"campfire_rested":3,"item_purchase_floors":[],"current_hp_per_floor":[70,69,69,69,58,20,11,32,32,32,17,38,36,19,40,0,0],"gold":459,"neow_bonus":"BOSS_RELIC","is_daily":false,"chose_seed":false,"campfire_upgraded":0,"win_rate":0.0,"timestamp":1611945197,"path_taken":["M","?","?","?","M","E","M","R","T","?","M","R","M","E","R","BOSS"],"items_purchased_type":[],"build_version":"2020-12-22","purchased_purges":0,"victory":false,"max_hp_per_floor":[70,70,70,70,70,70,70,70,70,70,70,70,70,70,70,70,70],"card_choices":[{"not_picked":["Dodge and Roll","Sucker Punch"],"picked":"Choke","floor":1},{"not_picked":["Prepared","Tactician"],"picked":"Caltrops","floor":2},{"not_picked":["hubris:SlightOfHand","Riddle With Holes"],"picked":"Wraith Form v2","floor":4},{"not_picked":["Bane","Deadly Poison"],"picked":"Riddle With Holes","floor":5},{"not_picked":["Underhanded Strike","Slice"],"picked":"Poisoned Stab","floor":6},{"not_picked":["Riddle With Holes","hubris:SlightOfHand"],"picked":"Dodge and Roll","floor":7},{"not_picked":["Quick Slash","All Out Attack"],"picked":"Choke","floor":11},{"not_picked":["Dagger Spray","Cloak And Dagger"],"picked":"Backflip","floor":13},{"not_picked":["Underhanded Strike","Unload"],"picked":"Dagger Spray","floor":14}],"player_experience":351928,"relics_obtained":[{"floor":6,"key":"Snake Skull"},{"floor":9,"key":"MealTicket"},{"floor":14,"key":"Ornamental Fan"}],"event_choices":[{"damage_healed":0,"gold_gain":0,"player_choice":"1 cards matched","damage_taken":0,"max_hp_gain":0,"max_hp_loss":0,"event_name":"Match and Keep!","floor":3,"gold_loss":0,"cards_obtained":["hubris:Compulsion"]},{"damage_healed":0,"gold_gain":175,"player_choice":"AGREE","damage_taken":0,"max_hp_gain":0,"max_hp_loss":0,"event_name":"Liars Game","floor":10,"gold_loss":0,"cards_obtained":["Doubt"]}],"is_beta":false,"boss_relics":[],"items_purged_floors":[],"is_endless":false,"potions_floor_spawned":[6,7,11,13,14],"killed_by":"Hexaghost","ascension_level":4}}