{"host":"9j472d1lqxyi8fmj","time":1611941580,"event":{"mods":["AchievementEnabler","Aspiration","BaseMod","Better Note","BetterRewards","Block Reminder","Colored Powertips","Downfall","Hermit","Hubris","Infinite Spire","Minty Spire (QoL Compilation)","Potion Indicator Mod","Rare Cards Sparkle","Relic Filter","Reliquary","Spicy Shops","StSLib","The Runesmith","Virulent Crown"],"gold_per_floor":[112,129,141,141,141,161,211,228,228,246,246,246,246,15,15,15,15,15],"floor_reached":16,"language":"ENG","playtime":712,"items_purged":[],"score":92,"play_id":"7eda1dc5-7a84-4774-a727-4f681c66759e","local_time":"20210129123300","is_ascension_mode":false,"campfire_choices":[{"data":"infinitespire:FutureSight","floor":9,"key":"SMITH"},{"floor":11,"key":"REST"},{"data":"champ:DefensiveShout","floor":13,"key":"SMITH"},{"data":"champ:IronFortress","floor":15,"key":"SMITH"}],"circlet_count":0,"master_deck":["champ:Strike","champ:Strike","champ:Strike","champ:Strike","champ:Defend","champ:Defend","champ:Defend","champ:Defend","champ:Execute","champ:Taunt+1","champ:EnGarde","champ:DefensiveShout+1","champ:EnGarde","infinitespire:FutureSight+1","champ:BerserkersShout","champ:Haymaker","champ:Haymaker","champ:IronFortress+1","Apotheosis","champ:Encircle"],"relics":["champ:ChampionCrown","reliquary:RoseTintedGlasses"],"acts_visited":["Exordium"],"potions_floor_usage":[10,16],"damage_taken":[{"damage":20,"enemies":"Small Slimes","floor":1,"turns":4},{"damage":10,"enemies":"Cultist","floor":2,"turns":4},{"damage":20,"enemies":"Jaw Worm","floor":3,"turns":3},{"damage":26,"enemies":"Large Slime","floor":6,"turns":8},{"damage":43,"enemies":"2 Fungi Beasts","floor":8,"turns":4},{"damage":13,"enemies":"Lots of Slimes","floor":10,"turns":6},{"damage":25,"enemies":"downfall:FleeingMerchant","floor":14,"turns":4},{"damage":108,"enemies":"WA_ARCHETYPE_RETAIN","floor":16,"turns":13}],"seed_played":"3072083630380178571","potions_obtained":[{"floor":2,"key":"Slimebound:ThreeZeroPotion"},{"floor":6,"key":"DistilledChaos"}],"is_trial":false,"path_per_floor":["M","M","M","?","?","M","T","M","R","M","R","?","R","$","R","B"],"character_chosen":"THE_CHAMP","items_purchased":["Apotheosis","champ:Encircle"],"campfire_rested":1,"item_purchase_floors":[14,14],"current_hp_per_floor":[90,90,90,68,77,71,71,58,58,50,77,82,82,82,82,0,0,0],"gold":15,"neow_bonus":"UPGRADE_CARD","is_daily":false,"chose_seed":false,"campfire_upgraded":3,"win_rate":0.0,"timestamp":1611941580,"path_taken":["M","M","M","?","?","M","T","M","R","?","R","?","R","$","R","BOSS"],"items_purchased_type":["Card","Card"],"build_version":"2020-12-22","purchased_purges":0,"victory":false,"max_hp_per_floor":[90,90,90,90,90,90,90,90,90,90,90,95,95,95,95,95,95,95],"card_choices":[{"not_picked":["champ:Shatter","champ:PerfectedStrike"],"picked":"champ:EnGarde","floor":1},{"not_picked":["champ:SwordSigil","champ:PreciseThrust"],"picked":"champ:DefensiveShout","floor":2},{"not_picked":["champ:RisingSlash","champ:ArenaPreparation"],"picked":"champ:EnGarde","floor":3},{"not_picked":["infinitespire:Execution","infinitespire:Punishment"],"picked":"infinitespire:FutureSight","floor":4},{"not_picked":["champ:CrookedStrike","champ:BladeFlurry"],"picked":"champ:BerserkersShout","floor":6},{"not_picked":["champ:EndlessRage","champ:RapidStrikes"],"picked":"champ:Haymaker","floor":8},{"not_picked":["champ:DefensiveShout","champ:FanOfKnives"],"picked":"champ:Haymaker","floor":10},{"not_picked":["champ:DefensiveShout","champ:Endure"],"picked":"champ:IronFortress","floor":14}],"player_experience":368284,"relics_obtained":[{"floor":7,"key":"reliquary:RoseTintedGlasses"}],"event_choices":[{"damage_healed":0,"gold_gain":0,"player_choice":"Donut","damage_taken":0,"max_hp_gain":5,"max_hp_loss":0,"event_name":"Big Fish","floor":12,"gold_loss":0}],"is_beta":false,"boss_relics":[],"items_purged_floors":[],"is_endless":false,"potions_floor_spawned":[2,6],"killed_by":"WA_ARCHETYPE_RETAIN","ascension_level":0}}