{"host":"0m9qzqwuh9r40nrk","time":1611910092,"event":{"mods":["BaseMod","Conspire","Downfall","Hermit","Hubris","Infinite Spire","Jorbs\u0027s Wanderer Trilogy","Minty Spire (QoL Compilation)","Quick Restart","Replay The Spire","Shop Mod","StSLib","The Animator","The Construct","The Cursed","The Disciple","The Hierophant","The Necromancer","The Runesmith","everything is the same but u backflip on backflip"],"gold_per_floor":[99,113,113,127,141,174,174,174,174,174,174,204,219,254,254,273,273,373,373,392,405,141,321,321,347,366,393,464,478,478,343,363,388,388,493,493,506,523,93,93,43,43,80,110,110,162,286,400,510,649,649,797,797,797,797,863,35,98,98,98,98,98,98,180,112,239,239,239,346,346,377,437,470,470,679,723,723,798,823,898,972,972,1080,1171,1171,1235,1235,1261,759,795,795,861,899,977,1041,1067,1067,1067,1067,1165,1281,1281,1317,1317,1317],"floor_reached":104,"language":"ENG","playtime":13112,"items_purged":["Toxic_Smoke_Screen","Skeleton_Dragon","Skeleton_Dragon","Guardian:Gem_Fragmented","Epidemic+1"],"score":2662,"play_id":"b889e5be-bd65-414a-aea0-69a5537d865b","local_time":"20210129004812","is_ascension_mode":true,"campfire_choices":[{"data":"Cloudkill","floor":7.0,"key":"SMITH"},{"data":"Summon_Lich","floor":10.0,"key":"SMITH"},{"data":"Summon_Death_Knight","floor":17.0,"key":"SMITH"},{"data":"Summon_Lich","floor":30.0,"key":"SMITH"},{"data":"Skeleton_Dragon","floor":34.0,"key":"SMITH"},{"floor":42.0,"key":"RECALL"},{"data":"Summon_Undead","floor":51.0,"key":"SMITH"},{"data":"Summon_Vampire_Lady","floor":59.0,"key":"SMITH"},{"data":"Summon_Undead","floor":68.0,"key":"SMITH"},{"floor":82.0,"key":"REST"},{"data":"downfall:Bewildered","floor":85.0,"key":"PURGE"},{"data":"hubris:Rewind","floor":99.0,"key":"SMITH"}],"circlet_count":0,"master_deck":["Necrotic_Claws+1","Consume_Illness+1","Toxic_Smoke_Screen+1","Spectral_Armor+1","Scare+1","Summon_Lich+1","Summon_Undead+1","Violent_Necrosis+1","Blood_Is_Power+1","Cloudkill+1","Summon_Death_Knight+1","Summon_Vampire_Lady+1","Negative_Energy_Burst+1","Toxic_Smoke_Screen+1","Summon_Lich+1","Flex+1","Ghostly+1","Ghostly+1","animator:HigakiRinne+1","Summon_Vampire_Lady+1","Summon_Vampire_Lady+1","Skeleton_Dragon+1","Summon_Death_Knight+1","Summon_Undead+1","Summon_Vampire_Lady+1","conspire:SpireCoStock+1","Discovery+1","Summon_Undead+1","Seeing Red+1","Guardian:Gem_Cyan","Guardian:Gem_Lightblue","Guardian:Gem_Red","Guardian:Gem_Blue","Shade_Step+1","Blood_Magic+1","infinitespire:SealOfDarkness+","The Bomb+1","ReplayTheSpireMod:Book of Names+1","Uncharnel+1","Summon_Undead+1","Summon_Death_Knight+1","ReplayTheSpireMod:??????????????????????+1","Bone_Prison+1","Spectral_Armor+1","Spectral_Armor+1","Mayhem+1","Pandemic+1","Madness","Madness","hubris:Rewind+1","infinitespire:SealOfDarkness+","Shade_Step+1","Skeleton_Dragon"],"relics":["animator:TheEruzaStone","construct:Cogwheel","Guardian:SackOfGems","ReplayTheSpireMod:Ring of Addiction","Potion Belt","SacredBark","animator:AncientMedallion"],"acts_visited":["Exordium","TheCity","TheBeyond","Exordium","TheCity","TheBeyond","Exordium"],"potions_floor_usage":[100,100,100,100,103],"damage_taken":[{"damage":0.0,"enemies":"Jaw Worm","floor":2.0,"turns":4.0},{"damage":0.0,"enemies":"Small Slimes","floor":4.0,"turns":3.0},{"damage":2.0,"enemies":"Cultist","floor":5.0,"turns":3.0},{"damage":27.0,"enemies":"3 Sentries","floor":6.0,"turns":7.0},{"damage":5.0,"enemies":"Lagavulin","floor":12.0,"turns":5.0},{"damage":1.0,"enemies":"Large Slime","floor":13.0,"turns":4.0},{"damage":9.0,"enemies":"Gremlin Nob","floor":14.0,"turns":3.0},{"damage":0.0,"enemies":"Blue Slaver","floor":16.0,"turns":3.0},{"damage":14.0,"enemies":"Hexaghost","floor":18.0,"turns":6.0},{"damage":0.0,"enemies":"Chosen","floor":20.0,"turns":3.0},{"damage":2.0,"enemies":"conspire:FuzzyDice","floor":21.0,"turns":3.0},{"damage":7.0,"enemies":"Nightmare","floor":25.0,"turns":6.0},{"damage":0.0,"enemies":"Cultist and Chosen","floor":26.0,"turns":3.0},{"damage":2.0,"enemies":"conspire:SneckoGhost","floor":27.0,"turns":4.0},{"damage":0.0,"enemies":"Snecko","floor":29.0,"turns":4.0},{"damage":0.0,"enemies":"Sentry and Sphere","floor":32.0,"turns":3.0},{"damage":0.0,"enemies":"Gremlin Leader","floor":33.0,"turns":4.0},{"damage":23.0,"enemies":"Automaton","floor":35.0,"turns":5.0},{"damage":0.0,"enemies":"3 Shapes","floor":37.0,"turns":3.0},{"damage":4.0,"enemies":"Orb Walker","floor":38.0,"turns":3.0},{"damage":20.0,"enemies":"Nightmare","floor":43.0,"turns":5.0},{"damage":1.0,"enemies":"Sphere and 2 Shapes","floor":44.0,"turns":3.0},{"damage":0.0,"enemies":"R_Hoarder","floor":46.0,"turns":5.0},{"damage":32.0,"enemies":"3 Darklings","floor":48.0,"turns":5.0},{"damage":26.0,"enemies":"4 Shapes","floor":49.0,"turns":4.0},{"damage":23.0,"enemies":"Nemesis","floor":50.0,"turns":7.0},{"damage":62.0,"enemies":"Donu and Deca","floor":52.0,"turns":12.0},{"damage":4.0,"enemies":"Jaw Worm","floor":56.0,"turns":5.0},{"damage":14.0,"enemies":"Cultist","floor":58.0,"turns":4.0},{"damage":0.0,"enemies":"Small Slimes","floor":64.0,"turns":3.0},{"damage":2.0,"enemies":"3 Louse","floor":66.0,"turns":3.0},{"damage":16.0,"enemies":"The Guardian","floor":69.0,"turns":8.0},{"damage":28.0,"enemies":"conspire:FuzzyDice","floor":71.0,"turns":5.0},{"damage":26.0,"enemies":"Shell Parasite","floor":72.0,"turns":5.0},{"damage":24.0,"enemies":"Centurion and Healer","floor":73.0,"turns":6.0},{"damage":14.0,"enemies":"Gremlin Leader","floor":76.0,"turns":5.0},{"damage":99.0,"enemies":"Nightmare","floor":78.0,"turns":7.0},{"damage":1.0,"enemies":"3 Cultists","floor":80.0,"turns":4.0},{"damage":28.0,"enemies":"Cultist and Chosen","floor":81.0,"turns":5.0},{"damage":0.0,"enemies":"conspire:Head Lice","floor":83.0,"turns":1.0},{"damage":7.0,"enemies":"Snecko","floor":84.0,"turns":6.0},{"damage":22.0,"enemies":"Champ","floor":86.0,"turns":8.0},{"damage":48.0,"enemies":"3 Darklings","floor":88.0,"turns":5.0},{"damage":48.0,"enemies":"Mind Bloom Boss Battle","floor":90.0,"turns":7.0},{"damage":19.0,"enemies":"3 Shapes","floor":92.0,"turns":4.0},{"damage":37.0,"enemies":"Reptomancer","floor":93.0,"turns":4.0},{"damage":55.0,"enemies":"Jaw Worm Horde","floor":94.0,"turns":5.0},{"damage":27.0,"enemies":"Spire Growth","floor":95.0,"turns":6.0},{"damage":57,"enemies":"3 Darklings","floor":100,"turns":6},{"damage":67,"enemies":"Transient","floor":101,"turns":5},{"damage":101,"enemies":"conspire:OrnateMirror","floor":103,"turns":9}],"seed_played":"1948074096552328545","potions_obtained":[{"floor":2.0,"key":"sneckomod:MuddlingPotion"},{"floor":6.0,"key":"sneckomod:MuddlingPotion"},{"floor":20.0,"key":"Fire Potion"},{"floor":25.0,"key":"SteroidPotion"},{"floor":26.0,"key":"FairyPotion"},{"floor":32.0,"key":"Fire Potion"},{"floor":38.0,"key":"PowerPotion"},{"floor":47.0,"key":"animator:FalseLifePotion"},{"floor":47.0,"key":"animator:FalseLifePotion"},{"floor":47.0,"key":"animator:FalseLifePotion"},{"floor":48.0,"key":"animator:FalseLifePotion"},{"floor":49.0,"key":"animator:FalseLifePotion"},{"floor":50.0,"key":"animator:FalseLifePotion"},{"floor":52.0,"key":"animator:FalseLifePotion"},{"floor":56.0,"key":"animator:FalseLifePotion"},{"floor":58.0,"key":"animator:FalseLifePotion"},{"floor":64.0,"key":"animator:FalseLifePotion"},{"floor":66.0,"key":"animator:FalseLifePotion"},{"floor":69.0,"key":"animator:FalseLifePotion"},{"floor":71.0,"key":"animator:FalseLifePotion"},{"floor":72.0,"key":"animator:FalseLifePotion"},{"floor":73.0,"key":"animator:FalseLifePotion"},{"floor":76.0,"key":"animator:FalseLifePotion"},{"floor":78.0,"key":"animator:FalseLifePotion"},{"floor":80.0,"key":"animator:FalseLifePotion"},{"floor":81.0,"key":"animator:FalseLifePotion"},{"floor":83.0,"key":"animator:FalseLifePotion"},{"floor":84.0,"key":"animator:FalseLifePotion"},{"floor":86.0,"key":"animator:FalseLifePotion"},{"floor":88.0,"key":"animator:FalseLifePotion"},{"floor":90.0,"key":"animator:FalseLifePotion"},{"floor":93.0,"key":"animator:FalseLifePotion"},{"floor":94.0,"key":"animator:FalseLifePotion"},{"floor":95.0,"key":"animator:FalseLifePotion"},{"floor":100,"key":"animator:FalseLifePotion"},{"floor":101,"key":"animator:FalseLifePotion"},{"floor":102,"key":"animator:FalseLifePotion"},{"floor":102,"key":"animator:FalseLifePotion"},{"floor":103,"key":"animator:FalseLifePotion"}],"is_trial":true,"path_per_floor":["?","M","?","M","M","E","R","PTL","PTL","R","T","E","M","E","?","M","R","B",null,"M","M","$","?","AVR","NM","M","E","T","M","R","$","M","E","R","B",null,"M","M","$","?","?","R","NM","M","T","E","AVR","M","M","E","R","B",null,"?","AVR","M","$","M","R","?","?","T","?","M","$","M","?","R","B",null,"M","M","M","?","?","E","?","NM","T","M","M","R","E","M","R","B",null,"M","$","?","?","M","E","M","M","T","?","AVR","R","M","M","R","B",null],"character_chosen":"NECROMANCER","items_purchased":["Summon_Lich","Orichalcum","Skeleton_Dragon","Summon_Vampire_Lady","hubris:Spice","The Bomb","animator:AncientMedallion","animator:AncientMedallion","animator:FalseLifePotion","Summon_Undead","Spectral_Armor+1","animator:FalseLifePotion","Mayhem","animator:FalseLifePotion"],"campfire_rested":1,"item_purchase_floors":[22,22,31,39,39,57,57,57,57,65,89,89,89,89],"current_hp_per_floor":[75,75,75,75,75,54,54,54,54,54,54,51,66,68,68,70,70,58,75,75,75,75,50,50,63,75,75,75,75,75,75,75,83,83,80,83,83,81,89,86,86,86,80,86,86,86,90,82,56,84,84,90,90,90,90,90,90,86,86,64,46,46,24,47,47,71,71,71,84,84,76,70,65,65,32,69,53,10,10,69,66,82,82,78,78,80,80,56,56,73,73,70,70,43,72,72,62,62,62,36,41,41,26,78,78],"gold":1317,"neow_bonus":"","is_daily":false,"chose_seed":false,"campfire_upgraded":9,"win_rate":0.0,"timestamp":1611910092,"path_taken":["?","M","?","?","M","E","R","PTL","PTL","R","T","E","M","E","?","M","R","BOSS","M","M","$","?","AVR","NM","?","E","T","M","R","?","M","E","R","BOSS","M","M","$","?","?","R","NM","M","T","E","AVR","M","M","E","R","BOSS","?","AVR","M","$","M","R","?","?","T","?","M","$","M","?","R","BOSS","M","M","M","?","?","E","?","NM","T","M","M","R","E","M","R","BOSS","M","$","?","?","M","E","M","M","T","?","AVR","R","M","M","R","BOSS"],"items_purchased_type":["Card","Relic","Card","Card","Relic","Card","Relic","Relic","Potion","Card","Card","Potion","Card","Potion"],"build_version":"2020-12-22","purchased_purges":5,"victory":false,"max_hp_per_floor":[75,75,75,75,75,75,75,75,75,75,75,75,75,75,75,75,75,75,75,75,75,75,75,75,75,75,75,75,75,75,75,75,83,83,83,83,83,83,91,86,86,86,86,86,86,86,90,90,90,90,90,90,90,90,90,90,90,90,90,88,88,88,86,86,86,84,84,84,84,84,84,84,84,84,84,84,82,82,82,82,82,82,82,80,80,80,80,80,80,80,80,80,80,80,80,80,80,78,78,78,78,78,78,78,78],"card_choices":[{"not_picked":["Toxic_Smoke_Screen","Negative_Energy_Mist","Negative_Energy_Javelin"],"picked":"SKIP","floor":2.0},{"not_picked":["Death_Knell","Necrotic_Claws"],"picked":"Blood_Is_Power","floor":4.0},{"not_picked":["Negative_Energy_Javelin","Consume_Illness","Bone_Armor"],"picked":"SKIP","floor":5.0},{"not_picked":["Skeleton_Dragon","Blood_Magic"],"picked":"Cloudkill","floor":6.0},{"not_picked":["Blood_Wake","Reap_The_Weak","Negative_Energy_Bomb"],"picked":"SKIP","floor":12.0},{"not_picked":["Acid_Javelin","Negative_Energy_Sphere","Vampiric_Strike"],"picked":"SKIP","floor":13.0},{"not_picked":["Blood_Wake","Negative_Energy_Bomb"],"picked":"Summon_Death_Knight","floor":14.0},{"not_picked":["Death_March_Dance","Negative_Energy_Mist","Blood_Whip"],"picked":"SKIP","floor":16.0},{"not_picked":["Blood_Magic","Blood_Wake"],"picked":"Summon_Vampire_Lady","floor":18.0},{"not_picked":["Blood_Curse+1","Negative_Energy_Sphere"],"picked":"Negative_Energy_Burst","floor":20.0},{"not_picked":["Bone_Shift+1","Blood_Whip"],"picked":"Toxic_Smoke_Screen+1","floor":21.0},{"not_picked":["Negative_Energy_Bomb","Blood_Wake"],"picked":"Summon_Vampire_Lady","floor":25.0},{"not_picked":["Negative_Energy_Sphere+1","Whirlwind_of_Bones","Death_Knell+1"],"picked":"SKIP","floor":26.0},{"not_picked":["Blood_Magic","Negative_Energy_Bomb"],"picked":"Summon_Vampire_Lady","floor":27.0},{"not_picked":["Toxic_Smoke_Screen","Death_Coil","Violent_Necrosis"],"picked":"SKIP","floor":29.0},{"not_picked":["Negative_Energy_Sphere+1","Necrotic_Claws","Blood_Curse"],"picked":"SKIP","floor":32.0},{"not_picked":["Requiem","Negative_Energy_Bomb"],"picked":"Skeleton_Dragon","floor":33.0},{"not_picked":["Requiem","Summon_Vampire_Lady"],"picked":"Summon_Death_Knight","floor":35.0},{"not_picked":["Plague_Bolt+1","Death_March_Dance+1","Spectral_Armor"],"picked":"SKIP","floor":37.0},{"not_picked":["Shade_Step","Negative_Energy_Sphere+1"],"picked":"Summon_Undead","floor":38.0},{"not_picked":["infinitespire:UltimateForm","infinitespire:FutureSight"],"picked":"hubris:Fate","floor":43.0},{"not_picked":["Cloudkill","Negative_Energy_Bomb"],"picked":"Skeleton_Dragon","floor":43.0},{"not_picked":["Negative_Energy_Burst+1","Bone_Shift+1"],"picked":"Summon_Undead","floor":44.0},{"not_picked":["Grasp_Heart","Reap_The_Weak","Negative_Energy_Bomb"],"picked":"SKIP","floor":46.0},{"not_picked":["Spectral_Armor+1","Shackles_Of_Pain","Blood_Shield+1"],"picked":"SKIP","floor":48.0},{"not_picked":["Death_Knell+1","Death_Coil"],"picked":"Shade_Step","floor":49.0},{"not_picked":["Plague_Bolt+1","Violent_Necrosis+1","Negative_Energy_Mist+1"],"picked":"SKIP","floor":50.0},{"not_picked":["Summon_Death_Knight","Detonate_Bones"],"picked":"Blood_Magic","floor":52.0},{"not_picked":["Chill_Blood","Corrupt","Life_Drain"],"picked":"SKIP","floor":56.0},{"not_picked":["Negative_Energy_Javelin","Bone_Bullets","Negative_Energy_Sphere"],"picked":"SKIP","floor":58.0},{"not_picked":["infinitespire:Collect","infinitespire:SealOfDarkness+"],"picked":"ReplayTheSpireMod:Book of Names","floor":63.0},{"not_picked":["Deaths_Shadow","Slay_Living"],"picked":"Uncharnel","floor":64.0},{"not_picked":["Epidemic","Bone_Shift","Negative_Energy_Javelin"],"picked":"SKIP","floor":66.0},{"not_picked":["Blood_Wake","Detonate_Bones"],"picked":"Summon_Death_Knight","floor":69.0},{"not_picked":["infinitespire:Starlight","ReplayTheSpireMod:Chaos Vortex"],"picked":"ReplayTheSpireMod:??????????????????????","floor":69.0},{"not_picked":["Consume_Illness","Spectral_Walk","Blood_Whip+1"],"picked":"SKIP","floor":71.0},{"not_picked":["Death_Coil","Toxic_Smoke_Screen"],"picked":"Bone_Prison","floor":72.0},{"not_picked":["Scare+1","Blood_Is_Power","Stop_Heart"],"picked":"SKIP","floor":73.0},{"not_picked":["Scare+1","Blood_Is_Power","Stop_Heart"],"picked":"SKIP","floor":73.0},{"not_picked":["Toxic_Smoke_Screen","Bones_to_Steel"],"picked":"Spectral_Armor+1","floor":75.0},{"not_picked":["Negative_Energy_Burst","Blood_Whip+1","Life_Drain"],"picked":"SKIP","floor":76.0},{"not_picked":["Necromantic_Selection+1","Consume_Illness+1","Thousand_Bone_Knives"],"picked":"SKIP","floor":78.0},{"not_picked":["Death_Coil","Negative_Energy_Burst","Blood_Curse"],"picked":"SKIP","floor":80.0},{"not_picked":["Bone_Shift","Bone_Spikes","Blood_Whip"],"picked":"SKIP","floor":81.0},{"not_picked":["Necrotic_Claws","Negative_Energy_Sphere","Negative_Energy_Javelin"],"picked":"SKIP","floor":83.0},{"not_picked":["Bone_Shift+1","Flesh_Made_Foul","Negative_Energy_Mist"],"picked":"SKIP","floor":84.0},{"not_picked":["Scare+1","Death_Coil","Bones_to_Steel"],"picked":"SKIP","floor":88.0},{"not_picked":["Plague_Bolt+1","Spectral_Armor","Hellfire"],"picked":"SKIP","floor":92.0},{"not_picked":["Plague_Bolt+1","Spectral_Armor","Hellfire"],"picked":"SKIP","floor":92.0},{"not_picked":["Vampiric_Strike","Acid_Javelin"],"picked":"Pandemic+1","floor":93.0},{"not_picked":["Finger_Of_Death","Spectral_Armor","Life_Drain"],"picked":"SKIP","floor":94.0},{"not_picked":["Finger_Of_Death","Spectral_Armor","Life_Drain"],"picked":"SKIP","floor":94.0},{"not_picked":["Death_March_Dance","Stop_Heart","Blood_Shield"],"picked":"SKIP","floor":95.0},{"not_picked":["Death_Coil+1","Negative_Energy_Mist+1","Epidemic+1"],"picked":"SKIP","floor":100},{"not_picked":["Negative_Energy_Sphere+1","Negative_Energy_Javelin"],"picked":"Shade_Step+1","floor":101},{"not_picked":["Requiem","Blood_Magic"],"picked":"Skeleton_Dragon","floor":103}],"player_experience":489313,"relics_obtained":[{"floor":6.0,"key":"Guardian:GemstoneGun"},{"floor":12.0,"key":"Bronze Scales"},{"floor":14.0,"key":"Centennial Puzzle"},{"floor":25.0,"key":"infinitespire:Broken Mirror"},{"floor":27.0,"key":"Mercury Hourglass"},{"floor":28.0,"key":"Ornamental Fan"},{"floor":33.0,"key":"hubris:Spice"},{"floor":46.0,"key":"Counterbalance"},{"floor":47.0,"key":"Potion Belt"},{"floor":47.0,"key":"SacredBark"},{"floor":50.0,"key":"animator:AncientMedallion"},{"floor":62.0,"key":"animator:AncientMedallion"},{"floor":76.0,"key":"animator:AncientMedallion"},{"floor":77.0,"key":"Replay:Blank Codex"},{"floor":78.0,"key":"animator:AncientMedallion"},{"floor":79.0,"key":"animator:AncientMedallion"},{"floor":83.0,"key":"animator:AncientMedallion"},{"floor":90.0,"key":"animator:AncientMedallion"},{"floor":93.0,"key":"animator:AncientMedallion"},{"floor":96.0,"key":"animator:AncientMedallion"}],"event_choices":[{"damage_healed":0.0,"max_hp_gain":0.0,"max_hp_loss":0.0,"gold_gain":0.0,"event_name":"Accursed Blacksmith","player_choice":"Forge","floor":3.0,"gold_loss":0.0,"damage_taken":0.0,"cards_upgraded":["Summon_Undead"]},{"damage_healed":0.0,"max_hp_gain":0.0,"max_hp_loss":0.0,"gold_gain":180.0,"event_name":"Knowing Skull","player_choice":"POTION GOLD GOLD ","floor":23.0,"potions_obtained":["SkillPotion"],"gold_loss":0.0,"damage_taken":25.0,"cards_obtained":[]},{"damage_healed":0.0,"max_hp_gain":0.0,"max_hp_loss":5.0,"gold_gain":0.0,"event_name":"Winding Halls","player_choice":"Max HP","floor":40.0,"gold_loss":0.0,"damage_taken":0.0},{"damage_healed":0.0,"max_hp_gain":0.0,"max_hp_loss":0.0,"gold_gain":0.0,"event_name":"conspire:Investor","player_choice":"Invest 1","floor":41.0,"gold_loss":0.0,"damage_taken":0.0},{"damage_healed":0.0,"max_hp_gain":0.0,"max_hp_loss":0.0,"gold_gain":0.0,"event_name":"Golden Idol","player_choice":"Take Damage","floor":60.0,"gold_loss":0.0,"damage_taken":22.0,"relics_obtained":["Golden Idol"]},{"damage_healed":0.0,"max_hp_gain":0.0,"max_hp_loss":0.0,"gold_gain":0.0,"event_name":"Shining Light","player_choice":"Entered Light","floor":61.0,"gold_loss":0.0,"damage_taken":18.0,"cards_upgraded":["Toxic_Smoke_Screen","Violent_Necrosis"]},{"damage_healed":0.0,"max_hp_gain":0.0,"max_hp_loss":0.0,"gold_gain":0.0,"event_name":"Cursed Tome","player_choice":"Obtained Book","floor":77.0,"gold_loss":0.0,"damage_taken":16.0},{"damage_healed":0.0,"max_hp_gain":0.0,"max_hp_loss":0.0,"gold_gain":0.0,"event_name":"MindBloom","player_choice":"Fight","floor":90.0,"gold_loss":0.0,"damage_taken":0.0},{"damage_healed":0.0,"max_hp_gain":0.0,"max_hp_loss":0.0,"gold_gain":0.0,"event_name":"Tomb of Lord Red Mask","player_choice":"Ignored","floor":91.0,"gold_loss":0.0,"damage_taken":0.0},{"damage_healed":0.0,"max_hp_gain":0.0,"max_hp_loss":0.0,"gold_gain":0.0,"event_name":"Winding Halls","player_choice":"Embrace Madness","floor":97.0,"gold_loss":0.0,"damage_taken":10.0,"cards_obtained":["Madness","Madness"]}],"is_beta":false,"boss_relics":[{"not_picked":["Replay:Bronze Core","Busted Crown"],"picked":"Snecko Eye"},{"not_picked":["Tiny House","hubris:Backtick"],"picked":"Philosopher\u0027s Stone"},{"not_picked":["animator:AncientMedallion","animator:AncientMedallion"],"picked":"animator:AncientMedallion"},{"not_picked":["animator:AncientMedallion","animator:AncientMedallion"],"picked":"animator:AncientMedallion"},{"not_picked":["animator:AncientMedallion","animator:AncientMedallion"],"picked":"animator:AncientMedallion"},{"not_picked":[]}],"items_purged_floors":[22,55,57,89,98],"is_endless":true,"potions_floor_spawned":[2,6,20,25,26,32,33,38,43,49,50,66,69,71,73,78,83,84,90,93,95,100,103],"ascension_level":4}}