{"host":"gkm149kh1ihaqy0o","time":1611882357,"event":{"mods":["AchievementEnabler","BaseMod","Colored Powertips","Googly Eyes","Key Reminder","Minty Spire (QoL Compilation)","Permanent Neow","Quick Restart","Random Character Button","Rare Cards Sparkle","Relic Sorter","Relic Stats","SuperFastMode","Unceasing Turn Reminder","everything is the same but u backflip on backflip"],"gold_per_floor":[118,134,209,223,240,240,265,265,265,297,317,335,348,11,11,107,107,121,121,220,220,238,238,238,238],"floor_reached":24,"language":"ENG","playtime":767,"items_purged":["Strike_B"],"score":374,"play_id":"00dc4943-8da4-48c6-8855-e381df611d34","local_time":"20210128190557","is_ascension_mode":true,"campfire_choices":[{"floor":6,"key":"REST"},{"floor":8,"key":"REST"},{"floor":15,"key":"REST"},{"floor":23,"key":"REST"}],"circlet_count":0,"master_deck":["Strike_B","Strike_B","Strike_B","Defend_B","Defend_B","Defend_B","Defend_B","Zap","Dualcast","Auto Shields","Melter","Loop","Gash","Self Repair","Lockon","FTL","Sweeping Beam","Electrodynamics","Biased Cognition","Genetic Algorithm+1","Consume+1"],"relics":["Cracked Core","Omamori","Du-Vu Doll","Torii","FossilizedHelix","Membership Card","Ice Cream","Cursed Key","Pocketwatch"],"acts_visited":["Exordium","TheCity"],"potions_floor_usage":[7,7,16,22,22],"damage_taken":[{"damage":8,"enemies":"Small Slimes","floor":1,"turns":4},{"damage":3,"enemies":"Jaw Worm","floor":2,"turns":4},{"damage":2,"enemies":"2 Louse","floor":4,"turns":3},{"damage":10,"enemies":"Blue Slaver","floor":5,"turns":3},{"damage":35,"enemies":"Lagavulin","floor":7,"turns":6},{"damage":25,"enemies":"3 Sentries","floor":10,"turns":9},{"damage":0,"enemies":"Large Slime","floor":11,"turns":4},{"damage":10,"enemies":"Exordium Thugs","floor":12,"turns":6},{"damage":0,"enemies":"Looter","floor":13,"turns":2},{"damage":0,"enemies":"Slime Boss","floor":16,"turns":6},{"damage":11,"enemies":"2 Thieves","floor":18,"turns":2},{"damage":20,"enemies":"3 Byrds","floor":22,"turns":3},{"damage":65,"enemies":"Slavers","floor":24,"turns":3}],"seed_played":"-7253864759312370415","potions_obtained":[{"floor":1,"key":"PotionOfCapacity"},{"floor":5,"key":"Strength Potion"},{"floor":11,"key":"EssenceOfSteel"},{"floor":12,"key":"Explosive Potion"},{"floor":13,"key":"Swift Potion"}],"is_trial":false,"path_per_floor":["M","M","?","M","M","R","E","R","T","E","M","M","M","$","R","B",null,"M","?","?","?","M","R","E"],"character_chosen":"DEFECT","items_purchased":["Membership Card","Ice Cream"],"campfire_rested":4,"item_purchase_floors":[14,14],"current_hp_per_floor":[60,57,46,44,34,56,21,43,43,25,32,29,36,36,58,65,73,62,48,48,48,35,59,0,0],"gold":238,"neow_bonus":"RANDOM_COMMON_RELIC","is_daily":false,"chose_seed":false,"campfire_upgraded":0,"win_rate":0.0,"timestamp":1611882357,"path_taken":["M","M","?","M","M","R","E","R","T","E","M","M","M","?","R","BOSS","M","?","?","?","M","R","E"],"items_purchased_type":["Relic","Relic"],"build_version":"2020-12-22","purchased_purges":1,"victory":false,"max_hp_per_floor":[75,75,75,75,75,75,75,75,75,75,75,75,75,75,75,75,75,75,80,80,80,80,80,80,80],"relic_stats":{"Torii":25,"counters":[13,55],"Cursed Key":0,"obtain_stats":[{"Du-Vu Doll":7,"Ice Cream":14,"Torii":9,"Omamori":0,"Membership Card":14,"Cracked Core":0,"Cursed Key":17,"FossilizedHelix":10,"Pocketwatch":21},{"Du-Vu Doll":5,"Ice Cream":9,"Torii":5,"Omamori":0,"Membership Card":9,"Cracked Core":0,"Cursed Key":10,"FossilizedHelix":6,"Pocketwatch":11},{"Du-Vu Doll":20,"Ice Cream":41,"Torii":20,"Omamori":0,"Membership Card":41,"Cracked Core":0,"Cursed Key":47,"FossilizedHelix":29,"Pocketwatch":49}],"Pocketwatch":[3]},"card_choices":[{"not_picked":["Storm","Scrape"],"picked":"Auto Shields","floor":1},{"not_picked":["Beam Cell","Coolheaded"],"picked":"Melter","floor":2},{"not_picked":["Fusion","Chill"],"picked":"Loop","floor":4},{"not_picked":["Blizzard","Barrage"],"picked":"Gash","floor":5},{"not_picked":["Blizzard","Reinforced Body"],"picked":"Self Repair","floor":7},{"not_picked":["Stack","Redo"],"picked":"Lockon","floor":10},{"not_picked":["Streamline","Compile Driver"],"picked":"FTL","floor":11},{"not_picked":["Coolheaded","Ball Lightning"],"picked":"Sweeping Beam","floor":12},{"not_picked":["Coolheaded","Genetic Algorithm"],"picked":"Electrodynamics","floor":13},{"not_picked":["Thunder Strike","Buffer"],"picked":"Biased Cognition","floor":16},{"not_picked":["Consume","Sweeping Beam"],"picked":"Genetic Algorithm+1","floor":18},{"not_picked":["Reinforced Body","Doom and Gloom"],"picked":"Consume+1","floor":22}],"player_experience":631643,"relics_obtained":[{"floor":7,"key":"Du-Vu Doll"},{"floor":9,"key":"Torii"},{"floor":10,"key":"FossilizedHelix"}],"event_choices":[{"damage_healed":0,"gold_gain":75,"player_choice":"Gather Gold","damage_taken":11,"max_hp_gain":0,"max_hp_loss":0,"event_name":"World of Goop","floor":3,"gold_loss":0},{"damage_healed":0,"gold_gain":0,"player_choice":"Shed Blood","damage_taken":19,"max_hp_gain":5,"max_hp_loss":0,"event_name":"Forgotten Altar","floor":19,"gold_loss":0},{"damage_healed":0,"gold_gain":99,"player_choice":"Stole From Cult","damage_taken":0,"max_hp_gain":0,"max_hp_loss":0,"event_name":"Nest","floor":20,"gold_loss":0},{"damage_healed":0,"gold_gain":0,"player_choice":"Opened","damage_taken":0,"relics_obtained":["Pocketwatch"],"max_hp_gain":0,"max_hp_loss":0,"event_name":"The Mausoleum","floor":21,"gold_loss":0,"cards_obtained":["Writhe"]}],"is_beta":false,"boss_relics":[{"not_picked":["Pandora\u0027s Box","Runic Dome"],"picked":"Cursed Key"}],"items_purged_floors":[14],"is_endless":false,"potions_floor_spawned":[1,5,11,12,13],"killed_by":"Slavers","ascension_level":9}}