{"host":"l84l8xigz5v5foa2","time":1611901325,"event":{"mods":["2.2 Compatiblity","AchievementEnabler","BaseMod","Better Note","Better Vampires","Card Filter","Colored Map","DeckTracker","Downfall","Gremlin Skip","Highlight Path","Keyboard Shortcuts","Minty Spire (QoL Compilation)","Permanent Neow","Quick Restart","Relic Filter","Relic Stats","StSLib","SuperFastMode","Transform Curses","Unknown Chances"],"gold_per_floor":[114,114,132,132,132,132,163,163,188,216,227,24,34,54,54,128,128,142,142,155,168,3,3,35,35,84,84,84,84,116,135,135,135,135,135],"floor_reached":33,"language":"ENG","playtime":1479,"items_purged":["Pain"],"score":736,"play_id":"ad841384-115a-4c5f-a4f2-0251ba7512ee","local_time":"20210129152205","is_ascension_mode":true,"campfire_choices":[{"floor":6.0,"key":"RECALL"},{"floor":8.0,"key":"REST"},{"data":"hexamod:RainOfEmbers","floor":15.0,"key":"SMITH"},{"data":"hexamod:Rewind","floor":23.0,"key":"SMITH"},{"data":"hexamod:NecessarySacrifice","floor":25,"key":"SMITH"},{"data":"hexamod:GiftsFromTheDead","floor":28,"key":"SMITH"},{"floor":32,"key":"REST"}],"circlet_count":0,"master_deck":["AscendersBane","hexamod:Defend+1","hexamod:Defend+1","hexamod:Defend","hexamod:Sear","hexamod:BacktrackSmack+1","hexamod:FourthSeal","hexamod:ThirdSeal","hexamod:HeatMetal","hexamod:Hexaguard","hexamod:ShieldOfDarkness","hexamod:HeatMetal","hexamod:RainOfEmbers+1","hexamod:HauntingEcho+1","hexamod:PhantomFireball+1","hexamod:TimeOfNeed","hexamod:SixthSeal","hexamod:GiftsFromTheDead+1","hexamod:GhostOfSpirePast+1","hexamod:VolcanoVisage+1","hexamod:StepThrough+1","hexamod:Rewind+1","hexamod:Hexaguard","hexamod:CatchUp+1","hexamod:ForkedFlame","hexamod:NecessarySacrifice+1","hexamod:FastForward","hexamod:RetreatToShadows","hexamod:Rewind"],"relics":["hexamod:SpiritBrand","champ:DeflectingBracers","WarpedTongs","Bag of Preparation","MealTicket","Potion Belt","Membership Card","Astrolabe","Toolbox","Eternal Feather","Nunchaku","Whetstone"],"acts_visited":["Exordium","TheCity"],"potions_floor_usage":[24,24,30,31,31,33],"damage_taken":[{"damage":7.0,"enemies":"Jaw Worm","floor":1.0,"turns":3.0},{"damage":0.0,"enemies":"Cultist","floor":3.0,"turns":3.0},{"damage":9.0,"enemies":"Lagavulin","floor":7.0,"turns":6.0},{"damage":32.0,"enemies":"Gremlin Nob","floor":10.0,"turns":4.0},{"damage":4.0,"enemies":"Small Slimes","floor":11.0,"turns":3.0},{"damage":0.0,"enemies":"Gremlin Gang","floor":13.0,"turns":3.0},{"damage":0.0,"enemies":"Blue Slaver","floor":14.0,"turns":3.0},{"damage":0.0,"enemies":"Hexaghost","floor":16.0,"turns":7.0},{"damage":10.0,"enemies":"Shell Parasite","floor":18.0,"turns":4.0},{"damage":30.0,"enemies":"2 Thieves","floor":20.0,"turns":4.0},{"damage":7.0,"enemies":"Snake Plant","floor":21.0,"turns":4.0},{"damage":4,"enemies":"Gremlin Leader","floor":24,"turns":5},{"damage":48,"enemies":"Slavers","floor":30,"turns":5},{"damage":11,"enemies":"Shelled Parasite and Fungi","floor":31,"turns":4},{"damage":43,"enemies":"Automaton","floor":33,"turns":6}],"seed_played":"1877316850618507468","potions_obtained":[{"floor":7.0,"key":"SmokeBomb"},{"floor":7.0,"key":"SpeedPotion"},{"floor":11.0,"key":"Block Potion"},{"floor":11.0,"key":"Explosive Potion"},{"floor":13.0,"key":"LiquidBronze"},{"floor":13.0,"key":"Explosive Potion"},{"floor":18.0,"key":"GamblersBrew"},{"floor":20.0,"key":"EntropicBrew"},{"floor":21.0,"key":"GamblersBrew"},{"floor":21.0,"key":"Ancient Potion"},{"floor":24,"key":"FairyPotion"},{"floor":24,"key":"LiquidBronze"},{"floor":30,"key":"BlessingOfTheForge"},{"floor":30,"key":"Energy Potion"},{"floor":31,"key":"SmokeBomb"}],"is_trial":false,"path_per_floor":["M","?","M","?","?","R","E","R","T","E","M","$","M","M","R","B",null,"M","?","M","M","$","R","E","R","T","?","R","?","E","M","R","B"],"character_chosen":"THE_SPIRIT","items_purchased":["Membership Card","hexamod:ForkedFlame","Toolbox"],"campfire_rested":2,"item_purchase_floors":[12,22,22],"current_hp_per_floor":[50,50,50,43,43,43,34,51,51,19,15,30,30,30,30,30,50,40,40,10,3,18,18,14,29,29,29,44,44,17,6,38,0,0,0],"gold":135,"neow_bonus":"ONE_RARE_RELIC","is_daily":false,"chose_seed":false,"campfire_upgraded":4,"win_rate":0.0,"timestamp":1611901325,"path_taken":["M","?","?","?","?","R","E","R","T","E","M","$","?","M","R","BOSS","M","?","?","M","$","R","E","R","T","?","R","?","E","M","R","BOSS"],"items_purchased_type":["Relic","Card","Relic"],"build_version":"2020-12-22","purchased_purges":1,"victory":false,"max_hp_per_floor":[57,57,57,57,57,57,57,57,57,57,57,57,57,57,57,57,57,57,57,57,57,57,57,57,57,57,57,57,57,57,57,57,57,57,57],"relic_stats":{"Nunchaku":[2],"counters":[15,64],"Astrolabe":["hexamod:GhostOfSpirePast","hexamod:VolcanoVisage","hexamod:StepThrough"],"MealTicket":30,"Eternal Feather":45,"Bag of Preparation":[24],"Whetstone":["hexamod:PhantomFireball","hexamod:HauntingEcho"],"obtain_stats":[{"Potion Belt":10,"Nunchaku":26,"Astrolabe":17,"Toolbox":22,"MealTicket":9,"Eternal Feather":24,"champ:DeflectingBracers":0,"Bag of Preparation":7,"Membership Card":12,"Whetstone":30,"hexamod:SpiritBrand":0,"WarpedTongs":5},{"Potion Belt":4,"Nunchaku":12,"Astrolabe":8,"Toolbox":11,"MealTicket":3,"Eternal Feather":12,"champ:DeflectingBracers":0,"Bag of Preparation":3,"Membership Card":5,"Whetstone":13,"hexamod:SpiritBrand":0,"WarpedTongs":2},{"Potion Belt":16,"Nunchaku":49,"Astrolabe":32,"Toolbox":44,"MealTicket":12,"Eternal Feather":49,"champ:DeflectingBracers":0,"Bag of Preparation":12,"Membership Card":19,"Whetstone":54,"hexamod:SpiritBrand":0,"WarpedTongs":6}],"WarpedTongs":[57]},"card_choices":[{"not_picked":["hexamod:RecurringNightmare","hexamod:ThermalTransfer"],"picked":"hexamod:BacktrackSmack","floor":1.0},{"not_picked":["hexamod:CatchUp","hexamod:DynamicBlow"],"picked":"hexamod:FourthSeal","floor":3.0},{"not_picked":["hexamod:FifthSeal","hexamod:PowerFromBeyond"],"picked":"hexamod:ThirdSeal","floor":7.0},{"not_picked":["hexamod:NightmareStrike","hexamod:GhostLash"],"picked":"hexamod:HeatMetal","floor":10.0},{"not_picked":["hexamod:DynamicBlow","hexamod:BurningTouch"],"picked":"hexamod:Hexaguard","floor":10.0},{"not_picked":["hexamod:NightmareStrike","hexamod:BacktrackSmack"],"picked":"hexamod:ShieldOfDarkness","floor":11.0},{"not_picked":["hexamod:BacktrackSmack","hexamod:CatchUp"],"picked":"hexamod:HeatMetal","floor":11.0},{"not_picked":["hexamod:SkipABeat","hexamod:NightmareStrike"],"picked":"hexamod:RainOfEmbers","floor":13.0},{"not_picked":["hexamod:InspiringFlames","hexamod:GhostLash"],"picked":"hexamod:HauntingEcho","floor":13.0},{"not_picked":["hexamod:SpectersWail","hexamod:SuperheatedStrike"],"picked":"hexamod:PhantomFireball","floor":14.0},{"not_picked":["hexamod:SpectersWail","hexamod:GhostLash"],"picked":"hexamod:TimeOfNeed","floor":14.0},{"not_picked":["hexamod:TimeWarp","hexamod:SearingWound"],"picked":"hexamod:SixthSeal","floor":16.0},{"not_picked":["hexamod:TimeOfNeed","hexamod:ForkedFlame"],"picked":"hexamod:GiftsFromTheDead","floor":16.0},{"not_picked":["hexamod:Haunt","hexamod:GhostLash"],"picked":"hexamod:Rewind","floor":18.0},{"not_picked":["hexamod:CatchUp","hexamod:SkipABeat"],"picked":"hexamod:Hexaguard","floor":18.0},{"not_picked":["hexamod:BacktrackSmack","hexamod:SwordOfDarkness","hexamod:SkipABeat"],"picked":"SKIP","floor":20.0},{"not_picked":["hexamod:RadiantFlame","hexamod:EtherealExpedition"],"picked":"hexamod:CatchUp+1","floor":21.0},{"not_picked":["hexamod:HeatCrush","hexamod:SpectersWail"],"picked":"hexamod:NecessarySacrifice","floor":24},{"not_picked":["hexamod:NightmareGuise","hexamod:Incineration"],"picked":"hexamod:FastForward","floor":30},{"not_picked":["hexamod:Hexaguard","hexamod:NightmareStrike"],"picked":"hexamod:RetreatToShadows","floor":30},{"not_picked":["hexamod:HeatCrush","hexamod:SpectralSpark+1"],"picked":"hexamod:Rewind","floor":31},{"not_picked":["hexamod:StepThrough","hexamod:BurningTouch","hexamod:GhostLash"],"picked":"SKIP","floor":31}],"player_experience":3482922,"relics_obtained":[{"floor":7.0,"key":"Bag of Preparation"},{"floor":9.0,"key":"MealTicket"},{"floor":10.0,"key":"Potion Belt"},{"floor":24,"key":"Eternal Feather"},{"floor":26,"key":"Nunchaku"},{"floor":30,"key":"Whetstone"}],"event_choices":[{"damage_healed":0.0,"max_hp_gain":0.0,"max_hp_loss":0.0,"gold_gain":0.0,"event_name":"Upgrade Shrine","player_choice":"Upgraded","floor":2.0,"gold_loss":0.0,"damage_taken":0.0,"cards_upgraded":["hexamod:Float"]},{"cards_removed":["hexamod:Strike"],"damage_healed":0.0,"max_hp_gain":0.0,"max_hp_loss":0.0,"gold_gain":0.0,"event_name":"Golden Wing","player_choice":"Card Removal","floor":4.0,"gold_loss":0.0,"damage_taken":7.0},{"damage_healed":0.0,"max_hp_gain":0.0,"max_hp_loss":0.0,"gold_gain":0.0,"event_name":"Accursed Blacksmith","player_choice":"Rummage","floor":5.0,"gold_loss":0.0,"damage_taken":0.0,"relics_obtained":["WarpedTongs"],"cards_obtained":["Pain"]},{"cards_removed":["hexamod:Float"],"damage_healed":0.0,"max_hp_gain":0.0,"max_hp_loss":0.0,"gold_gain":0.0,"event_name":"Purifier","player_choice":"Purged","floor":19.0,"gold_loss":0.0,"damage_taken":0.0}],"is_beta":false,"boss_relics":[{"not_picked":["Busted Crown","Calling Bell"],"picked":"Astrolabe"}],"items_purged_floors":[12],"is_endless":false,"potions_floor_spawned":[7,11,13,18,21,24,30],"killed_by":"Automaton","ascension_level":20}}