{"host":"johnydays","time":1611930342,"event":{"mods":["BaseMod","Bestiary","Block Reminder","Colored Map","Colored Powertips","DeckTracker","Highlight Path","Minty Spire (QoL Compilation)","Relic Stats","Slay-I","StSLib","SuperFastMode"],"gold_per_floor":[110,110,110,129,147,147,175,175,200,227,71,71,115,129,129,260,260,280,280,201,201,201,237,237,273,273,273,289,304,304,344,344,344,344],"floor_reached":33,"language":"ENG","playtime":1153,"items_purged":["Strike_G"],"score":590,"play_id":"7a24ada1-3657-4021-9a04-4bd9b5a5957c","local_time":"20210129142542","is_ascension_mode":true,"campfire_choices":[{"data":"Dagger Spray","floor":6.0,"key":"SMITH"},{"data":"Footwork","floor":8.0,"key":"SMITH"},{"data":"Footwork","floor":15.0,"key":"SMITH"},{"data":"Noxious Fumes","floor":24.0,"key":"SMITH"},{"data":"1","floor":27,"key":"LIFT"},{"data":"2","floor":32,"key":"LIFT"}],"circlet_count":0,"master_deck":["AscendersBane","Strike_G+1","Strike_G","Strike_G","Strike_G","Defend_G","Defend_G","Defend_G","Defend_G","Defend_G","Survivor","Neutralize","Dagger Spray+1","Glass Knife+1","Quick Slash","Terror","Dodge and Roll","Footwork+1","Footwork+1","Blur","PiercingWail","Malaise","Necronomicurse","Noxious Fumes+1","Dash","Crippling Poison","Terror","Backstab"],"relics":["Philosopher\u0027s Stone","Bag of Preparation","Whetstone","The Specimen","Golden Idol","Anchor","Cursed Key","Necronomicon","Paper Crane","Girya","Boot"],"acts_visited":["Exordium","TheCity"],"potions_floor_usage":[33],"damage_taken":[{"damage":0.0,"enemies":"Jaw Worm","floor":1.0,"turns":5.0},{"damage":0.0,"enemies":"Small Slimes","floor":4.0,"turns":2.0},{"damage":0.0,"enemies":"Cultist","floor":5.0,"turns":3.0},{"damage":2.0,"enemies":"Gremlin Nob","floor":7.0,"turns":3.0},{"damage":0.0,"enemies":"Lagavulin","floor":10.0,"turns":6.0},{"damage":6.0,"enemies":"3 Sentries","floor":13.0,"turns":6.0},{"damage":0.0,"enemies":"2 Fungi Beasts","floor":14.0,"turns":1.0},{"damage":8.0,"enemies":"The Guardian","floor":16.0,"turns":12.0},{"damage":0.0,"enemies":"2 Thieves","floor":18.0,"turns":5.0},{"damage":4.0,"enemies":"Gremlin Leader","floor":23.0,"turns":10.0},{"damage":0,"enemies":"Book of Stabbing","floor":25,"turns":7},{"damage":8,"enemies":"Shell Parasite","floor":28,"turns":6},{"damage":6,"enemies":"Chosen and Byrds","floor":29,"turns":5},{"damage":4,"enemies":"Slavers","floor":31,"turns":5},{"damage":28,"enemies":"Collector","floor":33,"turns":3}],"seed_played":"-4214023861364006654","potions_obtained":[{"floor":4.0,"key":"Block Potion"},{"floor":5.0,"key":"AttackPotion"},{"floor":10.0,"key":"SneckoOil"},{"floor":25,"key":"Energy Potion"},{"floor":31,"key":"Strength Potion"}],"is_trial":false,"path_per_floor":["M","?","?","M","M","R","E","R","T","E","$","?","E","M","R","B",null,"M","?","$","?","$","E","R","E","T","R","M","M","$","E","R","B"],"character_chosen":"THE_SILENT","items_purchased":["Blur","Noxious Fumes"],"campfire_rested":0,"item_purchase_floors":[11,20],"current_hp_per_floor":[63,68,68,68,68,68,66,66,66,66,66,48,42,42,42,34,65,65,49,49,49,49,45,45,45,45,45,37,31,31,27,27,0,0],"gold":344,"neow_bonus":"BOSS_RELIC","is_daily":false,"chose_seed":false,"campfire_upgraded":4,"win_rate":0.0,"timestamp":1611930342,"path_taken":["M","?","?","M","?","R","E","R","T","E","$","?","E","M","R","BOSS","M","?","?","?","$","E","R","E","T","R","M","M","$","E","R","BOSS"],"items_purchased_type":["Card","Card"],"build_version":"2020-12-18","purchased_purges":1,"victory":false,"max_hp_per_floor":[70,75,75,75,75,75,75,75,75,75,75,75,75,75,75,75,75,75,75,75,75,75,75,75,75,75,75,75,75,75,75,75,75,75],"relic_stats":{"counters":[15,79],"Golden Idol":70,"Bag of Preparation":[22],"Necronomicon":[4],"Whetstone":["Glass Knife","Strike_G"],"Cursed Key":0,"Boot":[0],"obtain_stats":[{"Girya":25,"Anchor":13,"The Specimen":10,"Golden Idol":12,"Philosopher\u0027s Stone":0,"Bag of Preparation":7,"Necronomicon":19,"Whetstone":9,"Paper Crane":23,"Cursed Key":17,"Boot":31,"Ring of the Snake":0},{"Girya":11,"Anchor":6,"The Specimen":5,"Golden Idol":5,"Philosopher\u0027s Stone":0,"Bag of Preparation":4,"Necronomicon":9,"Whetstone":4,"Paper Crane":10,"Cursed Key":8,"Boot":14,"Ring of the Snake":0},{"Girya":60,"Anchor":25,"The Specimen":19,"Golden Idol":19,"Philosopher\u0027s Stone":0,"Bag of Preparation":13,"Necronomicon":43,"Whetstone":13,"Paper Crane":53,"Cursed Key":38,"Boot":76,"Ring of the Snake":0}]},"card_choices":[{"not_picked":["Tactician","Backstab"],"picked":"Dagger Spray","floor":1.0},{"not_picked":["Acrobatics","Bouncing Flask"],"picked":"Terror","floor":4.0},{"not_picked":["Bane","Caltrops"],"picked":"Dodge and Roll","floor":5.0},{"not_picked":["Slice","Bouncing Flask"],"picked":"Footwork","floor":7.0},{"not_picked":["Slice","Leg Sweep"],"picked":"Footwork","floor":10.0},{"not_picked":["Quick Slash","Wraith Form v2","Infinite Blades"],"picked":"SKIP","floor":13.0},{"not_picked":["Flying Knee","Setup"],"picked":"PiercingWail","floor":14.0},{"not_picked":["Unload","Burst"],"picked":"Malaise","floor":16.0},{"not_picked":["Cloak And Dagger","Dagger Spray","Dagger Throw"],"picked":"SKIP","floor":18.0},{"not_picked":["Malaise","Slice","Deflect+1"],"picked":"SKIP","floor":23.0},{"not_picked":["Blade Dance","Backstab"],"picked":"Dash","floor":25},{"not_picked":["Acrobatics","Endless Agony"],"picked":"Crippling Poison","floor":28},{"not_picked":["Blade Dance","Dagger Throw"],"picked":"Terror","floor":29},{"not_picked":["Infinite Blades","Flying Knee"],"picked":"Backstab","floor":31}],"player_experience":478277,"relics_obtained":[{"floor":7.0,"key":"Bag of Preparation"},{"floor":9.0,"key":"Whetstone"},{"floor":10.0,"key":"The Specimen"},{"floor":13.0,"key":"Anchor"},{"floor":19.0,"key":"Necronomicon"},{"floor":23.0,"key":"Paper Crane"},{"floor":25,"key":"Girya"},{"floor":31,"key":"Boot"}],"event_choices":[{"damage_healed":0.0,"max_hp_gain":5.0,"max_hp_loss":0.0,"gold_gain":0.0,"event_name":"Big Fish","player_choice":"Donut","floor":2.0,"gold_loss":0.0,"damage_taken":0.0},{"damage_healed":0.0,"max_hp_gain":0.0,"max_hp_loss":0.0,"gold_gain":0.0,"event_name":"Match and Keep!","player_choice":"2 cards matched","floor":3.0,"gold_loss":0.0,"damage_taken":0.0,"cards_obtained":["Glass Knife","Quick Slash"]},{"damage_healed":0.0,"max_hp_gain":0.0,"max_hp_loss":0.0,"gold_gain":0.0,"event_name":"Golden Idol","player_choice":"Take Damage","floor":12.0,"gold_loss":0.0,"damage_taken":18.0,"relics_obtained":["Golden Idol"]},{"damage_healed":0.0,"max_hp_gain":0.0,"max_hp_loss":0.0,"gold_gain":0.0,"event_name":"Cursed Tome","player_choice":"Obtained Book","floor":19.0,"gold_loss":0.0,"damage_taken":16.0},{"damage_healed":0.0,"max_hp_gain":0.0,"max_hp_loss":0.0,"gold_gain":0.0,"event_name":"Vampires","player_choice":"Ignored","floor":21.0,"gold_loss":0.0,"damage_taken":0.0}],"is_beta":true,"boss_relics":[{"not_picked":["Busted Crown","Fusion Hammer"],"picked":"Cursed Key"}],"items_purged_floors":[11],"is_endless":false,"potions_floor_spawned":[4,5,7,10,16,25,31],"killed_by":"Collector","ascension_level":12}}