{"host":"3xafbmawo5lo8yih","time":1611927553,"event":{"mods":["Act Like it!","Aspiration","BaseMod","CapriCore","Colored Map","Conjunction","Conspire","DeckTracker","Friendly Minions","Gensokyo","Halation","Highlight Path","Hubris","Infinite Spire","Jedi Mod","Minty Spire (QoL Compilation)","Quarter Circle Forward PUNCH!","Relic Stats","Replay The Spire","Robot Space Explorer","StSLib"],"gold_per_floor":[147,192,6,6,6,90,90,195,195,291,336,381,462,522,522,819,819,876,924,924,924,254,344,344,440,440,440,533,60,105,195,195,489,589,649,688,718,808,868,958,958,1051,1051,1051,1051,1129,1180,1240,1240,1240],"floor_reached":51,"language":"ENG","playtime":2315,"items_purged":["RobotSpaceExplorer:Defend","RobotSpaceExplorer:Defend","RobotSpaceExplorer:Defend","RobotSpaceExplorer:Strike","RobotSpaceExplorer:Strike","RobotSpaceExplorer:ExhaustFan"],"score":1055,"play_id":"002715b1-9e8e-4b3e-bf14-f6d18fb13d3b","local_time":"20210129083913","daily_mods":["Vintage","Heirloom","DeadlyEvents","Elite Swarm","Midas","Uncertain Future"],"is_ascension_mode":true,"campfire_choices":[{"floor":7,"key":"REST"},{"floor":15,"key":"REST"},{"floor":24,"key":"REST"},{"floor":27,"key":"REST"},{"floor":32,"key":"REST"},{"floor":41,"key":"REST"},{"floor":45,"key":"REST"},{"floor":49,"key":"REST"}],"circlet_count":0,"master_deck":["RobotSpaceExplorer:Scan","RobotSpaceExplorer:MiniLasers","Panacea+1","RobotSpaceExplorer:Electropulse+1","RobotSpaceExplorer:Comet+1","RobotSpaceExplorer:HighVoltage+1","RobotSpaceExplorer:Defend","RobotSpaceExplorer:Discharger+1","RobotSpaceExplorer:Asteroid+1","RobotSpaceExplorer:Autoloader+1","RobotSpaceExplorer:StarDust","RobotSpaceExplorer:ChargingLaser+1","RobotSpaceExplorer:StarDust+1","RobotSpaceExplorer:Autoloader+1","RobotSpaceExplorer:Comet","RobotSpaceExplorer:TrailblazerForm+1","RobotSpaceExplorer:TrailblazerForm","RobotSpaceExplorer:Pulsar+1"],"relics":["RobotSpaceExplorer:RoboCore","qcfpunch:Duffel_Bag","qcfpunch:Fighting_Gloves","qcfpunch:Red_Headband","replay:Trail_Library","Replay:Towering Pillar of Hats","jedi:cryingmask","Question Card","Strawberry","jedi:shrinkray","Replay:Bottled Snecko","Anchor","Akabeko","Shuriken","Replay:Wax Seal","Replay:Bottled Flurry","TungstenRod","conspire:BottledYoYo","aspiration:HummingbirdHeart","RobotSpaceExplorer:SearchSpecs","Pen Nib","jedi:bottledfury","Gensokyo:RedStar","Sundial","hubris:SlimyHat","Ornamental Fan","Kunai","qcfpunch:Handcuffs","Snack Pack","halation:BottledLove","Strawberry","jedi:angrymask","Replay:Wanted Poster","hubris:PeanutButter","White Beast Statue","hubris:ToyBattleship","ReplayTheSpireMod:TigerMarble","jedi:archwizardhat","Bag of Preparation","infinitespire:WardingShard","Dream Catcher","Replay:Mystery Machine","RobotSpaceExplorer:ToughPlating"],"acts_visited":["Gensokyo:Gensokyo","Gensokyo:Gensokyoer","Gensokyo:Gensokyoest"],"potions_floor_usage":[16,46],"damage_taken":[{"damage":1,"enemies":"Gensokyo:2_Kodama","floor":1,"turns":4},{"damage":0,"enemies":"Gensokyo:3_Fairies","floor":2,"turns":4},{"damage":20,"enemies":"Gensokyo:Cirno","floor":6,"turns":5},{"damage":17,"enemies":"Gensokyo:Aya","floor":8,"turns":4},{"damage":9,"enemies":"Gensokyo:Mamizou","floor":10,"turns":5},{"damage":0,"enemies":"Gensokyo:Python","floor":11,"turns":1},{"damage":0,"enemies":"Gensokyo:LivingMonolith","floor":12,"turns":2},{"damage":5,"enemies":"Gensokyo:Aya","floor":13,"turns":3},{"damage":0,"enemies":"Gensokyo:2_Rabbits","floor":14,"turns":2},{"damage":16,"enemies":"Gensokyo:Yukari","floor":16,"turns":5},{"damage":4,"enemies":"Gensokyo:Chomper","floor":18,"turns":3},{"damage":0,"enemies":"Gensokyo:CosmicMonolith","floor":19,"turns":3},{"damage":8,"enemies":"Gensokyo:Tenshi","floor":23,"turns":3},{"damage":0,"enemies":"Gensokyo:Reisen","floor":25,"turns":4},{"damage":14,"enemies":"Gensokyo:Tenshi","floor":28,"turns":3},{"damage":2,"enemies":"Gensokyo:Wraith","floor":30,"turns":3},{"damage":29,"enemies":"Nightmare","floor":31,"turns":5},{"damage":21,"enemies":"Gensokyo:Kaguya","floor":33,"turns":5},{"damage":7,"enemies":"Gensokyo:AncientGuardian","floor":35,"turns":4},{"damage":0,"enemies":"Gensokyo:3_Bats","floor":36,"turns":2},{"damage":22,"enemies":"Gensokyo:Rafflesia","floor":37,"turns":6},{"damage":0,"enemies":"Gensokyo:Doremy","floor":38,"turns":5},{"damage":0,"enemies":"Gensokyo:AtlasGolem","floor":39,"turns":4},{"damage":29,"enemies":"Gensokyo:Kasen","floor":40,"turns":4},{"damage":37,"enemies":"Nightmare","floor":42,"turns":5},{"damage":4,"enemies":"Gensokyo:Kasen","floor":46,"turns":4},{"damage":7,"enemies":"Gensokyo:Sharpion","floor":47,"turns":5},{"damage":0,"enemies":"Gensokyo:SeedOfUnknown","floor":48,"turns":4},{"damage":17,"enemies":"Gensokyo:Scarlet_Devils","floor":50,"turns":8}],"seed_played":"-3061115548603492036","potions_obtained":[{"floor":10,"key":"BlessingOfTheForge"},{"floor":12,"key":"Adrenaline Potion"},{"floor":18,"key":"Elixir"},{"floor":28,"key":"RobotSpaceExplorer:RecyclePotion"}],"is_trial":true,"path_per_floor":["M","M","$","?","?","E","R","E","T","E","M","M","E","M","R","B",null,"M","M","?","AVR","$","E","R","E","T","R","E","$","M","NM","R","B",null,"M","M","M","E","M","E","R","NM","T","AVR","R","E","M","M","R","B",null],"character_chosen":"RobotSpaceExplorer","items_purchased":["RobotSpaceExplorer:Electropulse","RobotSpaceExplorer:Discharger","hubris:SlimyHat","Ornamental Fan","RobotSpaceExplorer:StarDust","halation:BottledLove","Strawberry"],"campfire_rested":8,"item_purchase_floors":[3,22,22,22,29,29,29],"current_hp_per_floor":[74,74,74,71,79,59,82,65,65,56,56,56,51,51,75,59,82,78,78,78,78,78,70,82,82,82,82,70,77,77,50,76,72,89,84,84,66,70,72,45,71,38,38,38,64,64,59,59,85,74],"gold":1240,"neow_bonus":"","is_daily":false,"chose_seed":false,"campfire_upgraded":0,"win_rate":0.0,"timestamp":1611927553,"path_taken":["M","M","$","?","?","E","R","E","T","?","?","M","E","M","R","BOSS","M","M","?","AVR","?","E","R","E","T","R","?","?","M","NM","R","BOSS","M","?","?","?","M","E","R","NM","T","AVR","R","E","?","M","R","BOSS"],"items_purchased_type":["Card","Card","Relic","Relic","Card","Relic","Relic"],"build_version":"2020-12-22","purchased_purges":6,"victory":true,"max_hp_per_floor":[75,75,75,82,82,82,82,82,82,82,82,82,82,82,82,82,82,82,82,82,82,82,82,82,82,82,82,82,89,89,89,89,89,89,89,89,89,89,89,89,89,89,89,89,89,89,89,89,89,89],"relic_stats":{"Dream Catcher":2,"counters":[29,115],"Shuriken":[25],"Sundial":[16],"Ornamental Fan":[92],"Pen Nib":[13],"Bag of Preparation":[8],"Kunai":[23],"Question Card":26,"obtain_stats":[{"jedi:angrymask":30,"hubris:SlimyHat":22,"Bag of Preparation":42,"jedi:bottledfury":19,"jedi:archwizardhat":40,"Replay:Mystery Machine":46,"jedi:shrinkray":6,"Replay:Wanted Poster":34,"Dream Catcher":44,"Sundial":21,"Strawberry":4,"jedi:cryingmask":1,"Replay:Bottled Flurry":11,"RobotSpaceExplorer:SearchSpecs":17,"qcfpunch:Handcuffs":25,"Replay:Bottled Snecko":6,"Kunai":23,"Replay:Wax Seal":10,"replay:Trail_Library":0,"Replay:Towering Pillar of Hats":0,"halation:BottledLove":29,"RobotSpaceExplorer:RoboCore":0,"Pen Nib":18,"aspiration:HummingbirdHeart":14,"Question Card":2,"Gensokyo:RedStar":20,"Akabeko":8,"White Beast Statue":36,"qcfpunch:Duffel_Bag":0,"Anchor":8,"infinitespire:WardingShard":43,"Shuriken":9,"Ornamental Fan":22,"RobotSpaceExplorer:ToughPlating":47,"qcfpunch:Fighting_Gloves":0,"hubris:PeanutButter":35,"qcfpunch:Red_Headband":0,"conspire:BottledYoYo":13,"Snack Pack":26,"hubris:ToyBattleship":37,"ReplayTheSpireMod:TigerMarble":38,"TungstenRod":12},{"jedi:angrymask":16,"hubris:SlimyHat":12,"Bag of Preparation":25,"jedi:bottledfury":12,"jedi:archwizardhat":24,"Replay:Mystery Machine":26,"jedi:shrinkray":3,"Replay:Wanted Poster":18,"Dream Catcher":25,"Sundial":12,"Strawberry":2,"jedi:cryingmask":1,"Replay:Bottled Flurry":6,"RobotSpaceExplorer:SearchSpecs":10,"qcfpunch:Handcuffs":14,"Replay:Bottled Snecko":3,"Kunai":13,"Replay:Wax Seal":5,"replay:Trail_Library":0,"Replay:Towering Pillar of Hats":0,"halation:BottledLove":15,"RobotSpaceExplorer:RoboCore":0,"Pen Nib":11,"aspiration:HummingbirdHeart":9,"Question Card":2,"Gensokyo:RedStar":12,"Akabeko":4,"White Beast Statue":20,"qcfpunch:Duffel_Bag":0,"Anchor":4,"infinitespire:WardingShard":25,"Shuriken":4,"Ornamental Fan":12,"RobotSpaceExplorer:ToughPlating":27,"qcfpunch:Fighting_Gloves":0,"hubris:PeanutButter":19,"qcfpunch:Red_Headband":0,"conspire:BottledYoYo":8,"Snack Pack":14,"hubris:ToyBattleship":21,"ReplayTheSpireMod:TigerMarble":22,"TungstenRod":7},{"jedi:angrymask":54,"hubris:SlimyHat":41,"Bag of Preparation":94,"jedi:bottledfury":41,"jedi:archwizardhat":89,"Replay:Mystery Machine":98,"jedi:shrinkray":13,"Replay:Wanted Poster":64,"Dream Catcher":94,"Sundial":41,"Strawberry":8,"jedi:cryingmask":4,"Replay:Bottled Flurry":23,"RobotSpaceExplorer:SearchSpecs":35,"qcfpunch:Handcuffs":48,"Replay:Bottled Snecko":13,"Kunai":44,"Replay:Wax Seal":22,"replay:Trail_Library":0,"Replay:Towering Pillar of Hats":0,"halation:BottledLove":51,"RobotSpaceExplorer:RoboCore":0,"Pen Nib":38,"aspiration:HummingbirdHeart":30,"Question Card":8,"Gensokyo:RedStar":41,"Akabeko":17,"White Beast Statue":70,"qcfpunch:Duffel_Bag":0,"Anchor":17,"infinitespire:WardingShard":94,"Shuriken":17,"Ornamental Fan":41,"RobotSpaceExplorer:ToughPlating":103,"qcfpunch:Fighting_Gloves":0,"hubris:PeanutButter":68,"qcfpunch:Red_Headband":0,"conspire:BottledYoYo":28,"Snack Pack":48,"hubris:ToyBattleship":76,"ReplayTheSpireMod:TigerMarble":81,"TungstenRod":25}],"TungstenRod":50},"card_choices":[{"not_picked":["Bandage Up"],"picked":"SKIP","floor":1},{"not_picked":[],"picked":"Panacea","floor":2},{"not_picked":["RobotSpaceExplorer:Arsenal","RobotSpaceExplorer:Explosion","RobotSpaceExplorer:BlastShield"],"picked":"RobotSpaceExplorer:Comet","floor":6},{"not_picked":["RobotSpaceExplorer:Blaster","RobotSpaceExplorer:Arsenal","RobotSpaceExplorer:Scanner"],"picked":"RobotSpaceExplorer:Wormhole","floor":8},{"not_picked":["RobotSpaceExplorer:Multitool","RobotSpaceExplorer:Arsenal","RobotSpaceExplorer:Exploration"],"picked":"RobotSpaceExplorer:HighVoltage","floor":10},{"not_picked":["RobotSpaceExplorer:Blaster","RobotSpaceExplorer:DroneSwarm","RobotSpaceExplorer:TrailblazerForm"],"picked":"RobotSpaceExplorer:Wormhole","floor":13},{"not_picked":["RobotSpaceExplorer:Asteroid","RobotSpaceExplorer:Accelerator","RobotSpaceExplorer:Scanner"],"picked":"RobotSpaceExplorer:DroneSwarm","floor":16},{"not_picked":["RobotSpaceExplorer:Blaster","RobotSpaceExplorer:Multitool","RobotSpaceExplorer:Explosion"],"picked":"RobotSpaceExplorer:Asteroid","floor":23},{"not_picked":["RobotSpaceExplorer:Wormhole","RobotSpaceExplorer:ShockMissile","RobotSpaceExplorer:Multitool"],"picked":"RobotSpaceExplorer:Autoloader","floor":25},{"not_picked":["RobotSpaceExplorer:ShockMissile","RobotSpaceExplorer:Scanner","RobotSpaceExplorer:Asteroid"],"picked":"RobotSpaceExplorer:ChargingLaser","floor":28},{"not_picked":["RobotSpaceExplorer:BlastShield","RobotSpaceExplorer:Blaster","RobotSpaceExplorer:Arsenal"],"picked":"RobotSpaceExplorer:Autoloader","floor":31},{"not_picked":["RobotSpaceExplorer:DroneSwarm","RobotSpaceExplorer:Exploration","RobotSpaceExplorer:Autoloader"],"picked":"RobotSpaceExplorer:Comet","floor":38},{"not_picked":["RobotSpaceExplorer:HighVoltage","RobotSpaceExplorer:Scanner","RobotSpaceExplorer:Exploration","RobotSpaceExplorer:ChargingLaser"],"picked":"SKIP","floor":40},{"not_picked":["RobotSpaceExplorer:Asteroid","RobotSpaceExplorer:Autoloader","RobotSpaceExplorer:Accelerator"],"picked":"RobotSpaceExplorer:Wormhole","floor":42},{"not_picked":["RobotSpaceExplorer:Exploration","RobotSpaceExplorer:Blaster","RobotSpaceExplorer:Accelerator"],"picked":"RobotSpaceExplorer:TrailblazerForm","floor":46},{"not_picked":["RobotSpaceExplorer:Ammunition","RobotSpaceExplorer:SurgingShield+1","RobotSpaceExplorer:Probe"],"picked":"RobotSpaceExplorer:Pulsar+1","floor":49}],"player_experience":39384,"relics_obtained":[{"floor":1,"key":"jedi:cryingmask"},{"floor":2,"key":"Question Card"},{"floor":6,"key":"jedi:shrinkray"},{"floor":6,"key":"Replay:Bottled Snecko"},{"floor":8,"key":"Anchor"},{"floor":8,"key":"Akabeko"},{"floor":9,"key":"Shuriken"},{"floor":10,"key":"Replay:Wax Seal"},{"floor":11,"key":"Replay:Bottled Flurry"},{"floor":12,"key":"TungstenRod"},{"floor":13,"key":"conspire:BottledYoYo"},{"floor":14,"key":"aspiration:HummingbirdHeart"},{"floor":18,"key":"Pen Nib"},{"floor":19,"key":"jedi:bottledfury"},{"floor":23,"key":"Kunai"},{"floor":25,"key":"qcfpunch:Handcuffs"},{"floor":26,"key":"Snack Pack"},{"floor":30,"key":"jedi:angrymask"},{"floor":35,"key":"hubris:PeanutButter"},{"floor":36,"key":"White Beast Statue"},{"floor":37,"key":"hubris:ToyBattleship"},{"floor":38,"key":"ReplayTheSpireMod:TigerMarble"},{"floor":40,"key":"jedi:archwizardhat"},{"floor":42,"key":"Bag of Preparation"},{"floor":43,"key":"infinitespire:WardingShard"},{"floor":46,"key":"Replay:Mystery Machine"},{"floor":47,"key":"RobotSpaceExplorer:ToughPlating"}],"event_choices":[],"is_beta":false,"boss_relics":[{"not_picked":["SacredBark","ReplayTheSpireMod:DimensionalGlitch"],"picked":"RobotSpaceExplorer:SearchSpecs"},{"not_picked":["Replay:Grab Bag","qcfpunch:Crimson_Sash"],"picked":"Replay:Wanted Poster"}],"items_purged_floors":[3,3,21,22,22,44],"is_endless":false,"potions_floor_spawned":[1,10,12,14,18,28,36,37,38,39,40,42,46,47,48],"ascension_level":1}}