{"host":"mku5fdaoqz3qihec","time":1611942242,"event":{"mods":["100% Spire Juice","2.2 Compatiblity","AchievementEnabler","Arknights The Spire","BaseMod","CapriCore","Colored Map","Colored Powertips","Hermit","Koishi","Minty Spire (QoL Compilation)","Rare Cards Sparkle","StSLib","SuperFastMode","The Cursed","The Dragon Tamer","The Gatherer","The Immortal","The Servant 0.9.3"],"gold_per_floor":[12,28,28,45,56,81,92,92,92,92,10,45,45,45,45,45,45],"floor_reached":16,"language":"KOR","playtime":534,"items_purged":["Defend_S"],"score":121,"play_id":"17d7ea96-3aa1-40dd-83bd-a99375f17d27","local_time":"20210130024402","is_ascension_mode":true,"campfire_choices":[{"data":"Luminosity","floor":8,"key":"SMITH"},{"data":"Moonlight","floor":10,"key":"SMITH"},{"data":"Exchange","floor":15,"key":"SMITH"}],"circlet_count":0,"master_deck":["Strike_S","Strike_S","Defend_S","KidneyShot","Exchange+1","SpecialFormula","Moonlight+1","Barrier","TimeTheft","Luminosity+1","BottledTime","Defy"],"relics":["Uniform","Pen Nib","Membership Card","Juzu Bracelet"],"acts_visited":["Exordium"],"potions_floor_usage":[6,7,16],"damage_taken":[{"damage":0,"enemies":"2 Louse","floor":1,"turns":3},{"damage":0,"enemies":"Cultist","floor":2,"turns":3},{"damage":4,"enemies":"Jaw Worm","floor":4,"turns":4},{"damage":1,"enemies":"Exordium Thugs","floor":5,"turns":6},{"damage":15,"enemies":"3 Sentries","floor":6,"turns":6},{"damage":6,"enemies":"Lots of Slimes","floor":7,"turns":3},{"damage":15,"enemies":"Gremlin Nob","floor":12,"turns":4},{"damage":39,"enemies":"Slime Boss","floor":16,"turns":11}],"seed_played":"6083293795040353545","potions_obtained":[{"floor":2,"key":"Explosive Potion"},{"floor":4,"key":"AttackPotion"},{"floor":7,"key":"BlessingOfTheForge"},{"floor":12,"key":"SkillPotion"}],"is_trial":false,"path_per_floor":["M","M","?","M","M","E","M","R","T","R","$","E","?","?","R","B"],"character_chosen":"THE_SERVANT","items_purchased":["Membership Card"],"campfire_rested":0,"item_purchase_floors":[11],"current_hp_per_floor":[65,65,65,61,60,50,44,44,44,44,44,29,29,29,29,0,0],"gold":45,"neow_bonus":"TRANSFORM_TWO_CARDS","is_daily":false,"chose_seed":false,"campfire_upgraded":3,"win_rate":0.0,"timestamp":1611942242,"path_taken":["M","M","?","M","M","E","M","R","T","R","$","E","?","?","R","BOSS"],"items_purchased_type":["Relic"],"build_version":"2020-12-22","purchased_purges":1,"victory":false,"max_hp_per_floor":[65,65,65,65,65,65,65,65,65,65,65,65,65,65,65,65,65],"card_choices":[{"not_picked":["Alleviate","Rearm"],"picked":"Barrier","floor":1},{"not_picked":["Revamp","TimeWarp","ShatteredReality"],"picked":"SKIP","floor":2},{"not_picked":["DoubleEdge","Deadline"],"picked":"TimeTheft","floor":4},{"not_picked":["DoubleEdge","FanOfKnives"],"picked":"Luminosity","floor":5},{"not_picked":["WasteNot","Deadline","Revamp"],"picked":"SKIP","floor":6},{"not_picked":["FastForward","Manipulate"],"picked":"BottledTime","floor":7},{"not_picked":["Manipulate","Rewind"],"picked":"Defy","floor":12}],"player_experience":299750,"relics_obtained":[{"floor":6,"key":"Pen Nib"},{"floor":12,"key":"Juzu Bracelet"}],"event_choices":[{"cards_removed":["Strike_S"],"damage_healed":0,"gold_gain":0,"player_choice":"Offered Basic","damage_taken":0,"max_hp_gain":0,"max_hp_loss":0,"event_name":"Bonfire Elementals","floor":3,"gold_loss":0},{"damage_healed":0,"gold_gain":0,"player_choice":"Leave","damage_taken":0,"max_hp_gain":0,"max_hp_loss":0,"event_name":"The Cleric","floor":13,"gold_loss":0},{"cards_removed":["Defend_S"],"damage_healed":0,"gold_gain":0,"player_choice":"Purged","damage_taken":0,"max_hp_gain":0,"max_hp_loss":0,"event_name":"Purifier","floor":14,"gold_loss":0}],"is_beta":false,"boss_relics":[],"items_purged_floors":[11],"is_endless":false,"potions_floor_spawned":[2,4,7,12],"killed_by":"Slime Boss","ascension_level":2}}