{"host":"qj91dvco5uhu9oti","time":1611950665,"event":{"mods":["BaseMod","Colored Map","Keyboard Shortcuts","Minty Spire (QoL Compilation)","Permanent Neow","Relic Stats","StSLib","SuperFastMode","everything is the same but u backflip on backflip"],"gold_per_floor":[115,128,128,50,65,65,82,82,82,107,57,71,96,171,171,272,272,287,287,301,11,30,30,62,72,72,172,185,4,38,54,54,149,149,149],"floor_reached":34,"language":"KOR","playtime":1034,"items_purged":["Strike_G","Strike_G"],"score":392,"play_id":"93feb386-e6df-4f41-9c2a-6d54c4b77a8c","local_time":"20210130050425","is_ascension_mode":false,"campfire_choices":[{"data":"Noxious Fumes","floor":6.0,"key":"SMITH"},{"data":"Noxious Fumes","floor":15.0,"key":"SMITH"},{"data":"Outmaneuver","floor":23.0,"key":"SMITH"},{"data":"Prepared","floor":32,"key":"SMITH"}],"circlet_count":0,"master_deck":["Strike_G","Strike_G","Defend_G+1","Defend_G","Defend_G","Defend_G","Defend_G","Survivor","Neutralize","Noxious Fumes+1","Blade Dance","Noxious Fumes+1","Backflip","Leg Sweep","Escape Plan+1","Malaise+1","CurseOfTheBell","Well Laid Plans+1","Noxious Fumes+1","Finesse","Outmaneuver+1","Crippling Poison+1","Prepared","Prepared+1","Impatience","PiercingWail+1","Adrenaline"],"relics":["Ring of the Snake","Anchor","Art of War","Sundial","Bottled Lightning","War Paint","Odd Mushroom","Calling Bell","Pen Nib","Frozen Egg 2","Unceasing Top","Omamori","Meat on the Bone","Blue Candle","Fusion Hammer"],"acts_visited":["Exordium","TheCity","TheBeyond"],"potions_floor_usage":[31],"damage_taken":[{"damage":0.0,"enemies":"Cultist","floor":1.0,"turns":4.0},{"damage":8.0,"enemies":"2 Louse","floor":2.0,"turns":4.0},{"damage":0.0,"enemies":"Small Slimes","floor":5.0,"turns":4.0},{"damage":2.0,"enemies":"3 Louse","floor":7.0,"turns":4.0},{"damage":7.0,"enemies":"3 Sentries","floor":10.0,"turns":6.0},{"damage":0.0,"enemies":"Looter","floor":12.0,"turns":4.0},{"damage":11.0,"enemies":"The Mushroom Lair","floor":13.0,"turns":4.0},{"damage":10.0,"enemies":"The Guardian","floor":16.0,"turns":11.0},{"damage":6.0,"enemies":"Spheric Guardian","floor":18.0,"turns":5.0},{"damage":6.0,"enemies":"3 Byrds","floor":20.0,"turns":6.0},{"damage":0.0,"enemies":"Snake Plant","floor":22.0,"turns":6.0},{"damage":2.0,"enemies":"Gremlin Leader","floor":24.0,"turns":8.0},{"damage":0.0,"enemies":"Centurion and Healer","floor":25.0,"turns":6.0},{"damage":5,"enemies":"Shelled Parasite and Fungi","floor":28,"turns":5},{"damage":1,"enemies":"Book of Stabbing","floor":30,"turns":7},{"damage":6,"enemies":"3 Cultists","floor":31,"turns":4},{"damage":29,"enemies":"Collector","floor":33,"turns":10}],"seed_played":"-2491319194329799767","potions_obtained":[{"floor":2.0,"key":"BlessingOfTheForge"},{"floor":5.0,"key":"GamblersBrew"},{"floor":12.0,"key":"Block Potion"},{"floor":13.0,"key":"AttackPotion"},{"floor":25.0,"key":"SkillPotion"},{"floor":28,"key":"Dexterity Potion"},{"floor":30,"key":"EntropicBrew"}],"is_trial":false,"path_per_floor":["M","M","?","$","M","R","M","?","T","E","?","M","?","?","R","B",null,"M","?","M","$","M","R","E","M","T","?","M","$","E","M","R","B",null],"character_chosen":"THE_SILENT","items_purchased":["Noxious Fumes","Noxious Fumes+1","Dexterity Potion","Finesse","Impatience"],"campfire_rested":0,"item_purchase_floors":[4,21,21,21,29],"current_hp_per_floor":[70,62,62,62,62,62,60,53,53,46,46,46,35,24,24,14,70,64,64,58,58,58,58,56,56,56,56,51,51,50,44,44,27,70,70],"gold":149,"neow_bonus":"RANDOM_COMMON_RELIC","is_daily":false,"chose_seed":false,"campfire_upgraded":4,"win_rate":0.0,"timestamp":1611950665,"path_taken":["M","M","?","$","?","R","M","?","T","E","?","M","?","?","R","BOSS","M","?","M","$","M","R","E","?","T","?","M","$","E","M","R","BOSS"],"items_purchased_type":["Card","Card","Potion","Card","Card"],"build_version":"2020-12-22","purchased_purges":2,"victory":false,"max_hp_per_floor":[70,70,70,70,70,70,70,70,70,70,70,70,70,70,70,70,70,70,70,70,70,70,70,70,70,70,70,70,70,70,70,70,70,70,70],"relic_stats":{"counters":[17,98],"Sundial":[18],"Blue Candle":[1],"Pen Nib":[8],"Art of War":[25],"War Paint":["Defend_G","Escape Plan"],"obtain_stats":[{"Blue Candle":30,"Pen Nib":17,"Omamori":24,"War Paint":10,"Odd Mushroom":13,"Frozen Egg 2":17,"Calling Bell":17,"Anchor":0,"Sundial":8,"Fusion Hammer":34,"Art of War":3,"Bottled Lightning":9,"Unceasing Top":17,"Ring of the Snake":0,"Meat on the Bone":26},{"Blue Candle":15,"Pen Nib":8,"Omamori":12,"War Paint":5,"Odd Mushroom":7,"Frozen Egg 2":8,"Calling Bell":8,"Anchor":0,"Sundial":4,"Fusion Hammer":17,"Art of War":2,"Bottled Lightning":4,"Unceasing Top":8,"Ring of the Snake":0,"Meat on the Bone":13},{"Blue Candle":84,"Pen Nib":41,"Omamori":66,"War Paint":22,"Odd Mushroom":30,"Frozen Egg 2":41,"Calling Bell":41,"Anchor":0,"Sundial":16,"Fusion Hammer":98,"Art of War":8,"Bottled Lightning":16,"Unceasing Top":41,"Ring of the Snake":0,"Meat on the Bone":72}],"Unceasing Top":[12],"Ring of the Snake":[34],"Meat on the Bone":12},"card_choices":[{"not_picked":["Backflip","Poisoned Stab"],"picked":"Noxious Fumes","floor":1.0},{"not_picked":["Deflect","Cloak And Dagger"],"picked":"Blade Dance","floor":2.0},{"not_picked":["Accuracy","Quick Slash"],"picked":"Backflip","floor":5.0},{"not_picked":["Sucker Punch","Expertise"],"picked":"Leg Sweep","floor":7.0},{"not_picked":["Poisoned Stab","Endless Agony"],"picked":"Escape Plan","floor":10.0},{"not_picked":["Caltrops","Dash","Predator"],"picked":"SKIP","floor":12.0},{"not_picked":["PiercingWail","Poisoned Stab"],"picked":"Malaise","floor":13.0},{"not_picked":["Bane","Cloak And Dagger"],"picked":"Well Laid Plans+1","floor":18.0},{"not_picked":["Predator","Sucker Punch","Bane"],"picked":"SKIP","floor":20.0},{"not_picked":["Cloak And Dagger","Underhanded Strike"],"picked":"Outmaneuver","floor":22.0},{"not_picked":["Dodge and Roll+1","Backstab"],"picked":"Crippling Poison+1","floor":24.0},{"not_picked":["Calculated Gamble+1","Backstab"],"picked":"Prepared","floor":25.0},{"not_picked":["A Thousand Cuts+1","Quick Slash"],"picked":"Prepared","floor":28},{"not_picked":["Slice","Poisoned Stab"],"picked":"PiercingWail+1","floor":30},{"not_picked":["Leg Sweep","Deflect","Flying Knee"],"picked":"SKIP","floor":31},{"not_picked":["A Thousand Cuts+1","Phantasmal Killer"],"picked":"Adrenaline","floor":33}],"player_experience":352229,"relics_obtained":[{"floor":9.0,"key":"Bottled Lightning"},{"floor":10.0,"key":"War Paint"},{"floor":13.0,"key":"Odd Mushroom"},{"floor":17.0,"key":"Pen Nib"},{"floor":17.0,"key":"Frozen Egg 2"},{"floor":17.0,"key":"Unceasing Top"},{"floor":24.0,"key":"Omamori"},{"floor":26.0,"key":"Meat on the Bone"},{"floor":30,"key":"Blue Candle"}],"event_choices":[{"damage_healed":0.0,"max_hp_gain":0.0,"max_hp_loss":0.0,"gold_gain":0.0,"event_name":"WeMeetAgain","player_choice":"Gave Potion","floor":3.0,"gold_loss":0.0,"damage_taken":0.0,"relics_obtained":["Art of War"]},{"damage_healed":0.0,"max_hp_gain":0.0,"max_hp_loss":0.0,"gold_gain":0.0,"event_name":"Scrap Ooze","player_choice":"Success","floor":8.0,"gold_loss":0.0,"damage_taken":7.0,"relics_obtained":["Sundial"]},{"cards_removed":["Strike_G"],"damage_healed":0.0,"max_hp_gain":0.0,"max_hp_loss":0.0,"gold_gain":0.0,"event_name":"The Cleric","player_choice":"Card Removal","floor":11.0,"gold_loss":50.0,"damage_taken":0.0},{"damage_healed":0.0,"max_hp_gain":0.0,"max_hp_loss":0.0,"gold_gain":0.0,"event_name":"Mushrooms","player_choice":"Fought Mushrooms","floor":13.0,"gold_loss":0.0,"damage_taken":0.0},{"damage_healed":0.0,"max_hp_gain":0.0,"max_hp_loss":0.0,"gold_gain":75.0,"event_name":"World of Goop","player_choice":"Gather Gold","floor":14.0,"gold_loss":0.0,"damage_taken":11.0},{"damage_healed":0.0,"max_hp_gain":0.0,"max_hp_loss":0.0,"gold_gain":0.0,"event_name":"Upgrade Shrine","player_choice":"Upgraded","floor":19.0,"gold_loss":0.0,"damage_taken":0.0,"cards_upgraded":["Malaise"]},{"damage_healed":0.0,"max_hp_gain":0.0,"max_hp_loss":0.0,"gold_gain":100.0,"event_name":"Golden Shrine","player_choice":"Pray","floor":27.0,"gold_loss":0.0,"damage_taken":0.0}],"is_beta":false,"boss_relics":[{"not_picked":["Snecko Eye","Tiny House"],"picked":"Calling Bell"},{"not_picked":["SlaversCollar","Astrolabe"],"picked":"Fusion Hammer"}],"items_purged_floors":[21,29],"is_endless":false,"potions_floor_spawned":[2,5,12,13,22,25,28,30],"ascension_level":0}}