{"host":"y7b1p9nkx4idorr2","time":1611903208,"event":{"mods":["AchievementEnabler","Act Like it!","BaseMod","Colored Map","Downfall","GifTheSpireLib","Googly Eyes","Highlight Path","Mimic Mod","Minty Spire (QoL Compilation)","Shop Mod","Spicy Shops","StSLib","Unceasing Turn Reminder"],"gold_per_floor":[99,116,566,584,1,61,143,143,172,169,193,217,229,271,293,407,419,431,459,132,132,42,58,81,95,95,95,95,95,106,141,155,258,258,58,69,69,69,69,98,122,135,170,270,298,313,213,228,228,228,228],"floor_reached":49,"language":"ENG","playtime":3439,"items_purged":["downfall:Icky","downfall:Icky","downfall:Icky"],"score":736,"play_id":"dbbc080f-195c-4293-b504-005b2df32d35","local_time":"20210129005328","is_ascension_mode":true,"campfire_choices":[{"data":"hexamod:Float","floor":1,"key":"SMITH"},{"data":"hexamod:Incineration","floor":8,"key":"SMITH"},{"data":"hexamod:EmpoweredFlame","floor":13,"key":"SMITH"},{"floor":18,"key":"RECALL"},{"floor":27,"key":"REST"},{"data":"hexamod:SearingWound","floor":29,"key":"SMITH"},{"data":"hexamod:HexaLevel","floor":35,"key":"SMITH"},{"data":"hexamod:RecurringNightmare","floor":47,"key":"SMITH"}],"circlet_count":0,"master_deck":["hexamod:Strike","hexamod:Strike","hexamod:Strike","hexamod:Strike","hexamod:Defend","hexamod:Defend","hexamod:Defend","hexamod:Defend","hexamod:Sear+1","hexamod:Float+1","hexamod:PhantomFireball","hexamod:ThermalTransfer","hexamod:FlamesFromBeyond","hexamod:EmpoweredFlame+1","hexamod:Incineration+1","hexamod:FlamesFromBeyond","hexamod:RecurringNightmare+1","hexamod:UnleashSpirits+1","hexamod:HeatShield","hexamod:GhostLash+1","hexamod:PowerFromBeyond","hexamod:FastForward","hexamod:SearingWound+1","hexamod:Firestarter+1","hexamod:HeatCrush+1","hexamod:ExtraCrispy","hexamod:EmpoweredFlame+1","hexamod:Again+1","hexamod:ThermalTransfer+1","hexamod:BurningTouch","hexamod:HexaLevel+1","hexamod:NightmareStrike+1","hexamod:Hexaguard+1","hexamod:ForkedFlame+1","hexamod:EtherealExpedition+1","hexamod:GhostOfSpireFuture+1","hexamod:NecessarySacrifice+1","hexamod:HauntingEcho+1"],"relics":["hexamod:SpiritBrand","Dead Branch","Molten Egg 2","Shuriken","MawBank","Pen Nib","SlaversCollar","Oddly Smooth Stone","Chemical X","Vajra","Question Card","Regal Pillow","Coffee Dripper","downfall:HeartBlessingRed","downfall:HeartBlessingBlue","Mercury Hourglass","Akabeko","Potion Belt","Boot","downfall:GremlinWheel","White Beast Statue","downfall:HeartBlessingGreen"],"acts_visited":["Exordium","TheCity","TheBeyond"],"potions_floor_usage":[9,22,31,32,40,46,46],"damage_taken":[{"damage":0,"enemies":"Small Slimes","floor":2,"turns":3},{"damage":3,"enemies":"2 Louse","floor":4,"turns":3},{"damage":0,"enemies":"downfall:FleeingMerchant","floor":5,"turns":4},{"damage":12,"enemies":"3 Sentries","floor":6,"turns":7},{"damage":15,"enemies":"Gremlin Nob","floor":9,"turns":5},{"damage":6,"enemies":"downfall:FleeingMerchant","floor":10,"turns":4},{"damage":0,"enemies":"Cultist","floor":11,"turns":3},{"damage":8,"enemies":"2 Fungi Beasts","floor":12,"turns":3},{"damage":7,"enemies":"3 Sentries","floor":14,"turns":3},{"damage":2,"enemies":"Blue Slaver","floor":15,"turns":3},{"damage":0,"enemies":"SI_SHIV_ARCHETYPE","floor":16,"turns":6},{"damage":9,"enemies":"Shell Parasite","floor":19,"turns":4},{"damage":5,"enemies":"downfall:FleeingMerchant","floor":20,"turns":4},{"damage":8,"enemies":"downfall:FleeingMerchant","floor":22,"turns":3},{"damage":21,"enemies":"Snake Plant","floor":23,"turns":2},{"damage":1,"enemies":"Centurion and Healer","floor":25,"turns":5},{"damage":15,"enemies":"Cultist and Chosen","floor":30,"turns":4},{"damage":14,"enemies":"Slavers","floor":31,"turns":4},{"damage":0,"enemies":"Snake Plant","floor":32,"turns":2},{"damage":2,"enemies":"WA_ARCHETYPE_CALM","floor":33,"turns":4},{"damage":11,"enemies":"3 Darklings","floor":36,"turns":4},{"damage":27,"enemies":"Reptomancer","floor":40,"turns":4},{"damage":11,"enemies":"Orb Walker","floor":42,"turns":3},{"damage":0,"enemies":"Giant Head","floor":43,"turns":6},{"damage":9,"enemies":"Giant Head","floor":44,"turns":3},{"damage":15,"enemies":"Reptomancer","floor":45,"turns":5},{"damage":6,"enemies":"3 Darklings","floor":46,"turns":3},{"damage":0,"enemies":"4 Shapes","floor":48,"turns":3},{"damage":3,"enemies":"Writhing Mass","floor":49,"turns":1}],"seed_played":"5551135927904821193","potions_obtained":[{"floor":2,"key":"Guardian:BlockOnCardUsePotion"},{"floor":11,"key":"GamblersBrew"},{"floor":12,"key":"GamblersBrew"},{"floor":15,"key":"GamblersBrew"},{"floor":23,"key":"Block Potion"},{"floor":30,"key":"AttackPotion"},{"floor":32,"key":"Fire Potion"},{"floor":33,"key":"Ancient Potion"},{"floor":44,"key":"hexamod:EctoCoolerPotion"},{"floor":45,"key":"Energy Potion"},{"floor":46,"key":"hexamod:InfernoChargePotion"},{"floor":48,"key":"SkillPotion"}],"is_trial":false,"path_per_floor":["R","M","?","M","$","?","T","R","E","$","M","M","R","E","M","B",null,"R","M","$","?","$","M","T","M","?","R","T","R","M","E","M","B",null,"R","M","$","?","?","E","T","M","E","?","E","M","R","M","M"],"character_chosen":"THE_SPIRIT","items_purchased":["Dead Branch","hexamod:EmpoweredFlame","hexamod:Incineration","hexamod:ExtraCrispy","Oddly Smooth Stone","Chemical X","Vajra"],"campfire_rested":1,"item_purchase_floors":[5,5,5,20,20,22,22],"current_hp_per_floor":[70,70,70,67,67,55,55,55,40,34,34,26,26,19,17,17,70,70,61,56,56,48,27,27,26,26,47,47,47,32,18,18,16,70,80,69,69,69,69,42,42,31,31,22,7,1,1,1,0,0,0],"gold":228,"neow_bonus":"UPGRADE_CARD","is_daily":false,"chose_seed":false,"campfire_upgraded":6,"win_rate":0.0,"timestamp":1611903208,"path_taken":["R","M","?","M","$","?","T","R","E","$","M","M","R","E","M","BOSS","R","M","$","?","$","M","T","?","?","R","?","R","?","E","M","BOSS","R","M","$","?","?","E","T","M","E","?","E","M","R","?","M"],"items_purchased_type":["Relic","Card","Card","Card","Relic","Relic","Relic"],"build_version":"2020-12-22","purchased_purges":3,"victory":false,"max_hp_per_floor":[70,70,70,70,70,70,70,70,70,70,70,70,70,70,70,70,70,70,70,70,70,70,70,70,70,70,70,70,70,70,70,70,70,70,80,80,80,80,80,80,80,80,80,80,80,80,80,80,80,80,80],"card_choices":[{"not_picked":["hexamod:HeatMetal","hexamod:NightmareStrike"],"picked":"hexamod:PhantomFireball","floor":2},{"not_picked":["hexamod:Haunt","hexamod:ShieldOfDarkness"],"picked":"hexamod:ThermalTransfer","floor":4},{"not_picked":["hexamod:RainOfEmbers","hexamod:InspiringFlames"],"picked":"hexamod:FlamesFromBeyond","floor":5},{"not_picked":["hexamod:EmpoweredFlame","hexamod:InspiringFlames"],"picked":"hexamod:FlamesFromBeyond","floor":6},{"not_picked":["hexamod:ShieldOfDarkness","hexamod:NightmareGuise"],"picked":"hexamod:RecurringNightmare","floor":9},{"not_picked":["hexamod:FastForward","hexamod:BacktrackSmack+1"],"picked":"hexamod:UnleashSpirits+1","floor":10},{"not_picked":["hexamod:SpectersWail+1","hexamod:GhostLash+1"],"picked":"hexamod:HeatShield","floor":11},{"not_picked":["hexamod:SwordOfDarkness+1","hexamod:HeatMetal+1"],"picked":"hexamod:GhostLash+1","floor":12},{"not_picked":["hexamod:Firestarter+1","hexamod:FlamesFromBeyond"],"picked":"hexamod:PowerFromBeyond","floor":14},{"not_picked":["hexamod:SkipABeat","hexamod:UnlimitedPower"],"picked":"hexamod:FastForward","floor":15},{"not_picked":["hexamod:UnleashSpirits+1","hexamod:SixthSeal"],"picked":"hexamod:SearingWound","floor":16},{"not_picked":["hexamod:ThirdSeal","hexamod:GhostLash+1"],"picked":"hexamod:Firestarter+1","floor":19},{"not_picked":["hexamod:Firestarter+1","hexamod:InspiringFlames"],"picked":"hexamod:HeatCrush+1","floor":20},{"not_picked":["hexamod:PowerFromBeyond","hexamod:StepThrough+1"],"picked":"hexamod:Again+1","floor":22},{"not_picked":["hexamod:Firestarter+1","hexamod:SecondSeal"],"picked":"hexamod:ThermalTransfer+1","floor":23},{"not_picked":["hexamod:Haunt","hexamod:Hexaguard"],"picked":"hexamod:BurningTouch","floor":25},{"not_picked":["hexamod:BurningTouch+1","hexamod:GhostflameBarrier","hexamod:SwordOfDarkness+1"],"picked":"hexamod:HexaLevel","floor":30},{"not_picked":["hexamod:SwordOfDarkness+1","hexamod:BurningTouch+1","hexamod:ChargedBarrage"],"picked":"hexamod:NightmareStrike+1","floor":31},{"not_picked":["hexamod:RetreatToShadows+1","hexamod:SpectersWail+1","hexamod:HeatMetal+1"],"picked":"hexamod:Hexaguard+1","floor":32},{"not_picked":["hexamod:ParanormalForm","hexamod:UnleashSpirits+1","hexamod:GhostflameInferno"],"picked":"hexamod:ForkedFlame+1","floor":33},{"not_picked":["hexamod:ChargedBarrage+1","hexamod:GhostLash+1","hexamod:SkipABeat","hexamod:Hexaguard+1"],"picked":"SKIP","floor":36},{"not_picked":["hexamod:SoulSteal+1","hexamod:GhostLash+1","hexamod:BacktrackSmack+1"],"picked":"hexamod:EtherealExpedition+1","floor":40},{"not_picked":["hexamod:Haunt","hexamod:SwordOfDarkness+1","hexamod:BacktrackSmack+1"],"picked":"hexamod:GhostOfSpireFuture+1","floor":42},{"not_picked":["hexamod:HeatShield","hexamod:ShieldOfDarkness+1","hexamod:GhostflameBarrier"],"picked":"hexamod:NecessarySacrifice+1","floor":43},{"not_picked":["hexamod:EmpoweredFlame","hexamod:CatchUp","hexamod:RecurringNightmare","hexamod:PhantomFireball+1"],"picked":"SKIP","floor":45},{"not_picked":["hexamod:HeatMetal+1","hexamod:Firestarter+1","hexamod:RecurringNightmare+1"],"picked":"hexamod:HauntingEcho+1","floor":46},{"not_picked":["hexamod:HeatCrush+1","hexamod:PhantomCloak","hexamod:RetreatToShadows","hexamod:UnleashSpirits+1"],"picked":"SKIP","floor":48}],"player_experience":2217480,"relics_obtained":[{"floor":6,"key":"Molten Egg 2"},{"floor":7,"key":"Shuriken"},{"floor":9,"key":"MawBank"},{"floor":14,"key":"Pen Nib"},{"floor":28,"key":"Question Card"},{"floor":31,"key":"Regal Pillow"},{"floor":39,"key":"Mercury Hourglass"},{"floor":40,"key":"Akabeko"},{"floor":41,"key":"Potion Belt"},{"floor":43,"key":"Boot"},{"floor":44,"key":"downfall:GremlinWheel"},{"floor":45,"key":"White Beast Statue"}],"event_choices":[],"is_beta":false,"boss_relics":[{"not_picked":["Pandora\u0027s Box","Philosopher\u0027s Stone"],"picked":"SlaversCollar"},{"not_picked":["bronze:MakeshiftBattery","Runic Pyramid"],"picked":"Coffee Dripper"}],"items_purged_floors":[5,20,22],"is_endless":false,"potions_floor_spawned":[2,11,12,15,23,30,32,33,36,44,45,46,48],"killed_by":"Writhing Mass","ascension_level":1}}