{"host":"gbsupkmj5cka9iw4","time":1611928621,"event":{"mods":["BaseMod","Better Note","BetterRewards","Minty Spire (QoL Compilation)","Say the Spire","Shop Mod","StSLib"],"gold_per_floor":[14,31,48,65,140,140,152,185,185,185,185,204,204,237,237,334,334,353,353,366,137,137,137,137,137],"floor_reached":24,"language":"ENG","playtime":1219,"items_purged":["Defend_B"],"score":330,"play_id":"3dca882f-4e82-4a8c-8fdf-4183437a6d08","local_time":"20210129225701","is_ascension_mode":true,"campfire_choices":[{"floor":6.0,"key":"REST"},{"data":"Sunder","floor":10.0,"key":"SMITH"},{"data":"Reinforced Body","floor":13.0,"key":"SMITH"},{"floor":15,"key":"REST"},{"floor":23,"key":"REST"}],"circlet_count":0,"master_deck":["AscendersBane","Strike_B","Strike_B","Defend_B+1","Defend_B","Zap","Dualcast","Core Surge","Leap+1","Seek","White Noise","Biased Cognition","Sunder+1","Streamline","Reinforced Body+1","Hologram","Electrodynamics","All For One+1","Genetic Algorithm+1","Rebound+1","Hologram","Turbo","Reinforced Body+1","Ball Lightning"],"relics":["Cracked Core","Dead Branch","Lantern","Astrolabe","DollysMirror"],"acts_visited":["Exordium","TheCity"],"potions_floor_usage":[14],"damage_taken":[{"damage":0.0,"enemies":"2 Louse","floor":1.0,"turns":2.0},{"damage":0.0,"enemies":"Jaw Worm","floor":2.0,"turns":4.0},{"damage":1.0,"enemies":"Cultist","floor":3.0,"turns":3.0},{"damage":8.0,"enemies":"Exordium Wildlife","floor":4.0,"turns":3.0},{"damage":4.0,"enemies":"2 Fungi Beasts","floor":7.0,"turns":3.0},{"damage":11.0,"enemies":"3 Sentries","floor":8.0,"turns":4.0},{"damage":0.0,"enemies":"Lots of Slimes","floor":12.0,"turns":4.0},{"damage":18,"enemies":"Gremlin Nob","floor":14,"turns":3},{"damage":22,"enemies":"Slime Boss","floor":16,"turns":11},{"damage":9,"enemies":"3 Byrds","floor":18,"turns":4},{"damage":37,"enemies":"Shell Parasite","floor":20,"turns":6},{"damage":26,"enemies":"Gremlin Leader","floor":24,"turns":4}],"seed_played":"-2260430575464592227","potions_obtained":[{"floor":2.0,"key":"Ancient Potion"},{"floor":4.0,"key":"DistilledChaos"},{"floor":16,"key":"SteroidPotion"},{"floor":20,"key":"CultistPotion"}],"is_trial":false,"path_per_floor":["M","M","M","M","?","R","M","E","T","R","?","M","R","E","R","B",null,"M","?","M","$","?","R","E"],"character_chosen":"DEFECT","items_purchased":["DollysMirror"],"campfire_rested":3,"item_purchase_floors":[21],"current_hp_per_floor":[68,68,67,59,48,70,66,55,55,55,40,40,40,22,44,22,62,53,39,2,2,2,26,0,0],"gold":137,"neow_bonus":"THREE_RARE_CARDS","is_daily":false,"chose_seed":false,"campfire_upgraded":2,"win_rate":0.0,"timestamp":1611928621,"path_taken":["M","M","M","M","?","R","M","E","T","R","?","M","R","E","R","BOSS","M","?","M","$","?","R","E"],"items_purchased_type":["Relic"],"build_version":"2020-12-22","purchased_purges":1,"victory":false,"max_hp_per_floor":[75,75,75,75,75,75,75,75,75,75,75,75,75,75,75,75,75,75,80,80,80,80,80,80,80],"card_choices":[{"not_picked":["Reboot","Meteor Strike"],"picked":"Core Surge","floor":0.0},{"not_picked":["Redo","Coolheaded"],"picked":"Leap","floor":1.0},{"not_picked":["Scrape","Ball Lightning"],"picked":"Seek","floor":2.0},{"not_picked":["Rebound","Hologram"],"picked":"White Noise","floor":3.0},{"not_picked":["Stack","Rebound"],"picked":"Biased Cognition","floor":4.0},{"not_picked":["Barrage","Beam Cell"],"picked":"Sunder","floor":7.0},{"not_picked":["Blizzard","Leap"],"picked":"Streamline","floor":8.0},{"not_picked":["Leap","Go for the Eyes"],"picked":"Reinforced Body","floor":12.0},{"not_picked":["FTL","Auto Shields"],"picked":"Hologram","floor":14},{"not_picked":["All For One","Multi-Cast"],"picked":"Electrodynamics","floor":16},{"not_picked":["Storm","Leap"],"picked":"Hologram","floor":18},{"not_picked":["Double Energy","Lockon"],"picked":"Turbo","floor":20}],"player_experience":810402,"relics_obtained":[{"floor":8.0,"key":"Dead Branch"},{"floor":9.0,"key":"Lantern"}],"event_choices":[{"damage_healed":0.0,"max_hp_gain":0.0,"max_hp_loss":0.0,"gold_gain":75.0,"event_name":"World of Goop","player_choice":"Gather Gold","floor":5.0,"gold_loss":0.0,"damage_taken":11.0},{"damage_healed":0.0,"max_hp_gain":0.0,"max_hp_loss":0.0,"gold_gain":0.0,"event_name":"Shining Light","player_choice":"Entered Light","floor":11.0,"gold_loss":0.0,"damage_taken":15.0,"cards_upgraded":["Leap","Defend_B"]},{"damage_healed":0,"gold_gain":0,"player_choice":"Shed Blood","damage_taken":19,"max_hp_gain":5,"max_hp_loss":0,"event_name":"Forgotten Altar","floor":19,"gold_loss":0},{"damage_healed":0,"gold_gain":0,"player_choice":"Read","damage_taken":0,"max_hp_gain":0,"max_hp_loss":0,"event_name":"The Library","floor":22,"gold_loss":0,"cards_obtained":["Ball Lightning"]}],"is_beta":false,"boss_relics":[{"not_picked":["Velvet Choker","Runic Dome"],"picked":"Astrolabe"}],"items_purged_floors":[21],"is_endless":false,"potions_floor_spawned":[2,4,16,20],"killed_by":"Gremlin Leader","ascension_level":12}}