{"host":"0tiuc76yumknr6qf","time":1611957215,"event":{"mods":["Aspiration","BaseMod","Bestiary","Colored Map","DeckTracker","Highlight Path","Minty Spire (QoL Compilation)","StSLib"],"gold_per_floor":[114,114,129,129,129,129,154,154,178,178,214,214,235,68,68,164,164,164,164],"floor_reached":18,"language":"ENG","playtime":721,"items_purged":[],"score":316,"play_id":"7a8b5d14-018f-41ca-980f-db54b0886877","local_time":"20210129155335","is_ascension_mode":true,"campfire_choices":[{"data":"Blade Dance","floor":6,"key":"SMITH"},{"data":"Corpse Explosion","floor":8,"key":"SMITH"},{"data":"Neutralize","floor":10,"key":"SMITH"},{"data":"Unload","floor":12,"key":"SMITH"},{"floor":15,"key":"REST"}],"circlet_count":0,"master_deck":["AscendersBane","Strike_G","Strike_G","Strike_G","Strike_G","Strike_G","Defend_G+1","Defend_G","Defend_G+1","Defend_G","Defend_G","Survivor","Neutralize+1","Blade Dance+1","Expertise","Corpse Explosion+1","Escape Plan","Acrobatics","Unload+1","Dodge and Roll","Adrenaline"],"relics":["SlaversCollar","Golden Idol","Vajra","Frozen Egg 2","OrangePellets","HoveringKite"],"acts_visited":["Exordium","TheCity"],"potions_floor_usage":[11,16,16],"damage_taken":[{"damage":0,"enemies":"2 Louse","floor":1,"turns":3},{"damage":0,"enemies":"Cultist","floor":3,"turns":4},{"damage":1,"enemies":"Small Slimes","floor":7,"turns":4},{"damage":18,"enemies":"Gremlin Nob","floor":11,"turns":4},{"damage":2,"enemies":"Exordium Thugs","floor":13,"turns":4},{"damage":30,"enemies":"Slime Boss","floor":16,"turns":10},{"damage":48,"enemies":"Chosen","floor":18,"turns":5}],"seed_played":"350602040753750815","potions_obtained":[{"floor":3,"key":"Block Potion"},{"floor":7,"key":"Explosive Potion"},{"floor":13,"key":"Block Potion"}],"is_trial":false,"path_per_floor":["M","?","M","?","?","R","M","R","T","R","E","R","M","$","R","B",null,"M"],"character_chosen":"THE_SILENT","items_purchased":["OrangePellets"],"campfire_rested":1,"item_purchase_floors":[14],"current_hp_per_floor":[59,59,59,39,39,39,38,38,38,38,20,20,18,18,36,6,47,0,0],"gold":164,"neow_bonus":"BOSS_RELIC","is_daily":false,"chose_seed":false,"campfire_upgraded":4,"win_rate":0.0,"timestamp":1611957215,"path_taken":["M","?","?","?","?","R","M","R","T","R","E","R","?","$","R","BOSS","M"],"items_purchased_type":["Relic"],"build_version":"2020-12-22","purchased_purges":0,"victory":false,"max_hp_per_floor":[66,66,66,66,60,60,60,60,60,60,60,60,60,60,60,60,60,60,60],"card_choices":[{"not_picked":["Poisoned Stab","Tactician"],"picked":"Blade Dance","floor":1},{"not_picked":["Flying Knee","Concentrate"],"picked":"Escape Plan","floor":3},{"not_picked":["Dagger Throw","Terror"],"picked":"Acrobatics","floor":7},{"not_picked":["Sucker Punch","Underhanded Strike"],"picked":"Unload","floor":11},{"not_picked":["Backflip","Terror"],"picked":"Dodge and Roll","floor":13},{"not_picked":["Storm of Steel","aspiration:Lunge"],"picked":"Adrenaline","floor":16}],"player_experience":1902838,"relics_obtained":[{"floor":9,"key":"Vajra"},{"floor":11,"key":"Frozen Egg 2"}],"event_choices":[{"damage_healed":0,"gold_gain":0,"player_choice":"2 cards matched","damage_taken":0,"max_hp_gain":0,"max_hp_loss":0,"event_name":"Match and Keep!","floor":2,"gold_loss":0,"cards_obtained":["Expertise","Corpse Explosion"]},{"damage_healed":0,"gold_gain":0,"player_choice":"Entered Light","damage_taken":20,"max_hp_gain":0,"max_hp_loss":0,"event_name":"Shining Light","floor":4,"gold_loss":0,"cards_upgraded":["Defend_G","Defend_G"]},{"damage_healed":0,"gold_gain":0,"player_choice":"Lose Max HP","damage_taken":0,"relics_obtained":["Golden Idol"],"max_hp_gain":0,"max_hp_loss":6,"event_name":"Golden Idol","floor":5,"gold_loss":0}],"is_beta":false,"boss_relics":[{"not_picked":["aspiration:SecretTechniqueScroll","aspiration:DefectSkillbook"],"picked":"HoveringKite"}],"items_purged_floors":[],"is_endless":false,"potions_floor_spawned":[3,7,13],"killed_by":"Chosen","ascension_level":20}}