{"host":"zxd2l8an9de7z7b9","time":1611909441,"event":{"mods":["2.2 Compatiblity","BaseMod","CapriCore","Colored Map","Colored Powertips","Minty Spire (QoL Compilation)","Rare Cards Sparkle","StSLib","SuperFastMode"],"gold_per_floor":[112,126,126,401,411,30,59,59,59,59,73,73,73,89,89,193,193,204,104,115,129,143,175,175,201,280,297,297,297,329,342,342,440,440,457,457,507,79,131,165,165,194,268,268,268,293,293,303,303,303,303,303,73,107,107],"floor_reached":56,"language":"KOR","playtime":3077,"items_purged":["Regret","Strike_P","ThirdEye","ThirdEye"],"score":1635,"play_id":"b5378a2d-452d-4648-b582-b9fb12b7c12f","local_time":"20210129173721","is_ascension_mode":true,"campfire_choices":[{"data":"Eruption","floor":8.0,"key":"SMITH"},{"data":"Tantrum","floor":10.0,"key":"SMITH"},{"data":"Scrawl","floor":12.0,"key":"SMITH"},{"floor":15.0,"key":"REST"},{"data":"Vault","floor":24.0,"key":"SMITH"},{"data":"SandsOfTime","floor":29.0,"key":"SMITH"},{"data":"SandsOfTime","floor":32.0,"key":"SMITH"},{"data":"Vengeance","floor":41.0,"key":"SMITH"},{"data":"Meditate","floor":44.0,"key":"SMITH"},{"floor":49.0,"key":"RECALL"},{"data":"SpiritShield","floor":52.0,"key":"SMITH"}],"circlet_count":0,"master_deck":["Eruption+1","SandsOfTime+1","Tantrum+1","SignatureMove+1","Scrawl+1","SandsOfTime+1","Vault+1","WindmillStrike+1","EmptyBody","Crescendo+1","Protect","EmptyMind","SashWhip+1","EmptyFist+1","DeusExMachina","Perseverance+1","ClearTheMind","MasterReality","Perseverance","Evaluate","Vengeance+1","Meditate+1","ClearTheMind","CrushJoints+1","Violence","BattleHymn","SpiritShield+1","ForeignInfluence+1","Crescendo+1","ClearTheMind+1","LikeWater","ForeignInfluence+1"],"relics":["HolyWater","Sling","MealTicket","CaptainsWheel","Mango","Gremlin Horn","Centennial Puzzle","Eternal Feather","Tiny Chest","Pandora\u0027s Box","WingedGreaves","Membership Card","Mummified Hand","Oddly Smooth Stone","Ice Cream","FossilizedHelix","Whetstone","Bottled Lightning","Toxic Egg 2","Art of War","Blue Candle"],"acts_visited":["Exordium","TheCity","TheBeyond","TheEnding"],"potions_floor_usage":[55,55,55,55,55],"damage_taken":[{"damage":0.0,"enemies":"Small Slimes","floor":1.0,"turns":2.0},{"damage":2.0,"enemies":"Jaw Worm","floor":2.0,"turns":4.0},{"damage":0.0,"enemies":"Cultist","floor":5.0,"turns":2.0},{"damage":36.0,"enemies":"Lagavulin","floor":7.0,"turns":3.0},{"damage":0.0,"enemies":"Large Slime","floor":11.0,"turns":3.0},{"damage":6.0,"enemies":"Looter","floor":14.0,"turns":2.0},{"damage":0.0,"enemies":"Slime Boss","floor":16.0,"turns":4.0},{"damage":3.0,"enemies":"2 Thieves","floor":18.0,"turns":3.0},{"damage":0.0,"enemies":"Shell Parasite","floor":20.0,"turns":1.0},{"damage":16.0,"enemies":"Shelled Parasite and Fungi","floor":21.0,"turns":5.0},{"damage":0.0,"enemies":"Centurion and Healer","floor":22.0,"turns":5.0},{"damage":0.0,"enemies":"Book of Stabbing","floor":23.0,"turns":1.0},{"damage":5.0,"enemies":"Slavers","floor":25.0,"turns":4.0},{"damage":0.0,"enemies":"Sentry and Sphere","floor":27.0,"turns":3.0},{"damage":2.0,"enemies":"Book of Stabbing","floor":30.0,"turns":6.0},{"damage":0.0,"enemies":"Cultist and Chosen","floor":31.0,"turns":4.0},{"damage":32.0,"enemies":"Automaton","floor":33.0,"turns":11.0},{"damage":1.0,"enemies":"Orb Walker","floor":35.0,"turns":2.0},{"damage":0.0,"enemies":"Mind Bloom Boss Battle","floor":37.0,"turns":6.0},{"damage":3.0,"enemies":"2 Orb Walkers","floor":39.0,"turns":4.0},{"damage":0.0,"enemies":"Giant Head","floor":40.0,"turns":5.0},{"damage":0.0,"enemies":"Nemesis","floor":42.0,"turns":4.0},{"damage":0.0,"enemies":"Reptomancer","floor":46.0,"turns":4.0},{"damage":0.0,"enemies":"3 Darklings","floor":48.0,"turns":2.0},{"damage":0.0,"enemies":"Time Eater","floor":50.0,"turns":5.0},{"damage":16.0,"enemies":"Shield and Spear","floor":54.0,"turns":6.0},{"damage":68,"enemies":"The Heart","floor":55,"turns":9}],"seed_played":"-6851110810073677478","potions_obtained":[{"floor":2.0,"key":"Dexterity Potion"},{"floor":11.0,"key":"EntropicBrew"},{"floor":14.0,"key":"Strength Potion"},{"floor":21.0,"key":"SteroidPotion"},{"floor":22.0,"key":"EntropicBrew"},{"floor":27.0,"key":"SkillPotion"},{"floor":31.0,"key":"GamblersBrew"},{"floor":33.0,"key":"Strength Potion"}],"is_trial":false,"path_per_floor":["M","M","?","?","M","$","E","R","T","R","M","R","?","M","R","B",null,"M","$","M","M","M","E","R","E","T","M","?","R","E","M","R","B",null,"M","?","?","$","?","E","R","E","T","R","T","E","?","M","R","B",null,"R","$","E","B",null],"character_chosen":"WATCHER","items_purchased":["Sling","MealTicket","Membership Card","BattleHymn","Mummified Hand","Oddly Smooth Stone","Crescendo+1","ClearTheMind+1","LikeWater","Art of War"],"campfire_rested":1,"item_purchase_floors":[6,6,38,38,38,38,53,53,53,53],"current_hp_per_floor":[72,70,75,75,75,75,39,39,53,53,53,53,35,29,56,56,91,88,91,91,75,75,75,75,70,70,70,70,82,80,80,91,59,91,90,90,90,91,88,88,91,91,91,91,91,91,91,91,91,91,91,91,91,75,7],"gold":107,"neow_bonus":"REMOVE_CARD","is_daily":false,"chose_seed":false,"campfire_upgraded":9,"win_rate":0.0,"timestamp":1611909441,"path_taken":["M","M","?","?","M","$","E","R","T","R","?","R","?","M","R","BOSS","M","$","M","M","M","E","R","E","T","M","?","R","E","M","R","BOSS","M","?","?","$","?","E","R","E","T","R","?","E","?","?","R","BOSS","R","$","E","BOSS"],"items_purchased_type":["Relic","Relic","Relic","Card","Relic","Relic","Card","Card","Card","Relic"],"build_version":"2020-12-22","purchased_purges":4,"victory":true,"max_hp_per_floor":[72,72,77,77,77,77,77,77,91,91,91,91,91,91,91,91,91,91,91,91,91,91,91,91,91,91,91,91,91,91,91,91,91,91,91,91,91,91,91,91,91,91,91,91,91,91,91,91,91,91,91,91,91,91,91],"card_choices":[{"not_picked":["EmptyFist","SashWhip"],"picked":"SandsOfTime","floor":1.0},{"not_picked":["EmptyBody","CrushJoints"],"picked":"Tantrum","floor":2.0},{"not_picked":["FlurryOfBlows","ClearTheMind"],"picked":"SignatureMove","floor":5.0},{"not_picked":["ThirdEye","BowlingBash"],"picked":"Scrawl","floor":7.0},{"not_picked":["FlyingSleeves","WindmillStrike"],"picked":"SandsOfTime","floor":11.0},{"not_picked":["PathToVictory","Conclude"],"picked":"ThirdEye","floor":14.0},{"not_picked":["Brilliance","ConjureBlade"],"picked":"Vault","floor":16.0},{"not_picked":["EmptyBody","PathToVictory+1"],"picked":"WindmillStrike+1","floor":18.0},{"not_picked":["FollowUp","PathToVictory"],"picked":"EmptyBody","floor":20.0},{"not_picked":["LikeWater","InnerPeace+1"],"picked":"Crescendo+1","floor":21.0},{"not_picked":["Fasting2+1","CutThroughFate+1"],"picked":"Protect","floor":22.0},{"not_picked":["Prostrate","Indignation"],"picked":"EmptyMind","floor":23.0},{"not_picked":["BattleHymn","EmptyBody"],"picked":"SashWhip+1","floor":25.0},{"not_picked":["JustLucky","FlyingSleeves"],"picked":"EmptyFist","floor":27.0},{"not_picked":["Consecrate","SpiritShield"],"picked":"Perseverance+1","floor":30.0},{"not_picked":["FlurryOfBlows","ReachHeaven"],"picked":"ClearTheMind","floor":31.0},{"not_picked":["Blasphemy","Brilliance"],"picked":"MasterReality","floor":33.0},{"not_picked":["WreathOfFlame+1","SignatureMove+1"],"picked":"CrushJoints+1","floor":35.0},{"not_picked":["Mind Blast","Madness"],"picked":"Violence","floor":36.0},{"not_picked":["FlyingSleeves","Protect+1"],"picked":"SpiritShield","floor":39.0},{"not_picked":["PathToVictory+1","ClearTheMind","Protect+1"],"picked":"SKIP","floor":40.0},{"not_picked":["Weave","Evaluate+1","Halt"],"picked":"SKIP","floor":42.0},{"not_picked":["Alpha+1","Ragnarok","Protect+1"],"picked":"SKIP","floor":46.0},{"not_picked":["Alpha+1","Ragnarok","Protect+1"],"picked":"SKIP","floor":46.0},{"not_picked":["EmptyBody+1","FlyingSleeves"],"picked":"ForeignInfluence+1","floor":48.0},{"not_picked":["Crescendo+1","EmptyBody+1"],"picked":"ForeignInfluence+1","floor":54.0}],"player_experience":336236,"relics_obtained":[{"floor":7.0,"key":"CaptainsWheel"},{"floor":9.0,"key":"Mango"},{"floor":23.0,"key":"Gremlin Horn"},{"floor":25.0,"key":"Centennial Puzzle"},{"floor":26.0,"key":"Eternal Feather"},{"floor":30.0,"key":"Tiny Chest"},{"floor":37.0,"key":"WingedGreaves"},{"floor":39.0,"key":"Ice Cream"},{"floor":40.0,"key":"FossilizedHelix"},{"floor":42.0,"key":"Whetstone"},{"floor":45.0,"key":"Bottled Lightning"},{"floor":46.0,"key":"Toxic Egg 2"},{"floor":54.0,"key":"Blue Candle"}],"event_choices":[{"damage_healed":0.0,"max_hp_gain":5.0,"max_hp_loss":0.0,"gold_gain":0.0,"event_name":"Big Fish","player_choice":"Donut","floor":3.0,"gold_loss":0.0,"damage_taken":0.0},{"damage_healed":0.0,"max_hp_gain":0.0,"max_hp_loss":0.0,"gold_gain":275.0,"event_name":"Golden Shrine","player_choice":"Desecrate","floor":4.0,"gold_loss":0.0,"damage_taken":0.0,"cards_obtained":["Regret"]},{"damage_healed":0.0,"max_hp_gain":0.0,"max_hp_loss":0.0,"gold_gain":0.0,"event_name":"Shining Light","player_choice":"Entered Light","floor":13.0,"gold_loss":0.0,"damage_taken":18.0,"cards_upgraded":["SignatureMove","Defend_P"]},{"damage_healed":0.0,"max_hp_gain":0.0,"max_hp_loss":0.0,"gold_gain":0.0,"event_name":"The Library","player_choice":"Read","floor":28.0,"gold_loss":0.0,"damage_taken":0.0,"cards_obtained":["DeusExMachina"]},{"damage_healed":0.0,"max_hp_gain":0.0,"max_hp_loss":0.0,"gold_gain":0.0,"event_name":"SensoryStone","player_choice":"Memory 1","floor":36.0,"gold_loss":0.0,"damage_taken":0.0},{"damage_healed":0.0,"max_hp_gain":0.0,"max_hp_loss":0.0,"gold_gain":0.0,"event_name":"MindBloom","player_choice":"Fight","floor":37.0,"gold_loss":0.0,"damage_taken":0.0},{"damage_healed":0.0,"max_hp_gain":0.0,"max_hp_loss":0.0,"gold_gain":0.0,"event_name":"Mysterious Sphere","player_choice":"Fight","floor":39.0,"gold_loss":0.0,"damage_taken":0.0},{"cards_removed":["Vigilance"],"damage_healed":0.0,"max_hp_gain":0.0,"max_hp_loss":0.0,"gold_gain":0.0,"event_name":"Falling","player_choice":"Removed Skill","floor":47.0,"gold_loss":0.0,"damage_taken":0.0}],"is_beta":false,"boss_relics":[{"not_picked":["Ectoplasm","Black Star"],"picked":"HolyWater"},{"not_picked":["Runic Dome","Empty Cage"],"picked":"Pandora\u0027s Box"}],"items_purged_floors":[6,19,38,53],"is_endless":false,"potions_floor_spawned":[2,11,14,21,22,27,31,33,37,39,40],"ascension_level":2}}