{"host":"pletss163z7s8pvv","time":1611887890,"event":{"mods":["AchievementEnabler","BaseMod","Better Altar","Better Match","Better Note","Better Sensory Stone","Better Skull","Better Third Choice","BetterRewards","CapriCore","ChefMod","Colored Map","Colored Powertips","Conspire","Energized Spire","Evolution","GifTheSpireLib","Hermit","Ironclad Rager","Marked Mod","Minty Spire (QoL Compilation)","Retaliation","Spicy Shops","StS++","StSLib","The Blue Laboratory","The Cursed","The Disciple","The Forsaken"],"gold_per_floor":[114,167,182,282,7,7,22,37,37,37,52,67,82,112,112,212,212,227,227,242,257,32,47,77,104,116,228,255,267,5,20,20,120,120,135,135,150,165,180,180,180,180],"floor_reached":41,"language":"ENG","playtime":1799,"items_purged":["Pride"],"score":621,"play_id":"835b0158-598b-41e3-a454-2b735757560a","local_time":"20210128203810","daily_mods":["Shiny","Uncertain Future","Lethality"],"is_ascension_mode":false,"campfire_choices":[{"data":"DDmod:GrandUltimatumAttack","floor":6,"key":"SMITH"},{"data":"DDmod:ScaleUpSkill","floor":10,"key":"SMITH"},{"data":"Limit Break","floor":15,"key":"SMITH"},{"floor":29,"key":"REST"},{"floor":32,"key":"REST"},{"floor":40,"key":"REST"}],"circlet_count":0,"master_deck":["Double Tap","Fiend Fire","StSpp:IntoTheAbyss","conspire:Purge","StSpp:BladeOfBlood","Exhume","Bludgeon","Limit Break+1","DDmod:PlatedThornsSkill","Demon Form","DDmod:SpikeShotSkill","DDmod:RechargeSkill+1","Berserk","StSpp:Turnabout","Impervious","Juggernaut","DDmod:AllInSkill+1","Brutality","conspire:HitWhereItHurts","Offering","Feed","Corruption","Barricade","StSpp:Betrayal","ICR:VitalStrike","Reaper","Immolate","Thunderclap","DDmod:PokeAttack","DDmod:ScaleUpSkill","DDmod:ScaleUpSkill+1","DDmod:EasePowerCard","ICR:Frenzy","DDmod:UnstoppableAttack","Cleave","Double Tap","DDmod:UnstoppableAttack","Double Tap","Fiend Fire","StSpp:IntoTheAbyss","conspire:Purge","StSpp:BladeOfBlood","Exhume","Bludgeon","Limit Break+1","DDmod:PlatedThornsSkill","DDmod:GrandUltimatumAttack+1","Demon Form","DDmod:SpikeShotSkill","DDmod:RechargeSkill+1","Berserk","StSpp:Turnabout","Impervious","Juggernaut","Brutality","conspire:HitWhereItHurts","Offering","Feed","Corruption","Barricade","StSpp:Betrayal","ICR:VitalStrike","Reaper","Immolate","Thunderclap","DDmod:PokeAttack","Twin Strike","DDmod:ScaleUpSkill","DDmod:ScaleUpSkill+1","DDmod:EasePowerCard","ICR:Frenzy","DDmod:UnstoppableAttack","Cleave","Double Tap","DDmod:UnstoppableAttack","DDmod:SpikedSkill+1","DDmod:SpikeInjectionSkill","DDmod:SpikedSkill","Dropkick","DDmod:RechargeSkill","DDmod:UnstoppableAttack","Dual Wield","Uppercut","DDmod:EasePowerCard+1","Iron Wave","Inflame+1","Offering","DDmod:PokeAttack","Sword Boomerang+1","Wild Strike","Infernal Blade+1"],"relics":["Burning Blood","EVO:Axolotl","Membership Card","Cauldron","theForsaken:Lifeblossom","Bag of Marbles","War Paint","Fusion Hammer","Shuriken","Ancient Tea Set","MawBank","conspire:BottledYoYo","CaptainsWheel","Frozen Egg 2","Medical Kit","Eternal Feather","conspire:SpecialSausage"],"acts_visited":["Exordium","TheCity","TheBeyond"],"potions_floor_usage":[16,16,16,16,25,27,27,33,33,33,41],"damage_taken":[{"damage":8,"enemies":"2 Louse","floor":1,"turns":2},{"damage":14,"enemies":"conspire:RoseBush","floor":3,"turns":3},{"damage":0,"enemies":"Cultist","floor":7,"turns":2},{"damage":27,"enemies":"Exordium Thugs","floor":8,"turns":5},{"damage":32,"enemies":"Large Slime","floor":11,"turns":5},{"damage":47,"enemies":"Looter","floor":12,"turns":5},{"damage":20,"enemies":"Exordium Wildlife","floor":13,"turns":3},{"damage":17,"enemies":"Gremlin Nob","floor":14,"turns":3},{"damage":58,"enemies":"The Guardian","floor":16,"turns":7},{"damage":16,"enemies":"Chosen","floor":18,"turns":4},{"damage":14,"enemies":"conspire:FuzzyDice","floor":20,"turns":4},{"damage":85,"enemies":"Sentry and Sphere","floor":21,"turns":6},{"damage":26,"enemies":"Centurion and Healer","floor":23,"turns":3},{"damage":38,"enemies":"conspire:SneckoGhost","floor":24,"turns":4},{"damage":33,"enemies":"Chosen and Byrds","floor":25,"turns":3},{"damage":28,"enemies":"Colosseum Slavers","floor":27,"turns":2},{"damage":97,"enemies":"Colosseum Nobs","floor":27,"turns":6},{"damage":62,"enemies":"conspire:HollyBat","floor":28,"turns":11},{"damage":51,"enemies":"Cultist and Chosen","floor":31,"turns":5},{"damage":69,"enemies":"Automaton","floor":33,"turns":5},{"damage":13,"enemies":"3 Darklings","floor":35,"turns":3},{"damage":7,"enemies":"3 Shapes","floor":37,"turns":4},{"damage":99,"enemies":"Transient","floor":38,"turns":5},{"damage":71,"enemies":"Maw","floor":39,"turns":7},{"damage":192,"enemies":"Giant Head","floor":41,"turns":9}],"seed_played":"1138922244981197753","potions_obtained":[{"floor":1,"key":"blueLaboratory:BottleOfVodka"},{"floor":5,"key":"EntropicBrew"},{"floor":5,"key":"blueLaboratory:FruitPunch"},{"floor":14,"key":"AttackPotion"},{"floor":16,"key":"EssenceOfSteel"},{"floor":21,"key":"AttackPotion"},{"floor":28,"key":"SneckoOil"},{"floor":31,"key":"blueLaboratory:LimitlessPotion"},{"floor":39,"key":"ColorlessPotion"}],"is_trial":false,"path_per_floor":["M","?","M","?","$","R","M","M","T","R","M","M","M","E","R","B",null,"M","?","M","M","$","M","E","M","T","?","M","R","$","M","R","B",null,"M","?","M","M","M","R","E"],"character_chosen":"IRONCLAD","items_purchased":["Membership Card","Cauldron","theForsaken:Lifeblossom","Twin Strike","Shuriken","DDmod:SpikedSkill","Ancient Tea Set","Medical Kit","Eternal Feather","DDmod:EasePowerCard+1","blueLaboratory:ConflagurationPotion","AttackPotion","ColorlessPotion","Iron Wave"],"campfire_rested":3,"item_purchase_floors":[5,5,5,5,22,22,22,30,30,30,30,30,30,30],"current_hp_per_floor":[81,81,73,73,73,73,82,66,66,66,78,83,87,81,81,95,97,97,97,92,37,37,22,37,16,16,46,56,88,88,75,109,50,112,112,112,115,71,111,115,0,0],"gold":180,"neow_bonus":"","is_daily":true,"chose_seed":false,"campfire_upgraded":3,"win_rate":0.0,"timestamp":1611887890,"path_taken":["M","?","M","?","$","R","M","M","T","R","M","M","?","E","R","BOSS","M","?","M","M","?","M","E","M","T","?","M","R","$","M","R","BOSS","M","?","M","M","M","R","E"],"items_purchased_type":["Relic","Relic","Relic","Card","Relic","Card","Relic","Relic","Relic","Card","Potion","Potion","Potion","Card"],"build_version":"2020-12-22","purchased_purges":1,"victory":false,"max_hp_per_floor":[83,83,83,83,83,83,83,86,86,86,92,92,95,95,95,97,97,97,97,97,100,100,100,100,100,100,109,109,109,109,109,109,112,112,112,112,115,115,115,115,115,115],"card_choices":[{"not_picked":["Battle Trance","Infernal Blade"],"picked":"Thunderclap","floor":1},{"not_picked":["Pommel Strike","Armaments"],"picked":"DDmod:PokeAttack","floor":3},{"not_picked":["Thunderclap","Warcry"],"picked":"DDmod:ScaleUpSkill","floor":7},{"not_picked":["Thunderclap","Twin Strike"],"picked":"DDmod:ScaleUpSkill","floor":8},{"not_picked":["Iron Wave","StSpp:Betrayal"],"picked":"DDmod:EasePowerCard","floor":11},{"not_picked":["Armaments","Clothesline"],"picked":"ICR:Frenzy","floor":12},{"not_picked":["Flex","Twin Strike"],"picked":"DDmod:UnstoppableAttack","floor":13},{"not_picked":["Iron Wave","DDmod:SpikedSkill"],"picked":"Cleave","floor":14},{"not_picked":["Fiend Fire","Berserk"],"picked":"Double Tap","floor":16},{"not_picked":["True Grit","StSpp:Vengeance"],"picked":"DDmod:UnstoppableAttack","floor":18},{"not_picked":["StSpp:Succumb","Flame Barrier"],"picked":"DDmod:SpikedSkill+1","floor":20},{"not_picked":["Thunderclap","Clothesline+1"],"picked":"DDmod:SpikeInjectionSkill","floor":21},{"not_picked":["Blood for Blood+1","Armaments"],"picked":"Dropkick","floor":23},{"not_picked":["Sever Soul","DDmod:CallousedSkill"],"picked":"DDmod:RechargeSkill","floor":24},{"not_picked":["Twin Strike","StSpp:Sprint"],"picked":"DDmod:UnstoppableAttack","floor":25},{"not_picked":["Havoc","Twin Strike"],"picked":"Dual Wield","floor":27},{"not_picked":["Flame Barrier","Impervious"],"picked":"Uppercut","floor":28},{"not_picked":["Havoc","DDmod:SpikedSkill"],"picked":"Inflame+1","floor":31},{"not_picked":["Fiend Fire","conspire:Purge"],"picked":"Offering","floor":33},{"not_picked":["DDmod:UnstoppableAttack+1","StSpp:TheBiggerTheyAre+1"],"picked":"DDmod:PokeAttack","floor":35},{"not_picked":["Double Tap","Body Slam"],"picked":"Sword Boomerang+1","floor":37},{"not_picked":["StSpp:Sprint","Whirlwind"],"picked":"Wild Strike","floor":38},{"not_picked":["DDmod:PokeAttack","Intimidate+1"],"picked":"Infernal Blade+1","floor":39}],"player_experience":458629,"relics_obtained":[{"floor":9,"key":"Bag of Marbles"},{"floor":14,"key":"War Paint"},{"floor":24,"key":"MawBank"},{"floor":26,"key":"conspire:BottledYoYo"},{"floor":27,"key":"CaptainsWheel"},{"floor":27,"key":"Frozen Egg 2"}],"event_choices":[{"damage_healed":0,"gold_gain":53,"player_choice":"Gained Gold","damage_taken":0,"max_hp_gain":0,"max_hp_loss":0,"event_name":"Golden Wing","floor":2,"gold_loss":0},{"damage_healed":0,"gold_gain":100,"player_choice":"Pray","damage_taken":0,"max_hp_gain":0,"max_hp_loss":0,"event_name":"Golden Shrine","floor":4,"gold_loss":0},{"damage_healed":0,"gold_gain":0,"player_choice":"Fight","damage_taken":0,"max_hp_gain":0,"max_hp_loss":0,"event_name":"Colosseum","floor":27,"gold_loss":0},{"damage_healed":0,"gold_gain":0,"player_choice":"Fought Nobs","damage_taken":0,"max_hp_gain":0,"max_hp_loss":0,"event_name":"Colosseum","floor":27,"gold_loss":0},{"cards_removed":["Twin Strike"],"damage_healed":0,"gold_gain":0,"player_choice":"Removed Attack","damage_taken":0,"max_hp_gain":0,"max_hp_loss":0,"event_name":"Falling","floor":36,"gold_loss":0}],"is_beta":false,"boss_relics":[{"not_picked":["theForsaken:PaleLantern","conspire:RunicOctahedron"],"picked":"Fusion Hammer"},{"not_picked":["Busted Crown","Empty Cage"],"picked":"conspire:SpecialSausage"}],"items_purged_floors":[30],"is_endless":false,"potions_floor_spawned":[1,13,14,16,21,24,28,31,39],"killed_by":"Giant Head","ascension_level":0}}