{"host":"2brg86hfzr3u5cix","time":1611946659,"event":{"mods":["AchievementEnabler","Ascension Unlocker","BaseMod","CapriCore","DeckTracker","Highlight Path","Keyboard Shortcuts","Minty Spire (QoL Compilation)","Permanent Neow","Relic Stats","StSLib","Twitch Utils","Uncapped","UnlockEverythingMod"],"gold_per_floor":[109,127,48,66,81,81,106,122,196,271,271,284,36,36,36,129,129,147,447,184,215,231,267,279,279],"floor_reached":24,"language":"KOR","playtime":809,"items_purged":["Strike_R","Writhe"],"score":532,"play_id":"4671114b-2405-4722-a9e8-b30d0aa6ea2a","local_time":"20210130035739","is_ascension_mode":true,"campfire_choices":[{"data":"Fire Breathing","floor":6.0,"key":"SMITH"},{"floor":11.0,"key":"REST"},{"data":"Whirlwind","floor":15.0,"key":"SMITH"}],"circlet_count":0,"master_deck":["AscendersBane","Strike_R","Strike_R","Strike_R","Defend_R","Defend_R","Defend_R","Defend_R","Bash","Reckless Charge","Pommel Strike","Fire Breathing+1","Disarm","Shrug It Off","Battle Trance","Whirlwind+1","Injury","Juggernaut","True Grit","Wild Strike+1","Bloodletting+1","Inflame","Berserk","Armaments"],"relics":["Burning Blood","Bottled Tornado","Eternal Feather","Medical Kit","Golden Idol","Mark of Pain","Old Coin","Orrery","Red Mask","MawBank"],"acts_visited":["Exordium","TheCity"],"potions_floor_usage":[23],"damage_taken":[{"damage":8.0,"enemies":"Cultist","floor":1.0,"turns":5.0},{"damage":7.0,"enemies":"Jaw Worm","floor":2.0,"turns":3.0},{"damage":7.0,"enemies":"Small Slimes","floor":4.0,"turns":3.0},{"damage":12.0,"enemies":"Exordium Wildlife","floor":5.0,"turns":5.0},{"damage":28.0,"enemies":"Gremlin Nob","floor":7.0,"turns":4.0},{"damage":9.0,"enemies":"Blue Slaver","floor":8.0,"turns":3.0},{"damage":25.0,"enemies":"3 Louse","floor":12.0,"turns":3.0},{"damage":0.0,"enemies":"Slime Boss","floor":16.0,"turns":5.0},{"damage":0.0,"enemies":"3 Byrds","floor":18.0,"turns":2.0},{"damage":17.0,"enemies":"Masked Bandits","floor":21.0,"turns":3.0},{"damage":29.0,"enemies":"Shell Parasite","floor":22.0,"turns":4.0},{"damage":27,"enemies":"Slavers","floor":23,"turns":3},{"damage":23,"enemies":"Shelled Parasite and Fungi","floor":24,"turns":3}],"seed_played":"8825436586047748148","potions_obtained":[{"floor":5.0,"key":"GamblersBrew"},{"floor":7.0,"key":"Energy Potion"},{"floor":8.0,"key":"LiquidBronze"},{"floor":22.0,"key":"GamblersBrew"}],"is_trial":false,"path_per_floor":["M","M","$","M","M","R","E","M","T","?","R","M","$","?","R","B",null,"M","?","$","?","M","E","M"],"character_chosen":"IRONCLAD","items_purchased":["Fire Breathing","Medical Kit","Orrery"],"campfire_rested":1,"item_purchase_floors":[3,13,20],"current_hp_per_floor":[66,65,65,64,58,58,36,33,33,22,53,34,34,34,43,49,69,75,75,75,64,41,20,0,0],"gold":279,"neow_bonus":"REMOVE_CARD","is_daily":false,"chose_seed":false,"campfire_upgraded":2,"win_rate":0.0,"timestamp":1611946659,"path_taken":["M","M","$","M","?","R","E","M","T","?","R","M","?","?","R","BOSS","M","?","$","?","M","E","M"],"items_purchased_type":["Card","Relic","Relic"],"build_version":"2020-12-22","purchased_purges":2,"victory":false,"max_hp_per_floor":[75,75,75,75,75,75,75,75,75,75,75,75,75,75,75,75,75,75,75,75,75,75,75,75,75],"relic_stats":{"counters":[13,46],"Golden Idol":39,"Eternal Feather":18,"Medical Kit":[7],"MawBank":12,"obtain_stats":[{"Golden Idol":14,"Orrery":20,"Eternal Feather":9,"Mark of Pain":17,"Red Mask":21,"Bottled Tornado":7,"Medical Kit":13,"MawBank":23,"Burning Blood":0,"Old Coin":19},{"Golden Idol":7,"Orrery":9,"Eternal Feather":6,"Mark of Pain":8,"Red Mask":10,"Bottled Tornado":5,"Medical Kit":7,"MawBank":12,"Burning Blood":0,"Old Coin":9},{"Golden Idol":26,"Orrery":33,"Eternal Feather":23,"Mark of Pain":31,"Red Mask":36,"Bottled Tornado":20,"Medical Kit":26,"MawBank":43,"Burning Blood":0,"Old Coin":33}],"Burning Blood":72},"card_choices":[{"not_picked":["Sword Boomerang","Headbutt"],"picked":"Reckless Charge","floor":1.0},{"not_picked":["Clash","Rage"],"picked":"Pommel Strike","floor":2.0},{"not_picked":["Havoc","Second Wind"],"picked":"Disarm","floor":4.0},{"not_picked":["Infernal Blade","True Grit"],"picked":"Shrug It Off","floor":5.0},{"not_picked":["Havoc","Flex","Iron Wave"],"picked":"SKIP","floor":7.0},{"not_picked":["Perfected Strike","Offering"],"picked":"Battle Trance","floor":8.0},{"not_picked":["Thunderclap","Cleave"],"picked":"Whirlwind","floor":12.0},{"not_picked":["Brutality","Limit Break"],"picked":"Juggernaut","floor":16.0},{"not_picked":["Perfected Strike","Pommel Strike+1"],"picked":"True Grit","floor":18.0},{"not_picked":["Twin Strike","Spot Weakness"],"picked":"Wild Strike+1","floor":20.0},{"not_picked":["Intimidate","Combust"],"picked":"Bloodletting+1","floor":20.0},{"not_picked":["Sentinel","Wild Strike"],"picked":"Inflame","floor":20.0},{"not_picked":["Evolve","Anger"],"picked":"Berserk","floor":20.0},{"not_picked":["Anger","True Grit","Berserk"],"picked":"SKIP","floor":22.0},{"not_picked":["Exhume","Fire Breathing"],"picked":"Armaments","floor":23}],"player_experience":338345,"relics_obtained":[{"floor":7.0,"key":"Bottled Tornado"},{"floor":9.0,"key":"Eternal Feather"},{"floor":21.0,"key":"Red Mask"},{"floor":23,"key":"MawBank"}],"event_choices":[{"damage_healed":0.0,"max_hp_gain":0.0,"max_hp_loss":0.0,"gold_gain":75.0,"event_name":"World of Goop","player_choice":"Gather Gold","floor":10.0,"gold_loss":0.0,"damage_taken":11.0},{"damage_healed":0.0,"max_hp_gain":0.0,"max_hp_loss":0.0,"gold_gain":0.0,"event_name":"Golden Idol","player_choice":"Take Wound","floor":14.0,"gold_loss":0.0,"damage_taken":0.0,"relics_obtained":["Golden Idol"],"cards_obtained":["Injury"]},{"damage_healed":0.0,"max_hp_gain":0.0,"max_hp_loss":0.0,"gold_gain":0.0,"event_name":"The Mausoleum","player_choice":"Opened","floor":19.0,"gold_loss":0.0,"damage_taken":0.0,"relics_obtained":["Old Coin"],"cards_obtained":["Writhe"]},{"damage_healed":0.0,"max_hp_gain":0.0,"max_hp_loss":0.0,"gold_gain":0.0,"event_name":"Masked Bandits","player_choice":"Fought Bandits","floor":21.0,"gold_loss":0.0,"damage_taken":0.0}],"is_beta":false,"boss_relics":[{"not_picked":["Empty Cage","Black Star"],"picked":"Mark of Pain"}],"items_purged_floors":[13,20],"is_endless":false,"potions_floor_spawned":[5,7,8,12,16,22],"killed_by":"Shelled Parasite and Fungi","ascension_level":20}}