{"host":"ccw6t0i2dpm5wyxf","time":1611910547,"event":{"mods":["AchievementEnabler","BaseMod","Colored Map","Downfall","Minty Spire (QoL Compilation)","Permanent Neow","StSLib","SuperFastMode"],"gold_per_floor":[99,99,114,24,24,40,63,90,90,107,7,24,24,9,20,116,116,16,32,32,49,62,62,111,111,125,125,160,260,0,20,32,132,132,132,145,39,90,90,90,90,90,140,140,158,173,173,207,219,219],"floor_reached":51,"language":"ENG","playtime":2754,"items_purged":["Regret","champ:Strike"],"score":870,"play_id":"3ba91a77-b086-46d3-a760-4178a4d90f96","local_time":"20210129025547","is_ascension_mode":false,"campfire_choices":[{"floor":1,"key":"RECALL"},{"floor":9,"key":"REST"},{"data":"champ:GladiatorStyle","floor":11,"key":"SMITH"},{"floor":13,"key":"REST"},{"data":"champ:Backstep","floor":18,"key":"SMITH"},{"data":"champ:SkillfulDodge","floor":23,"key":"SMITH"},{"data":"champ:Improvising","floor":35,"key":"SMITH"},{"data":"Jack Of All Trades","floor":40,"key":"SMITH"},{"data":"expansioncontent:InvincibleStrength","floor":42,"key":"SMITH"},{"data":"1","floor":44,"key":"LIFT"},{"data":"champ:GladiatorForm","floor":47,"key":"SMITH"}],"circlet_count":0,"master_deck":["champ:Strike","champ:Defend","champ:Defend","champ:Defend","champ:Defend","champ:Execute","champ:Taunt","champ:StanceDance+1","champ:HeavySlash","champ:CalledShot","champ:Backstep+1","champ:GladiatorStyle+1","champ:FlashCut","champ:CrownThrow","champ:TripleStrike","champ:FaceSlap+1","champ:SkillfulDodge+1","champ:CrookedStrike","champ:RisingSlash","champ:DefensiveShout+1","champ:SetATrap+1","expansioncontent:InvincibleStrength+1","champ:StanceDance+1","champ:Improvising+1","champ:FaceSlap+1","champ:Duel+1","Jack Of All Trades+1","champ:DeathBlow+1","champ:Backstep+1","champ:SkillfulDodge+1","champ:GladiatorForm+1"],"relics":["champ:ChampionCrownUpgraded","champ:FightingForDummies","Nunchaku","downfall:ShatteredFragment","Mercury Hourglass","downfall:HeartBlessingRed","Philosopher\u0027s Stone","downfall:HeartBlessingBlue","Ancient Tea Set","MutagenicStrength","Dead Branch","champ:BlackKnightHelmet","Singing Bowl","Bag of Marbles","Kunai","Du-Vu Doll","Oddly Smooth Stone","Girya","Happy Flower"],"acts_visited":["Exordium","TheCity","TheBeyond"],"potions_floor_usage":[8,22,28,28,28,33,33,43],"damage_taken":[{"damage":12,"enemies":"Small Slimes","floor":3,"turns":4},{"damage":22,"enemies":"downfall:FleeingMerchant","floor":4,"turns":4},{"damage":10,"enemies":"2 Louse","floor":6,"turns":2},{"damage":34,"enemies":"Lagavulin","floor":8,"turns":5},{"damage":5,"enemies":"Jaw Worm","floor":10,"turns":3},{"damage":13,"enemies":"Red Slaver","floor":12,"turns":2},{"damage":20,"enemies":"downfall:FleeingMerchant","floor":14,"turns":4},{"damage":10,"enemies":"Exordium Wildlife","floor":15,"turns":3},{"damage":45,"enemies":"IC_STATUS_ARCHETYPE","floor":16,"turns":8},{"damage":10,"enemies":"Chosen","floor":19,"turns":3},{"damage":10,"enemies":"Spheric Guardian","floor":21,"turns":3},{"damage":32,"enemies":"Centurion and Healer","floor":22,"turns":4},{"damage":30,"enemies":"Snake Plant","floor":26,"turns":4},{"damage":15,"enemies":"Gremlin Leader","floor":28,"turns":4},{"damage":33,"enemies":"Gremlin Leader","floor":29,"turns":4},{"damage":10,"enemies":"downfall:FleeingMerchant","floor":30,"turns":4},{"damage":10,"enemies":"3 Cultists","floor":31,"turns":3},{"damage":11,"enemies":"Sentry and Sphere","floor":32,"turns":4},{"damage":30,"enemies":"WA_ARCHETYPE_CALM","floor":33,"turns":4},{"damage":0,"enemies":"3 Shapes","floor":36,"turns":2},{"damage":1,"enemies":"downfall:FleeingMerchant","floor":37,"turns":3},{"damage":26,"enemies":"2 Orb Walkers","floor":38,"turns":2},{"damage":45,"enemies":"2 Orb Walkers","floor":43,"turns":1},{"damage":20,"enemies":"3 Darklings","floor":45,"turns":1},{"damage":10,"enemies":"Writhing Mass","floor":46,"turns":2},{"damage":25,"enemies":"Giant Head","floor":48,"turns":4},{"damage":20,"enemies":"Spire Growth","floor":49,"turns":1},{"damage":63,"enemies":"SI_POISON_ARCHETYPE","floor":50,"turns":6}],"seed_played":"-6561482256746541357","potions_obtained":[{"floor":6,"key":"Weak Potion"},{"floor":10,"key":"DuplicationPotion"},{"floor":12,"key":"Ancient Potion"},{"floor":15,"key":"Slimebound:ThreeZeroPotion"},{"floor":20,"key":"CultistPotion"},{"floor":22,"key":"SneckoOil"},{"floor":29,"key":"EssenceOfSteel"},{"floor":31,"key":"BlessingOfTheForge"},{"floor":33,"key":"Guardian:BlockOnCardUsePotion"},{"floor":38,"key":"Energy Potion"},{"floor":49,"key":"Explosive Potion"}],"is_trial":false,"path_per_floor":["R","?","M","$","?","M","T","E","R","M","R","M","R","$","M","B",null,"R","M","?","M","M","R","T","?","M","?","E","?","$","M","M","B",null,"R","M","$","?","?","R","T","R","?","R","M","M","R","E","M","B",null],"character_chosen":"THE_CHAMP","items_purchased":["Bag of Marbles","expansioncontent:InvincibleStrength","Kunai","Jack Of All Trades"],"campfire_rested":2,"item_purchase_floors":[30,30,37,37],"current_hp_per_floor":[90,90,88,86,59,59,59,45,72,72,72,69,90,80,80,65,90,100,100,100,100,83,83,83,75,55,55,55,47,49,51,40,40,104,104,104,103,87,87,87,87,87,87,87,87,87,87,94,96,63],"gold":219,"neow_bonus":"RANDOM_COMMON_RELIC","is_daily":false,"chose_seed":false,"campfire_upgraded":7,"win_rate":0.0,"timestamp":1611910547,"path_taken":["R","?","M","$","?","M","T","E","R","M","R","M","R","$","M","BOSS","R","M","?","M","M","R","T","?","?","?","E","?","$","M","M","BOSS","R","M","$","?","?","R","T","R","?","R","M","M","R","E","M","BOSS"],"items_purchased_type":["Relic","Card","Relic","Card"],"build_version":"2020-12-22","purchased_purges":2,"victory":true,"max_hp_per_floor":[90,90,90,90,90,90,90,90,90,90,90,90,90,90,90,90,90,100,100,100,100,100,100,100,100,100,100,100,100,102,104,104,104,104,104,104,104,104,104,104,104,104,104,104,104,104,104,106,108,108],"card_choices":[{"not_picked":["champ:FlashCut","champ:BladeFlurry"],"picked":"champ:StanceDance","floor":3},{"not_picked":["champ:BladeFlurry","champ:Haymaker"],"picked":"champ:HeavySlash","floor":4},{"not_picked":["champ:EnGarde","champ:BladeFlurry"],"picked":"champ:CalledShot","floor":6},{"not_picked":["champ:StanceDance","champ:Lariat"],"picked":"champ:Backstep","floor":8},{"not_picked":["champ:PerfectedStrike","champ:IgnorePain"],"picked":"champ:GladiatorStyle","floor":10},{"not_picked":["champ:BladeFlurry","champ:EnragedBash"],"picked":"champ:FlashCut","floor":12},{"not_picked":["champ:Circumvent","champ:ShieldThrow","champ:Shatter"],"picked":"SKIP","floor":14},{"not_picked":["champ:Parry","champ:Circumvent"],"picked":"champ:CrownThrow","floor":15},{"not_picked":["champ:CheapShot","champ:Devastate"],"picked":"champ:TripleStrike","floor":16},{"not_picked":["champ:DeathBlow","champ:Circumvent"],"picked":"champ:FaceSlap+1","floor":19},{"not_picked":["champ:FlashCut","champ:BladeFlurry"],"picked":"champ:SkillfulDodge","floor":21},{"not_picked":["champ:Haymaker","champ:FalseCounter"],"picked":"champ:CrookedStrike","floor":22},{"not_picked":["champ:GutPunch","champ:DefensiveShout"],"picked":"champ:RisingSlash","floor":26},{"not_picked":["champ:Parry+1","champ:EndlessRage"],"picked":"champ:DefensiveShout+1","floor":28},{"not_picked":["champ:PreemptiveStrike","champ:BladeFlurry"],"picked":"champ:SetATrap+1","floor":29},{"not_picked":["champ:FlashCut","champ:RapidStrikes","champ:TornadoPunch"],"picked":"Singing Bowl","floor":30},{"not_picked":["champ:Lariat","champ:StanceDance","champ:FocusedDefense+1"],"picked":"Singing Bowl","floor":31},{"not_picked":["champ:EndlessRage","champ:ShieldWall"],"picked":"champ:StanceDance+1","floor":32},{"not_picked":["champ:VampiricStrike","champ:ShieldThrow"],"picked":"champ:Improvising","floor":33},{"not_picked":["champ:FocusedDefense","champ:GutPunch"],"picked":"champ:FaceSlap+1","floor":36},{"not_picked":["champ:Lariat+1","champ:Haymaker+1"],"picked":"champ:Duel+1","floor":37},{"not_picked":["champ:EnGarde+1","champ:StanceDance"],"picked":"champ:DeathBlow+1","floor":38},{"not_picked":["champ:FanOfKnives","champ:DeathBlow"],"picked":"champ:Backstep+1","floor":43},{"not_picked":["champ:HeartStrike","champ:StanceDance+1"],"picked":"champ:SkillfulDodge+1","floor":45},{"not_picked":["champ:SetATrap+1","champ:GutPunch+1"],"picked":"champ:GladiatorForm","floor":46},{"not_picked":["champ:BladeFlurry","champ:FalseCounter","champ:FlashCut+1"],"picked":"Singing Bowl","floor":48},{"not_picked":["champ:DeathBlow","champ:EnGarde+1","champ:BerserkersShout"],"picked":"Singing Bowl","floor":49}],"player_experience":316053,"relics_obtained":[{"floor":8,"key":"Mercury Hourglass"},{"floor":24,"key":"Ancient Tea Set"},{"floor":28,"key":"Dead Branch"},{"floor":29,"key":"champ:BlackKnightHelmet"},{"floor":29,"key":"Singing Bowl"},{"floor":38,"key":"Du-Vu Doll"},{"floor":41,"key":"Oddly Smooth Stone"},{"floor":43,"key":"Girya"},{"floor":48,"key":"Happy Flower"}],"event_choices":[{"damage_healed":0,"gold_gain":0,"player_choice":"Box","damage_taken":0,"relics_obtained":["Nunchaku"],"max_hp_gain":0,"max_hp_loss":0,"event_name":"Big Fish","floor":2,"gold_loss":0,"cards_obtained":["Regret"]},{"damage_healed":0,"gold_gain":0,"player_choice":"Inject Mutagens","damage_taken":0,"relics_obtained":["MutagenicStrength"],"max_hp_gain":0,"max_hp_loss":0,"event_name":"Drug Dealer","floor":27,"gold_loss":0},{"damage_healed":0,"gold_gain":0,"player_choice":"Fight","damage_taken":0,"max_hp_gain":0,"max_hp_loss":0,"event_name":"Mysterious Sphere","floor":38,"gold_loss":0},{"cards_removed":["champ:Strike"],"damage_healed":0,"gold_gain":0,"player_choice":"Removed Attack","damage_taken":0,"max_hp_gain":0,"max_hp_loss":0,"event_name":"Falling","floor":39,"gold_loss":0}],"is_beta":false,"boss_relics":[{"not_picked":["bronze:MakeshiftBattery","Cursed Key"],"picked":"Philosopher\u0027s Stone"},{"not_picked":["SacredBark","Calling Bell"],"picked":"champ:ChampionCrownUpgraded"}],"items_purged_floors":[4,37],"is_endless":false,"potions_floor_spawned":[6,10,12,15,21,22,29,31,33,38,49],"ascension_level":0}}