{"host":"hixkpep13ay54y5b","time":1611950586,"event":{"mods":["AchievementEnabler","BaseMod","BetterRewards","Colored Map","Hubris","Infinite Spire","Minty Spire (QoL Compilation)","Quick Restart","Replay The Spire","Shop Mod","StSLib","SuperFastMode"],"gold_per_floor":[116,116,116,165,179,179,200,47,47,87,87,103,103,127,127,127,127],"floor_reached":16,"language":"ENG","playtime":248,"items_purged":["Strike_B"],"score":100,"play_id":"ce005a97-c123-4711-9f3b-a50759049b38","local_time":"20210129150306","is_ascension_mode":false,"campfire_choices":[{"data":"Darkness","floor":6,"key":"SMITH"},{"data":"Defragment","floor":11,"key":"SMITH"},{"data":"Defend_B","floor":13,"key":"SMITH"},{"data":"Defend_B","floor":15,"key":"SMITH"}],"circlet_count":0,"master_deck":["Strike_B","Strike_B","Strike_B","Defend_B+1","Defend_B+1","Defend_B+1","Defend_B","Zap","Dualcast","Darkness+1","Defragment+1"],"relics":["Cracked Core","NeowsBlessing","Golden Idol","hubris:Metronome","Darkstone Periapt","Cables"],"acts_visited":["Exordium"],"potions_floor_usage":[16],"damage_taken":[{"damage":0,"enemies":"Cultist","floor":1,"turns":1},{"damage":0,"enemies":"Small Slimes","floor":5,"turns":1},{"damage":0,"enemies":"Jaw Worm","floor":7,"turns":1},{"damage":36,"enemies":"3 Sentries","floor":10,"turns":9},{"damage":3,"enemies":"Large Slime","floor":12,"turns":4},{"damage":3,"enemies":"Red Slaver","floor":14,"turns":3},{"damage":35,"enemies":"Slime Boss","floor":16,"turns":4}],"seed_played":"-5200921690780606063","potions_obtained":[{"floor":1,"key":"Flashbang"}],"is_trial":false,"path_per_floor":["M","?","?","?","M","R","M","$","T","E","R","M","R","M","R","B"],"character_chosen":"DEFECT","items_purchased":["Defragment"],"campfire_rested":0,"item_purchase_floors":[8],"current_hp_per_floor":[75,75,57,57,57,57,57,57,57,21,21,18,18,15,15,0,0],"gold":127,"neow_bonus":"THREE_ENEMY_KILL","is_daily":false,"chose_seed":false,"campfire_upgraded":4,"win_rate":0.0,"timestamp":1611950586,"path_taken":["M","?","?","?","M","R","M","$","T","E","R","M","R","M","R","BOSS"],"items_purchased_type":["Card"],"build_version":"2020-12-22","purchased_purges":1,"victory":false,"max_hp_per_floor":[75,75,75,75,75,75,75,75,75,75,75,75,75,75,75,75,75],"card_choices":[{"not_picked":["Rebound","Fusion"],"picked":"Darkness","floor":1},{"not_picked":["Compile Driver","Gash","Leap"],"picked":"SKIP","floor":5},{"not_picked":["Hologram","Creative AI","Streamline"],"picked":"SKIP","floor":7},{"not_picked":["Melter","Stack","Reboot"],"picked":"SKIP","floor":10},{"not_picked":["Steam","Go for the Eyes","Melter"],"picked":"SKIP","floor":12},{"not_picked":["Turbo","ReplaySolidLightProjector","Undo"],"picked":"SKIP","floor":14}],"player_experience":162442,"relics_obtained":[{"floor":4,"key":"hubris:Metronome"},{"floor":9,"key":"Darkstone Periapt"},{"floor":10,"key":"Cables"}],"event_choices":[{"damage_healed":0,"gold_gain":0,"player_choice":"Take Damage","damage_taken":18,"relics_obtained":["Golden Idol"],"max_hp_gain":0,"max_hp_loss":0,"event_name":"Golden Idol","floor":3,"gold_loss":0}],"is_beta":false,"boss_relics":[],"items_purged_floors":[8],"is_endless":false,"potions_floor_spawned":[1],"killed_by":"Slime Boss","ascension_level":0}}