{"host":"ux8r2oyej5019q8x","time":1611925934,"event":{"mods":["AchievementEnabler","BaseMod","Colored Map","Colored Powertips","GifTheSpireLib","HexUI Lib","Highlight Path","Minty Spire (QoL Compilation)","Rare Cards Sparkle","Relic Stats","StSLib","everything is the same but u backflip on backflip"],"gold_per_floor":[213,70,83,83,99,134,150,150,150,164,164,192,192,207,207,307,307,325,345,359,16,16,16,16,36,36,36,36,61,73,93,93,188,188,203,203,222,242,292,292,312,312,365,45,78,78,96,113,113,113,113,113,28,58,58,58],"floor_reached":55,"language":"ENG","playtime":6646,"items_purged":["Strike_R"],"score":933,"play_id":"018682b6-bf49-4c51-8ec9-2fb25794a008","local_time":"20210129141214","is_ascension_mode":true,"campfire_choices":[{"data":"Rage","floor":8,"key":"SMITH"},{"data":"Cleave","floor":11,"key":"SMITH"},{"floor":13,"key":"REST"},{"data":"Heavy Blade","floor":15,"key":"SMITH"},{"data":"Fiend Fire","floor":23,"key":"SMITH"},{"floor":28,"key":"REST"},{"floor":32,"key":"REST"},{"floor":40,"key":"RECALL"},{"floor":42,"key":"REST"},{"data":"Juggernaut","floor":49,"key":"SMITH"},{"data":"Feel No Pain","floor":52,"key":"SMITH"}],"circlet_count":0,"master_deck":["Strike_R+1","Strike_R+1","Strike_R","Defend_R","Defend_R","Defend_R","Defend_R","Bash","Heavy Blade+1","Inflame","Rage+1","Cleave+1","Intimidate","Brutality","Flame Barrier","Metallicize","Feel No Pain+1","Pummel","Fiend Fire+1","Shockwave+1","True Grit+1","Battle Trance+1","Rupture","Whirlwind","Exhume+1","Metallicize+1","Warcry+1","Spot Weakness+1","Double Tap+1","Body Slam+1","Disarm+1","Demon Form","Master of Strategy+1","Power Through+1","Seeing Red+1","Juggernaut+1","Purity+1","Headbutt"],"relics":["Burning Blood","Whetstone","Toxic Egg 2","Question Card","Runic Pyramid","Medical Kit","HornCleat","Nilry\u0027s Codex","PreservedInsect","Mark of Pain","Gambling Chip","Chemical X","Red Skull","Lantern"],"acts_visited":["Exordium","TheCity","TheBeyond","TheEnding"],"potions_floor_usage":[6,6,16,16,20,24,24,31,45,48,50,50,54,55],"damage_taken":[{"damage":1,"enemies":"Cultist","floor":1,"turns":4},{"damage":7,"enemies":"Jaw Worm","floor":3,"turns":4},{"damage":0,"enemies":"Small Slimes","floor":5,"turns":3},{"damage":20,"enemies":"Gremlin Nob","floor":6,"turns":4},{"damage":11,"enemies":"Looter","floor":7,"turns":3},{"damage":4,"enemies":"2 Fungi Beasts","floor":10,"turns":3},{"damage":30,"enemies":"Lagavulin","floor":12,"turns":7},{"damage":12,"enemies":"Large Slime","floor":14,"turns":6},{"damage":35,"enemies":"Hexaghost","floor":16,"turns":9},{"damage":9,"enemies":"Shell Parasite","floor":18,"turns":6},{"damage":7,"enemies":"Chosen","floor":19,"turns":4},{"damage":9,"enemies":"Centurion and Healer","floor":20,"turns":4},{"damage":40,"enemies":"Gremlin Leader","floor":24,"turns":5},{"damage":7,"enemies":"Snecko","floor":25,"turns":3},{"damage":36,"enemies":"Slavers","floor":29,"turns":5},{"damage":1,"enemies":"Cultist and Chosen","floor":30,"turns":5},{"damage":21,"enemies":"3 Cultists","floor":31,"turns":5},{"damage":4,"enemies":"Champ","floor":33,"turns":8},{"damage":8,"enemies":"3 Shapes","floor":35,"turns":3},{"damage":36,"enemies":"3 Darklings","floor":37,"turns":3},{"damage":0,"enemies":"Maw","floor":38,"turns":5},{"damage":4,"enemies":"Mind Bloom Boss Battle","floor":39,"turns":6},{"damage":2,"enemies":"Jaw Worm Horde","floor":41,"turns":3},{"damage":40,"enemies":"Nemesis","floor":45,"turns":5},{"damage":0,"enemies":"Writhing Mass","floor":47,"turns":4},{"damage":12,"enemies":"Spire Growth","floor":48,"turns":5},{"damage":51,"enemies":"Awakened One","floor":50,"turns":9},{"damage":41,"enemies":"Shield and Spear","floor":54,"turns":6},{"damage":33,"enemies":"The Heart","floor":55,"turns":5}],"seed_played":"-3063048475654600515","potions_obtained":[{"floor":1,"key":"LiquidBronze"},{"floor":4,"key":"HeartOfIron"},{"floor":4,"key":"CultistPotion"},{"floor":4,"key":"BloodPotion"},{"floor":6,"key":"Swift Potion"},{"floor":14,"key":"Strength Potion"},{"floor":16,"key":"SmokeBomb"},{"floor":18,"key":"BloodPotion"},{"floor":20,"key":"Swift Potion"},{"floor":25,"key":"LiquidMemories"},{"floor":33,"key":"Swift Potion"},{"floor":35,"key":"GamblersBrew"},{"floor":37,"key":"Regen Potion"},{"floor":45,"key":"Swift Potion"},{"floor":48,"key":"LiquidBronze"},{"floor":54,"key":"Ancient Potion"}],"is_trial":false,"path_per_floor":["M","$","M","?","M","E","M","R","T","M","R","E","R","M","R","B",null,"M","M","M","$","?","R","E","M","T","?","R","E","M","M","R","B",null,"M","?","M","M","?","R","M","R","T","$","E","?","M","M","R","B",null,"R","$","E","B"],"character_chosen":"IRONCLAD","items_purchased":["Inflame","Rage","Medical Kit","Rupture","Whirlwind","Chemical X","Master of Strategy+1","Purity+1"],"campfire_rested":4,"item_purchase_floors":[2,2,21,21,21,44,44,53],"current_hp_per_floor":[80,80,79,79,80,66,61,61,61,63,63,39,63,57,57,28,67,64,63,76,76,61,61,44,43,43,27,52,22,27,12,37,39,74,72,72,42,48,50,50,54,79,79,79,59,59,65,59,59,14,67,67,67,32,0,0],"gold":58,"neow_bonus":"HUNDRED_GOLD","is_daily":false,"chose_seed":false,"campfire_upgraded":6,"win_rate":0.0,"timestamp":1611925934,"path_taken":["M","$","?","?","M","E","M","R","T","?","R","E","R","M","R","BOSS","M","M","M","$","?","R","E","M","T","?","R","E","M","M","R","BOSS","M","?","M","M","?","R","M","R","T","$","E","?","M","M","R","BOSS","R","$","E","BOSS"],"items_purchased_type":["Card","Card","Relic","Card","Card","Relic","Card","Card"],"build_version":"2020-12-22","purchased_purges":1,"victory":false,"max_hp_per_floor":[80,80,80,80,80,80,80,80,80,80,80,80,80,80,80,80,80,80,80,80,80,85,85,85,85,85,85,85,85,85,85,85,85,85,85,85,85,85,85,85,85,85,85,85,85,85,85,85,85,85,85,85,85,85,85,85],"relic_stats":{"counters":[29,142],"Gambling Chip":[15],"PreservedInsect":115,"Whetstone":["Strike_R","Strike_R"],"Chemical X":[4],"Question Card":19,"Medical Kit":[18],"obtain_stats":[{"Lantern":54,"Nilry\u0027s Codex":27,"PreservedInsect":29,"Whetstone":6,"Question Card":12,"Medical Kit":21,"Burning Blood":0,"HornCleat":26,"Gambling Chip":39,"Mark of Pain":34,"Chemical X":44,"Toxic Egg 2":9,"Red Skull":45,"Runic Pyramid":17},{"Lantern":28,"Nilry\u0027s Codex":14,"PreservedInsect":15,"Whetstone":4,"Question Card":7,"Medical Kit":12,"Burning Blood":0,"HornCleat":14,"Gambling Chip":22,"Mark of Pain":18,"Chemical X":23,"Toxic Egg 2":5,"Red Skull":24,"Runic Pyramid":9},{"Lantern":137,"Nilry\u0027s Codex":65,"PreservedInsect":70,"Whetstone":15,"Question Card":28,"Medical Kit":57,"Burning Blood":0,"HornCleat":65,"Gambling Chip":105,"Mark of Pain":88,"Chemical X":108,"Toxic Egg 2":18,"Red Skull":113,"Runic Pyramid":43}],"Burning Blood":158},"card_choices":[{"not_picked":["Carnage","Clothesline"],"picked":"Heavy Blade","floor":1},{"not_picked":["Havoc","Evolve"],"picked":"Cleave","floor":3},{"not_picked":["Body Slam","Rampage"],"picked":"Intimidate","floor":5},{"not_picked":["Warcry","Berserk"],"picked":"Brutality","floor":6},{"not_picked":["Inflame","Armaments"],"picked":"Flame Barrier","floor":7},{"not_picked":["Sever Soul","Heavy Blade"],"picked":"Metallicize","floor":10},{"not_picked":["Anger","Dark Embrace"],"picked":"Feel No Pain","floor":12},{"not_picked":["Sword Boomerang","Clash","Perfected Strike"],"picked":"Pummel","floor":14},{"not_picked":["Bludgeon","Brutality","Immolate"],"picked":"Fiend Fire","floor":16},{"not_picked":["Anger","Twin Strike","Fire Breathing"],"picked":"Shockwave+1","floor":18},{"not_picked":["Wild Strike","Flex+1","Uppercut"],"picked":"True Grit+1","floor":19},{"not_picked":["Combust","Clothesline","Perfected Strike"],"picked":"Battle Trance+1","floor":20},{"not_picked":["Iron Wave+1","Clothesline","Headbutt"],"picked":"Exhume+1","floor":25},{"not_picked":["Clash+1","Searing Blow","Uppercut+1"],"picked":"Metallicize+1","floor":29},{"not_picked":["Combust+1","Infernal Blade+1","Wild Strike"],"picked":"Warcry+1","floor":30},{"not_picked":["Heavy Blade","Feel No Pain+1","Pommel Strike"],"picked":"Spot Weakness+1","floor":31},{"not_picked":["Impervious+1","Offering+1","Corruption"],"picked":"Double Tap+1","floor":33},{"not_picked":["Anger","Twin Strike","Sever Soul","Perfected Strike"],"picked":"SKIP","floor":35},{"not_picked":["Twin Strike","Searing Blow+1","Wild Strike+1"],"picked":"Body Slam+1","floor":37},{"not_picked":["Armaments+1","Rupture","Wild Strike","Clothesline+1"],"picked":"SKIP","floor":38},{"not_picked":["Twin Strike","Perfected Strike","Rupture"],"picked":"Disarm+1","floor":39},{"not_picked":["Combust+1","Twin Strike+1","Whirlwind"],"picked":"Demon Form","floor":41},{"not_picked":["Bloodletting+1","Clash","Dropkick+1"],"picked":"Power Through+1","floor":45},{"not_picked":["Cleave","Searing Blow+1","Feel No Pain+1"],"picked":"Seeing Red+1","floor":47},{"not_picked":["Rage+1","Sword Boomerang+1","Carnage+1"],"picked":"Juggernaut","floor":48},{"not_picked":["Cleave+1","Flex+1","Heavy Blade"],"picked":"Headbutt","floor":54}],"player_experience":225526,"relics_obtained":[{"floor":6,"key":"Whetstone"},{"floor":9,"key":"Toxic Egg 2"},{"floor":12,"key":"Question Card"},{"floor":26,"key":"HornCleat"},{"floor":27,"key":"Nilry\u0027s Codex"},{"floor":29,"key":"PreservedInsect"},{"floor":39,"key":"Gambling Chip"},{"floor":45,"key":"Red Skull"},{"floor":54,"key":"Lantern"}],"event_choices":[{"damage_healed":0,"gold_gain":0,"player_choice":"Got Potions","damage_taken":0,"max_hp_gain":0,"max_hp_loss":0,"event_name":"Lab","floor":4,"gold_loss":0},{"damage_healed":0,"gold_gain":0,"player_choice":"Shed Blood","damage_taken":20,"max_hp_gain":5,"max_hp_loss":0,"event_name":"Forgotten Altar","floor":22,"gold_loss":0},{"damage_healed":0,"gold_gain":0,"player_choice":"Obtained Book","damage_taken":16,"max_hp_gain":0,"max_hp_loss":0,"event_name":"Cursed Tome","floor":27,"gold_loss":0},{"damage_healed":0,"gold_gain":0,"player_choice":"Ignored","damage_taken":0,"max_hp_gain":0,"max_hp_loss":0,"event_name":"Tomb of Lord Red Mask","floor":36,"gold_loss":0},{"damage_healed":0,"gold_gain":0,"player_choice":"Fight","damage_taken":0,"max_hp_gain":0,"max_hp_loss":0,"event_name":"MindBloom","floor":39,"gold_loss":0},{"cards_removed":["Strike_R"],"damage_healed":0,"gold_gain":0,"player_choice":"Removed Attack","damage_taken":0,"max_hp_gain":0,"max_hp_loss":0,"event_name":"Falling","floor":46,"gold_loss":0}],"is_beta":false,"boss_relics":[{"not_picked":["SacredBark","Velvet Choker"],"picked":"Runic Pyramid"},{"not_picked":["Cursed Key","Runic Dome"],"picked":"Mark of Pain"}],"items_purged_floors":[21],"is_endless":false,"potions_floor_spawned":[1,6,14,16,18,20,25,33,35,37,45,48,54],"killed_by":"The Heart","ascension_level":5}}