{"host":"rkd2egloqduv8drx","time":1611931802,"event":{"mods":["Act Like it!","BaseMod","CapriCore","Gensokyo","Jedi Mod","Koishi","Minty Spire (QoL Compilation)","Permanent Neow","Prisma Mod","Quick Restart","Robot Space Explorer","Spicy Shops","StSLib","Td1madao Mod","The Administrix","The Bug Knight","The Immortal","WarShipGirlsR/’ΩΩ¢…Ÿ≈ÆR mod"],"gold_per_floor":[15,29,47,57,57,57,57],"floor_reached":6,"language":"ZHS","playtime":440,"items_purged":[],"score":38,"play_id":"acdd8f70-cc29-4e22-9d46-dbadf4f2150c","local_time":"20210129225002","is_ascension_mode":false,"campfire_choices":[],"circlet_count":0,"master_deck":["rmod:strick","rmod:strick","rmod:strick","rmod:defend","rmod:defend","rmod:defend","rmod:defend","rmod:basicallowance","rmod:maingunfire","rmod:fletcher","rmod:circuitoustactics","rmod:lonelyqueen","rmod:ring"],"relics":["rmod:firstchargereward"],"acts_visited":["Exordium"],"potions_floor_usage":[],"damage_taken":[{"damage":0,"enemies":"Cultist","floor":1,"turns":3},{"damage":0,"enemies":"2 Louse","floor":2,"turns":2},{"damage":2,"enemies":"Small Slimes","floor":3,"turns":3},{"damage":23,"enemies":"Exordium Thugs","floor":4,"turns":6},{"damage":21,"enemies":"Gremlin Nob","floor":6,"turns":4}],"seed_played":"-4773339793027805417","potions_obtained":[{"floor":3,"key":"SpeedPotion"},{"floor":4,"key":"LiquidBronze"}],"is_trial":false,"path_per_floor":["M","M","M","M","?","E"],"character_chosen":"PRAEFECT","items_purchased":[],"campfire_rested":0,"item_purchase_floors":[],"current_hp_per_floor":[75,75,73,50,50,29,29],"gold":57,"neow_bonus":"THREE_RARE_CARDS","is_daily":false,"chose_seed":false,"campfire_upgraded":0,"win_rate":0.0,"timestamp":1611931802,"path_taken":["M","M","?","M","?","E"],"items_purchased_type":[],"build_version":"2020-12-22","purchased_purges":0,"victory":false,"max_hp_per_floor":[75,75,75,75,75,75,75],"card_choices":[{"not_picked":["rmod:secretscript","rmod:u235"],"picked":"rmod:fletcher","floor":0},{"not_picked":["rmod:firesupport","rmod:luckystar"],"picked":"rmod:circuitoustactics","floor":1},{"not_picked":["rmod:heivgo","rmod:steelsupply","rmod:aviationdawn"],"picked":"SKIP","floor":2},{"not_picked":["rmod:lonelyqueen","rmod:ammunitionsupply","rmod:aviationdawn"],"picked":"SKIP","floor":3},{"not_picked":["rmod:ammunitionsupply","rmod:aviationdawn"],"picked":"rmod:lonelyqueen","floor":3},{"not_picked":["rmod:diamondstrike","rmod:selfconfidence"],"picked":"rmod:ring","floor":4}],"player_experience":323282,"relics_obtained":[],"event_choices":[{"cards_removed":["rmod:strick"],"damage_healed":0,"gold_gain":0,"player_choice":"Offered Basic","damage_taken":0,"max_hp_gain":0,"max_hp_loss":0,"event_name":"Bonfire Elementals","floor":5,"gold_loss":0}],"is_beta":false,"boss_relics":[],"items_purged_floors":[],"is_endless":false,"potions_floor_spawned":[3,4],"killed_by":"Gremlin Nob","ascension_level":0}}