{"host":"su878r6uzygfa166","time":1611892628,"event":{"mods":["Arknights The Spire","BaseMod","Minty Spire (QoL Compilation)","StSLib"],"gold_per_floor":[115,135,135,135,10,36,36,55,55,73,107,107,140,48,48,147,147,158,158,58,68,68,68,86,86,110,110,110],"floor_reached":27,"language":"ZHS","playtime":724,"items_purged":["ats:Strike C","ats:Strike V"],"score":279,"play_id":"83323843-28d7-4320-ba3c-72bdd2f9d93e","local_time":"20210129115708","is_ascension_mode":false,"campfire_choices":[{"data":"ats:Closed Bolt Burst Fire","floor":7.0,"key":"SMITH"},{"data":"ats:Poison Spread","floor":15.0,"key":"SMITH"},{"data":"ats:Overload","floor":23.0,"key":"SMITH"},{"data":"ats:Neurotoxin","floor":25.0,"key":"SMITH"}],"circlet_count":0,"master_deck":["ats:Strike S","ats:Armor Crushing Shot","ats:Defend","ats:Defend","ats:Defend","ats:Defend","ats:Emotion Absorption","ats:Consecutive Shot Auto","ats:Closed Bolt Burst Fire+1","ats:Explosion Area Strengthen","ats:Overload","ats:Neurotoxin+1","ats:Rapid Magazine","ats:Poison Spread+1","ats:Absolute Focus","ats:Overload+1"],"relics":["ats:Sanity","NeowsBlessing","ats:Originium","Peace Pipe","Gambling Chip","ats:Rhine Circuitry","Gremlin Horn","ats:Ability Aura","Black Star","ats:Spiritual Recovery"],"acts_visited":["Exordium","TheCity"],"potions_floor_usage":[],"damage_taken":[{"damage":0.0,"enemies":"2 Louse","floor":1.0,"turns":1.0},{"damage":0.0,"enemies":"Jaw Worm","floor":2.0,"turns":1.0},{"damage":0.0,"enemies":"Gremlin Nob","floor":6.0,"turns":1.0},{"damage":0.0,"enemies":"Cultist","floor":8.0,"turns":2.0},{"damage":0.0,"enemies":"Large Slime","floor":10.0,"turns":3.0},{"damage":26.0,"enemies":"Lagavulin","floor":11.0,"turns":6.0},{"damage":0.0,"enemies":"3 Sentries","floor":13.0,"turns":4.0},{"damage":41.0,"enemies":"The Guardian","floor":16.0,"turns":9.0},{"damage":22.0,"enemies":"Spheric Guardian","floor":18.0,"turns":4.0},{"damage":17.0,"enemies":"3 Byrds","floor":21.0,"turns":3.0},{"damage":23.0,"enemies":"Centurion and Healer","floor":24.0,"turns":5.0},{"damage":10,"enemies":"Cultist and Chosen","floor":27,"turns":2}],"seed_played":"-2867079497683562565","potions_obtained":[{"floor":6.0,"key":"LiquidMemories"},{"floor":8.0,"key":"CultistPotion"},{"floor":10.0,"key":"SkillPotion"},{"floor":22.0,"key":"Fruit Juice"},{"floor":22.0,"key":"SkillPotion"},{"floor":22.0,"key":"Block Potion"}],"is_trial":false,"path_per_floor":["M","M","?","?","$","E","R","M","T","M","E","?","E","$","R","B",null,"M","?","$","M","?","R","M","R","T","M"],"character_chosen":"DOCTOR_CLASS","items_purchased":["ats:Closed Bolt Burst Fire","ats:Rapid Magazine","ats:Poison Spread"],"campfire_rested":0,"item_purchase_floors":[5,14,14],"current_hp_per_floor":[72,72,77,77,77,77,77,77,77,77,51,44,44,44,44,3,77,55,55,55,38,43,43,20,20,20,10,10],"gold":110,"neow_bonus":"THREE_ENEMY_KILL","is_daily":false,"chose_seed":false,"campfire_upgraded":4,"win_rate":0.0,"timestamp":1611892628,"path_taken":["M","M","?","?","?","E","R","M","T","M","E","?","E","$","R","BOSS","M","?","$","M","?","R","?","R","T","M"],"items_purchased_type":["Card","Card","Card"],"build_version":"2020-12-22","purchased_purges":2,"victory":false,"max_hp_per_floor":[72,72,77,77,77,77,77,77,77,77,77,77,77,77,77,77,77,77,77,77,77,82,82,82,82,82,82,82],"card_choices":[{"not_picked":["ats:Revitalization","ats:Guard Mode","ats:Powerful Strike"],"picked":"SKIP","floor":1.0},{"not_picked":["ats:Ignite","ats:Directed Diagnosis"],"picked":"ats:Consecutive Shot Auto","floor":2.0},{"not_picked":["ats:Ignite","ats:Very Hot Blade"],"picked":"ats:Explosion Area Strengthen","floor":6.0},{"not_picked":["ats:Song Of Battle","ats:Explosion Area Strengthen"],"picked":"ats:Overload","floor":8.0},{"not_picked":["ats:Curse Doll","ats:Beaten Up","ats:Composite Medical Shells"],"picked":"SKIP","floor":10.0},{"not_picked":["ats:Support Order","ats:Explosion Area Strengthen","ats:Roar Of Ursus"],"picked":"SKIP","floor":11.0},{"not_picked":["ats:Demon Strength","ats:Automatic Cover"],"picked":"ats:Neurotoxin","floor":13.0},{"not_picked":["ats:Collapsing Strike+1","ats:Healing Strengthening"],"picked":"ats:Absolute Focus","floor":18.0},{"not_picked":["ats:Powerful Strike","ats:Absolute Focus"],"picked":"ats:Overload","floor":21.0},{"not_picked":["ats:Phantom","ats:Sashimi Platter+1","ats:Assault Order"],"picked":"SKIP","floor":24.0}],"player_experience":236278,"relics_obtained":[{"floor":6.0,"key":"ats:Originium"},{"floor":6.0,"key":"Peace Pipe"},{"floor":9.0,"key":"Gambling Chip"},{"floor":11.0,"key":"ats:Originium"},{"floor":11.0,"key":"ats:Rhine Circuitry"},{"floor":13.0,"key":"ats:Originium"},{"floor":13.0,"key":"ats:Ability Aura"},{"floor":26.0,"key":"ats:Spiritual Recovery"}],"event_choices":[{"damage_healed":0.0,"max_hp_gain":5.0,"max_hp_loss":0.0,"gold_gain":0.0,"event_name":"Big Fish","player_choice":"Donut","floor":3.0,"gold_loss":0.0,"damage_taken":0.0},{"cards_removed":["ats:Strike G"],"damage_healed":0.0,"max_hp_gain":0.0,"max_hp_loss":0.0,"gold_gain":0.0,"event_name":"Living Wall","player_choice":"Forget","floor":4.0,"gold_loss":0.0,"damage_taken":0.0},{"damage_healed":0.0,"max_hp_gain":0.0,"max_hp_loss":0.0,"gold_gain":0.0,"event_name":"Scrap Ooze","player_choice":"Success","floor":12.0,"gold_loss":0.0,"damage_taken":7.0,"relics_obtained":["Gremlin Horn"]},{"damage_healed":0.0,"max_hp_gain":0.0,"max_hp_loss":0.0,"gold_gain":0.0,"event_name":"Ghosts","player_choice":"Ignored","floor":19.0,"gold_loss":0.0,"damage_taken":0.0},{"damage_healed":0.0,"max_hp_gain":0.0,"max_hp_loss":0.0,"gold_gain":0.0,"event_name":"Lab","player_choice":"Got Potions","floor":22.0,"gold_loss":0.0,"damage_taken":0.0}],"is_beta":false,"boss_relics":[{"not_picked":["Coffee Dripper","Tiny House"],"picked":"Black Star"}],"items_purged_floors":[5,20],"is_endless":false,"potions_floor_spawned":[6,8,10,11],"killed_by":"Cultist and Chosen","ascension_level":0}}