{"host":"n23juj4d9qam5hh1","time":1611926883,"event":{"mods":["BaseMod","Better Note","BetterRewards","Displayed Cursed Tome","Infinite Spire","Minty Spire (QoL Compilation)","Relic Stats","StSLib","Thieving Mod"],"gold_per_floor":[115,115,115,115,127,156,156,177,177,67,67,78,43,53,53,153,153,165,165,165,179,189,189,204,204,204,234,234,234,234],"floor_reached":29,"language":"ENG","playtime":1109,"items_purged":[],"score":319,"play_id":"8c1d7a2c-0464-43fc-948e-9f5e16692b0e","local_time":"20210129082803","is_ascension_mode":true,"campfire_choices":[{"data":"Static Discharge","floor":7.0,"key":"SMITH"},{"floor":11.0,"key":"REST"},{"data":"Zap","floor":15.0,"key":"SMITH"},{"floor":23,"key":"REST"},{"floor":28,"key":"REST"}],"circlet_count":0,"master_deck":["Strike_B","Strike_B+1","Strike_B+1","Defend_B","Defend_B","Defend_B","Defend_B","Zap+1","Dualcast+1","Glacier","Static Discharge+1","Capacitor","Coolheaded","Loop","White Noise","Leap","Reboot","Multi-Cast","FTL","Turbo"],"relics":["Cracked Core","NeowsBlessing","Peace Pipe","Odd Mushroom","infinitespire:BottledMercury","Inserter","infinitespire:Joker Card","FossilizedHelix"],"acts_visited":["Exordium","TheCity"],"potions_floor_usage":[24,29,29],"damage_taken":[{"damage":0.0,"enemies":"Jaw Worm","floor":1.0,"turns":1.0},{"damage":0.0,"enemies":"2 Louse","floor":5.0,"turns":1.0},{"damage":0.0,"enemies":"Lagavulin","floor":6.0,"turns":1.0},{"damage":21.0,"enemies":"The Mushroom Lair","floor":8.0,"turns":4.0},{"damage":0.0,"enemies":"Small Slimes","floor":12.0,"turns":2.0},{"damage":0.0,"enemies":"Looter","floor":14.0,"turns":3.0},{"damage":23.0,"enemies":"The Guardian","floor":16.0,"turns":12.0},{"damage":11,"enemies":"3 Byrds","floor":18,"turns":3},{"damage":9,"enemies":"Shell Parasite","floor":21,"turns":7},{"damage":27,"enemies":"Chosen and Byrds","floor":22,"turns":4},{"damage":1,"enemies":"Snecko","floor":24,"turns":5},{"damage":32,"enemies":"Book of Stabbing","floor":27,"turns":6},{"damage":0,"enemies":"Colosseum Slavers","floor":29,"turns":7},{"damage":40,"enemies":"Colosseum Nobs","floor":29,"turns":6}],"seed_played":"1731140570042632401","potions_obtained":[{"floor":5.0,"key":"DistilledChaos"},{"floor":8.0,"key":"PotionOfCapacity"},{"floor":14.0,"key":"DistilledChaos"},{"floor":16.0,"key":"PowerPotion"},{"floor":24,"key":"Swift Potion"}],"is_trial":false,"path_per_floor":["M","?","$","?","M","E","R","?","T","$","R","M","?","M","R","B",null,"M","$","?","M","M","R","M","?","T","E","R","?"],"character_chosen":"DEFECT","items_purchased":["Loop","White Noise"],"campfire_rested":3,"item_purchase_floors":[10,10],"current_hp_per_floor":[75,75,75,60,60,60,60,39,39,39,61,61,75,75,75,52,75,64,64,64,55,28,50,49,49,49,17,39,0,0],"gold":234,"neow_bonus":"THREE_ENEMY_KILL","is_daily":false,"chose_seed":false,"campfire_upgraded":2,"win_rate":0.0,"timestamp":1611926883,"path_taken":["M","?","$","?","M","E","R","?","T","$","R","M","?","M","R","BOSS","M","$","?","M","M","R","M","?","T","E","R","?"],"items_purchased_type":["Card","Card"],"build_version":"2020-12-22","purchased_purges":0,"victory":false,"max_hp_per_floor":[75,75,75,75,75,75,75,75,75,75,75,75,75,75,75,75,75,75,75,75,75,75,75,75,75,75,75,75,75,75],"relic_stats":{"Peace Pipe":0,"Inserter":[19],"counters":[14,62],"obtain_stats":[{"Peace Pipe":6,"infinitespire:BottledMercury":9,"Inserter":17,"NeowsBlessing":0,"infinitespire:Joker Card":26,"Odd Mushroom":8,"Cracked Core":0,"FossilizedHelix":27},{"Peace Pipe":3,"infinitespire:BottledMercury":4,"Inserter":7,"NeowsBlessing":0,"infinitespire:Joker Card":11,"Odd Mushroom":4,"Cracked Core":0,"FossilizedHelix":12},{"Peace Pipe":3,"infinitespire:BottledMercury":7,"Inserter":24,"NeowsBlessing":0,"infinitespire:Joker Card":43,"Odd Mushroom":7,"Cracked Core":0,"FossilizedHelix":49}]},"card_choices":[{"not_picked":["Coolheaded","Streamline"],"picked":"Glacier","floor":1.0},{"not_picked":["Compile Driver","Melter"],"picked":"Static Discharge","floor":5.0},{"not_picked":["Chill","Turbo"],"picked":"Capacitor","floor":6.0},{"not_picked":["Tempest","Streamline"],"picked":"Coolheaded","floor":8.0},{"not_picked":["Blizzard","Aggregate"],"picked":"Leap","floor":12.0},{"not_picked":["Cold Snap","Genetic Algorithm"],"picked":"Reboot","floor":14.0},{"not_picked":["Fission","Meteor Strike"],"picked":"Multi-Cast","floor":16.0},{"not_picked":["Redo","Leap","Lockon+1"],"picked":"SKIP","floor":18},{"not_picked":["Coolheaded","Rip and Tear"],"picked":"FTL","floor":21},{"not_picked":["Streamline","Hologram","Sweeping Beam"],"picked":"SKIP","floor":22},{"not_picked":["Go for the Eyes","Creative AI"],"picked":"Turbo","floor":24},{"not_picked":["Heatsinks","Genetic Algorithm","Stack"],"picked":"SKIP","floor":27}],"player_experience":263153,"relics_obtained":[{"floor":6.0,"key":"Peace Pipe"},{"floor":8.0,"key":"Odd Mushroom"},{"floor":9.0,"key":"infinitespire:BottledMercury"},{"floor":26,"key":"infinitespire:Joker Card"},{"floor":27,"key":"FossilizedHelix"}],"event_choices":[{"damage_healed":0.0,"max_hp_gain":0.0,"max_hp_loss":0.0,"gold_gain":0.0,"event_name":"Shining Light","player_choice":"Entered Light","floor":4.0,"gold_loss":0.0,"damage_taken":15.0,"cards_upgraded":["Strike_B","Strike_B"]},{"damage_healed":0.0,"max_hp_gain":0.0,"max_hp_loss":0.0,"gold_gain":0.0,"event_name":"Mushrooms","player_choice":"Fought Mushrooms","floor":8.0,"gold_loss":0.0,"damage_taken":0.0},{"damage_healed":18.0,"max_hp_gain":0.0,"max_hp_loss":0.0,"gold_gain":0.0,"event_name":"The Cleric","player_choice":"Healed","floor":13.0,"gold_loss":35.0,"damage_taken":0.0},{"cards_removed":["Strike_B"],"damage_healed":0,"gold_gain":0,"player_choice":"Elegance","damage_taken":0,"max_hp_gain":0,"max_hp_loss":0,"event_name":"Back to Basics","floor":25,"gold_loss":0},{"damage_healed":0,"gold_gain":0,"player_choice":"Fight","damage_taken":0,"max_hp_gain":0,"max_hp_loss":0,"event_name":"Colosseum","floor":29,"gold_loss":0},{"damage_healed":0,"gold_gain":0,"player_choice":"Fought Nobs","damage_taken":0,"max_hp_gain":0,"max_hp_loss":0,"event_name":"Colosseum","floor":29,"gold_loss":0}],"is_beta":false,"boss_relics":[{"not_picked":["Calling Bell","Astrolabe"],"picked":"Inserter"}],"items_purged_floors":[],"is_endless":false,"potions_floor_spawned":[5,8,14,16,18,24,27],"killed_by":"Colosseum Nobs","ascension_level":4}}