{"host":"jpcy2bclvs7juczu","time":1611945793,"event":{"mods":["Alarm Clock","BaseMod","Bestiary","Block Reminder","Colored Map","Colored Powertips","Curses Come First","Dark Map","Filter the Spire","Minty Spire (QoL Compilation)","Quick Restart","RNG Fix","Random Character Button","Relic Stats","Slay the Relics Exporter","Smile Girya","StSLib","everything is the same but u backflip on backflip","ojb\u0027s Better Paths Mod","ojb\u0027s Info Mod","slay the spire mod where everything is the same but ironclad has a cowboy hat"],"gold_per_floor":[11,21,21,32,43,71,71,97,97,97,97],"floor_reached":10,"language":"ENG","playtime":298,"items_purged":[],"score":156,"play_id":"fd1b47f1-d886-4f8d-a045-bf5d238a2d01","local_time":"20210129134313","is_ascension_mode":true,"campfire_choices":[{"floor":7,"key":"REST"}],"circlet_count":0,"master_deck":["AscendersBane","Strike_R","Strike_R","Strike_R","Defend_R","Defend_R","Defend_R","Bash","Sentinel","Rampage","Shockwave","Cleave","Twin Strike","Iron Wave"],"relics":["Burning Blood","Ginger","Bag of Marbles","Toxic Egg 2"],"acts_visited":["Exordium"],"potions_floor_usage":[6],"damage_taken":[{"damage":0,"enemies":"2 Louse","floor":1,"turns":2},{"damage":6,"enemies":"Cultist","floor":2,"turns":3},{"damage":7,"enemies":"Small Slimes","floor":4,"turns":3},{"damage":17,"enemies":"Exordium Wildlife","floor":5,"turns":5},{"damage":49,"enemies":"Lagavulin","floor":6,"turns":8},{"damage":32,"enemies":"Gremlin Nob","floor":8,"turns":4},{"damage":15,"enemies":"Lagavulin","floor":10,"turns":5}],"seed_played":"7661961530792955483","potions_obtained":[{"floor":4,"key":"SpeedPotion"}],"is_trial":false,"path_per_floor":["M","M","?","M","M","E","R","E","T","E"],"character_chosen":"IRONCLAD","items_purchased":[],"campfire_rested":1,"item_purchase_floors":[],"current_hp_per_floor":[74,74,74,73,62,19,41,15,15,0,0],"gold":97,"neow_bonus":"TRANSFORM_TWO_CARDS","is_daily":false,"chose_seed":false,"campfire_upgraded":0,"win_rate":0.0,"timestamp":1611945793,"path_taken":["M","M","?","M","M","E","R","E","T","E"],"items_purchased_type":[],"build_version":"2020-12-22","purchased_purges":0,"victory":false,"max_hp_per_floor":[75,75,75,75,75,75,75,75,75,75,75],"relic_stats":{"counters":[7,30],"Ginger":[0],"obtain_stats":[{"Bag of Marbles":8,"Ginger":6,"Toxic Egg 2":9,"Burning Blood":0},{"Bag of Marbles":6,"Ginger":5,"Toxic Egg 2":6,"Burning Blood":0},{"Bag of Marbles":25,"Ginger":21,"Toxic Egg 2":25,"Burning Blood":0}],"Burning Blood":36},"card_choices":[{"not_picked":["Heavy Blade","Flex"],"picked":"Shockwave","floor":1},{"not_picked":["Burning Pact","Intimidate","Searing Blow"],"picked":"SKIP","floor":2},{"not_picked":["Heavy Blade","Clash","Body Slam"],"picked":"SKIP","floor":4},{"not_picked":["Sentinel","Shrug It Off"],"picked":"Cleave","floor":5},{"not_picked":["Clash","Rampage"],"picked":"Twin Strike","floor":6},{"not_picked":["Clothesline","Havoc"],"picked":"Iron Wave","floor":8}],"player_experience":1513995,"relics_obtained":[{"floor":6,"key":"Ginger"},{"floor":8,"key":"Bag of Marbles"},{"floor":9,"key":"Toxic Egg 2"}],"event_choices":[{"cards_removed":["Defend_R"],"damage_healed":0,"gold_gain":0,"player_choice":"Purged","damage_taken":0,"max_hp_gain":0,"max_hp_loss":0,"event_name":"Purifier","floor":3,"gold_loss":0}],"is_beta":false,"boss_relics":[],"items_purged_floors":[],"is_endless":false,"potions_floor_spawned":[4],"killed_by":"Lagavulin","ascension_level":20}}