{"host":"52m1o8iwwagurbjs","time":1611964003,"event":{"mods":["AchievementEnabler","BaseMod","Bestiary","Colored Powertips","GifTheSpireLib","Minty Spire (QoL Compilation)","Quick Restart","RNG Fix","Relic Stats","StSLib"],"gold_per_floor":[109,129,79,99,99,125,200,34,34,64,75,100,25,42,42,137,137,156,71,88,40,69,98,98,124,124,154,170,70,70,70,82,198,210,242,254,319,349,411,423,468,495,530,542,567,610,622,649,661,673,685,697,79,105,105],"floor_reached":56,"language":"ENG","playtime":2409,"items_purged":["Strike_G","Strike_G"],"score":1460,"play_id":"0f91b4a9-7b69-4995-b03f-24459c3bf043","local_time":"20210129184643","is_ascension_mode":true,"campfire_choices":[{"data":"Catalyst","floor":15.0,"key":"SMITH"},{"data":"Footwork","floor":24.0,"key":"SMITH"},{"floor":30.0,"key":"REST"},{"data":"Noxious Fumes","floor":32.0,"key":"SMITH"},{"data":"Cloak And Dagger","floor":40.0,"key":"SMITH"},{"floor":44.0,"key":"RECALL"},{"data":"Wraith Form v2","floor":49.0,"key":"SMITH"},{"data":"Crippling Poison","floor":52.0,"key":"SMITH"}],"circlet_count":0,"master_deck":["Strike_G+1","Defend_G","Defend_G","Defend_G","Defend_G","Defend_G","Survivor","Neutralize","After Image","Endless Agony","Dagger Spray+1","Deflect","Footwork+1","Cloak And Dagger+1","Catalyst+1","Deadly Poison","Crippling Poison+1","Poisoned Stab+1","Deadly Poison","Bullet Time","PiercingWail","Backflip+1","Noxious Fumes+1","PiercingWail","Noxious Fumes","Writhe","Wraith Form v2+1","Dodge and Roll+1","Acrobatics","Calculated Gamble+1","Envenom","Bouncing Flask+1","Blur+1"],"relics":["Ring of the Snake","Lantern","Akabeko","Vajra","Unceasing Top","SlaversCollar","Eternal Feather","Red Mask","Pen Nib","Bag of Marbles","Happy Flower","MawBank","Runic Pyramid","Lizard Tail","Ginger","Ornamental Fan","Boot","Whetstone","Orrery","Turnip","Snake Skull"],"acts_visited":["Exordium","TheCity","TheBeyond","TheEnding"],"potions_floor_usage":[],"damage_taken":[{"damage":0.0,"enemies":"Jaw Worm","floor":1.0,"turns":5.0},{"damage":1.0,"enemies":"Cultist","floor":2.0,"turns":6.0},{"damage":0.0,"enemies":"Small Slimes","floor":4.0,"turns":3.0},{"damage":32.0,"enemies":"Gremlin Nob","floor":6.0,"turns":5.0},{"damage":8.0,"enemies":"3 Sentries","floor":10.0,"turns":7.0},{"damage":0.0,"enemies":"Exordium Wildlife","floor":11.0,"turns":1.0},{"damage":5.0,"enemies":"Lagavulin","floor":12.0,"turns":6.0},{"damage":6.0,"enemies":"Red Slaver","floor":14.0,"turns":3.0},{"damage":0.0,"enemies":"Hexaghost","floor":16.0,"turns":7.0},{"damage":13.0,"enemies":"3 Byrds","floor":18.0,"turns":5.0},{"damage":13.0,"enemies":"Shell Parasite","floor":20.0,"turns":4.0},{"damage":0.0,"enemies":"Masked Bandits","floor":22.0,"turns":1.0},{"damage":4.0,"enemies":"Slavers","floor":23.0,"turns":3.0},{"damage":0.0,"enemies":"Gremlin Leader","floor":25.0,"turns":7.0},{"damage":25.0,"enemies":"Slavers","floor":27.0,"turns":6.0},{"damage":0.0,"enemies":"Centurion and Healer","floor":28.0,"turns":8.0},{"damage":55.0,"enemies":"Collector","floor":33.0,"turns":9.0},{"damage":12.0,"enemies":"3 Shapes","floor":35.0,"turns":3.0},{"damage":24.0,"enemies":"2 Orb Walkers","floor":37.0,"turns":4.0},{"damage":0.0,"enemies":"Orb Walker","floor":38.0,"turns":3.0},{"damage":0.0,"enemies":"Mind Bloom Boss Battle","floor":39.0,"turns":7.0},{"damage":22.0,"enemies":"Reptomancer","floor":41.0,"turns":6.0},{"damage":0.0,"enemies":"3 Darklings","floor":42.0,"turns":3.0},{"damage":5.0,"enemies":"Transient","floor":45.0,"turns":5.0},{"damage":0.0,"enemies":"Nemesis","floor":46.0,"turns":5.0},{"damage":0.0,"enemies":"Jaw Worm Horde","floor":48.0,"turns":3.0},{"damage":25.0,"enemies":"Awakened One","floor":50.0,"turns":16.0},{"damage":4.0,"enemies":"Shield and Spear","floor":54.0,"turns":5.0},{"damage":11,"enemies":"The Heart","floor":55,"turns":9}],"seed_played":"6691607065220498423","potions_obtained":[{"floor":6.0,"key":"Swift Potion"},{"floor":10.0,"key":"Strength Potion"},{"floor":14.0,"key":"SneckoOil"},{"floor":16.0,"key":"Swift Potion"},{"floor":18.0,"key":"FearPotion"},{"floor":28.0,"key":"BlessingOfTheForge"},{"floor":33.0,"key":"SteroidPotion"},{"floor":39.0,"key":"Swift Potion"},{"floor":41.0,"key":"BlessingOfTheForge"},{"floor":54,"key":"Regen Potion"}],"is_trial":false,"path_per_floor":["M","M","?","M","?","E","?","$","T","E","M","E","$","M","R","B",null,"M","?","M","$","?","E","R","E","T","E","M","$","R","?","R","B",null,"M","?","?","M","?","R","E","M","T","R","M","E","?","M","R","B",null,"R","$","E","B",null],"character_chosen":"THE_SILENT","items_purchased":["Footwork","Cloak And Dagger","Catalyst","AttackPotion","Envenom","Orrery","Turnip","ColorlessPotion"],"campfire_rested":1,"item_purchase_floors":[8,8,8,21,53,53,53,53],"current_hp_per_floor":[70,69,69,69,69,37,26,26,26,18,18,13,13,7,7,7,70,57,57,44,44,44,40,55,55,55,30,30,30,66,66,70,15,70,58,58,34,34,34,52,30,30,30,48,43,43,43,43,61,36,66,66,66,62,51],"gold":105,"neow_bonus":"ONE_RANDOM_RARE_CARD","is_daily":false,"chose_seed":false,"campfire_upgraded":6,"win_rate":0.0,"timestamp":1611964003,"path_taken":["M","M","?","M","?","E","?","$","T","E","M","E","?","M","R","BOSS","M","?","?","$","?","E","R","E","T","E","?","$","R","?","R","BOSS","M","?","?","?","?","R","E","M","T","R","M","E","?","M","R","BOSS","R","$","E","BOSS"],"items_purchased_type":["Card","Card","Card","Potion","Card","Relic","Relic","Potion"],"build_version":"2020-12-22","purchased_purges":2,"victory":true,"max_hp_per_floor":[70,70,70,70,70,70,70,70,70,70,70,70,70,70,70,70,70,70,70,70,70,70,70,70,70,70,70,70,70,70,70,70,70,70,70,66,66,66,66,66,66,66,66,66,66,66,66,66,66,66,66,66,66,66,66],"relic_stats":{"Happy Flower":[28],"counters":[29,155],"Eternal Feather":88,"Pen Nib":[13],"Snake Skull":[29],"Ginger":[3],"Whetstone":["Poisoned Stab","Strike_G"],"MawBank":264,"Boot":[22],"Lizard Tail":0,"Ornamental Fan":[36],"Turnip":[2],"obtain_stats":[{"Lantern":6,"Happy Flower":27,"Vajra":10,"Eternal Feather":19,"Pen Nib":23,"Snake Skull":54,"Ginger":39,"Whetstone":46,"MawBank":31,"Boot":43,"Akabeko":9,"SlaversCollar":17,"Lizard Tail":37,"Ornamental Fan":41,"Orrery":53,"Turnip":53,"Red Mask":22,"Bag of Marbles":25,"Unceasing Top":12,"Ring of the Snake":0,"Runic Pyramid":34},{"Lantern":4,"Happy Flower":15,"Vajra":5,"Eternal Feather":10,"Pen Nib":13,"Snake Skull":28,"Ginger":21,"Whetstone":25,"MawBank":16,"Boot":23,"Akabeko":4,"SlaversCollar":9,"Lizard Tail":19,"Ornamental Fan":22,"Orrery":27,"Turnip":27,"Red Mask":12,"Bag of Marbles":14,"Unceasing Top":7,"Ring of the Snake":0,"Runic Pyramid":17},{"Lantern":19,"Happy Flower":69,"Vajra":26,"Eternal Feather":48,"Pen Nib":56,"Snake Skull":146,"Ginger":103,"Whetstone":122,"MawBank":77,"Boot":112,"Akabeko":19,"SlaversCollar":43,"Lizard Tail":93,"Ornamental Fan":109,"Orrery":141,"Turnip":141,"Red Mask":53,"Bag of Marbles":63,"Unceasing Top":33,"Ring of the Snake":0,"Runic Pyramid":86}],"Unceasing Top":[5],"Ring of the Snake":[59]},"card_choices":[{"not_picked":["Concentrate","Escape Plan"],"picked":"Endless Agony","floor":1.0},{"not_picked":["Heel Hook","Distraction"],"picked":"Dagger Spray","floor":2.0},{"not_picked":["Dodge and Roll","Dagger Spray","Outmaneuver"],"picked":"SKIP","floor":4.0},{"not_picked":["Setup","Prepared"],"picked":"Deflect","floor":6.0},{"not_picked":["Dagger Spray","Accuracy"],"picked":"Deadly Poison","floor":10.0},{"not_picked":["Cloak And Dagger","Deflect"],"picked":"Crippling Poison","floor":11.0},{"not_picked":["Sucker Punch","Blade Dance"],"picked":"Poisoned Stab","floor":12.0},{"not_picked":["Distraction","Deflect"],"picked":"Deadly Poison","floor":14.0},{"not_picked":["Phantasmal Killer","Die Die Die"],"picked":"Bullet Time","floor":16.0},{"not_picked":["Endless Agony+1","Heel Hook+1"],"picked":"PiercingWail","floor":18.0},{"not_picked":["Skewer","Slice"],"picked":"Backflip+1","floor":20.0},{"not_picked":["Outmaneuver","Flying Knee"],"picked":"Noxious Fumes","floor":22.0},{"not_picked":["Flechettes","Prepared"],"picked":"PiercingWail","floor":23.0},{"not_picked":["Dagger Spray","Bullet Time","Underhanded Strike"],"picked":"SKIP","floor":25.0},{"not_picked":["Slice+1","Finisher+1"],"picked":"Noxious Fumes","floor":27.0},{"not_picked":["Dagger Throw","Riddle With Holes","Slice+1"],"picked":"SKIP","floor":28.0},{"not_picked":["Doppelganger","Unload"],"picked":"Wraith Form v2","floor":33.0},{"not_picked":["Reflex+1","Dagger Throw+1"],"picked":"Dodge and Roll+1","floor":35.0},{"not_picked":["Bane","Outmaneuver+1"],"picked":"Acrobatics","floor":38.0},{"not_picked":["Quick Slash+1","Bullet Time","Underhanded Strike"],"picked":"SKIP","floor":41.0},{"not_picked":["Cloak And Dagger+1","Backstab","Masterful Stab+1"],"picked":"SKIP","floor":42.0},{"not_picked":["Dagger Throw+1","Choke","Deadly Poison+1"],"picked":"SKIP","floor":45.0},{"not_picked":["Endless Agony","Slice","Deadly Poison+1"],"picked":"SKIP","floor":46.0},{"not_picked":["Bane+1","Predator+1"],"picked":"Calculated Gamble+1","floor":48.0},{"not_picked":["Heel Hook","Underhanded Strike"],"picked":"Bouncing Flask+1","floor":53.0},{"not_picked":["Tactician+1","Dagger Spray+1"],"picked":"Blur+1","floor":53.0},{"not_picked":["Well Laid Plans+1","Outmaneuver+1","Escape Plan"],"picked":"SKIP","floor":54}],"player_experience":1249242,"relics_obtained":[{"floor":6.0,"key":"Lantern"},{"floor":9.0,"key":"Akabeko"},{"floor":10.0,"key":"Vajra"},{"floor":12.0,"key":"Unceasing Top"},{"floor":22.0,"key":"Red Mask"},{"floor":23.0,"key":"Pen Nib"},{"floor":25.0,"key":"Bag of Marbles"},{"floor":27.0,"key":"Happy Flower"},{"floor":37.0,"key":"Lizard Tail"},{"floor":39.0,"key":"Ginger"},{"floor":41.0,"key":"Ornamental Fan"},{"floor":43.0,"key":"Boot"},{"floor":46.0,"key":"Whetstone"},{"floor":54,"key":"Snake Skull"}],"event_choices":[{"cards_removed":["Strike_G"],"damage_healed":0.0,"max_hp_gain":0.0,"max_hp_loss":0.0,"gold_gain":0.0,"event_name":"The Cleric","player_choice":"Card Removal","floor":3.0,"gold_loss":50.0,"damage_taken":0.0},{"damage_healed":0.0,"max_hp_gain":0.0,"max_hp_loss":0.0,"gold_gain":0.0,"event_name":"Living Wall","player_choice":"Grow","floor":5.0,"gold_loss":0.0,"damage_taken":0.0,"cards_upgraded":["Dagger Spray"]},{"damage_healed":0.0,"max_hp_gain":0.0,"max_hp_loss":0.0,"gold_gain":75.0,"event_name":"World of Goop","player_choice":"Gather Gold","floor":7.0,"gold_loss":0.0,"damage_taken":11.0},{"damage_healed":0.0,"max_hp_gain":0.0,"max_hp_loss":0.0,"gold_gain":0.0,"event_name":"Addict","player_choice":"Obtained Relic","floor":19.0,"gold_loss":85.0,"damage_taken":0.0,"relics_obtained":["Eternal Feather"]},{"damage_healed":0.0,"max_hp_gain":0.0,"max_hp_loss":0.0,"gold_gain":0.0,"event_name":"Masked Bandits","player_choice":"Fought Bandits","floor":22.0,"gold_loss":0.0,"damage_taken":0.0},{"damage_healed":0.0,"max_hp_gain":0.0,"max_hp_loss":0.0,"gold_gain":0.0,"event_name":"The Mausoleum","player_choice":"Opened","floor":31.0,"gold_loss":0.0,"damage_taken":0.0,"relics_obtained":["MawBank"],"cards_obtained":["Writhe"]},{"damage_healed":0.0,"max_hp_gain":0.0,"max_hp_loss":4.0,"gold_gain":0.0,"event_name":"Winding Halls","player_choice":"Max HP","floor":36.0,"gold_loss":0.0,"damage_taken":0.0},{"damage_healed":0.0,"max_hp_gain":0.0,"max_hp_loss":0.0,"gold_gain":0.0,"event_name":"Mysterious Sphere","player_choice":"Fight","floor":37.0,"gold_loss":0.0,"damage_taken":0.0},{"damage_healed":0.0,"max_hp_gain":0.0,"max_hp_loss":0.0,"gold_gain":0.0,"event_name":"MindBloom","player_choice":"Fight","floor":39.0,"gold_loss":0.0,"damage_taken":0.0},{"cards_removed":["Strike_G"],"damage_healed":0.0,"max_hp_gain":0.0,"max_hp_loss":0.0,"gold_gain":0.0,"event_name":"Falling","player_choice":"Removed Attack","floor":47.0,"gold_loss":0.0,"damage_taken":0.0}],"is_beta":false,"boss_relics":[{"not_picked":["Fusion Hammer","Calling Bell"],"picked":"SlaversCollar"},{"not_picked":["HoveringKite","Black Star"],"picked":"Runic Pyramid"}],"items_purged_floors":[13,29],"is_endless":false,"potions_floor_spawned":[6,10,14,16,18,28,33,39,41,42,45,54],"ascension_level":1}}