{"host":"0kk91h4bq4kgfj0u","time":1611880743,"event":{"mods":["BaseMod","Minty Spire (QoL Compilation)","StSLib"],"gold_per_floor":[111,123,140,18,18,18,38,72,72,72,88,98,98,26,26,121,121,137,147,0,0,0,0],"floor_reached":22,"language":"ENG","playtime":541,"items_purged":[],"score":233,"play_id":"760932a5-c465-4243-9f29-0c28d2b9c990","local_time":"20210128193903","is_ascension_mode":true,"campfire_choices":[{"data":"Accuracy","floor":6,"key":"SMITH"},{"data":"Neutralize","floor":10,"key":"SMITH"},{"data":"Caltrops","floor":13,"key":"SMITH"},{"data":"Noxious Fumes","floor":15,"key":"SMITH"}],"circlet_count":0,"master_deck":["Strike_G","Strike_G","Strike_G","Defend_G","Defend_G","Defend_G","Defend_G","Survivor","Neutralize+1","Backstab+1","Slice+1","Skewer+1","Backflip","Cloak And Dagger","Accuracy+1","Dagger Spray","Deadly Poison","Bane","Escape Plan","Caltrops+1","Noxious Fumes+1","A Thousand Cuts","Quick Slash","Leg Sweep","Writhe"],"relics":["Astrolabe","Gremlin Horn","Mango","SlaversCollar","Snake Skull","Prayer Wheel"],"acts_visited":["Exordium","TheCity"],"potions_floor_usage":[18,22,22],"damage_taken":[{"damage":0,"enemies":"Cultist","floor":1,"turns":2},{"damage":0,"enemies":"Jaw Worm","floor":2,"turns":1},{"damage":0,"enemies":"2 Louse","floor":3,"turns":2},{"damage":2,"enemies":"Looter","floor":7,"turns":3},{"damage":12,"enemies":"Gremlin Nob","floor":8,"turns":3},{"damage":0,"enemies":"Gremlin Gang","floor":11,"turns":3},{"damage":0,"enemies":"2 Fungi Beasts","floor":12,"turns":1},{"damage":30,"enemies":"The Guardian","floor":16,"turns":9},{"damage":19,"enemies":"Spheric Guardian","floor":18,"turns":5},{"damage":17,"enemies":"2 Thieves","floor":19,"turns":4},{"damage":46,"enemies":"Shelled Parasite and Fungi","floor":22,"turns":5}],"seed_played":"7997664350169177109","potions_obtained":[{"floor":2,"key":"Energy Potion"},{"floor":11,"key":"AttackPotion"},{"floor":16,"key":"DistilledChaos"}],"is_trial":false,"path_per_floor":["M","M","M","$","?","R","M","E","T","R","M","M","R","$","R","B",null,"M","M","$","?","M"],"character_chosen":"THE_SILENT","items_purchased":["Accuracy","Dagger Spray","Noxious Fumes","Snake Skull"],"campfire_rested":0,"item_purchase_floors":[4,4,14,20],"current_hp_per_floor":[70,70,70,70,70,70,68,56,70,70,70,70,70,70,70,40,73,54,37,37,37,0,0],"gold":0,"neow_bonus":"BOSS_RELIC","is_daily":false,"chose_seed":false,"campfire_upgraded":4,"win_rate":0.0,"timestamp":1611880743,"path_taken":["M","M","M","$","?","R","M","E","T","R","M","M","R","$","R","BOSS","M","M","?","?","M"],"items_purchased_type":["Card","Card","Card","Relic"],"build_version":"2020-12-22","purchased_purges":0,"victory":false,"max_hp_per_floor":[70,70,70,70,70,70,70,70,84,84,84,84,84,84,84,84,84,84,84,84,84,84,84],"card_choices":[{"not_picked":["Prepared","Predator"],"picked":"Choke","floor":1},{"not_picked":["Slice","Poisoned Stab"],"picked":"Backflip","floor":2},{"not_picked":["Setup","Backstab"],"picked":"Cloak And Dagger","floor":3},{"not_picked":["Setup","Blur"],"picked":"Deadly Poison","floor":7},{"not_picked":["All Out Attack","Slice"],"picked":"Bane","floor":8},{"not_picked":["Tactician","Expertise"],"picked":"Escape Plan","floor":11},{"not_picked":["Slice","Distraction"],"picked":"Caltrops","floor":12},{"not_picked":["Tools of the Trade","Grand Finale"],"picked":"A Thousand Cuts","floor":16},{"not_picked":["Dodge and Roll","Dagger Throw"],"picked":"Quick Slash","floor":18},{"not_picked":["Sucker Punch","Deadly Poison"],"picked":"Leg Sweep","floor":19}],"player_experience":819474,"relics_obtained":[{"floor":8,"key":"Gremlin Horn"},{"floor":9,"key":"Mango"}],"event_choices":[{"cards_removed":["Choke"],"damage_healed":0,"gold_gain":0,"player_choice":"Offered Uncommon","damage_taken":0,"max_hp_gain":0,"max_hp_loss":0,"event_name":"Bonfire Elementals","floor":5,"gold_loss":0},{"damage_healed":0,"gold_gain":0,"player_choice":"Opened","damage_taken":0,"relics_obtained":["Prayer Wheel"],"max_hp_gain":0,"max_hp_loss":0,"event_name":"The Mausoleum","floor":21,"gold_loss":0,"cards_obtained":["Writhe"]}],"is_beta":false,"boss_relics":[{"not_picked":["Fusion Hammer","HoveringKite"],"picked":"SlaversCollar"}],"items_purged_floors":[],"is_endless":false,"potions_floor_spawned":[2,11,16],"killed_by":"Shelled Parasite and Fungi","ascension_level":5}}