{"host":"sxnl403xm2xmiyj1","time":1611903972,"event":{"mods":["AchievementEnabler","BaseMod","Colored Map","Keyboard Shortcuts","Minty Spire (QoL Compilation)","Quick Restart","StSLib","SuperFastMode"],"gold_per_floor":[111,129,143,155,155,184,184,184,184],"floor_reached":8,"language":"KOR","playtime":166,"items_purged":[],"score":70,"play_id":"3aab582a-45a8-4283-9c17-8eb3ed0862f9","local_time":"20210129160612","is_ascension_mode":true,"campfire_choices":[{"data":"True Grit","floor":7,"key":"SMITH"}],"circlet_count":0,"master_deck":["Strike_R","Strike_R","Strike_R","Strike_R","Strike_R","Defend_R","Defend_R","Defend_R","Defend_R","Bash","Reaper","Burning Pact","True Grit+1","Sword Boomerang","Limit Break"],"relics":["Burning Blood","Orichalcum"],"acts_visited":["Exordium"],"potions_floor_usage":[8,8],"damage_taken":[{"damage":8.0,"enemies":"Small Slimes","floor":1.0,"turns":4.0},{"damage":15.0,"enemies":"2 Louse","floor":2.0,"turns":3.0},{"damage":16.0,"enemies":"Jaw Worm","floor":3.0,"turns":4.0},{"damage":20.0,"enemies":"Red Slaver","floor":4.0,"turns":5.0},{"damage":41.0,"enemies":"3 Sentries","floor":6.0,"turns":9.0},{"damage":20,"enemies":"Gremlin Nob","floor":8,"turns":3}],"seed_played":"-7727903472749888853","potions_obtained":[{"floor":1.0,"key":"Explosive Potion"},{"floor":4.0,"key":"GamblersBrew"},{"floor":6.0,"key":"ElixirPotion"}],"is_trial":false,"path_per_floor":["M","M","M","M","?","E","R","E"],"character_chosen":"IRONCLAD","items_purchased":[],"campfire_rested":0,"item_purchase_floors":[],"current_hp_per_floor":[62,58,52,42,42,19,19,0,0],"gold":184,"neow_bonus":"THREE_RARE_CARDS","is_daily":false,"chose_seed":false,"campfire_upgraded":1,"win_rate":0.0,"timestamp":1611903972,"path_taken":["M","M","M","M","?","E","R","E"],"items_purchased_type":[],"build_version":"2020-12-22","purchased_purges":0,"victory":false,"max_hp_per_floor":[80,80,80,80,80,80,80,80,80],"card_choices":[{"not_picked":["Impervious","Bludgeon"],"picked":"Reaper","floor":0.0},{"not_picked":["Entrench","Iron Wave"],"picked":"Burning Pact","floor":1.0},{"not_picked":["Intimidate","Cleave"],"picked":"True Grit","floor":2.0},{"not_picked":["Clothesline","Iron Wave"],"picked":"Sword Boomerang","floor":3.0},{"not_picked":["Clothesline","Wild Strike","Iron Wave"],"picked":"SKIP","floor":4.0},{"not_picked":["Pommel Strike","Twin Strike"],"picked":"Limit Break","floor":6.0}],"player_experience":181472,"relics_obtained":[{"floor":6.0,"key":"Orichalcum"}],"event_choices":[{"damage_healed":0.0,"max_hp_gain":0.0,"max_hp_loss":0.0,"gold_gain":0.0,"event_name":"Liars Game","player_choice":"Ignored","floor":5.0,"gold_loss":0.0,"damage_taken":0.0}],"is_beta":false,"boss_relics":[],"items_purged_floors":[],"is_endless":false,"potions_floor_spawned":[1,4,6],"killed_by":"Gremlin Nob","ascension_level":4}}