{"host":"rw7a2h039i1hcs3q","time":1611911798,"event":{"mods":["BaseMod","Better Altar","Better Match","Better Note","Better Sensory Stone","Better Skull","Better Third Choice","Booster Modes","Colored Powertips","Downfall","Halation","Hermit","Highlight Path","Hubris","Infinite Spire","Jedi Mod","Minty Spire (QoL Compilation)","Random Character Button","Rare Cards Sparkle","StSLib","The Cursed","The Dragon Tamer","The Hierophant","Unceasing Turn Reminder"],"gold_per_floor":[111,36,36,36,36,36,48,1,51,61,61,87,102,120,120,213,213,249,249,129,163,167,167,167,167,190,198,398,59,59,54,54,111,111,142,142,160,110,35,35,35,35,35,48,48,44,59,53,53,35],"floor_reached":51,"language":"ENG","playtime":2293,"items_purged":["hierophant:Defend_Hierophant","Regret","hierophant:Doubloon","hierophant:Strike_Hierophant","hierophant:Punish","hierophant:Strike_Hierophant"],"score":664,"play_id":"7fb02e2b-6fb9-4880-9a7d-622511b6f24e","local_time":"20210129101638","is_ascension_mode":false,"campfire_choices":[{"data":"infinitespire:NeuralNetwork","floor":6,"key":"SMITH"},{"data":"hierophant:PristineSoul","floor":11,"key":"SMITH"},{"data":"hierophant:RepressedViolence","floor":15,"key":"SMITH"},{"data":"hierophant:Cornucopia","floor":23,"key":"SMITH"},{"data":"hierophant:PristineSoul","floor":25,"key":"SMITH"},{"data":"hierophant:ChurchCoffers","floor":30,"key":"SMITH"},{"floor":32,"key":"REST"},{"data":"hierophant:FaithHealing","floor":40,"key":"SMITH"},{"data":"hierophant:Charity","floor":45,"key":"SMITH"},{"data":"hierophant:HolyVerse","floor":49,"key":"SMITH"}],"circlet_count":0,"master_deck":["hierophant:Strike_Hierophant","hierophant:Strike_Hierophant","hierophant:Defend_Hierophant","hierophant:Defend_Hierophant","hierophant:Defend_Hierophant","hierophant:ChurchCoffers+1","hierophant:HolyVerse+1","infinitespire:NeuralNetwork+1","hierophant:RepressedViolence+1","hierophant:Smite","hierophant:PristineSoul+1","hierophant:MorningPrayer","hierophant:Cornucopia+1","hierophant:PristineSoul+1","hierophant:ChurchCoffers+1","hierophant:Charity+1","hierophant:FaithHealing+1","hierophant:PassingBell+1","hubris:NaturalOne","hierophant:TollTheBells+1","hierophant:Determination+1","hierophant:Flagellation+1","hierophant:PristineSoul+1","Finesse+1","hierophant:Doubloon","hierophant:RecallFunds+1"],"relics":["hierophant:PropheticMaskRelic","Smiling Mask","hubris:GlazedTorus","hubris:Icosahedron","MealTicket","Philosopher\u0027s Stone","hubris:TenFootPole","halation:OrihimeAndHikoboshiSamaAndTears","hubris:HollowSoul","infinitespire:Satchel"],"acts_visited":["Exordium","TheCity","TheBeyond"],"potions_floor_usage":[16,16,18,42,47,50],"damage_taken":[{"damage":11,"enemies":"Jaw Worm","floor":1,"turns":5},{"damage":0,"enemies":"2 Louse","floor":7,"turns":1},{"damage":3,"enemies":"Small Slimes","floor":10,"turns":2},{"damage":6,"enemies":"Exordium Wildlife","floor":13,"turns":2},{"damage":0,"enemies":"Lots of Slimes","floor":14,"turns":1},{"damage":20,"enemies":"Hexaghost","floor":16,"turns":9},{"damage":63,"enemies":"3 Byrds","floor":18,"turns":4},{"damage":3,"enemies":"Chosen","floor":21,"turns":4},{"damage":0,"enemies":"Centurion and Healer","floor":22,"turns":3},{"damage":0,"enemies":"Snecko","floor":27,"turns":3},{"damage":0,"enemies":"3 Cultists","floor":31,"turns":3},{"damage":43,"enemies":"Champ","floor":33,"turns":9},{"damage":0,"enemies":"3 Darklings","floor":35,"turns":2},{"damage":0,"enemies":"3 Shapes","floor":37,"turns":2},{"damage":0,"enemies":"Jaw Worm Horde","floor":42,"turns":1},{"damage":0,"enemies":"Sphere and 2 Shapes","floor":44,"turns":2},{"damage":11,"enemies":"Spire Growth","floor":46,"turns":2},{"damage":24,"enemies":"Writhing Mass","floor":47,"turns":3},{"damage":0,"enemies":"Maw","floor":48,"turns":6},{"damage":32,"enemies":"Awakened One","floor":50,"turns":4}],"seed_played":"6027422526172664802","potions_obtained":[{"floor":10,"key":"Slimebound:ThreeZeroPotion"},{"floor":13,"key":"SmokeBomb"},{"floor":14,"key":"AttackPotion"},{"floor":16,"key":"Fruit Juice"},{"floor":31,"key":"SmokeBomb"},{"floor":33,"key":"EssenceOfSteel"},{"floor":44,"key":"PowerPotion"},{"floor":48,"key":"ColorlessPotion"}],"is_trial":false,"path_per_floor":["M","$","?","?","?","R","M","$","T","M","R","T","M","M","R","B",null,"M","?","$","M","M","R","$","R","T","M","?","$","R","M","R","B",null,"M","?","M","$","?","R","AVR","M","T","M","R","M","M","M","R","B",null],"character_chosen":"HIEROPHANT","items_purchased":["hierophant:HolyVerse","hierophant:Smite","hierophant:Charity","halation:OrihimeAndHikoboshiSamaAndTears"],"campfire_rested":1,"item_purchase_floors":[2,8,20,29],"current_hp_per_floor":[64,64,46,46,46,46,46,46,46,43,43,43,37,37,37,17,75,17,17,32,29,29,29,24,24,24,24,24,39,39,39,63,20,80,80,80,80,80,80,80,80,80,80,80,80,80,56,80,80,80],"gold":35,"neow_bonus":"RANDOM_COMMON_RELIC","is_daily":false,"chose_seed":false,"campfire_upgraded":9,"win_rate":0.0,"timestamp":1611911798,"path_taken":["M","$","?","?","?","R","M","$","T","M","R","?","M","M","R","BOSS","M","?","$","M","M","R","?","R","T","M","?","$","R","M","R","BOSS","M","?","M","$","?","R","AVR","M","T","?","R","M","M","M","R","BOSS"],"items_purchased_type":["Card","Card","Card","Relic"],"build_version":"2020-12-22","purchased_purges":6,"victory":true,"max_hp_per_floor":[75,75,75,75,75,75,75,75,75,75,75,75,75,75,75,75,75,80,80,80,80,80,80,80,80,80,80,80,80,80,80,80,80,80,80,80,80,80,80,80,80,80,80,80,80,80,80,80,80,80],"card_choices":[{"not_picked":["hierophant:FieryStrike","hierophant:Blessing","hierophant:Empathy"],"picked":"SKIP","floor":1},{"not_picked":["infinitespire:FinalStrike","infinitespire:DeathsTouch"],"picked":"infinitespire:NeuralNetwork","floor":3},{"not_picked":["hierophant:FieryStrike","hierophant:DisplayOfPower"],"picked":"hierophant:RepressedViolence","floor":7},{"not_picked":["hierophant:RepressedViolence","hierophant:Doubloon"],"picked":"hierophant:PristineSoul","floor":10},{"not_picked":["hierophant:Prophecy","hierophant:RustyCrate"],"picked":"hierophant:MorningPrayer","floor":13},{"not_picked":["hierophant:Encroach","hierophant:Sermon","hierophant:Upheaval"],"picked":"SKIP","floor":14},{"not_picked":["hierophant:Batter","hierophant:LocustPlague"],"picked":"hierophant:Cornucopia","floor":16},{"not_picked":["hierophant:Rebuild+1","hierophant:Sermon"],"picked":"hierophant:PristineSoul","floor":18},{"not_picked":["hierophant:HolyVerse","hierophant:Alms"],"picked":"hierophant:FaithHealing","floor":21},{"not_picked":["hierophant:Exaltation","hierophant:FieryStrike"],"picked":"hierophant:PassingBell+1","floor":22},{"not_picked":["hierophant:Dazzle","hierophant:Martyrdom+1","hierophant:Doubloon+1"],"picked":"SKIP","floor":27},{"not_picked":["hierophant:Mercenaries","hierophant:Doubloon"],"picked":"hierophant:TollTheBells+1","floor":31},{"not_picked":["hierophant:Cornucopia","hierophant:BulkyChest"],"picked":"hierophant:Determination","floor":33},{"not_picked":["hierophant:Glossolalia","hierophant:Embezzle+1"],"picked":"hierophant:Flagellation+1","floor":35},{"not_picked":["hierophant:Encroach","hierophant:DisplayOfPower+1"],"picked":"hierophant:PristineSoul+1","floor":37},{"not_picked":["Jack Of All Trades+1","Panacea+1"],"picked":"Finesse+1","floor":39},{"not_picked":["hierophant:Martyrdom+1","hierophant:SealAway+1","hierophant:Doubloon+1"],"picked":"SKIP","floor":44},{"not_picked":["hierophant:Martyrdom+1","hierophant:SealAway+1","hierophant:Doubloon+1"],"picked":"SKIP","floor":44},{"not_picked":["hierophant:SealAway","hierophant:CoinFling"],"picked":"hierophant:RecallFunds+1","floor":46},{"not_picked":["hierophant:OrnateBuckler","hierophant:CoinFling+1","hierophant:FieryStrike"],"picked":"SKIP","floor":47},{"not_picked":["hierophant:FlamingChariot+1","hierophant:CoinFling","hierophant:Rebuild+1"],"picked":"SKIP","floor":48}],"player_experience":139570,"relics_obtained":[{"floor":12,"key":"MealTicket"},{"floor":26,"key":"hubris:TenFootPole"},{"floor":43,"key":"infinitespire:Satchel"}],"event_choices":[{"damage_healed":0,"gold_gain":0,"player_choice":"Box","damage_taken":0,"relics_obtained":["hubris:GlazedTorus"],"max_hp_gain":0,"max_hp_loss":0,"event_name":"Big Fish","floor":4,"gold_loss":0,"cards_obtained":["Regret"]},{"cards_removed":["hierophant:ChurchCoffers"],"damage_healed":0,"gold_gain":0,"player_choice":"Take \u0026 Give","damage_taken":0,"max_hp_gain":0,"max_hp_loss":0,"event_name":"betterNote:BetterNote","floor":19,"gold_loss":0,"cards_obtained":["hierophant:ChurchCoffers"]},{"damage_healed":0,"gold_gain":200,"player_choice":"Gold","damage_taken":0,"max_hp_gain":0,"max_hp_loss":0,"event_name":"Wheel of Change","floor":28,"gold_loss":0},{"damage_healed":0,"gold_gain":0,"player_choice":"2","damage_taken":0,"max_hp_gain":0,"max_hp_loss":0,"event_name":"betterMatch:BetterMatch","floor":39,"gold_loss":0,"cards_obtained":["betterMatch:ColorlessUncommonCard"]}],"is_beta":false,"boss_relics":[{"not_picked":["hubris:Stopwatch","infinitespire:Cupcake"],"picked":"Philosopher\u0027s Stone"},{"not_picked":["Snecko Eye","hubris:TerracottaHorce"],"picked":"hubris:HollowSoul"}],"items_purged_floors":[2,20,24,29,38,41],"is_endless":false,"potions_floor_spawned":[10,13,14,16,31,33,37,44,48],"ascension_level":0}}