{"host":"t2jxv9tm8kj57cky","time":1611955005,"event":{"mods":["BaseMod","Minty Spire (QoL Compilation)","StSLib","The Necromancer","The Poker Player"],"gold_per_floor":[119,137,152,152,152,181,181,199,249,266,266,266],"floor_reached":11,"language":"ENG","playtime":333,"items_purged":[],"score":83,"play_id":"fe7a7365-1086-434a-9c18-1b051a2b3875","local_time":"20210129151645","is_ascension_mode":true,"campfire_choices":[{"data":"Trip","floor":7,"key":"SMITH"}],"circlet_count":0,"master_deck":["Strike_B","Strike_B","Strike_B","Strike_B","Defend_B","Defend_B","Defend_B","Defend_B","Zap","Dualcast","Doom and Gloom","Leap","Genetic Algorithm","Regret","Trip+1","Double Energy","Beam Cell","Electrodynamics","Hello World"],"relics":["Runic Pyramid","Matryoshka","Ancient Tea Set","Art of War","Pen Nib"],"acts_visited":["Exordium"],"potions_floor_usage":[6,6,10,10,11],"damage_taken":[{"damage":3,"enemies":"Jaw Worm","floor":1,"turns":4},{"damage":7,"enemies":"2 Louse","floor":2,"turns":2},{"damage":1,"enemies":"Cultist","floor":3,"turns":4},{"damage":39,"enemies":"3 Sentries","floor":6,"turns":11},{"damage":0,"enemies":"2 Fungi Beasts","floor":8,"turns":3},{"damage":23,"enemies":"Large Slime","floor":10,"turns":5},{"damage":4,"enemies":"Gremlin Nob","floor":11,"turns":1}],"seed_played":"5084996837581649918","potions_obtained":[{"floor":1,"key":"EssenceOfSteel"},{"floor":6,"key":"EntropicBrew"}],"is_trial":false,"path_per_floor":["M","M","M","?","?","E","R","M","T","M","E"],"character_chosen":"DEFECT","items_purchased":[],"campfire_rested":0,"item_purchase_floors":[],"current_hp_per_floor":[72,65,64,64,64,25,25,25,25,2,0,0],"gold":266,"neow_bonus":"BOSS_RELIC","is_daily":false,"chose_seed":false,"campfire_upgraded":1,"win_rate":0.0,"timestamp":1611955005,"path_taken":["M","M","M","?","?","E","R","?","T","M","E"],"items_purchased_type":[],"build_version":"2020-12-22","purchased_purges":0,"victory":false,"max_hp_per_floor":[75,75,75,75,75,75,75,75,75,75,75,75],"card_choices":[{"not_picked":["Ball Lightning","Gash"],"picked":"Doom and Gloom","floor":1},{"not_picked":["Steam","Cold Snap"],"picked":"Leap","floor":2},{"not_picked":["Rebound","Chill"],"picked":"Genetic Algorithm","floor":3},{"not_picked":["Undo","Hologram"],"picked":"Beam Cell","floor":6},{"not_picked":["Beam Cell","Coolheaded"],"picked":"Electrodynamics","floor":8},{"not_picked":["Melter","Conserve Battery"],"picked":"Hello World","floor":10}],"player_experience":122831,"relics_obtained":[{"floor":6,"key":"Ancient Tea Set"},{"floor":9,"key":"Art of War"},{"floor":9,"key":"Pen Nib"}],"event_choices":[{"damage_healed":0,"gold_gain":0,"player_choice":"Box","damage_taken":0,"relics_obtained":["Matryoshka"],"max_hp_gain":0,"max_hp_loss":0,"event_name":"Big Fish","floor":4,"gold_loss":0,"cards_obtained":["Regret"]},{"damage_healed":0,"gold_gain":0,"player_choice":"2 cards matched","damage_taken":0,"max_hp_gain":0,"max_hp_loss":0,"event_name":"Match and Keep!","floor":5,"gold_loss":0,"cards_obtained":["Trip","Double Energy"]}],"is_beta":false,"boss_relics":[],"items_purged_floors":[],"is_endless":false,"potions_floor_spawned":[1,6,8],"killed_by":"Gremlin Nob","ascension_level":2}}