{"host":"fdq5pmhluajjrf8d","time":1611945262,"event":{"mods":["BaseMod","Minty Spire (QoL Compilation)"],"gold_per_floor":[113,126,126,136,146,146,221,221,221,246,260,260,274,38,38,117,117,129,144,144,156,56,74,74,74],"floor_reached":24,"language":"ENG","playtime":821,"items_purged":["Strike_B","Pain"],"score":400,"play_id":"077aad95-0cff-4e17-85d1-8bd9a0fde629","local_time":"20210129133422","is_ascension_mode":true,"campfire_choices":[{"data":"Defragment","floor":6.0,"key":"SMITH"},{"floor":8.0,"key":"REST"},{"data":"Storm","floor":15.0,"key":"SMITH"}],"circlet_count":0,"master_deck":["AscendersBane","Strike_B","Strike_B","Strike_B","Defend_B","Defend_B","Defend_B","Zap+1","Dualcast","Go for the Eyes","Ball Lightning","Defragment+1","BootSequence","Electrodynamics","Storm+1","Creative AI","Loop","Amplify"],"relics":["Cracked Core","Mercury Hourglass","TungstenRod","OrangePellets","Philosopher\u0027s Stone","WarpedTongs"],"acts_visited":["Exordium","TheCity"],"potions_floor_usage":[21,23],"damage_taken":[{"damage":3.0,"enemies":"2 Louse","floor":1.0,"turns":3.0},{"damage":8.0,"enemies":"Jaw Worm","floor":2.0,"turns":4.0},{"damage":1.0,"enemies":"Cultist","floor":4.0,"turns":3.0},{"damage":10.0,"enemies":"Red Slaver","floor":5.0,"turns":3.0},{"damage":10.0,"enemies":"3 Sentries","floor":10.0,"turns":5.0},{"damage":0.0,"enemies":"3 Louse","floor":11.0,"turns":2.0},{"damage":0.0,"enemies":"Gremlin Gang","floor":13.0,"turns":2.0},{"damage":20.0,"enemies":"Hexaghost","floor":16.0,"turns":8.0},{"damage":25.0,"enemies":"Shell Parasite","floor":18.0,"turns":4.0},{"damage":30.0,"enemies":"Spheric Guardian","floor":19.0,"turns":4.0},{"damage":0,"enemies":"Centurion and Healer","floor":21,"turns":2},{"damage":0,"enemies":"Snake Plant","floor":23,"turns":2},{"damage":16,"enemies":"Sentry and Sphere","floor":24,"turns":2}],"seed_played":"7647632280745855591","potions_obtained":[{"floor":4.0,"key":"FearPotion"},{"floor":10.0,"key":"DuplicationPotion"},{"floor":21,"key":"LiquidBronze"}],"is_trial":false,"path_per_floor":["M","M","?","M","M","R","?","R","T","E","M","?","M","$","R","B",null,"M","M","?","M","$","M","M"],"character_chosen":"DEFECT","items_purchased":["OrangePellets"],"campfire_rested":1,"item_purchase_floors":[14],"current_hp_per_floor":[68,60,60,59,49,49,38,61,61,51,51,45,45,45,45,25,65,40,10,10,10,10,10,0,0],"gold":74,"neow_bonus":"TEN_PERCENT_HP_BONUS","is_daily":false,"chose_seed":false,"campfire_upgraded":2,"win_rate":0.0,"timestamp":1611945262,"path_taken":["M","M","?","M","M","R","?","R","T","E","M","?","M","$","R","BOSS","M","M","?","?","$","M","M"],"items_purchased_type":["Relic"],"build_version":"2020-12-22","purchased_purges":2,"victory":false,"max_hp_per_floor":[78,78,78,78,78,78,78,78,78,78,78,78,78,78,78,78,78,78,78,78,78,78,78,78,78],"card_choices":[{"not_picked":["Steam","Reprogram"],"picked":"Go for the Eyes","floor":1.0},{"not_picked":["Go for the Eyes","Compile Driver"],"picked":"Ball Lightning","floor":2.0},{"not_picked":["Turbo","Redo"],"picked":"Defragment","floor":4.0},{"not_picked":["Stack","Conserve Battery"],"picked":"BootSequence","floor":5.0},{"not_picked":["Go for the Eyes","Conserve Battery"],"picked":"Electrodynamics","floor":10.0},{"not_picked":["Coolheaded","Streamline","Beam Cell"],"picked":"SKIP","floor":11.0},{"not_picked":["Streamline","Turbo"],"picked":"Storm","floor":13.0},{"not_picked":["Seek","Multi-Cast"],"picked":"Creative AI","floor":16.0},{"not_picked":["Redo","Barrage"],"picked":"Loop","floor":18.0},{"not_picked":["FTL","Rebound","Blizzard"],"picked":"SKIP","floor":19.0},{"not_picked":["Go for the Eyes","Ball Lightning","Coolheaded"],"picked":"SKIP","floor":21},{"not_picked":["Barrage","Steam"],"picked":"Amplify","floor":23}],"player_experience":1940473,"relics_obtained":[{"floor":9.0,"key":"Mercury Hourglass"},{"floor":10.0,"key":"TungstenRod"}],"event_choices":[{"damage_healed":0.0,"max_hp_gain":0.0,"max_hp_loss":0.0,"gold_gain":0.0,"event_name":"Living Wall","player_choice":"Grow","floor":3.0,"gold_loss":0.0,"damage_taken":0.0,"cards_upgraded":["Zap"]},{"damage_healed":0.0,"max_hp_gain":0.0,"max_hp_loss":0.0,"gold_gain":75.0,"event_name":"World of Goop","player_choice":"Gather Gold","floor":7.0,"gold_loss":0.0,"damage_taken":11.0},{"cards_removed":["Defend_B"],"damage_healed":0.0,"max_hp_gain":0.0,"max_hp_loss":0.0,"gold_gain":0.0,"event_name":"Golden Wing","player_choice":"Card Removal","floor":12.0,"gold_loss":0.0,"damage_taken":7.0},{"damage_healed":0.0,"max_hp_gain":0.0,"max_hp_loss":0.0,"gold_gain":0.0,"event_name":"Accursed Blacksmith","player_choice":"Rummage","floor":20.0,"gold_loss":0.0,"damage_taken":0.0,"relics_obtained":["WarpedTongs"],"cards_obtained":["Pain"]}],"is_beta":false,"boss_relics":[{"not_picked":["Empty Cage","SacredBark"],"picked":"Philosopher\u0027s Stone"}],"items_purged_floors":[14,22],"is_endless":false,"potions_floor_spawned":[4,10,16,21],"killed_by":"Sentry and Sphere","ascension_level":20}}