{"host":"a1eatafr7pisesky","time":1611920618,"event":{"mods":["AchievementEnabler","BaseMod","Colored Map","Keyboard Shortcuts","Minty Spire (QoL Compilation)","Say the Spire","StSLib","SuperFastMode","everything is the same but u backflip on backflip"],"gold_per_floor":[114,214,229,103,114,143,159,159,159,192,40,51,51,51,80,80,158,158,124,46,46,46],"floor_reached":21,"language":"KOR","playtime":434,"items_purged":["Defend_R","Defend_R"],"score":335,"play_id":"0187cc80-e1f0-4ec9-90ae-2911cd628d8b","local_time":"20210129204338","is_ascension_mode":true,"campfire_choices":[{"data":"Whirlwind","floor":8.0,"key":"SMITH"},{"floor":13.0,"key":"REST"},{"floor":16.0,"key":"REST"}],"circlet_count":0,"master_deck":["AscendersBane","Strike_R","Strike_R","Strike_R","Strike_R","Strike_R","Defend_R","Defend_R+1","Bash","Fiend Fire","Pummel","Shockwave+1","Cleave","Whirlwind+1","Disarm","Evolve","Sword Boomerang","Ghostly Armor","Reaper","Burning Pact"],"relics":["Burning Blood","War Paint","Potion Belt","Pantograph","Pocketwatch","Black Star"],"acts_visited":["Exordium","TheCity"],"potions_floor_usage":[21],"damage_taken":[{"damage":11.0,"enemies":"2 Louse","floor":1.0,"turns":3.0},{"damage":1.0,"enemies":"Cultist","floor":3.0,"turns":3.0},{"damage":0.0,"enemies":"Small Slimes","floor":5.0,"turns":2.0},{"damage":36.0,"enemies":"Gremlin Nob","floor":6.0,"turns":5.0},{"damage":0.0,"enemies":"Gremlin Gang","floor":7.0,"turns":1.0},{"damage":38.0,"enemies":"3 Sentries","floor":10.0,"turns":7.0},{"damage":11.0,"enemies":"Looter","floor":12.0,"turns":3.0},{"damage":26.0,"enemies":"Lagavulin","floor":15.0,"turns":4.0},{"damage":56,"enemies":"Hexaghost","floor":17,"turns":9},{"damage":39,"enemies":"2 Thieves","floor":19,"turns":5},{"damage":28,"enemies":"Shell Parasite","floor":21,"turns":4}],"seed_played":"6236913502052654924","potions_obtained":[{"floor":3.0,"key":"Dexterity Potion"},{"floor":15.0,"key":"SpeedPotion"}],"is_trial":false,"path_per_floor":["M","?","M","$","M","E","M","R","T","E","$","M","R","R","E","R","B",null,"M","$","M"],"character_chosen":"IRONCLAD","items_purchased":["Strength Potion","Swift Potion","Regen Potion"],"campfire_rested":2,"item_purchase_floors":[4,11,20],"current_hp_per_floor":[63,63,68,68,74,44,50,50,50,18,18,13,35,35,15,37,12,59,26,26,7,7],"gold":46,"neow_bonus":"ONE_RANDOM_RARE_CARD","is_daily":false,"chose_seed":false,"campfire_upgraded":1,"win_rate":0.0,"timestamp":1611920618,"path_taken":["M","?","?","$","M","E","M","R","T","E","$","?","R","R","E","R","BOSS","M","$","M"],"items_purchased_type":["Potion","Potion","Potion"],"build_version":"2020-12-22","purchased_purges":2,"victory":false,"max_hp_per_floor":[75,75,75,75,75,75,75,75,75,75,75,75,75,75,75,75,75,75,75,75,75,75],"card_choices":[{"not_picked":["Havoc","Clash"],"picked":"Pummel","floor":1.0},{"not_picked":["Clothesline","Iron Wave"],"picked":"Shockwave","floor":3.0},{"not_picked":["Reckless Charge","Power Through"],"picked":"Cleave","floor":5.0},{"not_picked":["Headbutt","Cleave"],"picked":"Whirlwind","floor":6.0},{"not_picked":["Shrug It Off","Power Through"],"picked":"Disarm","floor":7.0},{"not_picked":["Twin Strike","Dark Embrace"],"picked":"Evolve","floor":10.0},{"not_picked":["Heavy Blade","Metallicize"],"picked":"Sword Boomerang","floor":12.0},{"not_picked":["Shrug It Off","Sword Boomerang"],"picked":"Ghostly Armor","floor":15.0},{"not_picked":["Juggernaut","Exhume"],"picked":"Reaper","floor":17},{"not_picked":["True Grit","Wild Strike"],"picked":"Burning Pact","floor":19}],"player_experience":379597,"relics_obtained":[{"floor":6.0,"key":"War Paint"},{"floor":9.0,"key":"Potion Belt"},{"floor":10.0,"key":"Pantograph"},{"floor":15.0,"key":"Pocketwatch"}],"event_choices":[{"damage_healed":0.0,"max_hp_gain":0.0,"max_hp_loss":0.0,"gold_gain":100.0,"event_name":"Golden Shrine","player_choice":"Pray","floor":2.0,"gold_loss":0.0,"damage_taken":0.0}],"is_beta":false,"boss_relics":[{"not_picked":["Tiny House","Runic Dome"],"picked":"Black Star"}],"items_purged_floors":[4,11],"is_endless":false,"potions_floor_spawned":[3,6,15],"killed_by":"Shell Parasite","ascension_level":14}}