{"host":"w7pthw6r6331n954","time":1611945330,"event":{"mods":["AchievementEnabler","BaseMod","BetterRewards","Card Forge","Colored Map","Colored Powertips","Custom Start","Hero for Fun","Jorbs\u0027s Wanderer Trilogy","Minty Spire (QoL Compilation)","Replay The Spire","Shop Mod","StSLib"],"gold_per_floor":[115,115,142,5,27,75,75,75,75,75,101,101,101,125,2,47,47,158,158,185,185,213,213,47,101,101,101,101,101,200,200,222,253,253,372,372,404,258,258,258,293,321,348,348,394,394,462,101,135,135,170,19,19,75,75,75,5,32,32],"floor_reached":60,"language":"ENG","playtime":7070,"items_purged":[],"score":1530,"play_id":"1eab5707-8f19-43f9-9d23-c97f7680f658","local_time":"20210129133530","is_ascension_mode":true,"campfire_choices":[{"floor":7,"key":"REST"},{"floor":12,"key":"REST"},{"floor":17,"key":"RECALL"},{"data":"Aggregate","floor":26,"key":"SMITH"},{"data":"ReplayUltimateDefense","floor":29,"key":"SMITH"},{"data":"Double Energy","floor":31,"key":"SMITH"},{"data":"Amplify","floor":44,"key":"SMITH"},{"data":"White Noise","floor":53,"key":"SMITH"},{"data":"Fusion","floor":56,"key":"SMITH"}],"circlet_count":0,"master_deck":["Strike_B+1","Strike_B","Defend_B+1","Defend_B","Defend_B","Defend_B","Zap+1","Dualcast","Replay:Bootleg Shield Generator","Lockon","Gash","ReplayTheSpireMod:Reroute Power","Reprogram","ReplayUltimateDefense+1","Bandage Up","FTL","Defragment+1","Panache","Sweeping Beam","Ball Lightning","Beam Cell","All For One","Aggregate+1","Stack","Reprogram","Reboot+1","Go for the Eyes","Fusion+1","Panache","BootSequence+1","Double Energy+1","White Noise+1","Gash","Cold Snap","Echo Form","Auto Shields","Doom and Gloom","Amplify+1","Time Bomb","Panic Button","Streamline+1","Sunder","Meteor Strike","Heatsinks","Jack Of All Trades","All For One","All For One","Rainbow","Go for the Eyes","Heatsinks+1","Echo Form","Mind Blast","Darkness","The Bomb","Steam","Hologram+1"],"relics":["Cracked Core","Hammer of Thor","Seething Fire","Anvil of the Gods","MerchantsRug","Divine Protection","Membership Card","Replay:Towering Pillar of Hats","Toolbox","Bag of Preparation","DataDisk","Raider\u0027s Mask","PreservedInsect","Pantograph","Honey Jar","Iron Hammer","Replay:Wax Seal","White Beast Statue","Nuclear Battery","Question Card","Cables","Strange Spoon","Mirror","Bag of Marbles"],"acts_visited":["Exordium","TheCity","TheBeyond","TheEnding"],"potions_floor_usage":[16,35,35,41,41,43,45,51,59,59,59],"damage_taken":[{"damage":1,"enemies":"2 Louse","floor":1,"turns":2},{"damage":0,"enemies":"Cultist","floor":3,"turns":3},{"damage":0,"enemies":"Small Slimes","floor":5,"turns":2},{"damage":18,"enemies":"Replay:BlueRogue","floor":6,"turns":5},{"damage":0,"enemies":"Blue Slaver","floor":14,"turns":2},{"damage":0,"enemies":"Gremlin Nob","floor":16,"turns":3},{"damage":11,"enemies":"The Guardian","floor":18,"turns":9},{"damage":0,"enemies":"Chosen","floor":20,"turns":2},{"damage":0,"enemies":"Shell Parasite","floor":22,"turns":3},{"damage":0,"enemies":"Slavers","floor":25,"turns":2},{"damage":0,"enemies":"Snake Plant","floor":32,"turns":3},{"damage":0,"enemies":"Snecko","floor":33,"turns":2},{"damage":0,"enemies":"Collector","floor":35,"turns":7},{"damage":0,"enemies":"Orb Walker","floor":37,"turns":3},{"damage":0,"enemies":"3 Darklings","floor":41,"turns":4},{"damage":0,"enemies":"Jaw Worm Horde","floor":42,"turns":2},{"damage":0,"enemies":"Maw","floor":43,"turns":5},{"damage":0,"enemies":"Nemesis","floor":45,"turns":3},{"damage":0,"enemies":"Writhing Mass","floor":49,"turns":2},{"damage":1,"enemies":"3 Darklings","floor":51,"turns":3},{"damage":0,"enemies":"Replay:Hell Engine","floor":54,"turns":4},{"damage":31,"enemies":"Shield and Spear","floor":58,"turns":4},{"damage":91,"enemies":"The Heart","floor":59,"turns":6}],"seed_played":"-8916030304180821882","potions_obtained":[{"floor":14,"key":"SkillPotion"},{"floor":16,"key":"FocusPotion"},{"floor":32,"key":"Dexterity Potion"},{"floor":33,"key":"Energy Potion"},{"floor":35,"key":"Ancient Potion"},{"floor":37,"key":"SpeedPotion"},{"floor":41,"key":"GamblersBrew"},{"floor":42,"key":"Elixir"},{"floor":43,"key":"EssenceOfSteel"},{"floor":45,"key":"LiquidBronze"},{"floor":51,"key":"Weak Potion"}],"is_trial":false,"path_per_floor":["M","?","M","$","M","E","R","?","PTL","PTL","T","R","?","M","$","E","R","B",null,"M","?","M","?","$","E","R","?","T","R","?","R","M","M","R_BF","B",null,"M","$","PTL","PTL","M","M","M","R","E","?","T","$","M","?","M","$","R_BF","B",null,"R","$","E","B",null],"character_chosen":"DEFECT","items_purchased":["BargainBundle","MerchantsRug","SteroidPotion","FearPotion","Swift Potion","Replay:Bootleg Shield Generator","Lockon","Gash","ReplayTheSpireMod:Reroute Power","Reprogram","Hello World","ReplayUltimateDefense","Divine Protection","Regal Pillow","Bandage Up","FTL","Defragment+1","Panache","Membership Card","Replay:Towering Pillar of Hats","Toolbox","Bag of Preparation","Raider\u0027s Mask","PreservedInsect","Stack","Iron Hammer","Panache","Omamori","Doom and Gloom","Amplify","Cables","Strange Spoon","Meteor Strike","Heatsinks","Jack Of All Trades","All For One","Rainbow","War Paint","Mirror","FairyPotion","DollysMirror","Mind Blast","Darkness","The Bomb","PowerPotion","Steam"],"campfire_rested":2,"item_purchase_floors":[0,0,0,0,0,0,0,0,0,0,0,0,0,0,0,0,0,0,0,0,4,4,15,15,15,24,24,38,38,38,48,48,48,48,48,48,48,48,52,52,52,57,57,57,57,57],"current_hp_per_floor":[31,31,35,35,35,21,58,33,33,33,33,70,70,70,70,74,74,64,75,75,59,63,63,63,63,63,63,63,63,63,63,69,69,69,75,75,75,75,75,75,75,75,75,75,75,75,75,75,75,75,74,74,74,75,75,75,75,44,2],"gold":32,"neow_bonus":"","is_daily":false,"chose_seed":false,"campfire_upgraded":6,"win_rate":0.0,"timestamp":1611945330,"path_taken":["M","?","M","$","?","E","R","?","PTL","PTL","T","R","?","M","?","E","R","BOSS","M","?","M","?","$","E","R","?","T","R","?","R","?","M","R_BF","BOSS","M","$","PTL","PTL","M","M","M","R","E","?","T","?","M","?","?","$","R_BF","BOSS","R","$","E","BOSS"],"items_purchased_type":["Relic","Relic","Potion","Potion","Potion","Card","Card","Card","Card","Card","Card","Card","Relic","Relic","Card","Card","Card","Card","Relic","Relic","Relic","Relic","Relic","Relic","Card","Relic","Card","Relic","Card","Card","Relic","Relic","Card","Card","Card","Card","Card","Relic","Relic","Potion","Relic","Card","Card","Card","Potion","Card"],"build_version":"2020-12-22","purchased_purges":0,"victory":true,"max_hp_per_floor":[75,75,75,75,75,75,75,75,75,75,75,75,75,75,75,75,75,75,75,75,75,75,75,75,75,75,75,75,75,75,75,75,75,75,75,75,75,75,75,75,75,75,75,75,75,75,75,75,75,75,75,75,75,75,75,75,75,75,75],"card_choices":[{"not_picked":["Cold Snap","Leap"],"picked":"Sweeping Beam","floor":1},{"not_picked":["BasicCrystalCard","FIFO Queue"],"picked":"Ball Lightning","floor":3},{"not_picked":["Leap","Rebound"],"picked":"Beam Cell","floor":5},{"not_picked":["Melter","Gash"],"picked":"All For One","floor":6},{"not_picked":["Cold Snap","Lockon"],"picked":"Aggregate","floor":14},{"not_picked":["BasicCrystalCard","Redo"],"picked":"Reprogram","floor":16},{"not_picked":["ReplayRNGCard","Hyperbeam"],"picked":"Reboot","floor":18},{"not_picked":["Self Repair","Crystallizer","Tempest"],"picked":"Go for the Eyes","floor":20},{"not_picked":["Cold Snap","White Noise","Redo"],"picked":"Fusion","floor":22},{"not_picked":["Rip and Tear+1","Multi-Cast","Hologram"],"picked":"BootSequence+1","floor":25},{"not_picked":["BasicCrystalCard","Redo+1","Streamline"],"picked":"White Noise","floor":32},{"not_picked":["Panic Button","Leap","Conserve Battery"],"picked":"Gash","floor":33},{"not_picked":["Creative AI","Fission","Amplify"],"picked":"Echo Form","floor":35},{"not_picked":["Gash","Ball Lightning","Rebound"],"picked":"Auto Shields","floor":37},{"not_picked":["Recycle+1","Ball Lightning","Leap+1"],"picked":"Time Bomb","floor":41},{"not_picked":["Leap+1","BasicCrystalCard+1","Stack"],"picked":"Panic Button","floor":42},{"not_picked":["Turbo+1","Defragment","Conserve Battery+1"],"picked":"Streamline+1","floor":43},{"not_picked":["Gash+1","Coolheaded","Leap+1"],"picked":"Sunder","floor":45},{"not_picked":["Rebound","Lockon","Biased Cognition","Sweeping Beam+1"],"picked":"Go for the Eyes","floor":49},{"not_picked":["Auto Shields+1","Steam Power+1","Coolheaded+1","Steam+1"],"picked":"Heatsinks+1","floor":51},{"not_picked":["Ball Lightning+1","Leap","Redo","Consume+1"],"picked":"Hologram+1","floor":58}],"player_experience":1177071,"relics_obtained":[{"floor":6,"key":"Simple Rune"},{"floor":16,"key":"Pantograph"},{"floor":21,"key":"Nilry\u0027s Codex"},{"floor":25,"key":"Replay:Wax Seal"},{"floor":28,"key":"White Beast Statue"},{"floor":45,"key":"Question Card"},{"floor":47,"key":"Ornamental Fan"},{"floor":58,"key":"Bag of Marbles"}],"event_choices":[{"damage_healed":0,"gold_gain":0,"player_choice":"Gave Potion","damage_taken":0,"relics_obtained":["Replay:Bandana"],"max_hp_gain":0,"max_hp_loss":0,"event_name":"WeMeetAgain","floor":2,"gold_loss":0},{"damage_healed":0,"gold_gain":0,"player_choice":"Success","damage_taken":25,"relics_obtained":["DataDisk"],"max_hp_gain":0,"max_hp_loss":0,"event_name":"Scrap Ooze","floor":8,"gold_loss":0},{"damage_healed":0,"gold_gain":0,"player_choice":"Obtained Book","damage_taken":16,"max_hp_gain":0,"max_hp_loss":0,"event_name":"Cursed Tome","floor":21,"gold_loss":0},{"damage_healed":0,"gold_gain":0,"player_choice":"Ignored","damage_taken":0,"max_hp_gain":0,"max_hp_loss":0,"event_name":"Beggar","floor":23,"gold_loss":0},{"damage_healed":0,"gold_gain":0,"player_choice":"Read","damage_taken":0,"max_hp_gain":0,"max_hp_loss":0,"event_name":"The Library","floor":27,"gold_loss":0,"cards_obtained":["Double Energy"]},{"damage_healed":0,"gold_gain":99,"player_choice":"Stole From Cult","damage_taken":0,"max_hp_gain":0,"max_hp_loss":0,"event_name":"Nest","floor":30,"gold_loss":0},{"cards_removed":["Hello World"],"damage_healed":0,"gold_gain":0,"player_choice":"Purged","damage_taken":0,"max_hp_gain":0,"max_hp_loss":0,"event_name":"Purifier","floor":46,"gold_loss":0},{"cards_removed":["Strike_B"],"damage_healed":0,"gold_gain":0,"player_choice":"Removed Attack","damage_taken":0,"max_hp_gain":0,"max_hp_loss":0,"event_name":"Falling","floor":50,"gold_loss":0}],"is_beta":false,"boss_relics":[{"not_picked":["Calling Bell","Cursed Key"],"picked":"Honey Jar"},{"not_picked":["Replay:Bronze Core","Replay:Drink Me"],"picked":"Nuclear Battery"}],"items_purged_floors":[],"is_endless":false,"potions_floor_spawned":[14,16,32,33,35,37,41,42,43,45,49,51,58],"ascension_level":3}}