{"host":"dscols65uipasqd2","time":1611902343,"event":{"mods":["2.2 Compatiblity","AchievementEnabler","Aspiration","BaseMod","Colored Powertips","Downfall","Energized Spire","GifTheSpireLib","Hermit","Hubris","Infinite Spire","JesterMod","Jorbs\u0027s Wanderer Trilogy","Magitek Elite","Marisa????????","Minty Spire (QoL Compilation)","Rare Cards Sparkle","Replay The Spire","StSLib","Stuff the Spire","The Cursed","The Disciple","The Hierophant","The Judge","The Jungle","TheFirefly"],"gold_per_floor":[0,15,465,515,531,531,531,531,546,565,9,29,29,61,76,76,76,76],"floor_reached":16,"language":"ENG","playtime":948,"items_purged":["downfall:Icky","downfall:Icky"],"score":152,"play_id":"1fd29acb-bb40-453e-9cab-ee7c3345bd81","local_time":"20210129013903","is_ascension_mode":false,"campfire_choices":[{"data":"Guardian:TwinSlam","floor":1,"key":"SMITH"},{"floor":13,"key":"REST"}],"circlet_count":0,"master_deck":["Guardian:Strike_Guardian","Guardian:Strike_Guardian+1","Guardian:Strike_Guardian","Guardian:Strike_Guardian","Guardian:Defend_Guardian","Guardian:Defend_Guardian","Guardian:Defend_Guardian","Guardian:Defend_Guardian","Guardian:CurlUp","Guardian:TwinSlam+1","Guardian:ChargeCore","downfall:Icky","Guardian:DonusPower","ReplayTheSpireMod:Book of Names","Guardian:CrystalBeam","Guardian:DecasProtection","Guardian:DecasProtection","expansioncontent:DashGenerateEvil","Guardian:TemporalStrike","Guardian:Reroute","Guardian:Gem_Fragmented","Decay","Guardian:SpikerProtocol","Guardian:Planning"],"relics":["Guardian:ModeShifter","ReplayTheSpireMod:Ring of Exchange","Ring of Greed","Replay:Ringing Soul","hubris:EvacipatedBox","hubris:KleinBottle","TungstenRod","Replay:Towering Pillar of Hats"],"acts_visited":["Exordium"],"potions_floor_usage":[10],"damage_taken":[{"damage":9,"enemies":"Cultist","floor":2,"turns":4},{"damage":7,"enemies":"2 Louse","floor":5,"turns":2},{"damage":2,"enemies":"Small Slimes","floor":9,"turns":3},{"damage":8,"enemies":"Gremlin Gang","floor":10,"turns":4},{"damage":4,"enemies":"downfall:FleeingMerchant","floor":11,"turns":4},{"damage":14,"enemies":"Exordium Thugs","floor":12,"turns":4},{"damage":21,"enemies":"Lagavulin","floor":14,"turns":7},{"damage":11,"enemies":"Blue Slaver","floor":15,"turns":2},{"damage":29,"enemies":"DF_ARCHETYPE_STREAMLINE","floor":16,"turns":9}],"seed_played":"-7210003600635419108","potions_obtained":[{"floor":2,"key":"PowerPotion"}],"is_trial":false,"path_per_floor":["R","M","?","?","M","?","T","$","M","M","$","M","R","E","M","B"],"character_chosen":"GUARDIAN","items_purchased":["hubris:EvacipatedBox","hubris:KleinBottle","expansioncontent:DashGenerateEvil","TungstenRod","Guardian:TemporalStrike","Guardian:Reroute"],"campfire_rested":1,"item_purchase_floors":[8,8,11,11,11,11],"current_hp_per_floor":[96,87,87,87,80,80,80,33,34,29,28,17,50,32,24,0,0,0],"gold":76,"neow_bonus":"TWENTY_PERCENT_HP_BONUS","is_daily":false,"chose_seed":false,"campfire_upgraded":1,"win_rate":0.0,"timestamp":1611902343,"path_taken":["R","M","?","?","M","?","T","?","?","?","$","M","R","E","M","BOSS"],"items_purchased_type":["Relic","Relic","Card","Relic","Card","Card"],"build_version":"2020-12-22","purchased_purges":2,"victory":false,"max_hp_per_floor":[96,96,96,96,96,96,96,99,102,105,108,111,111,114,117,117,117,117],"card_choices":[{"not_picked":["Guardian:SentryBeam","Guardian:Suspension"],"picked":"Guardian:ChargeCore","floor":2},{"not_picked":["Guardian:Gem_Red","Guardian:Recover"],"picked":"Guardian:DonusPower","floor":5},{"not_picked":["infinitespire:Execution","ReplayTheSpireMod:Echoes of Time"],"picked":"ReplayTheSpireMod:Book of Names","floor":8},{"not_picked":["Guardian:RollAttack","Guardian:BodySlam"],"picked":"Guardian:CrystalBeam","floor":9},{"not_picked":["Guardian:EvasiveProtocol","Guardian:PiercingHide"],"picked":"Guardian:DecasProtection","floor":10},{"not_picked":["Guardian:Gem_Synthetic","Guardian:VentSteam"],"picked":"Guardian:DecasProtection","floor":11},{"not_picked":["Guardian:Gem_Red","Guardian:Incinerate"],"picked":"Guardian:Gem_Fragmented","floor":12},{"not_picked":["Guardian:Suspension","Guardian:TimeCapacitor"],"picked":"Guardian:SpikerProtocol","floor":14},{"not_picked":["Guardian:Suspension","Guardian:ShieldSpikes"],"picked":"Guardian:Planning","floor":15}],"player_experience":491052,"relics_obtained":[{"floor":4,"key":"ReplayTheSpireMod:Ring of Exchange"},{"floor":4,"key":"Ring of Greed"},{"floor":7,"key":"Replay:Ringing Soul"},{"floor":14,"key":"Replay:Towering Pillar of Hats"}],"event_choices":[],"is_beta":false,"boss_relics":[],"items_purged_floors":[8,8],"is_endless":false,"potions_floor_spawned":[2],"killed_by":"DF_ARCHETYPE_STREAMLINE","ascension_level":0}}