{"host":"52m1o8iwwagurbjs","time":1611960524,"event":{"mods":["AchievementEnabler","BaseMod","Bestiary","Colored Powertips","GifTheSpireLib","Minty Spire (QoL Compilation)","Quick Restart","RNG Fix","Relic Stats","StSLib"],"gold_per_floor":[114,128,143,163,245,273,273,283,306,345,12,50,85,117,117,228,228,252,289,214,224,242,269,184,222,247,261,289,289,308,339,339,445,445,467,477,427,436,344,371,371,398,398,417,417,29,29,49,49,49],"floor_reached":51,"language":"ENG","playtime":3165,"items_purged":["Strike_B","Defend_B","Defend_B","Defend_B"],"score":876,"play_id":"a206d9a9-4004-42e5-aee4-e73894d08b83","local_time":"20210129174844","is_ascension_mode":true,"campfire_choices":[{"data":"Barrage","floor":7,"key":"SMITH"},{"data":"Coolheaded","floor":15,"key":"SMITH"},{"floor":29,"key":"REST"},{"floor":32,"key":"REST"},{"floor":41,"key":"REST"},{"floor":47,"key":"REST"},{"floor":49,"key":"REST"}],"circlet_count":0,"master_deck":["Zap","Dualcast","Ball Lightning+1","FTL","Barrage+1","Compile Driver+1","Glacier","Hologram","Sweeping Beam","Coolheaded+1","Lockon","Capacitor+1","Turbo","Creative AI+1","Steam","Electrodynamics+1","Chill+1","Reboot","Hologram","Cold Snap","Loop+1","Coolheaded+1","Reinforced Body","Seek","Undo+1","Loop+1","Seek"],"relics":["Cracked Core","Regal Pillow","InkBottle","Prayer Wheel","CeramicFish","Kunai","Membership Card","Frozen Egg 2","Shuriken","Fusion Hammer","Red Mask","Happy Flower","Darkstone Periapt","Lantern","Whetstone","Busted Crown","Torii","Art of War","DataDisk","Bag of Preparation","Frozen Eye","Potion Belt"],"acts_visited":["TheCity","TheBeyond"],"potions_floor_usage":[6,10,12,16,16,16,33,33,36,50,50,50,50],"damage_taken":[{"damage":1,"enemies":"2 Louse","floor":1,"turns":3},{"damage":3,"enemies":"Jaw Worm","floor":2,"turns":3},{"damage":0,"enemies":"Cultist","floor":3,"turns":2},{"damage":0,"enemies":"Large Slime","floor":4,"turns":4},{"damage":16,"enemies":"Gremlin Nob","floor":6,"turns":3},{"damage":0,"enemies":"Looter","floor":8,"turns":4},{"damage":7,"enemies":"3 Sentries","floor":10,"turns":6},{"damage":6,"enemies":"Gremlin Nob","floor":12,"turns":3},{"damage":3,"enemies":"Blue Slaver","floor":13,"turns":4},{"damage":4,"enemies":"Exordium Wildlife","floor":14,"turns":4},{"damage":10,"enemies":"Hexaghost","floor":16,"turns":9},{"damage":8,"enemies":"3 Byrds","floor":18,"turns":4},{"damage":0,"enemies":"Masked Bandits","floor":19,"turns":4},{"damage":7,"enemies":"2 Thieves","floor":21,"turns":2},{"damage":30,"enemies":"Book of Stabbing","floor":23,"turns":5},{"damage":10,"enemies":"Slavers","floor":25,"turns":4},{"damage":0,"enemies":"Shelled Parasite and Fungi","floor":27,"turns":3},{"damage":4,"enemies":"Centurion and Healer","floor":28,"turns":4},{"damage":11,"enemies":"Snake Plant","floor":30,"turns":3},{"damage":20,"enemies":"Gremlin Leader","floor":31,"turns":6},{"damage":0,"enemies":"Automaton","floor":33,"turns":12},{"damage":10,"enemies":"Orb Walker","floor":35,"turns":4},{"damage":0,"enemies":"3 Shapes","floor":36,"turns":3},{"damage":21,"enemies":"Giant Head","floor":40,"turns":9},{"damage":61,"enemies":"Reptomancer","floor":42,"turns":7},{"damage":7,"enemies":"Maw","floor":44,"turns":8},{"damage":0,"enemies":"Jaw Worm Horde","floor":48,"turns":2},{"damage":11,"enemies":"Time Eater","floor":50,"turns":11}],"seed_played":"790444318170204736","potions_obtained":[{"floor":1,"key":"LiquidMemories"},{"floor":2,"key":"Strength Potion"},{"floor":4,"key":"DistilledChaos"},{"floor":10,"key":"Explosive Potion"},{"floor":14,"key":"SkillPotion"},{"floor":16,"key":"Dexterity Potion"},{"floor":19,"key":"EssenceOfSteel"},{"floor":21,"key":"Block Potion"},{"floor":35,"key":"LiquidMemories"},{"floor":40,"key":"Regen Potion"}],"is_trial":false,"path_per_floor":["M","M","M","M","T","E","R","M","T","E","$","E","M","M","R","B",null,"M","?","?","M","?","E","?","E","T","M","M","R","M","E","R","B",null,"M","M","$","?","$","E","R","E","T","M","?","$","R","M","R","B",null],"character_chosen":"DEFECT","items_purchased":["Membership Card","Frozen Egg 2","Energy Potion","Seek","Bag of Preparation","Frozen Eye","Potion Belt","DuplicationPotion","EntropicBrew"],"campfire_rested":5,"item_purchase_floors":[11,11,11,39,46,46,46,46,46],"current_hp_per_floor":[74,71,71,71,71,55,55,55,55,48,48,42,39,35,35,25,75,67,67,67,60,60,30,30,20,20,20,16,53,42,22,59,59,75,65,65,65,65,65,44,75,14,14,7,7,7,44,44,75,65],"gold":49,"neow_bonus":"RANDOM_COMMON_RELIC","is_daily":false,"chose_seed":false,"campfire_upgraded":2,"win_rate":0.0,"timestamp":1611960524,"path_taken":["M","M","M","M","?","E","R","M","T","E","$","E","?","M","R","BOSS","M","?","?","?","?","E","?","E","T","M","?","R","M","E","R","BOSS","M","M","$","?","$","E","R","E","T","M","?","?","R","?","R","BOSS"],"items_purchased_type":["Relic","Relic","Potion","Card","Relic","Relic","Relic","Potion","Potion"],"build_version":"2020-12-22","purchased_purges":4,"victory":true,"max_hp_per_floor":[75,75,75,75,75,75,75,75,75,75,75,75,75,75,75,75,75,75,75,75,75,75,75,75,75,75,75,75,75,75,75,75,75,75,75,75,75,75,75,75,75,75,75,75,75,75,75,75,75,75],"relic_stats":{"Darkstone Periapt":0,"Regal Pillow":63,"Happy Flower":[25],"Torii":0,"counters":[28,135],"CeramicFish":162,"Bag of Preparation":[4],"Whetstone":["Compile Driver","Ball Lightning"],"Busted Crown":20,"Shuriken":[18],"Prayer Wheel":12,"Art of War":[5],"Kunai":[19],"obtain_stats":[{"Darkstone Periapt":24,"Potion Belt":46,"Regal Pillow":0,"Lantern":25,"Happy Flower":23,"Torii":40,"CeramicFish":9,"Bag of Preparation":46,"Whetstone":31,"Frozen Egg 2":11,"Frozen Eye":46,"DataDisk":43,"Busted Crown":34,"Shuriken":12,"Prayer Wheel":6,"Fusion Hammer":17,"Red Mask":19,"Art of War":42,"Kunai":10,"Membership Card":11,"Cracked Core":0,"InkBottle":5},{"Darkstone Periapt":15,"Potion Belt":26,"Regal Pillow":0,"Lantern":16,"Happy Flower":15,"Torii":24,"CeramicFish":6,"Bag of Preparation":26,"Whetstone":20,"Frozen Egg 2":7,"Frozen Eye":26,"DataDisk":25,"Busted Crown":21,"Shuriken":8,"Prayer Wheel":5,"Fusion Hammer":11,"Red Mask":13,"Art of War":25,"Kunai":7,"Membership Card":7,"Cracked Core":0,"InkBottle":4},{"Darkstone Periapt":60,"Potion Belt":122,"Regal Pillow":0,"Lantern":64,"Happy Flower":60,"Torii":107,"CeramicFish":19,"Bag of Preparation":122,"Whetstone":79,"Frozen Egg 2":25,"Frozen Eye":122,"DataDisk":114,"Busted Crown":91,"Shuriken":28,"Prayer Wheel":15,"Fusion Hammer":45,"Red Mask":53,"Art of War":114,"Kunai":25,"Membership Card":25,"Cracked Core":0,"InkBottle":12}],"InkBottle":[51]},"card_choices":[{"not_picked":["Melter","Stack"],"picked":"Ball Lightning","floor":1},{"not_picked":["Gash","Lockon"],"picked":"FTL","floor":2},{"not_picked":["Static Discharge","Turbo"],"picked":"Barrage","floor":3},{"not_picked":["Skim","Sweeping Beam"],"picked":"Compile Driver","floor":4},{"not_picked":["Meteor Strike","Beam Cell"],"picked":"Glacier","floor":6},{"not_picked":["Cold Snap","Steam Power"],"picked":"Hologram","floor":8},{"not_picked":["Go for the Eyes","Melter"],"picked":"Sweeping Beam","floor":8},{"not_picked":["Stack","Leap"],"picked":"Coolheaded","floor":10},{"not_picked":["Sweeping Beam","Blizzard"],"picked":"Lockon","floor":12},{"not_picked":["Gash","Scrape"],"picked":"Capacitor+1","floor":13},{"not_picked":["Chaos","Hello World+1"],"picked":"Turbo","floor":13},{"not_picked":["Barrage","Gash"],"picked":"Creative AI+1","floor":14},{"not_picked":["Coolheaded","Sweeping Beam"],"picked":"Steam","floor":14},{"not_picked":["Core Surge","Rainbow"],"picked":"Electrodynamics+1","floor":16},{"not_picked":["Loop+1","Genetic Algorithm"],"picked":"Chill+1","floor":18},{"not_picked":["Coolheaded","Hello World+1","Leap"],"picked":"SKIP","floor":18},{"not_picked":["Coolheaded","Hello World+1","Leap"],"picked":"SKIP","floor":18},{"not_picked":["Auto Shields+1","Leap"],"picked":"Reboot","floor":19},{"not_picked":["Gash","Go for the Eyes","Hologram"],"picked":"SKIP","floor":21},{"not_picked":["Force Field","Rip and Tear+1","Darkness"],"picked":"SKIP","floor":21},{"not_picked":["Steam Power","Turbo","Ball Lightning"],"picked":"SKIP","floor":23},{"not_picked":["Beam Cell","Hello World+1"],"picked":"Loop+1","floor":25},{"not_picked":["Rebound","Redo","Hologram"],"picked":"SKIP","floor":27},{"not_picked":["Ball Lightning+1","Gash","Conserve Battery"],"picked":"SKIP","floor":27},{"not_picked":["Reprogram","Compile Driver"],"picked":"Coolheaded+1","floor":28},{"not_picked":["Rebound","Stack+1","Thunder Strike"],"picked":"SKIP","floor":28},{"not_picked":["Streamline","Stack"],"picked":"Reinforced Body","floor":30},{"not_picked":["Coolheaded+1","Leap","Redo+1"],"picked":"SKIP","floor":30},{"not_picked":["Sweeping Beam","Cold Snap","Leap+1"],"picked":"SKIP","floor":31},{"not_picked":["Creative AI+1","Machine Learning+1"],"picked":"Seek","floor":33},{"not_picked":[],"picked":"Undo+1","floor":35},{"not_picked":["Blizzard"],"picked":"SKIP","floor":35},{"not_picked":["Steam Power"],"picked":"SKIP","floor":36},{"not_picked":["Streamline+1"],"picked":"SKIP","floor":36},{"not_picked":["Gash"],"picked":"SKIP","floor":40},{"not_picked":["Rebound+1"],"picked":"SKIP","floor":42},{"not_picked":["Ball Lightning+1"],"picked":"SKIP","floor":44},{"not_picked":["Beam Cell+1"],"picked":"SKIP","floor":44},{"not_picked":["Streamline"],"picked":"SKIP","floor":48},{"not_picked":["Redo"],"picked":"SKIP","floor":48}],"player_experience":1246077,"relics_obtained":[{"floor":5,"key":"InkBottle"},{"floor":6,"key":"Prayer Wheel"},{"floor":9,"key":"CeramicFish"},{"floor":10,"key":"Kunai"},{"floor":12,"key":"Shuriken"},{"floor":19,"key":"Red Mask"},{"floor":23,"key":"Happy Flower"},{"floor":25,"key":"Lantern"},{"floor":31,"key":"Whetstone"},{"floor":40,"key":"Torii"},{"floor":42,"key":"Art of War"},{"floor":43,"key":"DataDisk"}],"event_choices":[{"damage_healed":0,"gold_gain":0,"player_choice":"Fought Bandits","damage_taken":0,"max_hp_gain":0,"max_hp_loss":0,"event_name":"Masked Bandits","floor":19,"gold_loss":0},{"cards_removed":["Strike_B"],"damage_healed":0,"gold_gain":0,"player_choice":"Gave Gold","damage_taken":0,"max_hp_gain":0,"max_hp_loss":0,"event_name":"Beggar","floor":20,"gold_loss":75},{"damage_healed":0,"gold_gain":0,"cards_transformed":["Strike_B","Strike_B"],"player_choice":"Became Test Subject","damage_taken":0,"max_hp_gain":0,"max_hp_loss":0,"event_name":"Drug Dealer","floor":22,"gold_loss":0,"cards_obtained":["Hologram","Cold Snap"]},{"damage_healed":0,"gold_gain":0,"player_choice":"Obtained Relic","damage_taken":0,"relics_obtained":["Darkstone Periapt"],"max_hp_gain":0,"max_hp_loss":0,"event_name":"Addict","floor":24,"gold_loss":85},{"damage_healed":0,"gold_gain":0,"player_choice":"Copied","damage_taken":0,"max_hp_gain":0,"max_hp_loss":0,"event_name":"Duplicator","floor":38,"gold_loss":0,"cards_obtained":["Loop"]},{"cards_removed":["Defend_B"],"damage_healed":0,"gold_gain":0,"player_choice":"Removed Skill","damage_taken":0,"max_hp_gain":0,"max_hp_loss":0,"event_name":"Falling","floor":45,"gold_loss":0}],"is_beta":false,"boss_relics":[{"not_picked":["Philosopher\u0027s Stone","SacredBark"],"picked":"Fusion Hammer"},{"not_picked":["Runic Pyramid","Velvet Choker"],"picked":"Busted Crown"}],"items_purged_floors":[11,37,39,46],"is_endless":false,"potions_floor_spawned":[1,2,4,10,14,16,19,21,30,31,35,40],"ascension_level":1}}