{"host":"tvwbxqry54t86y0v","time":1611882181,"event":{"mods":["2.2 Compatiblity","A Magickal Journey","Arknights The Spire","Astrologer","BaseMod","Beaked The Cultist","BetterRewards","Block Reminder","Clockwork Mod","Colored Powertips","DeckTracker","Downfall","Fiend Mod","GungeonMod","Hermit","Hubris","Infinite Spire","Ironclad Rager","Marked Mod","Mimic Mod","Minty Spire (QoL Compilation)","Potionbrewer","Replay The Spire","Shade Mod","Somnambulant","StSLib","The Bug Knight","The Cursed","The Death Knight","The Druid","The Elementalist","The Exalted","The Forsaken","The Hierophant","The Jungle","The Marked","The Mystic","The Problem Sleuth","The Runesmith","The Senshi","The Spell Scribe","The Valiant","The Wild Card","TheFirefly","TheHeartMod","Unceasing Turn Reminder","thorton"],"gold_per_floor":[109,109,209,219,236,236,270,281,281,286,286],"floor_reached":10,"language":"ENG","playtime":407,"items_purged":[],"score":235,"play_id":"a10f5915-61fc-4239-a02b-74a2468de3fd","local_time":"20210129120301","is_ascension_mode":true,"campfire_choices":[{"data":"Infernal Blade","floor":6,"key":"SMITH"}],"circlet_count":0,"master_deck":["Bash+1","ICR:RageStrike","ICR:RageStrike","ICR:RageStrike","ICR:RageStrike","ICR:RageStrike","ICR:ShieldBash","ICR:ShieldBash","ICR:ShieldBash+1","ICR:ShieldBash","Life Link","Infernal Blade+1","CurseOfTheBell","CurseOfTheBell","ReplayTheSpireMod:Splinters","Reaper","ReplayTheSpireMod:Faulty Equipment","Pain","Bloodletting"],"relics":["Burning Blood","downfall:ExtraCursedBell","potionbrewer:Torch","Matryoshka","DemoMod:PartiallyEatenCheese","Molten Egg 2","Whetstone","thethorton:BankDeed"],"acts_visited":["Exordium"],"potions_floor_usage":[],"damage_taken":[{"damage":4,"enemies":"Cultist","floor":1,"turns":4},{"damage":23,"enemies":"Jaw Worm","floor":4,"turns":4},{"damage":12,"enemies":"Small Slimes","floor":5,"turns":3},{"damage":0,"enemies":"Lagavulin","floor":7,"turns":1},{"damage":44,"enemies":"Gremlin Gang","floor":8,"turns":4},{"damage":43,"enemies":"3 Sentries","floor":10,"turns":7}],"seed_played":"-8072108923954318717","potions_obtained":[{"floor":4,"key":"Strength Potion"},{"floor":8,"key":"potionbrewer:CleansingPotion"}],"is_trial":false,"path_per_floor":["M","?","?","M","M","R","E","M","T","E"],"character_chosen":"IRONCLAD","items_purchased":[],"campfire_rested":0,"item_purchase_floors":[],"current_hp_per_floor":[74,74,79,65,59,59,65,35,35,4,4],"gold":286,"neow_bonus":"IRONCLAD_RAGER","is_daily":false,"chose_seed":false,"campfire_upgraded":1,"win_rate":0.0,"timestamp":1611882181,"path_taken":["M","?","?","M","M","R","E","M","T","E"],"items_purchased_type":[],"build_version":"2020-12-22","purchased_purges":0,"victory":false,"max_hp_per_floor":[80,80,85,85,85,85,85,85,85,85,85],"card_choices":[{"not_picked":["Pommel Strike","Rage"],"picked":"Life Link","floor":1},{"not_picked":["Havoc","Pommel Strike","hubris:CleavingFinish"],"picked":"SKIP","floor":4},{"not_picked":["Flex","Defy Death","Warcry"],"picked":"SKIP","floor":5},{"not_picked":["Warcry","Clash+1","Power Through"],"picked":"SKIP","floor":7},{"not_picked":["Burning Pact","Abandon"],"picked":"Bloodletting","floor":8}],"player_experience":1119570,"relics_obtained":[{"floor":3,"key":"potionbrewer:Torch"},{"floor":3,"key":"Matryoshka"},{"floor":3,"key":"DemoMod:PartiallyEatenCheese"},{"floor":7,"key":"Molten Egg 2"},{"floor":9,"key":"Whetstone"},{"floor":9,"key":"thethorton:BankDeed"}],"event_choices":[],"is_beta":false,"boss_relics":[],"items_purged_floors":[],"is_endless":false,"potions_floor_spawned":[4,8],"killed_by":"3 Sentries","ascension_level":9}}