{"host":"vumwfieg2b2mnrfl","time":1611889351,"event":{"mods":["AchievementEnabler","BaseMod","Minty Spire (QoL Compilation)","Rare Cards Sparkle","Relic Stats"],"gold_per_floor":[116,116,133,133,144,175,175,197,197,347,378,378,378,378],"floor_reached":13,"language":"ENG","playtime":432,"items_purged":[],"score":232,"play_id":"61aba9ae-6f23-4908-b6cb-727b574c4f3e","local_time":"20210128210231","is_ascension_mode":true,"campfire_choices":[{"data":"Apotheosis","floor":7.0,"key":"SMITH"},{"floor":12.0,"key":"REST"}],"circlet_count":0,"master_deck":["AscendersBane","Strike_G","Strike_G","Strike_G","Strike_G","Defend_G","Defend_G","Defend_G","Defend_G","Defend_G","Survivor","Neutralize","Clumsy","Apotheosis+1","Masterful Stab","Leg Sweep","Calculated Gamble","Doubt","Crippling Poison"],"relics":["Ring of the Snake","Eternal Feather","Odd Mushroom","Darkstone Periapt","Toy Ornithopter"],"acts_visited":["Exordium"],"potions_floor_usage":[],"damage_taken":[{"damage":3.0,"enemies":"Cultist","floor":1.0,"turns":4.0},{"damage":5.0,"enemies":"2 Louse","floor":3.0,"turns":4.0},{"damage":0.0,"enemies":"Small Slimes","floor":5.0,"turns":2.0},{"damage":0.0,"enemies":"Lagavulin","floor":6.0,"turns":7.0},{"damage":19.0,"enemies":"The Mushroom Lair","floor":8.0,"turns":7.0},{"damage":41.0,"enemies":"Gremlin Nob","floor":11.0,"turns":6.0},{"damage":76,"enemies":"Lagavulin","floor":13,"turns":16}],"seed_played":"7939704962345578248","potions_obtained":[{"floor":3.0,"key":"Strength Potion"},{"floor":5.0,"key":"EntropicBrew"}],"is_trial":false,"path_per_floor":["M","$","M","?","M","E","R","?","T","?","E","R","E"],"character_chosen":"THE_SILENT","items_purchased":[],"campfire_rested":1,"item_purchase_floors":[],"current_hp_per_floor":[56,56,51,51,51,51,60,41,41,47,6,36,0,0],"gold":378,"neow_bonus":"RANDOM_COLORLESS_2","is_daily":false,"chose_seed":false,"campfire_upgraded":1,"win_rate":0.0,"timestamp":1611889351,"path_taken":["M","?","?","?","M","E","R","?","T","?","E","R","E"],"items_purchased_type":[],"build_version":"2020-12-22","purchased_purges":0,"victory":false,"max_hp_per_floor":[66,66,66,66,66,66,66,66,66,72,72,72,72,72],"relic_stats":{"Darkstone Periapt":6,"counters":[7,46],"Eternal Feather":18,"obtain_stats":[{"Darkstone Periapt":9,"Eternal Feather":6,"Odd Mushroom":8,"Toy Ornithopter":11,"Ring of the Snake":0},{"Darkstone Periapt":5,"Eternal Feather":4,"Odd Mushroom":5,"Toy Ornithopter":6,"Ring of the Snake":0},{"Darkstone Periapt":24,"Eternal Feather":17,"Odd Mushroom":24,"Toy Ornithopter":30,"Ring of the Snake":0}],"Toy Ornithopter":0,"Ring of the Snake":[14]},"card_choices":[{"not_picked":["Transmutation","Panache"],"picked":"Apotheosis","floor":0.0},{"not_picked":["Underhanded Strike","Dodge and Roll","Setup"],"picked":"SKIP","floor":1.0},{"not_picked":["Deflect","Poisoned Stab","Setup"],"picked":"SKIP","floor":3.0},{"not_picked":["Dagger Throw","Distraction","Acrobatics"],"picked":"SKIP","floor":5.0},{"not_picked":["Night Terror","Bane"],"picked":"Leg Sweep","floor":6.0},{"not_picked":["Sucker Punch","Dagger Spray"],"picked":"Calculated Gamble","floor":8.0},{"not_picked":["Dagger Throw","Masterful Stab"],"picked":"Crippling Poison","floor":11.0}],"player_experience":489972,"relics_obtained":[{"floor":6.0,"key":"Eternal Feather"},{"floor":8.0,"key":"Odd Mushroom"},{"floor":9.0,"key":"Darkstone Periapt"},{"floor":11.0,"key":"Toy Ornithopter"}],"event_choices":[{"damage_healed":0.0,"max_hp_gain":0.0,"max_hp_loss":0.0,"gold_gain":0.0,"cards_transformed":["Strike_G"],"event_name":"Living Wall","player_choice":"Change","floor":4.0,"gold_loss":0.0,"damage_taken":0.0,"cards_obtained":["Masterful Stab"]},{"damage_healed":0.0,"max_hp_gain":0.0,"max_hp_loss":0.0,"gold_gain":0.0,"event_name":"Mushrooms","player_choice":"Fought Mushrooms","floor":8.0,"gold_loss":0.0,"damage_taken":0.0},{"damage_healed":0.0,"max_hp_gain":0.0,"max_hp_loss":0.0,"gold_gain":150.0,"event_name":"Liars Game","player_choice":"AGREE","floor":10.0,"gold_loss":0.0,"damage_taken":0.0,"cards_obtained":["Doubt"]}],"is_beta":false,"boss_relics":[],"items_purged_floors":[],"is_endless":false,"potions_floor_spawned":[3,5],"killed_by":"Lagavulin","ascension_level":20}}