{"host":"2wp95sdfrgw3k439","time":1611961678,"event":{"mods":["BaseMod","Better Altar","Better Skull","Better Third Choice","Curses Come First","Minty Spire (QoL Compilation)","Permanent Neow","StSLib"],"gold_per_floor":[114,127,143,158,174,174,203,203,227,260,335,335,335,351,351,451,451,470,55,66,66,266,266,295,295,295,312,312,338,263,279,279,379,379,391,41,61,61,61,61,61],"floor_reached":40,"language":"ENG","playtime":1607,"items_purged":["Strike_B","Strike_B"],"score":610,"play_id":"cff69a76-8ac2-405d-aca6-11e23aab36ae","local_time":"20210129160758","is_ascension_mode":true,"campfire_choices":[{"floor":6.0,"key":"REST"},{"data":"White Noise","floor":8.0,"key":"SMITH"},{"floor":12,"key":"REST"},{"data":"Dualcast","floor":15,"key":"SMITH"},{"floor":23,"key":"REST"},{"floor":25,"key":"REST"},{"data":"Sunder","floor":28,"key":"SMITH"},{"floor":32,"key":"REST"}],"circlet_count":0,"master_deck":["Strike_B","Defend_B","Defend_B","Defend_B","Zap","Dualcast+1","Cold Snap","Beam Cell","Sunder+1","Electrodynamics","White Noise+1","Go for the Eyes","Biased Cognition","Genetic Algorithm+1","Turbo+1","Stack+1","Doom and Gloom+1","Leap+1","Machine Learning","Redo+1","White Noise+1","Finesse+1","Defragment","Madness+1","Madness+1"],"relics":["Nuclear Battery","Regal Pillow","Akabeko","Potion Belt","Black Star","Toxic Egg 2","DataDisk","Kunai","Meat on the Bone","Smiling Mask","Question Card","Fusion Hammer","DollysMirror"],"acts_visited":["Exordium","TheCity","TheBeyond"],"potions_floor_usage":[14,16,21,27,29,33,33],"damage_taken":[{"damage":5.0,"enemies":"Cultist","floor":1.0,"turns":4.0},{"damage":2.0,"enemies":"Jaw Worm","floor":2.0,"turns":4.0},{"damage":0.0,"enemies":"Small Slimes","floor":3.0,"turns":3.0},{"damage":16.0,"enemies":"Exordium Wildlife","floor":4.0,"turns":4.0},{"damage":5.0,"enemies":"Gremlin Gang","floor":5.0,"turns":3.0},{"damage":8.0,"enemies":"Gremlin Nob","floor":7.0,"turns":3.0},{"damage":2.0,"enemies":"3 Sentries","floor":10.0,"turns":3.0},{"damage":0,"enemies":"2 Fungi Beasts","floor":14,"turns":1},{"damage":30,"enemies":"The Guardian","floor":16,"turns":11},{"damage":5,"enemies":"Spheric Guardian","floor":18,"turns":3},{"damage":27,"enemies":"2 Thieves","floor":20,"turns":5},{"damage":0,"enemies":"Shelled Parasite and Fungi","floor":21,"turns":1},{"damage":61,"enemies":"Book of Stabbing","floor":24,"turns":7},{"damage":6,"enemies":"3 Cultists","floor":27,"turns":5},{"damage":29,"enemies":"Slavers","floor":29,"turns":3},{"damage":26,"enemies":"Sentry and Sphere","floor":31,"turns":6},{"damage":52,"enemies":"Champ","floor":33,"turns":12},{"damage":20,"enemies":"3 Darklings","floor":35,"turns":5},{"damage":24,"enemies":"3 Shapes","floor":37,"turns":5},{"damage":28,"enemies":"Nemesis","floor":40,"turns":2}],"seed_played":"-7761473577612316735","potions_obtained":[{"floor":1.0,"key":"PowerPotion"},{"floor":4.0,"key":"Explosive Potion"},{"floor":5.0,"key":"EntropicBrew"},{"floor":24,"key":"Regen Potion"},{"floor":27,"key":"Dexterity Potion"},{"floor":29,"key":"Energy Potion"},{"floor":31,"key":"CultistPotion"},{"floor":37,"key":"SteroidPotion"}],"is_trial":false,"path_per_floor":["M","M","M","M","M","R","E","R","T","E","?","R","?","M","R","B",null,"M","$","M","M","?","R","E","R","T","M","R","E","?","M","R","B",null,"M","$","M","?","?","E"],"character_chosen":"DEFECT","items_purchased":["Toxic Egg 2","Genetic Algorithm+1","DollysMirror","Finesse+1","Defragment"],"campfire_rested":5,"item_purchase_floors":[19,19,36,36,36],"current_hp_per_floor":[63,61,61,45,40,62,54,54,54,52,41,75,68,68,68,38,66,61,61,34,34,34,71,10,47,47,55,55,38,38,24,61,21,62,42,42,30,30,21,0,0],"gold":61,"neow_bonus":"BOSS_RELIC","is_daily":false,"chose_seed":false,"campfire_upgraded":3,"win_rate":0.0,"timestamp":1611961678,"path_taken":["M","M","M","?","M","R","E","R","T","E","?","R","?","M","R","BOSS","M","$","M","M","?","R","E","R","T","?","R","E","?","M","R","BOSS","M","$","M","?","?","E"],"items_purchased_type":["Relic","Card","Relic","Card","Card"],"build_version":"2020-12-22","purchased_purges":2,"victory":false,"max_hp_per_floor":[75,75,75,75,75,75,75,75,75,75,75,75,75,75,75,75,75,75,75,75,75,75,75,75,75,75,75,75,75,75,75,75,75,75,75,75,75,75,75,75,75],"card_choices":[{"not_picked":["Recycle","Barrage"],"picked":"Cold Snap","floor":1.0},{"not_picked":["Heatsinks","Chaos"],"picked":"Beam Cell","floor":2.0},{"not_picked":["Ball Lightning","Beam Cell"],"picked":"Sunder","floor":3.0},{"not_picked":["Defragment","Beam Cell"],"picked":"Electrodynamics","floor":4.0},{"not_picked":["Recycle","Stack","Consume"],"picked":"SKIP","floor":5.0},{"not_picked":["Cold Snap","Streamline"],"picked":"White Noise","floor":7.0},{"not_picked":["Rebound","FTL"],"picked":"Conserve Battery","floor":10.0},{"not_picked":["Hologram","Chaos"],"picked":"Go for the Eyes","floor":14},{"not_picked":["Hyperbeam","Thunder Strike"],"picked":"Biased Cognition","floor":16},{"not_picked":["Ball Lightning","Steam","Force Field"],"picked":"SKIP","floor":18},{"not_picked":["Barrage","Compile Driver"],"picked":"Turbo+1","floor":20},{"not_picked":["Machine Learning","Steam Power+1"],"picked":"Stack+1","floor":24},{"not_picked":["Turbo+1","Storm","Sweeping Beam"],"picked":"SKIP","floor":27},{"not_picked":["Stack+1","Fusion+1"],"picked":"Doom and Gloom+1","floor":29},{"not_picked":["Go for the Eyes","Ball Lightning","Rip and Tear"],"picked":"Leap+1","floor":31},{"not_picked":["Meteor Strike","Hyperbeam","Echo Form"],"picked":"Machine Learning","floor":33},{"not_picked":["Go for the Eyes","Gash","Heatsinks+1"],"picked":"Redo+1","floor":35},{"not_picked":["Streamline+1","Force Field+1","Compile Driver","Static Discharge"],"picked":"SKIP","floor":37}],"player_experience":503629,"relics_obtained":[{"floor":7.0,"key":"Regal Pillow"},{"floor":9.0,"key":"Akabeko"},{"floor":10.0,"key":"Potion Belt"},{"floor":24,"key":"DataDisk"},{"floor":24,"key":"Kunai"},{"floor":26,"key":"Meat on the Bone"},{"floor":29,"key":"Smiling Mask"},{"floor":29,"key":"Question Card"}],"event_choices":[{"damage_healed":0,"gold_gain":75,"player_choice":"Gold","damage_taken":11,"max_hp_gain":0,"max_hp_loss":0,"event_name":"betterThird:BetterGoop","floor":11,"gold_loss":0},{"cards_removed":["Strike_B"],"damage_healed":0,"gold_gain":0,"player_choice":"Card Removal","damage_taken":7,"max_hp_gain":0,"max_hp_loss":0,"event_name":"Golden Wing","floor":13,"gold_loss":0},{"damage_healed":0,"gold_gain":200,"player_choice":"Gold","damage_taken":0,"max_hp_gain":0,"max_hp_loss":0,"event_name":"Wheel of Change","floor":22,"gold_loss":0},{"cards_removed":["Defend_B"],"damage_healed":0,"gold_gain":0,"player_choice":"Gave Gold","damage_taken":0,"max_hp_gain":0,"max_hp_loss":0,"event_name":"Beggar","floor":30,"gold_loss":75},{"cards_removed":["Conserve Battery"],"damage_healed":0,"gold_gain":0,"player_choice":"Removed Skill","damage_taken":0,"max_hp_gain":0,"max_hp_loss":0,"event_name":"Falling","floor":38,"gold_loss":0},{"damage_healed":0,"gold_gain":0,"player_choice":"Embrace Madness","damage_taken":9,"max_hp_gain":0,"max_hp_loss":0,"event_name":"Winding Halls","floor":39,"gold_loss":0,"cards_obtained":["Madness","Madness"]}],"is_beta":false,"boss_relics":[{"not_picked":["Astrolabe","Snecko Eye"],"picked":"Black Star"},{"not_picked":["Coffee Dripper","Runic Pyramid"],"picked":"Fusion Hammer"}],"items_purged_floors":[19,36],"is_endless":false,"potions_floor_spawned":[1,4,5,24,27,29,31,37],"killed_by":"Nemesis","ascension_level":8}}