{"host":"8i4doyxqctgl5qb0","time":1611914130,"event":{"mods":["AchievementEnabler","BaseMod","Block Reminder","Colored Powertips","Downfall","Lobotomy","Minty Spire (QoL Compilation)","Permanent Neow","Potion Indicator Mod","Rare Cards Sparkle","StSLib","SuperFastMode","The Jungle"],"gold_per_floor":[111,111,91,104,118,118,151,163,198,210,261,273,309,321,333,474,486,522,212,206,229,144,144,144,144],"floor_reached":24,"language":"ZHS","playtime":694,"items_purged":["Pain"],"score":316,"play_id":"ed9a0871-c686-44cf-93f9-b7b9948afe9c","local_time":"20210129175530","is_ascension_mode":true,"campfire_choices":[{"data":"Body Slam","floor":6.0,"key":"SMITH"},{"floor":8.0,"key":"REST"},{"data":"Body Slam","floor":15.0,"key":"SMITH"},{"floor":23,"key":"REST"}],"circlet_count":0,"master_deck":["AscendersBane","Strike_R","Strike_R","Strike_R","Defend_R","Defend_R","Defend_R","Bash","Clash","Metallicize","Body Slam+1","Dark Embrace","Body Slam+1","Barricade","Uppercut+1","Second Wind+1","Rupture+1","Mayhem","Armaments","Twin Strike+1"],"relics":["Burning Blood","NeowsBlessing","Golden Idol","MawBank","Bronze Scales","Singing Bowl","WarpedTongs","Astrolabe","Strawberry"],"acts_visited":["Exordium","TheCity"],"potions_floor_usage":[21,21,24,24],"damage_taken":[{"damage":0.0,"enemies":"Jaw Worm","floor":1.0,"turns":1.0},{"damage":0.0,"enemies":"2 Louse","floor":4.0,"turns":1.0},{"damage":0.0,"enemies":"Cultist","floor":5.0,"turns":1.0},{"damage":29.0,"enemies":"3 Sentries","floor":7.0,"turns":12.0},{"damage":12.0,"enemies":"Lagavulin","floor":11.0,"turns":7.0},{"damage":1.0,"enemies":"2 Fungi Beasts","floor":13.0,"turns":3.0},{"damage":42.0,"enemies":"The Guardian","floor":16.0,"turns":13.0},{"damage":9.0,"enemies":"Chosen","floor":18.0,"turns":4.0},{"damage":30.0,"enemies":"2 Thieves","floor":20.0,"turns":4.0},{"damage":50,"enemies":"Centurion and Healer","floor":21,"turns":8},{"damage":78,"enemies":"Gremlin Leader","floor":24,"turns":8}],"seed_played":"-5422542411900818232","potions_obtained":[{"floor":3.0,"key":"HeartOfIron"},{"floor":4.0,"key":"SpeedPotion"},{"floor":13.0,"key":"Regen Potion"},{"floor":18.0,"key":"DuplicationPotion"},{"floor":21,"key":"EntropicBrew"}],"is_trial":false,"path_per_floor":["M","?","?","M","M","R","E","R","T","?","E","$","M","?","R","B",null,"M","$","M","M","?","R","E"],"character_chosen":"IRONCLAD","items_purchased":["Mayhem","Armaments"],"campfire_rested":2,"item_purchase_floors":[19,19],"current_hp_per_floor":[78,78,78,80,80,80,57,80,80,80,76,76,81,81,81,45,73,72,72,50,21,28,55,0,0],"gold":144,"neow_bonus":"THREE_ENEMY_KILL","is_daily":false,"chose_seed":false,"campfire_upgraded":2,"win_rate":0.0,"timestamp":1611914130,"path_taken":["M","?","?","M","?","R","E","R","T","?","E","$","?","?","R","BOSS","M","$","M","?","?","R","E"],"items_purchased_type":["Card","Card"],"build_version":"2020-12-22","purchased_purges":1,"victory":false,"max_hp_per_floor":[80,80,80,80,80,80,80,80,80,80,82,82,82,82,82,82,82,84,84,86,86,93,93,93,93],"card_choices":[{"not_picked":["Spot Weakness","Dual Wield"],"picked":"Clash","floor":1.0},{"not_picked":["Clothesline","Sword Boomerang"],"picked":"Metallicize","floor":4.0},{"not_picked":["Wild Strike","Iron Wave"],"picked":"Body Slam","floor":5.0},{"not_picked":["Anger","Perfected Strike"],"picked":"Dark Embrace","floor":7.0},{"not_picked":["Wild Strike","Blood for Blood","Fire Breathing"],"picked":"Singing Bowl","floor":11.0},{"not_picked":["Perfected Strike","Second Wind"],"picked":"Body Slam","floor":13.0},{"not_picked":["Offering","Reaper"],"picked":"Barricade","floor":16.0},{"not_picked":["Sword Boomerang","Pommel Strike","Rage"],"picked":"Singing Bowl","floor":18.0},{"not_picked":["Sword Boomerang","Heavy Blade+1","Anger"],"picked":"Singing Bowl","floor":20.0},{"not_picked":["Armaments","Sever Soul"],"picked":"Twin Strike+1","floor":21}],"player_experience":252513,"relics_obtained":[{"floor":7.0,"key":"MawBank"},{"floor":9.0,"key":"Bronze Scales"},{"floor":11.0,"key":"Singing Bowl"}],"event_choices":[{"damage_healed":0.0,"max_hp_gain":0.0,"max_hp_loss":0.0,"gold_gain":0.0,"event_name":"Golden Idol","player_choice":"Take Wound","floor":2.0,"gold_loss":0.0,"damage_taken":0.0,"relics_obtained":["Golden Idol"],"cards_obtained":["Injury"]},{"damage_healed":0.0,"max_hp_gain":0.0,"max_hp_loss":0.0,"gold_gain":0.0,"event_name":"The Woman in Blue","player_choice":"Bought 1 Potion","floor":3.0,"gold_loss":0.0,"damage_taken":0.0},{"cards_removed":["Injury"],"damage_healed":0.0,"max_hp_gain":0.0,"max_hp_loss":0.0,"gold_gain":0.0,"event_name":"Purifier","player_choice":"Purged","floor":10.0,"gold_loss":0.0,"damage_taken":0.0},{"damage_healed":0.0,"max_hp_gain":0.0,"max_hp_loss":0.0,"gold_gain":0.0,"event_name":"Accursed Blacksmith","player_choice":"Rummage","floor":14.0,"gold_loss":0.0,"damage_taken":0.0,"relics_obtained":["WarpedTongs"],"cards_obtained":["Pain"]},{"damage_healed":0,"gold_gain":0,"player_choice":"Obtained Relic","damage_taken":0,"relics_obtained":["Strawberry"],"max_hp_gain":0,"max_hp_loss":0,"event_name":"Addict","floor":22,"gold_loss":85}],"is_beta":false,"boss_relics":[{"not_picked":["Ectoplasm","Coffee Dripper"],"picked":"Astrolabe"}],"items_purged_floors":[19],"is_endless":false,"potions_floor_spawned":[4,7,13,18,20,21],"killed_by":"Gremlin Leader","ascension_level":11}}