{"host":"KYO","time":1611925653,"event":{"mods":["ATMod(阿瑾Mod)","BaseMod","Minty Spire (QoL Compilation)","Permanent Neow","Replay The Spire","Shop Mod","StSLib","SuperFastMode","TestMod","[IsaacMod]以撒尖塔","【遗物卡牌】REMEMod"],"gold_per_floor":[364,364,377,394,394,420,420,480,505,573,450,450,538,627,627,831,831,873,873,988,1031,946,1005,1005,1057,1137,1137,1137,1137,1205,1258,1258,1406,1406,1549,1586,1641,1692,1728,1795,1884,1884,1884,1993,2038,2075,2119,2187,2187,2251,2304,2304,2304,2202,2288,2400,2400],"floor_reached":56,"language":"ZHS","playtime":1436,"items_purged":["Defend_R","Strike_R+1","Defend_R+1","Strike_R+1"],"score":1830,"play_id":"b12bc769-007e-4639-8da1-4f03a4c5e7b3","local_time":"20210129210733","is_ascension_mode":true,"campfire_choices":[{"data":"Flash of Steel","floor":7.0,"key":"SMITH"},{"data":"Uppercut","floor":15.0,"key":"SMITH"},{"data":"Pot Of Greed","floor":24.0,"key":"SMITH"},{"data":"Pot Of Greed","floor":27.0,"key":"SMITH"},{"data":"Neutralize","floor":32.0,"key":"SMITH"},{"data":"Demon Form","floor":42.0,"key":"SMITH"},{"floor":49.0,"key":"RECALL"},{"data":"AT_EssenceShift","floor":53,"key":"SMITH"}],"circlet_count":0,"master_deck":["AscendersBane","Strike_R+1","Strike_R+1","Strike_R+1","Defend_R+1","Defend_R+1","Defend_R+1","Flash of Steel+1","AT_EssenceShift+1","Neutralize+1","Pummel+1","Pot Of Greed+1","Pot Of Greed+1","Uppercut+1","True Grit+1","Flex+1","testmod-LimitFlipper+1","Demon Form+1","Evolve+1"],"relics":["Burning Blood","HushsDoor","AT_ATBox","REME_ComplimentaryCards","testmod-TestBox","SteamSale","testmod-Brilliant","AT_MibuBalloonWealth","Blue Doll","MerchantsRug","AT_BladeRuinedKing","MoneyPower","TheBible","SlaversCollar","CeramicFish","testmod-OneHitWonder","BookOfRevelations","SalivaCoin","Onion Ring","Replay:Bottled Steam"],"acts_visited":["Exordium","TheCity","TheBeyond","TheEnding"],"potions_floor_usage":[51,56],"damage_taken":[{"damage":0.0,"enemies":"Small Slimes","floor":1.0,"turns":1.0},{"damage":0.0,"enemies":"Cultist","floor":3.0,"turns":3.0},{"damage":0.0,"enemies":"2 Louse","floor":4.0,"turns":1.0},{"damage":0.0,"enemies":"Gremlin Nob","floor":6.0,"turns":1.0},{"damage":12.0,"enemies":"Lagavulin","floor":8.0,"turns":5.0},{"damage":0.0,"enemies":"Exordium Thugs","floor":10.0,"turns":1.0},{"damage":30.0,"enemies":"Gremlin Nob","floor":13.0,"turns":4.0},{"damage":0.0,"enemies":"3 Louse","floor":14.0,"turns":1.0},{"damage":27.0,"enemies":"Fading Forest","floor":16.0,"turns":13.0},{"damage":0.0,"enemies":"Chosen","floor":18.0,"turns":3.0},{"damage":0.0,"enemies":"Shell Parasite","floor":21.0,"turns":1.0},{"damage":8.0,"enemies":"Book of Stabbing","floor":23.0,"turns":4.0},{"damage":15.0,"enemies":"Replay:Snechameleon","floor":25.0,"turns":8.0},{"damage":0.0,"enemies":"Centurion and Healer","floor":30.0,"turns":1.0},{"damage":0.0,"enemies":"Book of Stabbing","floor":31.0,"turns":2.0},{"damage":24.0,"enemies":"Automaton","floor":33.0,"turns":4.0},{"damage":0.0,"enemies":"3 Darklings","floor":35.0,"turns":1.0},{"damage":0.0,"enemies":"Orb Walker","floor":36.0,"turns":1.0},{"damage":0.0,"enemies":"Transient","floor":39.0,"turns":6.0},{"damage":0.0,"enemies":"Nemesis","floor":40.0,"turns":1.0},{"damage":0.0,"enemies":"Sphere and 2 Shapes","floor":41.0,"turns":1.0},{"damage":0.0,"enemies":"Reptomancer","floor":44.0,"turns":1.0},{"damage":0.0,"enemies":"Spire Growth","floor":45.0,"turns":2.0},{"damage":0.0,"enemies":"Maw","floor":46.0,"turns":1.0},{"damage":12.0,"enemies":"Writhing Mass","floor":47.0,"turns":2.0},{"damage":13.0,"enemies":"Giant Head","floor":48.0,"turns":3.0},{"damage":24.0,"enemies":"Donu and Deca","floor":50.0,"turns":3.0},{"damage":63,"enemies":"Replay:Hell Engine","floor":51,"turns":5},{"damage":2,"enemies":"Shield and Spear","floor":55,"turns":2},{"damage":59,"enemies":"The Heart","floor":56,"turns":5}],"seed_played":"5514862566939959844","potions_obtained":[{"floor":6.0,"key":"AttackPotion"},{"floor":10.0,"key":"REME_GoldPotion"},{"floor":14.0,"key":"Explosive Potion"},{"floor":16.0,"key":"PowerPotion"},{"floor":25.0,"key":"FearPotion"},{"floor":30.0,"key":"LiquidMemories"},{"floor":35.0,"key":"ElixirPotion"},{"floor":41.0,"key":"Strength Potion"},{"floor":44.0,"key":"FairyPotion"}],"is_trial":false,"path_per_floor":["M","?","M","M","?","E","R","E","T","M","$","?","E","M","R","B",null,"M","?","$","M","?","E","R","E","T","R","?","?","M","E","R","B",null,"M","M","$","T","M","E","M","R","T","E","M","M","M","E","R","B","B",null,"R","$","E","B"],"character_chosen":"IRONCLAD","items_purchased":["MerchantsRug","testmod-LimitFlipper+1","Block Potion"],"campfire_rested":0,"item_purchase_floors":[11,37,54],"current_hp_per_floor":[74,74,75,75,75,75,75,69,69,75,75,80,56,62,62,41,70,76,76,76,80,80,78,78,69,69,69,69,69,75,80,80,62,76,80,80,80,80,80,80,80,80,80,80,80,80,74,67,67,49,20,65,65,65,69,10,10],"gold":2400,"neow_bonus":"TWO_FIFTY_GOLD","is_daily":false,"chose_seed":false,"campfire_upgraded":7,"win_rate":0.0,"timestamp":1611925653,"path_taken":["M","?","M","?","?","E","R","E","T","M","?","?","E","M","R","BOSS","M","?","$","M","?","E","R","E","T","R","?","?","M","E","R","BOSS","M","M","$","?","M","E","M","R","T","E","M","M","M","E","R","BOSS","BOSS","R","$","E","BOSS"],"items_purchased_type":["Relic","Card","Potion"],"build_version":"2020-12-18","purchased_purges":4,"victory":false,"max_hp_per_floor":[75,75,75,75,75,75,75,75,75,75,75,80,80,80,80,80,80,80,80,80,80,80,80,80,80,80,80,80,80,80,80,80,80,80,80,80,80,80,80,80,80,80,80,80,80,80,80,80,80,80,80,80,80,80,80,80,80],"card_choices":[{"not_picked":[],"picked":"ChaosCard","floor":0.0},{"not_picked":["Blood for Blood","True Grit","Metallicize"],"picked":"SKIP","floor":1.0},{"not_picked":["True Grit","Massacre","Wild Strike"],"picked":"SKIP","floor":3.0},{"not_picked":["ReplayTheSpireMod:Strike From Hell","Whirlwind","Anger"],"picked":"SKIP","floor":4.0},{"not_picked":["REME_TheLastStrike","Seeing Red","Sword Boomerang"],"picked":"SKIP","floor":6.0},{"not_picked":["AT_DiedThrough","REME_SingleHolding","Power Through"],"picked":"SKIP","floor":8.0},{"not_picked":["Shrug It Off","Sword Boomerang","Defy Death"],"picked":"SKIP","floor":10.0},{"not_picked":["Run Through","Headbutt","Shrug It Off"],"picked":"SKIP","floor":13.0},{"not_picked":["Iron Wave","Metallicize"],"picked":"Uppercut","floor":14.0},{"not_picked":["Clash","Metallicize","AT_ManFootWork"],"picked":"SKIP","floor":18.0},{"not_picked":["REME_SingleHolding","ReplayTheSpireMod:Stacked"],"picked":"True Grit+1","floor":21.0},{"not_picked":["Headbutt","Sword Boomerang+1","Clash"],"picked":"SKIP","floor":23.0},{"not_picked":["Seeing Red","Hemokinesis","Run Through"],"picked":"SKIP","floor":25.0},{"not_picked":["Clothesline","Dropkick","Shockwave"],"picked":"SKIP","floor":30.0},{"not_picked":["Dark Embrace","Defy Death","REME_FearOfPain+1"],"picked":"SKIP","floor":31.0},{"not_picked":["Iron Wave","Clothesline"],"picked":"Flex+1","floor":35.0},{"not_picked":["Replay:Undeath\u0027s Touch","Searing Blow","AT_IchimonjiDouble+1"],"picked":"SKIP","floor":36.0},{"not_picked":["Twin Strike+1","Pommel Strike","ReplayTheSpireMod:Strike From Hell"],"picked":"SKIP","floor":39.0},{"not_picked":["Body Slam+1","Clash"],"picked":"Demon Form","floor":40.0},{"not_picked":["Iron Wave+1","Run Through","Twin Strike"],"picked":"SKIP","floor":41.0},{"not_picked":["Abandon","Defy Death+1","Flex"],"picked":"SKIP","floor":44.0},{"not_picked":["AT_IchimonjiDouble","Life Link+1","Searing Blow+1"],"picked":"SKIP","floor":45.0},{"not_picked":["AT_BodySlamDance+1","ReplayTheSpireMod:Muscle Training","Seeing Red+1"],"picked":"SKIP","floor":46.0},{"not_picked":["Warcry","ReplayTheSpireMod:Stacked+1","Wild Strike+1"],"picked":"SKIP","floor":47.0},{"not_picked":["REME_ACTH","Battle Trance"],"picked":"Evolve+1","floor":48.0},{"not_picked":["Body Slam","Dropkick+1","Inflame"],"picked":"SKIP","floor":55}],"player_experience":704777,"relics_obtained":[{"floor":6.0,"key":"AT_MibuBalloonWealth"},{"floor":8.0,"key":"Blue Doll"},{"floor":13.0,"key":"Grinning Jar"},{"floor":23.0,"key":"AT_BladeRuinedKing"},{"floor":25.0,"key":"MoneyPower"},{"floor":26.0,"key":"Self Forming Clay"},{"floor":31.0,"key":"TheBible"},{"floor":38.0,"key":"CeramicFish"},{"floor":40.0,"key":"testmod-OneHitWonder"},{"floor":43.0,"key":"BookOfRevelations"},{"floor":44.0,"key":"SalivaCoin"},{"floor":48.0,"key":"Onion Ring"},{"floor":55,"key":"Replay:Bottled Steam"}],"event_choices":[{"damage_healed":0.0,"max_hp_gain":0.0,"max_hp_loss":0.0,"gold_gain":0.0,"event_name":"给自己的盒子","player_choice":"Swap Relic","floor":2.0,"relics_lost":["War Paint"],"gold_loss":0.0,"damage_taken":0.0,"relics_obtained":["War Paint"]},{"damage_healed":0.0,"max_hp_gain":5.0,"max_hp_loss":0.0,"gold_gain":0.0,"event_name":"Big Fish","player_choice":"Donut","floor":12.0,"gold_loss":0.0,"damage_taken":0.0},{"damage_healed":0.0,"max_hp_gain":0.0,"max_hp_loss":0.0,"gold_gain":0.0,"event_name":"Back to Basics","player_choice":"Simplicity","floor":19.0,"gold_loss":0.0,"damage_taken":0.0,"cards_upgraded":["Strike_R","Strike_R","Strike_R","Strike_R","Strike_R","Defend_R","Defend_R"]},{"damage_healed":0.0,"max_hp_gain":0.0,"max_hp_loss":0.0,"gold_gain":0.0,"event_name":"Addict","player_choice":"Obtained Relic","floor":22.0,"gold_loss":85.0,"damage_taken":0.0,"relics_obtained":["AT_BellowingDragoncrestRing"]},{"damage_healed":0.0,"max_hp_gain":0.0,"max_hp_loss":0.0,"gold_gain":0.0,"event_name":"Cursed Tome","player_choice":"Ignored","floor":28.0,"gold_loss":0.0,"damage_taken":0.0},{"damage_healed":0.0,"max_hp_gain":0.0,"max_hp_loss":0.0,"gold_gain":0.0,"event_name":"Vampires","player_choice":"Ignored","floor":29.0,"gold_loss":0.0,"damage_taken":0.0}],"is_beta":true,"boss_relics":[{"not_picked":["Busted Crown","testmod-Fanaticism"],"picked":"Ooze Armor"},{"not_picked":[]},{"not_picked":["Snecko Eye","REME_DuelDisc"],"picked":"SlaversCollar"},{"not_picked":[]}],"items_purged_floors":[11,20,37,54],"is_endless":false,"potions_floor_spawned":[6,10,14,16,25,30,33,35,41,44,48],"killed_by":"The Heart","ascension_level":20}}