{"host":"qbvxbacgnxuisbbe","time":1611884175,"event":{"mods":["Act Like it!","Alarm Clock","Aya Shameimaru","BaseMod","Minty Spire (QoL Compilation)","Ruina","StSLib","Sumireko Usami"],"gold_per_floor":[114,114,130,130,130,130,146,71,122,122,155,155,165,190,190,292,292,305,318,167,185,60,60,70,70,119,132,54,54,82,9,21,133,145,170,197,219,241,58,58,71,71,98,111,126,6,22,38,38,38],"floor_reached":51,"language":"ENG","playtime":3944,"items_purged":["sumireko:Wall","sumireko:Wall","sumireko:StrikeSeal"],"score":706,"play_id":"20ad22e4-7598-456b-9de8-8f84ee840519","local_time":"20210129013615","is_ascension_mode":false,"campfire_choices":[{"data":"sumireko:Psychexplosion","floor":6,"key":"SMITH"},{"data":"sumireko:InsightSeal","floor":10,"key":"SMITH"},{"data":"sumireko:Lull","floor":15,"key":"SMITH"},{"data":"sumireko:DefenseSeal","floor":23,"key":"SMITH"},{"data":"sumireko:DefenseSeal","floor":25,"key":"SMITH"},{"data":"sumireko:PerfectParadox","floor":32,"key":"SMITH"},{"data":"sumireko:DefenseSeal","floor":40,"key":"SMITH"},{"data":"sumireko:StrikeSeal","floor":42,"key":"SMITH"},{"data":"sumireko:Psychexplosion","floor":49,"key":"SMITH"}],"circlet_count":0,"master_deck":["sumireko:StrikeSeal+1","sumireko:StrikeSeal+1","sumireko:StrikeSeal+1","sumireko:DefenseSeal+1","sumireko:DefenseSeal+1","sumireko:DefenseSeal+1","sumireko:OccultSeal+1","sumireko:PsychokineticBurst+1","sumireko:InsightSeal+1","sumireko:Psychexplosion+1","sumireko:EchoSeal+1","sumireko:Lull+1","sumireko:PerfectParadox+1","sumireko:PerfectParadox+1","sumireko:DeflectionSeal+1","sumireko:Lull+1","sumireko:Psychexplosion+1","sumireko:ShockingSeal","sumireko:Psychexplosion+1"],"relics":["sumireko:OccultBall","StrikeDummy","Boot","Whetstone","StoneCalendar","Coffee Dripper","Omamori","MawBank","Matryoshka","Runic Dome","War Paint","Toy Ornithopter","Regal Pillow"],"acts_visited":["Exordium","Exordium","TheBeyond"],"potions_floor_usage":[11,16,16,21,24,24,30,33,38,41,41,41,44,44,45,50,50],"damage_taken":[{"damage":3,"enemies":"Small Slimes","floor":1,"turns":4},{"damage":6,"enemies":"Cultist","floor":3,"turns":4},{"damage":0,"enemies":"2 Louse","floor":7,"turns":2},{"damage":0,"enemies":"Gremlin Nob","floor":11,"turns":2},{"damage":3,"enemies":"Lots of Slimes","floor":13,"turns":2},{"damage":3,"enemies":"3 Sentries","floor":14,"turns":6},{"damage":0,"enemies":"Slime Boss","floor":16,"turns":4},{"damage":10,"enemies":"ruina:Nosferatu","floor":18,"turns":3},{"damage":3,"enemies":"ruina:3_Bats","floor":19,"turns":3},{"damage":25,"enemies":"ruina:Woodsman","floor":21,"turns":5},{"damage":0,"enemies":"ruina:3_Scarecrows","floor":24,"turns":4},{"damage":0,"enemies":"ruina:KingOfGreed","floor":27,"turns":4},{"damage":13,"enemies":"ruina:Mountain","floor":30,"turns":6},{"damage":14,"enemies":"ruina:Red_and_Wolf","floor":33,"turns":10},{"damage":21,"enemies":"Orb Walker","floor":35,"turns":6},{"damage":8,"enemies":"3 Shapes","floor":36,"turns":7},{"damage":1,"enemies":"Transient","floor":37,"turns":5},{"damage":0,"enemies":"Spire Growth","floor":38,"turns":7},{"damage":3,"enemies":"Maw","floor":41,"turns":7},{"damage":0,"enemies":"Sphere and 2 Shapes","floor":44,"turns":4},{"damage":8,"enemies":"Writhing Mass","floor":45,"turns":4},{"damage":0,"enemies":"Spire Growth","floor":47,"turns":4},{"damage":0,"enemies":"4 Shapes","floor":48,"turns":7},{"damage":37,"enemies":"Donu and Deca","floor":50,"turns":11}],"seed_played":"1500719417451047832","potions_obtained":[{"floor":7,"key":"SkillPotion"},{"floor":11,"key":"FearPotion"},{"floor":14,"key":"Fire Potion"},{"floor":16,"key":"BlessingOfTheForge"},{"floor":19,"key":"CultistPotion"},{"floor":21,"key":"SkillPotion"},{"floor":27,"key":"Regen Potion"},{"floor":36,"key":"Fire Potion"},{"floor":37,"key":"ColorlessPotion"},{"floor":38,"key":"SteroidPotion"},{"floor":41,"key":"EntropicBrew"}],"is_trial":false,"path_per_floor":["M","?","M","?","?","R","M","$","T","R","E","?","M","E","R","B",null,"M","M","$","M","$","R","M","R","T","M","$","?","E","?","R","B",null,"M","M","M","M","$","R","M","R","T","M","M","$","M","M","R","B",null],"character_chosen":"SUMIREKO","items_purchased":["Block Potion","sumireko:PerfectParadox","War Paint","Fire Potion","sumireko:Psychexplosion","Regen Potion"],"campfire_rested":0,"item_purchase_floors":[20,28,39,39,46,46],"current_hp_per_floor":[74,74,68,73,73,73,73,73,73,73,73,73,70,67,67,67,82,72,69,69,44,44,44,44,44,44,44,44,44,46,46,46,32,82,61,53,52,52,52,52,49,49,49,59,56,56,56,56,56,44],"gold":38,"neow_bonus":"TEN_PERCENT_HP_BONUS","is_daily":false,"chose_seed":false,"campfire_upgraded":9,"win_rate":0.0,"timestamp":1611884175,"path_taken":["M","?","?","?","?","R","?","$","T","R","E","?","M","E","R","BOSS","M","M","$","M","?","R","M","R","T","M","$","?","E","?","R","BOSS","M","M","M","M","$","R","M","R","T","M","M","$","M","M","R","BOSS"],"items_purchased_type":["Potion","Card","Relic","Potion","Card","Potion"],"build_version":"2020-12-22","purchased_purges":3,"victory":true,"max_hp_per_floor":[77,77,77,82,82,82,82,82,82,82,82,82,82,82,82,82,82,82,82,82,82,82,82,82,82,82,82,82,82,82,82,82,82,82,82,82,82,82,82,82,82,82,82,82,82,82,82,82,82,82],"card_choices":[{"not_picked":["sumireko:RestrainingSeal","sumireko:Imprint"],"picked":"sumireko:InsightSeal","floor":1},{"not_picked":["sumireko:Dowsing","sumireko:Imprint"],"picked":"sumireko:Psychexplosion","floor":3},{"not_picked":["sumireko:Crush","sumireko:Rite"],"picked":"sumireko:EchoSeal","floor":7},{"not_picked":["sumireko:IronGirders","sumireko:Brainwave","sumireko:NaturalJinx"],"picked":"SKIP","floor":11},{"not_picked":["sumireko:NaturalJinx","sumireko:RepressionSeal","sumireko:CardTrick"],"picked":"SKIP","floor":13},{"not_picked":["sumireko:CardTrick","sumireko:FireburstSeal","sumireko:ForbiddenKnowledge"],"picked":"SKIP","floor":14},{"not_picked":["sumireko:Psychexplosion","sumireko:Possession+1","sumireko:Dowsing"],"picked":"SKIP","floor":18},{"not_picked":["sumireko:LuckyCharm+1","sumireko:BorderOfReality","sumireko:Forcefield"],"picked":"SKIP","floor":19},{"not_picked":["sumireko:Dowsing","sumireko:Liberator","sumireko:LuckyCharm"],"picked":"SKIP","floor":21},{"not_picked":["sumireko:EchoSeal","sumireko:Fragment","sumireko:RuleCancel"],"picked":"SKIP","floor":24},{"not_picked":["sumireko:Dowsing","sumireko:Fragment","sumireko:InsightSeal"],"picked":"SKIP","floor":27},{"not_picked":["sumireko:DeflectionSeal","sumireko:IronGirders"],"picked":"sumireko:PerfectParadox+1","floor":30},{"not_picked":["sumireko:Fragment","sumireko:EchoSeal+1","sumireko:PerfectMemory"],"picked":"SKIP","floor":35},{"not_picked":["sumireko:FireburstSeal+1","sumireko:Fragment+1"],"picked":"sumireko:DeflectionSeal+1","floor":36},{"not_picked":["sumireko:Imprint+1","sumireko:MirrorSeal+1","sumireko:Fling"],"picked":"SKIP","floor":37},{"not_picked":["sumireko:Rite","sumireko:Crush","sumireko:MassSeal+1"],"picked":"SKIP","floor":38},{"not_picked":["sumireko:LuckyCharm","sumireko:Cage","sumireko:PerfectMemory"],"picked":"SKIP","floor":41},{"not_picked":["sumireko:HonedTalent+1","sumireko:Psychexplosion"],"picked":"sumireko:Lull+1","floor":44},{"not_picked":["sumireko:Rite","sumireko:NaturalJinx+1","sumireko:Crush"],"picked":"SKIP","floor":45},{"not_picked":["sumireko:Augury+1","sumireko:DeflectionSeal"],"picked":"sumireko:ShockingSeal","floor":47},{"not_picked":["sumireko:Rite","sumireko:Crush"],"picked":"sumireko:Psychexplosion+1","floor":48}],"player_experience":154985,"relics_obtained":[{"floor":5,"key":"StrikeDummy"},{"floor":9,"key":"Boot"},{"floor":11,"key":"Whetstone"},{"floor":14,"key":"StoneCalendar"},{"floor":26,"key":"Omamori"},{"floor":30,"key":"MawBank"},{"floor":43,"key":"Toy Ornithopter"},{"floor":43,"key":"Regal Pillow"}],"event_choices":[{"damage_healed":0,"gold_gain":0,"player_choice":"Upgraded","damage_taken":0,"max_hp_gain":0,"max_hp_loss":0,"event_name":"Upgrade Shrine","floor":2,"gold_loss":0,"cards_upgraded":["sumireko:OccultSeal"]},{"damage_healed":0,"gold_gain":0,"player_choice":"Donut","damage_taken":0,"max_hp_gain":5,"max_hp_loss":0,"event_name":"Big Fish","floor":4,"gold_loss":0},{"damage_healed":0,"gold_gain":0,"player_choice":"Relic","damage_taken":0,"max_hp_gain":0,"max_hp_loss":0,"event_name":"Wheel of Change","floor":5,"gold_loss":0},{"damage_healed":0,"gold_gain":0,"player_choice":"1 cards matched","damage_taken":0,"max_hp_gain":0,"max_hp_loss":0,"event_name":"Match and Keep!","floor":12,"gold_loss":0,"cards_obtained":["sumireko:Lull"]},{"damage_healed":0,"gold_gain":0,"player_choice":"Ignored","damage_taken":0,"max_hp_gain":0,"max_hp_loss":0,"event_name":"Beggar","floor":29,"gold_loss":0},{"damage_healed":0,"gold_gain":0,"player_choice":"Obtained Relic","damage_taken":0,"relics_obtained":["Matryoshka"],"max_hp_gain":0,"max_hp_loss":0,"event_name":"Addict","floor":31,"gold_loss":85}],"is_beta":false,"boss_relics":[{"not_picked":["SacredBark","Runic Pyramid"],"picked":"Coffee Dripper"},{"not_picked":["Pandora\u0027s Box","Calling Bell"],"picked":"Runic Dome"}],"items_purged_floors":[8,20,22],"is_endless":false,"potions_floor_spawned":[7,11,14,16,19,21,27,36,37,38,41],"ascension_level":0}}