{"host":"dwyzfvnzfcqffr30","time":1611907222,"event":{"mods":["2.2 Compatiblity","Act Like it!","Aspiration","BaseMod","Beaked The Cultist","Better Altar","Better Match","Better Note","Better Sensory Stone","Better Skull","Better Third Choice","Clockwork Mod","Colored Map","Colored Powertips","Conspire","Downfall","Elementarium","GifTheSpireLib","Halation","Hermit","Hubris","Infinite Spire","Ironclad Rager","Jedi Mod","Menagerie","Mimic Mod","Minty Spire (QoL Compilation)","Permanent Neow","Random Character Button","Relic Filter Mod","Reliquary","Replay The Spire","Spicy Shops","Spikes Relics","StSLib","Stuff the Spire","The Construct","The Disciple","The Druid","The Marked","TheFirefly","Trackpad","Wandering Minibosses"],"gold_per_floor":[116,66,366,439,485,569,569,569,623,696,781,746,844,939,939,1115,1115,1200,720,720,720,720,720],"floor_reached":22,"language":"ENG","playtime":1734,"items_purged":["thefirefly:Defend+1"],"score":403,"play_id":"1c13b7ec-a205-4d5d-aaa4-2ed19c5c34a4","local_time":"20210129000022","is_ascension_mode":true,"campfire_choices":[{"floor":7,"key":"REST"},{"floor":15,"key":"REST"}],"circlet_count":0,"master_deck":["AscendersBane","thefirefly:Strike+1","thefirefly:Strike+1","thefirefly:Strike+1","thefirefly:Strike+1","thefirefly:Defend+1","thefirefly:Defend+1","thefirefly:Defend+1","thefirefly:StealthMode+1","MasterReality+1","Apotheosis+1","thefirefly:FlareScreen+1","conspire:SpireCoStock+1","thefirefly:FlareScreen+1","thefirefly:HyperspaceAssault+1","thefirefly:Quine+1","thefirefly:AutoTargeting+1","thefirefly:EvasiveManeuver+1","thefirefly:ArtillleryBeam+1","thefirefly:MindControl+1","thefirefly:FlareScreen+1"],"relics":["Bottled Tornado","halation:Prosthetics","conspire:InfiniteJournal","infinitespire:EvilPickle","SacredBark","Quantum Egg","Frozen Egg 2","Molten Egg 2","Toxic Egg 2","Old Coin","hubris:MysteriousPyramids","reliquary:Buckler","Pen Nib","trackpad:Coffee","Blue Candle"],"acts_visited":["Menagerie:Menagerie","Elementarium:Elementarium"],"potions_floor_usage":[11,13,16,18,18],"damage_taken":[{"damage":0,"enemies":"Menagerie:2_RABBITS","floor":1,"turns":5},{"damage":0,"enemies":"Menagerie:MonstrousExperiment","floor":4,"turns":6},{"damage":0,"enemies":"Menagerie:StygianBoar","floor":5,"turns":6},{"damage":7,"enemies":"Menagerie:Hydra","floor":6,"turns":6},{"damage":2,"enemies":"Menagerie:MENAGERIE_WILDLIFE","floor":9,"turns":8},{"damage":1,"enemies":"Menagerie:MENAGERIE_WILDLIFE","floor":10,"turns":4},{"damage":1,"enemies":"Menagerie:VoidReaper","floor":11,"turns":9},{"damage":9,"enemies":"Menagerie:DREAD_MOTH_AND_GRAFTED_WORMS","floor":13,"turns":4},{"damage":8,"enemies":"Menagerie:MeltingSalamander","floor":14,"turns":5},{"damage":3,"enemies":"Menagerie:AVATARS","floor":16,"turns":5},{"damage":1,"enemies":"Elementarium:Cyclone","floor":18,"turns":1},{"damage":23,"enemies":"Elementarium:VoidCorruption","floor":22,"turns":5}],"seed_played":"-7445989500817578618","potions_obtained":[{"floor":6,"key":"Weak Potion"},{"floor":10,"key":"hexamod:SoulburnPotion"},{"floor":11,"key":"Regen Potion"},{"floor":14,"key":"AttackPotion"},{"floor":16,"key":"jedi:StrikingPotion"}],"is_trial":false,"path_per_floor":["M","?","T","M","M","E","R","?","MIM","M","E","?","M","M","R","B",null,"M","$","PTL","PTL","M"],"character_chosen":"THE_FIREFLY","items_purchased":["Blue Candle","thefirefly:FlareScreen+1","Reflective Coating"],"campfire_rested":2,"item_purchase_floors":[19,19,19],"current_hp_per_floor":[15,15,15,15,15,8,12,12,10,9,8,11,15,7,11,8,13,12,12,12,12,0,0],"gold":720,"neow_bonus":"REMOVE_CARD","is_daily":false,"chose_seed":false,"campfire_upgraded":0,"win_rate":0.0,"timestamp":1611907222,"path_taken":["M","?","?","M","?","E","R","?","MIM","M","E","?","?","M","R","BOSS","M","$","PTL","PTL","M"],"items_purchased_type":["Relic","Card","Potion"],"build_version":"2020-12-22","purchased_purges":1,"victory":false,"max_hp_per_floor":[15,15,15,15,15,15,15,15,15,15,15,15,15,15,15,15,15,15,15,15,15,15,15],"card_choices":[{"not_picked":["thefirefly:HyperFocus+1","thefirefly:Flight+1"],"picked":"thefirefly:FlareScreen+1","floor":1},{"not_picked":["thefirefly:Prominence+1","thefirefly:Pacify+1"],"picked":"thefirefly:FlareScreen+1","floor":4},{"not_picked":["thefirefly:FlakCannon+1","thefirefly:NebulaVeil+1","thefirefly:Teleport+1"],"picked":"SKIP","floor":5},{"not_picked":["thefirefly:Kugelblitz+1","thefirefly:Ruminate+1"],"picked":"thefirefly:HyperspaceAssault+1","floor":6},{"not_picked":["thefirefly:ChargedLaser+1","thefirefly:Rend+1"],"picked":"thefirefly:Quine+1","floor":9},{"not_picked":["thefirefly:NebulaVeil+1","thefirefly:DecoyShot+1"],"picked":"thefirefly:AutoTargeting+1","floor":10},{"not_picked":["thefirefly:AccountUncertainty+1","thefirefly:CoveringFire+1"],"picked":"thefirefly:EvasiveManeuver+1","floor":11},{"not_picked":["thefirefly:LaserBarrage+1","thefirefly:Preload+1"],"picked":"thefirefly:ArtillleryBeam+1","floor":13},{"not_picked":["thefirefly:StoredPower+1","thefirefly:NebulaVeil+1","thefirefly:HyperspaceAssault+1"],"picked":"SKIP","floor":14},{"not_picked":["thefirefly:BreachMissile+1","thefirefly:Kugelblitz+1"],"picked":"thefirefly:MindControl+1","floor":16},{"not_picked":["thefirefly:Teleport+1","thefirefly:FullProjection+1","thefirefly:StoredPower+1"],"picked":"SKIP","floor":18}],"player_experience":2995334,"relics_obtained":[{"floor":3,"key":"Old Coin"},{"floor":6,"key":"hubris:MysteriousPyramids"},{"floor":9,"key":"reliquary:Buckler"},{"floor":11,"key":"Pen Nib"}],"event_choices":[{"damage_healed":0,"gold_gain":0,"player_choice":"Simplicity","damage_taken":0,"max_hp_gain":0,"max_hp_loss":8,"event_name":"betterThird:BetterWriting","floor":0,"gold_loss":0},{"damage_healed":0,"gold_gain":0,"player_choice":"Invest 1","damage_taken":0,"max_hp_gain":0,"max_hp_loss":0,"event_name":"conspire:Investor","floor":2,"gold_loss":0},{"damage_healed":3,"gold_gain":0,"player_choice":"Heal","damage_taken":0,"max_hp_gain":0,"max_hp_loss":0,"event_name":"Menagerie:MagicPeddler","floor":12,"gold_loss":35}],"is_beta":false,"boss_relics":[{"not_picked":["trackpad:StolenKidneys","Fusion Hammer"],"picked":"trackpad:Coffee"}],"items_purged_floors":[19],"is_endless":false,"potions_floor_spawned":[6,10,11,14,16],"killed_by":"Elementarium:VoidCorruption","ascension_level":16}}