{"host":"ja297la2wpvv1dvv","time":1611958527,"event":{"mods":["AchievementEnabler","BaseMod","Bestiary","Colored Map","Colored Powertips","Curses Come First","Minty Spire (QoL Compilation)","StSLib"],"gold_per_floor":[16,30,30,50,50,83,83,10,35,59,59,59,95,119,119,239,239,264,277,277,45,61,61,105,105,105,30,81,102,102,17,17,17,17],"floor_reached":33,"language":"ENG","playtime":3305,"items_purged":["Strike_B"],"score":300,"play_id":"16cd75e8-e809-4e3d-8994-ae2b3b4e4e0f","local_time":"20210129161527","is_ascension_mode":true,"campfire_choices":[{"floor":7,"key":"REST"},{"floor":12,"key":"REST"},{"floor":15,"key":"REST"},{"floor":23,"key":"REST"},{"floor":25,"key":"REST"},{"floor":32,"key":"REST"}],"circlet_count":0,"master_deck":["Strike_B","Strike_B+1","Defend_B","Defend_B","Defend_B","Defend_B+1","Zap+1","Dualcast","Biased Cognition","Redo","Compile Driver","Melter+1","Cold Snap","Stack","Aggregate","Sweeping Beam","Coolheaded","Multi-Cast","Barrage+1","Hologram+1","Loop","Lockon","Sweeping Beam","Core Surge","Conserve Battery"],"relics":["Cracked Core","Ancient Tea Set","Golden Idol","Strawberry","Whetstone","War Paint","Sundial","Nuclear Battery","Nilry\u0027s Codex","TungstenRod","Shovel","Bag of Marbles","Bronze Scales","FossilizedHelix"],"acts_visited":["Exordium","TheCity"],"potions_floor_usage":[16,16,33,33,33],"damage_taken":[{"damage":2,"enemies":"Jaw Worm","floor":1,"turns":3},{"damage":0,"enemies":"Cultist","floor":2,"turns":3},{"damage":0,"enemies":"Small Slimes","floor":4,"turns":2},{"damage":35,"enemies":"3 Sentries","floor":6,"turns":6},{"damage":15,"enemies":"2 Fungi Beasts","floor":10,"turns":3},{"damage":23,"enemies":"Lagavulin","floor":13,"turns":5},{"damage":6,"enemies":"3 Louse","floor":14,"turns":2},{"damage":26,"enemies":"Hexaghost","floor":16,"turns":10},{"damage":4,"enemies":"Shell Parasite","floor":18,"turns":4},{"damage":7,"enemies":"3 Byrds","floor":19,"turns":4},{"damage":15,"enemies":"Snecko","floor":22,"turns":5},{"damage":40,"enemies":"Book of Stabbing","floor":24,"turns":6},{"damage":15,"enemies":"Shelled Parasite and Fungi","floor":29,"turns":4},{"damage":96,"enemies":"Automaton","floor":33,"turns":12}],"seed_played":"-3674336160629063493","potions_obtained":[{"floor":6,"key":"BlessingOfTheForge"},{"floor":14,"key":"Fire Potion"},{"floor":16,"key":"AttackPotion"},{"floor":19,"key":"Dexterity Potion"},{"floor":24,"key":"Fruit Juice"}],"is_trial":false,"path_per_floor":["M","M","?","M","?","E","R","$","T","M","?","R","E","M","R","B",null,"M","M","?","$","M","R","E","R","T","?","T","M","?","?","R","B"],"character_chosen":"DEFECT","items_purchased":["Cold Snap","Stack","Loop","Lockon"],"campfire_rested":6,"item_purchase_floors":[8,8,21,21],"current_hp_per_floor":[73,73,73,73,55,27,51,51,51,36,33,57,34,28,52,26,82,78,71,55,55,40,64,24,48,48,48,48,33,33,33,57,0,0],"gold":17,"neow_bonus":"THREE_RARE_CARDS","is_daily":false,"chose_seed":false,"campfire_upgraded":0,"win_rate":0.0,"timestamp":1611958527,"path_taken":["M","M","?","?","?","E","R","$","T","M","?","R","E","M","R","BOSS","M","M","?","$","M","R","E","R","T","?","?","M","?","?","R","BOSS"],"items_purchased_type":["Card","Card","Card","Card"],"build_version":"2020-12-22","purchased_purges":1,"victory":false,"max_hp_per_floor":[75,75,75,75,75,82,82,82,82,82,82,82,82,82,82,82,82,82,82,82,82,82,82,82,82,82,82,82,82,82,82,82,87,87],"card_choices":[{"not_picked":["Buffer","Thunder Strike"],"picked":"Biased Cognition","floor":0},{"not_picked":["Leap","Recycle"],"picked":"Conserve Battery","floor":1},{"not_picked":["Go for the Eyes","Turbo"],"picked":"Redo","floor":2},{"not_picked":["BootSequence","Redo"],"picked":"Compile Driver","floor":4},{"not_picked":["Gash","Reinforced Body"],"picked":"Melter","floor":6},{"not_picked":["Streamline","Stack"],"picked":"Aggregate","floor":10},{"not_picked":["Turbo","Rebound"],"picked":"Sweeping Beam","floor":13},{"not_picked":["Undo","Reprogram"],"picked":"Coolheaded","floor":14},{"not_picked":["Biased Cognition","Thunder Strike"],"picked":"Multi-Cast","floor":16},{"not_picked":["Conserve Battery+1","Compile Driver"],"picked":"Barrage+1","floor":18},{"not_picked":["Conserve Battery+1","Gash+1"],"picked":"Hologram+1","floor":19},{"not_picked":["Coolheaded","Hologram"],"picked":"Sweeping Beam","floor":22},{"not_picked":["Hologram+1","Conserve Battery"],"picked":"Core Surge","floor":24},{"not_picked":["Gash","Compile Driver"],"picked":"Conserve Battery","floor":29}],"player_experience":211357,"relics_obtained":[{"floor":6,"key":"Strawberry"},{"floor":9,"key":"Whetstone"},{"floor":13,"key":"Sundial"},{"floor":20,"key":"Nilry\u0027s Codex"},{"floor":24,"key":"TungstenRod"},{"floor":26,"key":"Shovel"},{"floor":28,"key":"Bag of Marbles"}],"event_choices":[{"cards_removed":["Conserve Battery"],"damage_healed":0,"gold_gain":0,"player_choice":"Gave Card","damage_taken":0,"relics_obtained":["Ancient Tea Set"],"max_hp_gain":0,"max_hp_loss":0,"event_name":"WeMeetAgain","floor":3,"gold_loss":0},{"damage_healed":0,"gold_gain":0,"player_choice":"Take Damage","damage_taken":18,"relics_obtained":["Golden Idol"],"max_hp_gain":0,"max_hp_loss":0,"event_name":"Golden Idol","floor":5,"gold_loss":0},{"damage_healed":0,"gold_gain":0,"player_choice":"Success","damage_taken":3,"relics_obtained":["War Paint"],"max_hp_gain":0,"max_hp_loss":0,"event_name":"Scrap Ooze","floor":11,"gold_loss":0},{"damage_healed":0,"gold_gain":0,"player_choice":"Obtained Book","damage_taken":16,"max_hp_gain":0,"max_hp_loss":0,"event_name":"Cursed Tome","floor":20,"gold_loss":0},{"cards_removed":["Strike_B"],"damage_healed":0,"gold_gain":0,"player_choice":"Gave Gold","damage_taken":0,"max_hp_gain":0,"max_hp_loss":0,"event_name":"Beggar","floor":27,"gold_loss":75},{"damage_healed":0,"gold_gain":0,"player_choice":"Opened","damage_taken":0,"relics_obtained":["Bronze Scales"],"max_hp_gain":0,"max_hp_loss":0,"event_name":"The Mausoleum","floor":30,"gold_loss":0},{"damage_healed":0,"gold_gain":0,"player_choice":"Obtained Relic","damage_taken":0,"relics_obtained":["FossilizedHelix"],"max_hp_gain":0,"max_hp_loss":0,"event_name":"Addict","floor":31,"gold_loss":85}],"is_beta":false,"boss_relics":[{"not_picked":["Empty Cage","Black Star"],"picked":"Nuclear Battery"}],"items_purged_floors":[21],"is_endless":false,"potions_floor_spawned":[6,14,16,19,24],"killed_by":"Automaton","ascension_level":2}}