{"host":"v711dtdb46xe9u7l","time":1611932862,"event":{"mods":["BaseMod","Bestiary","Highlight Path","Minty Spire (QoL Compilation)","Quick Restart","StSLib"],"gold_per_floor":[115,65,81,98,86,86,114,131,179,206,206,206,226,256,256,256,256],"floor_reached":16,"language":"ENG","playtime":537,"items_purged":[],"score":174,"play_id":"904e44c4-b64a-44da-831a-20ba18610c55","local_time":"20210129150742","is_ascension_mode":true,"campfire_choices":[{"data":"Searing Blow","floor":6,"key":"SMITH"},{"data":"Searing Blow+1","floor":11,"key":"SMITH"},{"data":"Armaments","floor":15,"key":"SMITH"}],"circlet_count":0,"master_deck":["AscendersBane","Strike_R","Strike_R","Strike_R","Strike_R","Defend_R","Defend_R","Defend_R","Defend_R","Bash+1","Twin Strike+1","Searing Blow+3","Cleave","Headbutt+1","Thunderclap","Armaments+1","Spot Weakness"],"relics":["Burning Blood","Whetstone","Ancient Tea Set","Potion Belt","Pear"],"acts_visited":["Exordium"],"potions_floor_usage":[7,7,16],"damage_taken":[{"damage":0,"enemies":"Cultist","floor":1,"turns":4},{"damage":13,"enemies":"Jaw Worm","floor":3,"turns":4},{"damage":8,"enemies":"2 Louse","floor":4,"turns":4},{"damage":14,"enemies":"Exordium Thugs","floor":5,"turns":5},{"damage":23,"enemies":"Lagavulin","floor":7,"turns":6},{"damage":0,"enemies":"3 Louse","floor":8,"turns":2},{"damage":0,"enemies":"2 Fungi Beasts","floor":13,"turns":1},{"damage":10,"enemies":"3 Sentries","floor":14,"turns":5},{"damage":66,"enemies":"Hexaghost","floor":16,"turns":9}],"seed_played":"3598070359966120860","potions_obtained":[{"floor":4,"key":"Block Potion"},{"floor":5,"key":"AttackPotion"},{"floor":8,"key":"Energy Potion"}],"is_trial":false,"path_per_floor":["M","?","M","M","M","R","E","M","T","T","R","?","M","E","R","B"],"character_chosen":"IRONCLAD","items_purchased":[],"campfire_rested":0,"item_purchase_floors":[],"current_hp_per_floor":[78,78,71,69,61,61,44,50,50,50,50,50,56,62,62,0,0],"gold":256,"neow_bonus":"UPGRADE_CARD","is_daily":false,"chose_seed":false,"campfire_upgraded":3,"win_rate":0.0,"timestamp":1611932862,"path_taken":["M","?","M","M","M","R","E","M","T","?","R","?","M","E","R","BOSS"],"items_purchased_type":[],"build_version":"2020-12-22","purchased_purges":0,"victory":false,"max_hp_per_floor":[80,80,80,80,80,80,80,80,80,80,80,80,80,90,90,90,90],"card_choices":[{"not_picked":["Rupture","Sentinel"],"picked":"Twin Strike","floor":1},{"not_picked":["Rupture","Bloodletting"],"picked":"Searing Blow","floor":3},{"not_picked":["Sword Boomerang","Entrench"],"picked":"Cleave","floor":4},{"not_picked":["Sword Boomerang","Iron Wave"],"picked":"Headbutt","floor":5},{"not_picked":["Corruption","Clothesline"],"picked":"Thunderclap","floor":7},{"not_picked":["Perfected Strike","Sword Boomerang","Pummel"],"picked":"SKIP","floor":8},{"not_picked":["Shrug It Off","Iron Wave"],"picked":"Armaments","floor":13},{"not_picked":["Wild Strike","Sentinel"],"picked":"Spot Weakness","floor":14}],"player_experience":407085,"relics_obtained":[{"floor":7,"key":"Whetstone"},{"floor":9,"key":"Ancient Tea Set"},{"floor":10,"key":"Potion Belt"},{"floor":14,"key":"Pear"}],"event_choices":[{"cards_removed":["Strike_R"],"damage_healed":0,"gold_gain":0,"player_choice":"Card Removal","damage_taken":0,"max_hp_gain":0,"max_hp_loss":0,"event_name":"The Cleric","floor":2,"gold_loss":50},{"damage_healed":0,"gold_gain":0,"player_choice":"Forge","damage_taken":0,"max_hp_gain":0,"max_hp_loss":0,"event_name":"Accursed Blacksmith","floor":12,"gold_loss":0,"cards_upgraded":["Searing Blow"]}],"is_beta":false,"boss_relics":[],"items_purged_floors":[],"is_endless":false,"potions_floor_spawned":[4,5,8],"killed_by":"Hexaghost","ascension_level":11}}