{"host":"2wp95sdfrgw3k439","time":1611955125,"event":{"mods":["BaseMod","Better Altar","Better Skull","Better Third Choice","Curses Come First","Minty Spire (QoL Compilation)","Permanent Neow","StSLib"],"gold_per_floor":[14,14,33,33,57,57,7,7,31,31,31,66,85,104,104,232,232,253,168,162,162,182,182,207,207,207,207,58,58,102,115,115,115,115],"floor_reached":33,"language":"ENG","playtime":1463,"items_purged":[],"score":368,"play_id":"f0934224-9439-45d5-84a3-0dd67a3fc49a","local_time":"20210129141845","is_ascension_mode":true,"campfire_choices":[{"floor":6,"key":"REST"},{"data":"Sadistic Nature","floor":8,"key":"SMITH"},{"data":"Dualcast","floor":11,"key":"SMITH"},{"floor":15,"key":"REST"},{"floor":23,"key":"REST"},{"data":"Amplify","floor":25,"key":"SMITH"},{"data":"Multi-Cast","floor":27,"key":"SMITH"},{"data":"Hello World","floor":29,"key":"SMITH"},{"floor":32,"key":"REST"}],"circlet_count":0,"master_deck":["Strike_B","Strike_B","Strike_B","Defend_B","Defend_B+1","Defend_B+1","Defend_B","Zap","Dualcast+1","Sadistic Nature+1","Lockon","Lockon","Sweeping Beam","FTL","Go for the Eyes","Amplify+1","Zap","Multi-Cast+1","Hello World+1","Loop","Core Surge","Chill+1","Hello World+1"],"relics":["FrozenCore","Golden Idol","Happy Flower","Bottled Lightning","Ancient Tea Set","Anchor","Art of War","Torii","War Paint","WingedGreaves"],"acts_visited":["Exordium","TheCity"],"potions_floor_usage":[12,15,20,30,30],"damage_taken":[{"damage":0,"enemies":"2 Louse","floor":1,"turns":3},{"damage":0,"enemies":"Small Slimes","floor":3,"turns":2},{"damage":7,"enemies":"Jaw Worm","floor":5,"turns":2},{"damage":22,"enemies":"Gremlin Nob","floor":12,"turns":4},{"damage":7,"enemies":"Looter","floor":13,"turns":3},{"damage":17,"enemies":"Lots of Slimes","floor":14,"turns":2},{"damage":41,"enemies":"The Guardian","floor":16,"turns":10},{"damage":10,"enemies":"Chosen","floor":18,"turns":4},{"damage":13,"enemies":"2 Thieves","floor":20,"turns":4},{"damage":2,"enemies":"Snecko","floor":22,"turns":6},{"damage":8,"enemies":"Gremlin Leader","floor":30,"turns":8},{"damage":4,"enemies":"Centurion and Healer","floor":31,"turns":8},{"damage":75,"enemies":"Automaton","floor":33,"turns":12}],"seed_played":"4052388571485855645","potions_obtained":[{"floor":5,"key":"Strength Potion"},{"floor":14,"key":"Fruit Juice"},{"floor":16,"key":"FocusPotion"},{"floor":18,"key":"Explosive Potion"},{"floor":22,"key":"ColorlessPotion"}],"is_trial":false,"path_per_floor":["M","?","M","?","M","R","$","R","T","?","R","E","M","M","R","B",null,"M","?","M","T","M","R","T","R","T","R","$","R","E","M","R","B"],"character_chosen":"DEFECT","items_purchased":["Go for the Eyes","War Paint"],"campfire_rested":4,"item_purchase_floors":[7,28],"current_hp_per_floor":[68,68,68,50,43,65,65,65,65,65,65,43,36,19,46,5,61,51,51,38,38,36,60,60,60,60,60,60,60,52,48,72,0,0],"gold":115,"neow_bonus":"RANDOM_COLORLESS_2","is_daily":false,"chose_seed":false,"campfire_upgraded":5,"win_rate":0.0,"timestamp":1611955125,"path_taken":["M","?","M","?","M","R","?","R","T","?","R","E","M","?","R","BOSS","M","?","M","?","M","R","?","R","T","R","$","R","E","M","R","BOSS"],"items_purchased_type":["Card","Relic"],"build_version":"2020-12-22","purchased_purges":0,"victory":false,"max_hp_per_floor":[75,75,75,75,75,75,75,75,75,75,75,75,75,75,80,80,80,80,80,80,80,80,80,80,80,80,80,80,80,80,80,80,80,80],"card_choices":[{"not_picked":["Mayhem","The Bomb"],"picked":"Sadistic Nature","floor":0},{"not_picked":["Compile Driver","Ball Lightning"],"picked":"Lockon","floor":1},{"not_picked":["Steam","Creative AI"],"picked":"Sweeping Beam","floor":3},{"not_picked":["Stack","Cold Snap"],"picked":"FTL","floor":5},{"not_picked":["Stack","Compile Driver"],"picked":"Multi-Cast","floor":12},{"not_picked":["Compile Driver","Sweeping Beam"],"picked":"Hello World","floor":13},{"not_picked":["Barrage","Stack"],"picked":"Loop","floor":14},{"not_picked":["Fission","Biased Cognition"],"picked":"Core Surge","floor":16},{"not_picked":["Beam Cell","Reprogram"],"picked":"Chill+1","floor":18},{"not_picked":["Consume+1","Steam+1"],"picked":"Hello World+1","floor":20},{"not_picked":["Auto Shields","Coolheaded","Steam+1"],"picked":"SKIP","floor":22},{"not_picked":["Turbo","Leap+1","Gash"],"picked":"SKIP","floor":30},{"not_picked":["Barrage","Cold Snap","Sweeping Beam"],"picked":"SKIP","floor":31}],"player_experience":498462,"relics_obtained":[{"floor":9,"key":"Happy Flower"},{"floor":12,"key":"Bottled Lightning"},{"floor":21,"key":"Anchor"},{"floor":24,"key":"Art of War"},{"floor":26,"key":"Torii"},{"floor":30,"key":"WingedGreaves"}],"event_choices":[{"damage_healed":0,"gold_gain":0,"cards_transformed":["Strike_B"],"player_choice":"Change","damage_taken":0,"max_hp_gain":0,"max_hp_loss":0,"event_name":"Living Wall","floor":2,"gold_loss":0,"cards_obtained":["Lockon"]},{"damage_healed":0,"gold_gain":0,"player_choice":"Take Damage","damage_taken":18,"relics_obtained":["Golden Idol"],"max_hp_gain":0,"max_hp_loss":0,"event_name":"Golden Idol","floor":4,"gold_loss":0},{"damage_healed":0,"gold_gain":0,"player_choice":"2 cards matched","damage_taken":0,"max_hp_gain":0,"max_hp_loss":0,"event_name":"Match and Keep!","floor":10,"gold_loss":0,"cards_obtained":["Amplify","Zap"]},{"damage_healed":0,"gold_gain":0,"player_choice":"Obtained Relic","damage_taken":0,"relics_obtained":["Ancient Tea Set"],"max_hp_gain":0,"max_hp_loss":0,"event_name":"Addict","floor":19,"gold_loss":85}],"is_beta":false,"boss_relics":[{"not_picked":["Calling Bell","SacredBark"],"picked":"FrozenCore"}],"items_purged_floors":[],"is_endless":false,"potions_floor_spawned":[5,14,16,18,22],"killed_by":"Automaton","ascension_level":8}}