{"host":"wha9hktbkslqvblg","time":1611925313,"event":{"mods":["BaseMod","Colored Map","Minty Spire (QoL Compilation)","Relic Stats","SuperFastMode","everything is the same but u backflip on backflip"],"gold_per_floor":[113,38,49,49,65,65,65,65],"floor_reached":7,"language":"KOR","playtime":117,"items_purged":["Defend_G"],"score":82,"play_id":"ab8d0e36-a037-455d-bdb4-e9e05975b5a9","local_time":"20210129220153","is_ascension_mode":true,"campfire_choices":[{"data":"Predator","floor":6,"key":"SMITH"}],"circlet_count":0,"master_deck":["AscendersBane","Strike_G","Strike_G","Strike_G","Strike_G","Defend_G","Defend_G","Defend_G","Defend_G","Survivor","Neutralize","Flying Knee","PiercingWail","Predator+1"],"relics":["SlaversCollar"],"acts_visited":["Exordium"],"potions_floor_usage":[],"damage_taken":[{"damage":11,"enemies":"Cultist","floor":1,"turns":6},{"damage":8,"enemies":"Jaw Worm","floor":3,"turns":5},{"damage":5,"enemies":"Small Slimes","floor":5,"turns":4},{"damage":0,"enemies":"3 Sentries","floor":7,"turns":1}],"seed_played":"1402213634122967323","potions_obtained":[{"floor":1,"key":"SpeedPotion"},{"floor":3,"key":"EssenceOfSteel"}],"is_trial":false,"path_per_floor":["M","$","M","?","M","R","E"],"character_chosen":"THE_SILENT","items_purchased":[],"campfire_rested":0,"item_purchase_floors":[],"current_hp_per_floor":[48,48,40,33,28,28,28,28],"gold":65,"neow_bonus":"BOSS_RELIC","is_daily":false,"chose_seed":false,"campfire_upgraded":1,"win_rate":0.0,"timestamp":1611925313,"path_taken":["M","?","M","?","M","R","E"],"items_purchased_type":[],"build_version":"2020-12-22","purchased_purges":1,"victory":false,"max_hp_per_floor":[66,66,66,66,66,66,66,66],"relic_stats":{"counters":[4,16],"obtain_stats":[{"SlaversCollar":0,"Ring of the Snake":0},{"SlaversCollar":0,"Ring of the Snake":0},{"SlaversCollar":0,"Ring of the Snake":0}]},"card_choices":[{"not_picked":["Calculated Gamble","Catalyst"],"picked":"Flying Knee","floor":1},{"not_picked":["Heel Hook","Deflect"],"picked":"PiercingWail","floor":3},{"not_picked":["Riddle With Holes","Cloak And Dagger"],"picked":"Predator","floor":5}],"player_experience":991567,"relics_obtained":[],"event_choices":[{"cards_removed":["Strike_G"],"damage_healed":0,"gold_gain":0,"player_choice":"Card Removal","damage_taken":7,"max_hp_gain":0,"max_hp_loss":0,"event_name":"Golden Wing","floor":4,"gold_loss":0}],"is_beta":false,"boss_relics":[],"items_purged_floors":[2],"is_endless":false,"potions_floor_spawned":[1,3,5],"killed_by":"3 Sentries","ascension_level":20}}