{"host":"8srk5r1dwtmjotwd","time":1611896243,"event":{"mods":["AchievementEnabler","Act Like it!","BaseMod","Beaked The Cultist","Bestiary","Better Note","Better Third Choice","Colored Map","Colored Powertips","Friendly Minions","GifTheSpireLib","Halation","Hallownest","Hermit","Hubris","Minty Spire (QoL Compilation)","Quick Restart","Rare Cards Sparkle","Replay The Spire","Shop Mod","StSLib","SuperFastMode","Synergy Search","The Bug Knight","The Construct","The Cursed","The Jungle","Thieving Mod","Yohane!","everything is the same but u backflip on backflip","slay the spire mod where everything is the same but ironclad has a cowboy hat"],"gold_per_floor":[114,132,132,132,150,183,183,202,279,279,319,332,342,352,352,454,454,471,471,2,2,14,14,33,47,96,107,139,152,152,165,165,268,268,288,268,148,160,16,47,47,47,47,47,74,88,101,112,112,112],"floor_reached":49,"language":"ENG","playtime":3021,"items_purged":[],"score":542,"play_id":"9bd93ce9-cb84-43b5-8ab9-fdc66d14fc7c","local_time":"20210128235723","is_ascension_mode":false,"campfire_choices":[{"data":"ReplayReversal","floor":7.0,"key":"SMITH"},{"data":"hubris:StunningStrike","floor":10,"key":"SMITH"},{"data":"Infernal Blade","floor":15,"key":"SMITH"},{"data":"Demon Form","floor":23,"key":"SMITH"},{"floor":30,"key":"REST"},{"data":"Heavy Blade","floor":32,"key":"SMITH"},{"floor":44,"key":"REST"}],"circlet_count":0,"master_deck":["Strike_R","Strike_R","Strike_R","Strike_R","Strike_R","Defend_R","Defend_R","Defend_R","Defend_R","Bash","Cleave","ReplayReversal+1","hubris:StunningStrike+1","Replay:Undeath\u0027s Touch","Infernal Blade+1","Perfected Strike","Demon Form+1","Metallicize+1","Flex","Inflame+1","Inflame+1","hubris:SharpeningStone","hubris:SharpeningStone","Life Link+1","hubris:ReadiedAction","Flex+1","Feed+1","Heavy Blade+1","Demon Form+1","Infernal Blade","Flex","Flex","Iron Wave+1"],"relics":["Burning Blood","Centennial Puzzle","Ring of Fury","Ring of Misfortune","Anchor","Question Card","ReplayTheSpireMod:Shallot","construct:ClawGrip","Spirit Poop","hubris:BottledRain","halation:NonexistentMirror","hubris:SlimyHat","hubris:ChampionShield","halation:SmartPhone","Guide Book","Nunchaku","ReplayTheSpireMod:TigerMarble"],"acts_visited":["Exordium","TheCity","TheBeyond"],"potions_floor_usage":[18,24,25,27,28,29,38,40,40,46,48],"damage_taken":[{"damage":1.0,"enemies":"2 Louse","floor":1.0,"turns":3.0},{"damage":3.0,"enemies":"Jaw Worm","floor":2.0,"turns":5.0},{"damage":6.0,"enemies":"Cultist","floor":5.0,"turns":3.0},{"damage":21.0,"enemies":"Lagavulin","floor":6.0,"turns":5.0},{"damage":6,"enemies":"Large Slime","floor":8,"turns":3},{"damage":0,"enemies":"2 Fungi Beasts","floor":12,"turns":2},{"damage":2,"enemies":"Lots of Slimes","floor":13,"turns":2},{"damage":0,"enemies":"Looter","floor":14,"turns":2},{"damage":9,"enemies":"Fading Forest","floor":16,"turns":11},{"damage":3,"enemies":"Shell Parasite","floor":18,"turns":4},{"damage":8,"enemies":"Chosen","floor":22,"turns":3},{"damage":8,"enemies":"Snake Plant","floor":24,"turns":2},{"damage":0,"enemies":"Chosen and Byrds","floor":25,"turns":4},{"damage":22,"enemies":"3 Cultists","floor":27,"turns":4},{"damage":19,"enemies":"Book of Stabbing","floor":28,"turns":4},{"damage":18,"enemies":"Sentry and Sphere","floor":29,"turns":5},{"damage":0,"enemies":"Snake Plant","floor":31,"turns":3},{"damage":50,"enemies":"Champ","floor":33,"turns":8},{"damage":35,"enemies":"3 Darklings","floor":35,"turns":4},{"damage":10,"enemies":"3 Shapes","floor":38,"turns":2},{"damage":17,"enemies":"HollowMod:StalkingDevout","floor":40,"turns":2},{"damage":23,"enemies":"Sphere and 2 Shapes","floor":46,"turns":5},{"damage":29,"enemies":"3 Darklings","floor":47,"turns":3},{"damage":17,"enemies":"4 Shapes","floor":48,"turns":5},{"damage":25,"enemies":"Transient","floor":49,"turns":4}],"seed_played":"6025649487623007703","potions_obtained":[{"floor":2.0,"key":"Energy Potion"},{"floor":12,"key":"Weak Potion"},{"floor":13,"key":"BlessingOfTheForge"},{"floor":16,"key":"Dexterity Potion"},{"floor":18,"key":"BloodPotion"},{"floor":22,"key":"Fire Potion"},{"floor":24,"key":"Venom Potion"},{"floor":25,"key":"FearPotion"},{"floor":33,"key":"DuplicationPotion"},{"floor":35,"key":"DuplicationPotion"},{"floor":36,"key":"GamblersBrew"},{"floor":38,"key":"SkillPotion"},{"floor":47,"key":"Explosive Potion"}],"is_trial":false,"path_per_floor":["M","M","?","?","M","E","R","M","T","R","?","M","M","M","R","B",null,"M","?","$","?","M","R","M","M","T","M","E","M","R","M","R","B",null,"M","?","$","M","$","E","$","PTL","PTL","R","T","M","M","M","M"],"character_chosen":"IRONCLAD","items_purchased":["Flex","hubris:BottledRain","halation:NonexistentMirror","Elixir","Flex","Death Potion","Guide Book"],"campfire_rested":2,"item_purchase_floors":[20,20,20,20,37,37,39],"current_hp_per_floor":[80,80,80,80,80,65,65,65,65,65,65,71,75,80,80,77,80,80,80,80,80,78,78,76,80,80,80,67,55,79,83,83,39,83,57,57,57,56,56,45,45,45,45,71,71,53,30,23,0,0],"gold":112,"neow_bonus":"RANDOM_COMMON_RELIC","is_daily":false,"chose_seed":false,"campfire_upgraded":5,"win_rate":0.0,"timestamp":1611896243,"path_taken":["M","M","?","?","M","E","R","M","T","R","?","?","M","?","R","BOSS","M","?","$","?","?","R","M","M","T","M","E","M","R","M","R","BOSS","M","?","$","?","$","E","$","PTL","PTL","R","T","M","?","M","M"],"items_purchased_type":["Card","Relic","Relic","Potion","Card","Potion","Relic"],"build_version":"2020-12-22","purchased_purges":0,"victory":false,"max_hp_per_floor":[80,80,80,80,80,80,80,80,80,80,80,80,80,80,80,80,80,80,80,80,80,80,80,80,80,80,80,80,80,80,83,83,83,83,86,86,86,89,89,89,89,89,89,89,89,93,93,97,97,97],"card_choices":[{"not_picked":["Wild Strike","Burning Pact","Body Slam"],"picked":"SKIP","floor":1.0},{"not_picked":["True Grit","Pommel Strike","ReplayTheSpireMod:Muscle Training"],"picked":"SKIP","floor":2.0},{"not_picked":["Perfected Strike","Anger"],"picked":"Cleave","floor":5.0},{"not_picked":["Clash","ReplayTheSpireMod:Stacked"],"picked":"ReplayReversal","floor":6.0},{"not_picked":["Run Through","Wild Strike"],"picked":"hubris:StunningStrike","floor":8},{"not_picked":["Clash","Whirlwind","Headbutt"],"picked":"Replay:Undeath\u0027s Touch","floor":11},{"not_picked":["Iron Wave","Pommel Strike","Warcry"],"picked":"Infernal Blade","floor":12},{"not_picked":["Replay:Undeath\u0027s Touch","Power Through","Shockwave"],"picked":"Perfected Strike","floor":13},{"not_picked":["Fiend Fire","Uppercut","Warcry","Entrench"],"picked":"SKIP","floor":14},{"not_picked":["Impervious","Limit Break","Fiend Fire"],"picked":"Demon Form","floor":16},{"not_picked":["Sword Boomerang","Sever Soul","ReplayTheSpireMod:Strike From Hell"],"picked":"Metallicize+1","floor":18},{"not_picked":["Feel No Pain+1","Twin Strike+1","Clash+1"],"picked":"hubris:SharpeningStone","floor":22},{"not_picked":["Combust+1","Twin Strike","Dual Wield+1"],"picked":"Life Link+1","floor":24},{"not_picked":["Sword Boomerang+1","Cleave+1","Replay:Undeath\u0027s Touch","Heavy Blade"],"picked":"SKIP","floor":25},{"not_picked":["Pommel Strike+1","ReplayTheSpireMod:Strike From Hell","Dropkick+1"],"picked":"hubris:ReadiedAction","floor":27},{"not_picked":["hubris:SharpeningStone","Thunderclap","Second Wind"],"picked":"Flex+1","floor":28},{"not_picked":["Infernal Blade","Sword Boomerang","Twin Strike+1"],"picked":"Feed","floor":29},{"not_picked":["Second Wind","Warcry","Twin Strike+1"],"picked":"Heavy Blade","floor":31},{"not_picked":["Berserk","Demonic Infusion","Corruption"],"picked":"Demon Form","floor":33},{"not_picked":["Reckless Charge","hubris:ReadiedAction+1","Clash"],"picked":"Infernal Blade","floor":35},{"not_picked":["Metallicize","Feel No Pain+1","Replay:Undeath\u0027s Touch+1"],"picked":"Iron Wave+1","floor":38},{"not_picked":["Double Tap","Disarm","Sever Soul","Rampage"],"picked":"SKIP","floor":40},{"not_picked":["Run Through","hubris:ReadiedAction+1","Sentinel+1","Pommel Strike"],"picked":"SKIP","floor":46},{"not_picked":["Body Slam+1","Shrug It Off","hubris:ReadiedAction+1","Pommel Strike+1"],"picked":"SKIP","floor":47},{"not_picked":["Twin Strike+1","Flame Barrier+1","Headbutt","Intimidate+1"],"picked":"SKIP","floor":48}],"player_experience":74394,"relics_obtained":[{"floor":3.0,"key":"Ring of Fury"},{"floor":3.0,"key":"Ring of Misfortune"},{"floor":6.0,"key":"Anchor"},{"floor":9,"key":"Question Card"},{"floor":11,"key":"ReplayTheSpireMod:Shallot"},{"floor":26,"key":"hubris:SlimyHat"},{"floor":28,"key":"hubris:ChampionShield"},{"floor":40,"key":"Nunchaku"},{"floor":45,"key":"ReplayTheSpireMod:TigerMarble"}],"event_choices":[{"cards_removed":["Voices"],"damage_healed":0.0,"max_hp_gain":0.0,"max_hp_loss":0.0,"gold_gain":0.0,"event_name":"Living Wall","player_choice":"Forget","floor":4.0,"gold_loss":0.0,"damage_taken":0.0},{"cards_removed":["ReplayTheSpireMod:Splinters"],"damage_healed":0,"gold_gain":0,"player_choice":"Offered Curse","damage_taken":0,"relics_obtained":["Spirit Poop"],"max_hp_gain":0,"max_hp_loss":0,"event_name":"Bonfire Elementals","floor":19,"gold_loss":0},{"cards_removed":["Flex"],"damage_healed":0,"gold_gain":0,"player_choice":"Take \u0026 Give","damage_taken":0,"max_hp_gain":0,"max_hp_loss":0,"event_name":"betterNote:BetterNote","floor":21,"gold_loss":0,"cards_obtained":["Inflame"]},{"damage_healed":0,"gold_gain":0,"player_choice":"Bought 1 Potion","damage_taken":0,"max_hp_gain":0,"max_hp_loss":0,"event_name":"The Woman in Blue","floor":36,"gold_loss":0}],"is_beta":false,"boss_relics":[{"not_picked":["Electric Blood","Astrolabe"],"picked":"construct:ClawGrip"},{"not_picked":["hubris:CrackedHourglass","halation:MonkeysPaw"],"picked":"halation:SmartPhone"}],"items_purged_floors":[],"is_endless":false,"potions_floor_spawned":[2,12,13,16,18,22,24,25,33,35,38,47],"killed_by":"Transient","ascension_level":0}}