{"host":"0tiuc76yumknr6qf","time":1611878706,"event":{"mods":["BaseMod","Bestiary","Colored Map","DeckTracker","Downfall","Highlight Path","Minty Spire (QoL Compilation)","StSLib"],"gold_per_floor":[99,199,211,227,227,240,314,214,249,260,260,278,290,314,332,437,437,437,455,76,76,76,76,102,229,246,246,270,270,270,3,23,131,131,131,141,42,58,58,85,133,183,200,218,249,269,169,184,205,205,205,205],"floor_reached":50,"language":"ENG","playtime":4171,"items_purged":["bronze:Strike","bronze:Strike","bronze:Strike"],"score":529,"play_id":"ca9b7766-0643-47ba-b193-b98f0af23c57","local_time":"20210128180506","is_ascension_mode":false,"campfire_choices":[{"floor":1,"key":"RECALL"},{"data":"bronze:FineTuning","floor":8,"key":"SMITH"},{"floor":11,"key":"REST"},{"data":"bronze:HardenedForm","floor":18,"key":"SMITH"},{"data":"bronze:Branch","floor":23,"key":"SMITH"},{"data":"bronze:DonuBeam","floor":27,"key":"SMITH"},{"data":"bronze:ChosenStrike","floor":30,"key":"SMITH"},{"data":"bronze:Mutator","floor":35,"key":"SMITH"},{"floor":47,"key":"REST"}],"circlet_count":0,"master_deck":["bronze:Strike","bronze:Defend","bronze:Defend","bronze:Defend","bronze:Defend","bronze:Replicate","bronze:Goto+1","bronze:FineTuning+1","bronze:Philosophize+1","bronze:Boost","bronze:Branch+1","bronze:Branch","bronze:Frontload","bronze:FindAndReplace","bronze:HardenedForm+1","bronze:ChosenStrike+1","bronze:DelayedSlice+1","bronze:DonuBeam+1","bronze:DecaBeam","bronze:Overload","bronze:FindAndReplace","bronze:Return","expansioncontent:StudyTheSpire","bronze:Mutator+1","CurseOfTheBell","CurseOfTheBell","bronze:ItsAFeature","bronze:BronzeArmor+1"],"relics":["bronze:BronzeCore","Pear","downfall:HeartBlessingRed","Nunchaku","Akabeko","Runic Dome","Gambling Chip","CeramicFish","bronze:BottledCode","Busted Crown","TungstenRod","Question Card","Toy Ornithopter","Torii","downfall:ExtraCursedBell","Oddly Smooth Stone","Mercury Hourglass","Dead Branch","Slimebound:PreparedRelic","downfall:HeartBlessingGreen"],"acts_visited":["Exordium","TheCity","TheBeyond"],"potions_floor_usage":[15,16,43],"damage_taken":[{"damage":0,"enemies":"Cultist","floor":3,"turns":4},{"damage":2,"enemies":"2 Louse","floor":4,"turns":3},{"damage":14,"enemies":"Jaw Worm","floor":6,"turns":3},{"damage":26,"enemies":"Gremlin Nob","floor":9,"turns":4},{"damage":3,"enemies":"Blue Slaver","floor":10,"turns":4},{"damage":0,"enemies":"Large Slime","floor":12,"turns":5},{"damage":0,"enemies":"Exordium Thugs","floor":13,"turns":3},{"damage":0,"enemies":"Exordium Wildlife","floor":15,"turns":5},{"damage":64,"enemies":"SI_SHIV_ARCHETYPE","floor":16,"turns":13},{"damage":10,"enemies":"Chosen","floor":19,"turns":4},{"damage":0,"enemies":"downfall:FleeingMerchant","floor":20,"turns":4},{"damage":3,"enemies":"downfall:FleeingMerchant","floor":25,"turns":7},{"damage":0,"enemies":"3 Byrds","floor":26,"turns":4},{"damage":0,"enemies":"Centurion and Healer","floor":28,"turns":3},{"damage":0,"enemies":"downfall:FleeingMerchant","floor":31,"turns":4},{"damage":0,"enemies":"Snecko","floor":32,"turns":3},{"damage":26,"enemies":"IC_MUSHROOM_ARCHETYPE","floor":33,"turns":4},{"damage":0,"enemies":"3 Shapes","floor":36,"turns":3},{"damage":12,"enemies":"downfall:FleeingMerchant","floor":37,"turns":3},{"damage":0,"enemies":"3 Darklings","floor":38,"turns":2},{"damage":13,"enemies":"Giant Head","floor":40,"turns":7},{"damage":0,"enemies":"Giant Head","floor":42,"turns":3},{"damage":14,"enemies":"Maw","floor":43,"turns":4},{"damage":28,"enemies":"Nemesis","floor":45,"turns":5},{"damage":0,"enemies":"Jaw Worm Horde","floor":46,"turns":2},{"damage":0,"enemies":"Spire Growth","floor":48,"turns":1},{"damage":0,"enemies":"Sphere and 2 Shapes","floor":49,"turns":2},{"damage":88,"enemies":"WA_ARCHETYPE_DIVINITY","floor":50,"turns":5}],"seed_played":"-5820607343230123078","potions_obtained":[{"floor":6,"key":"FairyPotion"},{"floor":10,"key":"LiquidMemories"},{"floor":12,"key":"Energy Potion"},{"floor":16,"key":"FearPotion"},{"floor":25,"key":"SkillPotion"},{"floor":26,"key":"bronze:BurnAndBuffPotion"},{"floor":45,"key":"Ancient Potion"},{"floor":48,"key":"FairyPotion"}],"is_trial":false,"path_per_floor":["R","?","M","M","?","M","T","R","E","M","R","M","M","T","M","B",null,"R","M","$","?","?","R","T","?","M","R","M","?","R","$","M","B",null,"R","M","$","M","?","E","T","?","M","?","E","M","R","M","M","B"],"character_chosen":"THE_AUTOMATON","items_purchased":["Gambling Chip","expansioncontent:StudyTheSpire","TungstenRod"],"campfire_rested":2,"item_purchase_floors":[20,31,37],"current_hp_per_floor":[70,70,70,68,68,54,64,64,38,35,59,59,59,59,59,24,80,80,70,70,70,70,70,70,67,67,67,67,67,67,67,67,41,70,70,70,58,58,61,48,48,48,39,39,11,11,29,29,29,0,0,0],"gold":205,"neow_bonus":"UPGRADE_CARD","is_daily":false,"chose_seed":false,"campfire_upgraded":6,"win_rate":0.0,"timestamp":1611878706,"path_taken":["R","?","M","?","?","M","T","R","E","M","R","?","M","?","M","BOSS","R","M","$","?","?","R","T","?","M","R","M","?","R","$","M","BOSS","R","M","$","M","?","E","T","?","?","?","E","M","R","M","M","BOSS"],"items_purchased_type":["Relic","Card","Relic"],"build_version":"2020-12-22","purchased_purges":3,"victory":false,"max_hp_per_floor":[70,70,70,70,70,70,80,80,80,80,80,80,80,80,80,80,80,80,80,80,80,80,80,80,80,80,80,80,70,70,70,70,70,70,70,70,70,70,61,61,61,61,61,61,61,61,61,61,61,61,61,61],"card_choices":[{"not_picked":["bronze:Turbo","bronze:MaxOutput"],"picked":"bronze:FineTuning","floor":3},{"not_picked":["bronze:WildBeam","bronze:BronzeOrb"],"picked":"bronze:Philosophize","floor":4},{"not_picked":["bronze:ForceShield","bronze:ItsAFeature","bronze:BitShift"],"picked":"SKIP","floor":6},{"not_picked":["bronze:BronzeArmor","bronze:OilSpill"],"picked":"bronze:Boost","floor":9},{"not_picked":["bronze:MaxOutput","bronze:Invalidate"],"picked":"bronze:Branch","floor":10},{"not_picked":["bronze:CutThrough","bronze:Turbo"],"picked":"bronze:Branch","floor":12},{"not_picked":["bronze:Turbo","bronze:DigitalCarnage"],"picked":"bronze:Frontload","floor":13},{"not_picked":["bronze:BronzeArmor","bronze:Frontload"],"picked":"bronze:FindAndReplace","floor":15},{"not_picked":["bronze:ShipIt","bronze:Mutator"],"picked":"bronze:HardenedForm","floor":16},{"not_picked":["bronze:OilSpill+1","bronze:Allocate+1"],"picked":"bronze:ChosenStrike","floor":19},{"not_picked":["bronze:Branch","bronze:Boost"],"picked":"bronze:DelayedSlice+1","floor":20},{"not_picked":[],"picked":"bronze:DonuBeam","floor":25},{"not_picked":[],"picked":"bronze:DecaBeam","floor":25},{"not_picked":["bronze:Flail","bronze:Repulsor"],"picked":"bronze:Overload","floor":25},{"not_picked":["bronze:DelayedGuard","bronze:BronzeArmor","bronze:Turbo"],"picked":"SKIP","floor":26},{"not_picked":["bronze:Allocate","bronze:Frontload"],"picked":"bronze:FindAndReplace","floor":28},{"not_picked":["bronze:OilSpill+1","bronze:BugBarrage"],"picked":"bronze:Return","floor":31},{"not_picked":["bronze:BugBarrage","bronze:FollowUp","bronze:WildBeam"],"picked":"SKIP","floor":32},{"not_picked":["bronze:Format","bronze:BurnOut"],"picked":"bronze:Mutator","floor":33},{"not_picked":["bronze:Turbo+1"],"picked":"SKIP","floor":36},{"not_picked":["bronze:ChosenStrike"],"picked":"SKIP","floor":37},{"not_picked":["bronze:BuggyMess+1"],"picked":"SKIP","floor":38},{"not_picked":["bronze:BugBarrage+1"],"picked":"SKIP","floor":40},{"not_picked":["bronze:Overheat","bronze:ClassDefault+1"],"picked":"SKIP","floor":43},{"not_picked":["bronze:Deprecate","bronze:Philosophize"],"picked":"SKIP","floor":45},{"not_picked":["bronze:BitShift"],"picked":"bronze:ItsAFeature","floor":46},{"not_picked":["bronze:CutThrough","bronze:WildBeam+1"],"picked":"SKIP","floor":48},{"not_picked":["bronze:Branch"],"picked":"bronze:BronzeArmor+1","floor":49}],"player_experience":2045606,"relics_obtained":[{"floor":7,"key":"Pear"},{"floor":9,"key":"Nunchaku"},{"floor":14,"key":"Akabeko"},{"floor":24,"key":"CeramicFish"},{"floor":40,"key":"Question Card"},{"floor":41,"key":"Toy Ornithopter"},{"floor":42,"key":"Torii"},{"floor":44,"key":"Oddly Smooth Stone"},{"floor":44,"key":"Mercury Hourglass"},{"floor":44,"key":"Dead Branch"},{"floor":45,"key":"Slimebound:PreparedRelic"}],"event_choices":[{"damage_healed":0,"gold_gain":0,"player_choice":"Ignored","damage_taken":0,"max_hp_gain":0,"max_hp_loss":0,"event_name":"Ghosts","floor":22,"gold_loss":0}],"is_beta":false,"boss_relics":[{"not_picked":["SacredBark","Empty Cage"],"picked":"Runic Dome"},{"not_picked":["Coffee Dripper","Tiny House"],"picked":"Busted Crown"}],"items_purged_floors":[20,31,37],"is_endless":false,"potions_floor_spawned":[6,10,12,13,16,25,26,33,42,45,48],"killed_by":"WA_ARCHETYPE_DIVINITY","ascension_level":0}}