{"host":"lh9qfzqeqctr28d2","time":1611924412,"event":{"mods":["BaseMod","CapriCore","Luminous","Minty Spire (QoL Compilation)","Quick Restart","Relic Stats","Remilia£®¿Ÿ√◊¿Ú—«£©","StSLib","Yakumo Yukari mod"],"gold_per_floor":[114,64,239,239,249,280,280,299,372,383,383,415,415,425,425,526,526,537,537,552,565,565,565,585,611,611,156,156,66,66,31,31,131,131,148,165,183,195,211,238,89,116,116,116,41,94,94,94,94,94],"floor_reached":51,"language":"ZHS","playtime":1931,"items_purged":["Strike_G+1"],"score":884,"play_id":"2e6a939f-c838-43bd-bd07-3e9eff61f882","local_time":"20210129204652","is_ascension_mode":true,"campfire_choices":[{"data":"Blade Dance","floor":7.0,"key":"SMITH"},{"data":"Adrenaline","floor":15.0,"key":"SMITH"},{"floor":23.0,"key":"REST"},{"data":"Tools of the Trade","floor":28,"key":"SMITH"},{"data":"Accuracy","floor":30,"key":"SMITH"},{"data":"Neutralize","floor":32,"key":"SMITH"},{"data":"1","floor":47,"key":"LIFT"},{"data":"2","floor":49,"key":"LIFT"}],"circlet_count":0,"master_deck":["Defend_G","Defend_G","Defend_G","Defend_G","Defend_G+1","Survivor","Neutralize+1","Blade Dance+1","Accuracy+1","Adrenaline+1","Tools of the Trade+1","Backflip+1","Slice","Bouncing Flask","Grand Finale","Backstab+1","Terror","Blade Dance+1","Underhanded Strike"],"relics":["Ring of the Snake","NeowsBlessing","Oddly Smooth Stone","Letter Opener","Potion Belt","Calipers","Nloth\u0027s Gift","TungstenRod","InkBottle","FossilizedHelix","Lee\u0027s Waffle","Philosopher\u0027s Stone","Prayer Wheel","DollysMirror","White Beast Statue","Girya","The Specimen"],"acts_visited":["Exordium","TheCity","TheBeyond"],"potions_floor_usage":[25,25,33,33,35,46,46,46,50],"damage_taken":[{"damage":0.0,"enemies":"Jaw Worm","floor":1.0,"turns":1.0},{"damage":0.0,"enemies":"2 Louse","floor":5.0,"turns":2.0},{"damage":0.0,"enemies":"Lagavulin","floor":6.0,"turns":1.0},{"damage":2.0,"enemies":"Small Slimes","floor":8.0,"turns":3.0},{"damage":0.0,"enemies":"Exordium Wildlife","floor":10.0,"turns":2.0},{"damage":17.0,"enemies":"Gremlin Nob","floor":12.0,"turns":4.0},{"damage":0.0,"enemies":"2 Fungi Beasts","floor":14.0,"turns":3.0},{"damage":47.0,"enemies":"Hexaghost","floor":16.0,"turns":14.0},{"damage":0.0,"enemies":"Chosen","floor":18.0,"turns":4.0},{"damage":19.0,"enemies":"2 Thieves","floor":20.0,"turns":4.0},{"damage":12.0,"enemies":"Sentry and Sphere","floor":21.0,"turns":5.0},{"damage":8,"enemies":"3 Cultists","floor":24,"turns":4},{"damage":6,"enemies":"Gremlin Leader","floor":25,"turns":5},{"damage":25,"enemies":"Automaton","floor":33,"turns":9},{"damage":0,"enemies":"3 Shapes","floor":35,"turns":4},{"damage":0,"enemies":"Orb Walker","floor":36,"turns":3},{"damage":8,"enemies":"Jaw Worm Horde","floor":37,"turns":4},{"damage":0,"enemies":"Transient","floor":38,"turns":5},{"damage":2,"enemies":"Writhing Mass","floor":39,"turns":4},{"damage":0,"enemies":"Giant Head","floor":40,"turns":6},{"damage":0,"enemies":"Reptomancer","floor":42,"turns":4},{"damage":12,"enemies":"2 Orb Walkers","floor":46,"turns":6},{"damage":47,"enemies":"Time Eater","floor":50,"turns":7}],"seed_played":"1582405156602510167","potions_obtained":[{"floor":1.0,"key":"Dexterity Potion"},{"floor":5.0,"key":"CultistPotion"},{"floor":14.0,"key":"Regen Potion"},{"floor":21.0,"key":"EntropicBrew"},{"floor":33,"key":"Ancient Potion"},{"floor":36,"key":"BlessingOfTheForge"},{"floor":37,"key":"Energy Potion"},{"floor":38,"key":"GamblersBrew"},{"floor":44,"key":"Weak Potion"},{"floor":46,"key":"SmokeBomb"}],"is_trial":false,"path_per_floor":["M","?","?","?","M","E","R","M","T","M","?","E","T","M","R","B",null,"M","?","M","M","?","R","M","E","T","$","R","?","R","$","R","B",null,"M","M","M","M","M","E","$","E","T","?","$","?","R","$","R","B",null],"character_chosen":"THE_SILENT","items_purchased":["FossilizedHelix","Lee\u0027s Waffle","Bouncing Flask","DollysMirror"],"campfire_rested":1,"item_purchase_floors":[27,27,31,41],"current_hp_per_floor":[70,70,70,70,70,70,70,68,68,68,54,37,37,37,37,5,70,70,70,51,39,39,60,52,46,46,77,77,77,77,77,77,52,77,77,77,69,69,67,67,67,67,67,67,67,55,55,55,55,8],"gold":94,"neow_bonus":"THREE_ENEMY_KILL","is_daily":false,"chose_seed":false,"campfire_upgraded":5,"win_rate":0.0,"timestamp":1611924412,"path_taken":["M","?","?","?","M","E","R","M","T","?","?","E","?","M","R","BOSS","M","?","?","M","?","R","M","E","T","$","R","?","R","$","R","BOSS","M","?","M","M","M","E","$","E","T","?","?","?","R","$","R","BOSS"],"items_purchased_type":["Relic","Relic","Card","Relic"],"build_version":"2020-12-22","purchased_purges":1,"victory":true,"max_hp_per_floor":[70,70,70,70,70,70,70,70,70,70,70,70,70,70,70,70,70,70,70,70,70,70,70,70,70,70,77,77,77,77,77,77,77,77,77,77,77,77,77,77,77,77,77,77,77,77,77,77,77,77],"relic_stats":{"Lee\u0027s Waffle":31,"counters":[23,104],"Prayer Wheel":0,"Nloth\u0027s Gift":6,"Letter Opener":[255],"obtain_stats":[{"Potion Belt":12,"Girya":43,"Lee\u0027s Waffle":27,"Calipers":13,"NeowsBlessing":0,"The Specimen":46,"Oddly Smooth Stone":6,"Letter Opener":9,"Empty Cage":17,"White Beast Statue":42,"DollysMirror":41,"Philosopher\u0027s Stone":34,"Prayer Wheel":40,"Nloth\u0027s Gift":19,"TungstenRod":25,"InkBottle":26,"FossilizedHelix":27,"Ring of the Snake":0},{"Potion Belt":6,"Girya":21,"Lee\u0027s Waffle":13,"Calipers":6,"NeowsBlessing":0,"The Specimen":22,"Oddly Smooth Stone":3,"Letter Opener":4,"Empty Cage":8,"White Beast Statue":21,"DollysMirror":20,"Philosopher\u0027s Stone":14,"Prayer Wheel":20,"Nloth\u0027s Gift":9,"TungstenRod":13,"InkBottle":13,"FossilizedHelix":13,"Ring of the Snake":0},{"Potion Belt":13,"Girya":91,"Lee\u0027s Waffle":52,"Calipers":13,"NeowsBlessing":0,"The Specimen":97,"Oddly Smooth Stone":4,"Letter Opener":7,"Empty Cage":30,"White Beast Statue":91,"DollysMirror":87,"Philosopher\u0027s Stone":61,"Prayer Wheel":87,"Nloth\u0027s Gift":34,"TungstenRod":52,"InkBottle":52,"FossilizedHelix":52,"Ring of the Snake":0}],"TungstenRod":13,"InkBottle":[32],"Ring of the Snake":[46]},"card_choices":[{"not_picked":["Calculated Gamble","Backstab"],"picked":"Blade Dance","floor":1.0},{"not_picked":["Flying Knee","Escape Plan","Quick Slash"],"picked":"SKIP","floor":5.0},{"not_picked":["Deflect","Caltrops","Poisoned Stab"],"picked":"SKIP","floor":6.0},{"not_picked":["Deflect","Heel Hook","Deadly Poison"],"picked":"SKIP","floor":8.0},{"not_picked":["Poisoned Stab","Deflect","All Out Attack"],"picked":"SKIP","floor":10.0},{"not_picked":["All Out Attack","Slice"],"picked":"Accuracy","floor":12.0},{"not_picked":["Caltrops","Choke"],"picked":"Adrenaline","floor":14.0},{"not_picked":["Bullet Time","Venomology"],"picked":"Tools of the Trade","floor":16.0},{"not_picked":["Endless Agony","Noxious Fumes"],"picked":"Backflip+1","floor":18.0},{"not_picked":["Flying Knee+1","Predator"],"picked":"Slice","floor":20.0},{"not_picked":["Outmaneuver","Endless Agony+1","Dagger Throw"],"picked":"SKIP","floor":21.0},{"not_picked":["Underhanded Strike","Dagger Throw","Heel Hook"],"picked":"SKIP","floor":24},{"not_picked":["Heel Hook+1","Unload","Tools of the Trade"],"picked":"SKIP","floor":25},{"not_picked":["Phantasmal Killer","Tools of the Trade"],"picked":"Grand Finale","floor":33},{"not_picked":["Doppelganger","Riddle With Holes","Deadly Poison+1"],"picked":"SKIP","floor":35},{"not_picked":["Dagger Spray","Burst"],"picked":"Backstab+1","floor":36},{"not_picked":["Bane","Heel Hook"],"picked":"Terror","floor":37},{"not_picked":["Poisoned Stab+1","Setup+1","Sucker Punch"],"picked":"SKIP","floor":38},{"not_picked":["Sucker Punch","Bane+1","Setup"],"picked":"SKIP","floor":39},{"not_picked":["Flying Knee+1","Terror","Catalyst"],"picked":"SKIP","floor":40},{"not_picked":["Malaise","Endless Agony+1","Wraith Form v2"],"picked":"SKIP","floor":42},{"not_picked":["Caltrops","Phantasmal Killer"],"picked":"Underhanded Strike","floor":46}],"player_experience":463065,"relics_obtained":[{"floor":6.0,"key":"Oddly Smooth Stone"},{"floor":9.0,"key":"Letter Opener"},{"floor":12.0,"key":"Potion Belt"},{"floor":13.0,"key":"Calipers"},{"floor":25,"key":"TungstenRod"},{"floor":26,"key":"InkBottle"},{"floor":40,"key":"Prayer Wheel"},{"floor":42,"key":"White Beast Statue"},{"floor":43,"key":"Girya"},{"floor":46,"key":"The Specimen"}],"event_choices":[{"cards_removed":["Strike_G"],"damage_healed":0.0,"max_hp_gain":0.0,"max_hp_loss":0.0,"gold_gain":0.0,"event_name":"The Cleric","player_choice":"Card Removal","floor":2.0,"gold_loss":50.0,"damage_taken":0.0},{"damage_healed":0.0,"max_hp_gain":0.0,"max_hp_loss":0.0,"gold_gain":175.0,"event_name":"Liars Game","player_choice":"AGREE","floor":3.0,"gold_loss":0.0,"damage_taken":0.0,"cards_obtained":["Doubt"]},{"cards_removed":["Doubt"],"damage_healed":0.0,"max_hp_gain":0.0,"max_hp_loss":0.0,"gold_gain":0.0,"event_name":"Living Wall","player_choice":"Forget","floor":4.0,"gold_loss":0.0,"damage_taken":0.0},{"damage_healed":0.0,"max_hp_gain":0.0,"max_hp_loss":0.0,"gold_gain":0.0,"event_name":"Shining Light","player_choice":"Entered Light","floor":11.0,"gold_loss":0.0,"damage_taken":14.0,"cards_upgraded":["Strike_G","Strike_G"]},{"damage_healed":0.0,"max_hp_gain":0.0,"max_hp_loss":0.0,"gold_gain":0.0,"event_name":"N\u0027loth","player_choice":"Traded Relic","floor":19.0,"relics_lost":["Empty Cage"],"gold_loss":0.0,"damage_taken":0.0,"relics_obtained":["Nloth\u0027s Gift"]},{"damage_healed":0.0,"max_hp_gain":0.0,"max_hp_loss":0.0,"gold_gain":0.0,"event_name":"Vampires","player_choice":"Ignored","floor":22.0,"gold_loss":0.0,"damage_taken":0.0},{"cards_removed":["Strike_G"],"damage_healed":0,"gold_gain":0,"player_choice":"Upgrade and Remove","damage_taken":0,"max_hp_gain":0,"max_hp_loss":0,"event_name":"Designer","floor":29,"gold_loss":90,"cards_upgraded":["Defend_G"]},{"damage_healed":0,"gold_gain":0,"player_choice":"Got Potions","damage_taken":0,"max_hp_gain":0,"max_hp_loss":0,"event_name":"Lab","floor":44,"gold_loss":0},{"damage_healed":0,"gold_gain":0,"player_choice":"Fight","damage_taken":0,"max_hp_gain":0,"max_hp_loss":0,"event_name":"Mysterious Sphere","floor":46,"gold_loss":0}],"is_beta":false,"boss_relics":[{"not_picked":["Tiny House","Pandora\u0027s Box"],"picked":"Empty Cage"},{"not_picked":["Cursed Key","Snecko Eye"],"picked":"Philosopher\u0027s Stone"}],"items_purged_floors":[45],"is_endless":false,"potions_floor_spawned":[1,5,14,21,33,36,37,38,40,46],"ascension_level":2}}