{"host":"1tl36azeqm6yhdgj","time":1611934164,"event":{"mods":["AchievementEnabler","BaseMod","Minty Spire (QoL Compilation)","StSLib","The IronCluck","everything is the same but u backflip on backflip"],"gold_per_floor":[111,36,36,36,48,48,81,81,135,166,182,192,225,242,242,318,318,337,14,30,48,79,108,108,108,156,191,191,224,241,5,5,82,82,99,99,119,135,145,145,176,15,15,15,31,44,44,44,44,44,44,44],"floor_reached":51,"language":"ENG","playtime":2149,"items_purged":["Strike_R","Strike_R","Strike_R"],"score":1510,"play_id":"c5ae57ef-a9ec-40e9-b4be-dac90819ac01","local_time":"20210129102924","is_ascension_mode":true,"campfire_choices":[{"data":"Cleave","floor":6.0,"key":"SMITH"},{"data":"Thunderclap","floor":8.0,"key":"SMITH"},{"floor":15.0,"key":"REST"},{"floor":25.0,"key":"RECALL"},{"floor":28.0,"key":"REST"},{"data":"Discovery","floor":32.0,"key":"SMITH"},{"floor":40.0,"key":"REST"},{"floor":44.0,"key":"REST"},{"floor":49.0,"key":"REST"}],"circlet_count":0,"master_deck":["AscendersBane","Strike_R","Strike_R","Defend_R+1","Defend_R+1","Defend_R","Defend_R+1","Bash","Cleave+1","Thunderclap+1","Rampage","Flame Barrier","Second Wind","Fire Breathing","Anger","Immolate","Flex","Discovery+1","Rage","Headbutt+1","Infernal Blade","Intimidate","Battle Trance","Dark Embrace","Uppercut+1","Bludgeon","Rampage+1","Inflame+1","Dropkick","Panache","Seeing Red+1","Dual Wield+1","Heavy Blade"],"relics":["Burning Blood","NeowsBlessing","Gremlin Horn","Matryoshka","Vajra","Toy Ornithopter","Kunai","Anchor","SacredBark","Red Mask","MealTicket","Oddly Smooth Stone","Self Forming Clay","Happy Flower","Membership Card","Fusion Hammer","Mummified Hand","War Paint"],"acts_visited":["Exordium","TheCity","TheBeyond"],"potions_floor_usage":[],"damage_taken":[{"damage":0.0,"enemies":"2 Louse","floor":1.0,"turns":1.0},{"damage":0.0,"enemies":"Jaw Worm","floor":5.0,"turns":1.0},{"damage":0.0,"enemies":"Lagavulin","floor":7.0,"turns":1.0},{"damage":5.0,"enemies":"3 Sentries","floor":10.0,"turns":4.0},{"damage":0.0,"enemies":"Small Slimes","floor":11.0,"turns":2.0},{"damage":0.0,"enemies":"2 Fungi Beasts","floor":12.0,"turns":2.0},{"damage":52.0,"enemies":"Lagavulin","floor":13.0,"turns":11.0},{"damage":4.0,"enemies":"Red Slaver","floor":14.0,"turns":5.0},{"damage":56.0,"enemies":"The Guardian","floor":16.0,"turns":16.0},{"damage":13.0,"enemies":"Chosen","floor":18.0,"turns":4.0},{"damage":0.0,"enemies":"3 Byrds","floor":20.0,"turns":1.0},{"damage":20.0,"enemies":"Snecko","floor":21.0,"turns":5.0},{"damage":6.0,"enemies":"Masked Bandits","floor":22.0,"turns":3.0},{"damage":0.0,"enemies":"Gremlin Leader","floor":23.0,"turns":3.0},{"damage":39.0,"enemies":"Slavers","floor":27.0,"turns":4.0},{"damage":22.0,"enemies":"Gremlin Leader","floor":29.0,"turns":6.0},{"damage":0.0,"enemies":"Centurion and Healer","floor":30.0,"turns":3.0},{"damage":59.0,"enemies":"Automaton","floor":33.0,"turns":7.0},{"damage":12.0,"enemies":"3 Darklings","floor":35.0,"turns":3.0},{"damage":21.0,"enemies":"3 Shapes","floor":37.0,"turns":9.0},{"damage":0.0,"enemies":"Sphere and 2 Shapes","floor":38.0,"turns":6.0},{"damage":6.0,"enemies":"Jaw Worm Horde","floor":39.0,"turns":4.0},{"damage":64.0,"enemies":"Giant Head","floor":41.0,"turns":7.0},{"damage":24.0,"enemies":"Spire Growth","floor":45.0,"turns":4.0},{"damage":49.0,"enemies":"Writhing Mass","floor":46.0,"turns":5.0},{"damage":52,"enemies":"Donu and Deca","floor":50,"turns":7},{"damage":18,"enemies":"Awakened One","floor":51,"turns":2}],"seed_played":"-4454269080793081925","potions_obtained":[{"floor":5.0,"key":"Explosive Potion"},{"floor":10.0,"key":"FearPotion"},{"floor":11.0,"key":"GamblersBrew"},{"floor":14.0,"key":"Fire Potion"},{"floor":16.0,"key":"AttackPotion"},{"floor":21.0,"key":"Energy Potion"},{"floor":22.0,"key":"PowerPotion"},{"floor":30.0,"key":"AttackPotion"},{"floor":33.0,"key":"HeartOfIron"},{"floor":37.0,"key":"DuplicationPotion"},{"floor":39.0,"key":"LiquidMemories"},{"floor":41.0,"key":"ElixirPotion"},{"floor":45.0,"key":"SkillPotion"}],"is_trial":false,"path_per_floor":["M","$","?","T","M","R","E","R","T","E","M","M","E","M","R","B",null,"M","$","M","M","?","E","?","R","T","E","R","E","M","$","R","B",null,"M","?","M","M","M","R","E","$","T","R","M","M","?","?","R","B","B"],"character_chosen":"IRONCLAD","items_purchased":["Discovery","Rage","DistilledChaos","Membership Card","PowerPotion","Panache","Seeing Red"],"campfire_rested":5,"item_purchase_floors":[19,19,19,31,42,42,42],"current_hp_per_floor":[74,74,51,51,57,57,63,63,63,69,75,75,29,31,53,8,58,56,56,67,53,58,69,69,69,69,36,58,47,53,68,68,20,61,55,55,40,56,56,75,22,37,37,59,51,13,61,61,61,15,0,0],"gold":44,"neow_bonus":"THREE_ENEMY_KILL","is_daily":false,"chose_seed":false,"campfire_upgraded":3,"win_rate":0.0,"timestamp":1611934164,"path_taken":["M","$","?","?","?","R","E","R","T","E","M","M","E","M","R","BOSS","M","$","M","M","?","E","?","R","T","E","R","E","M","$","R","BOSS","M","?","M","M","M","R","E","$","T","R","?","M","?","?","R","BOSS","BOSS"],"items_purchased_type":["Card","Card","Potion","Relic","Potion","Card","Card"],"build_version":"2020-12-22","purchased_purges":3,"victory":false,"max_hp_per_floor":[75,75,75,75,75,75,75,75,75,75,75,75,75,75,75,75,75,75,75,75,75,75,75,75,75,75,75,75,75,75,75,75,75,75,75,75,75,75,75,75,75,75,75,75,75,75,61,61,61,61,61,61],"card_choices":[{"not_picked":["Warcry","Clothesline"],"picked":"Cleave","floor":1.0},{"not_picked":["Heavy Blade","Pommel Strike"],"picked":"Thunderclap","floor":5.0},{"not_picked":["Rupture","Dual Wield"],"picked":"Rampage","floor":7.0},{"not_picked":["Reaper","True Grit"],"picked":"Flame Barrier","floor":10.0},{"not_picked":["Bloodletting","Thunderclap"],"picked":"Second Wind","floor":11.0},{"not_picked":["Pommel Strike","Iron Wave"],"picked":"Fire Breathing","floor":12.0},{"not_picked":["Havoc","Heavy Blade","Fire Breathing"],"picked":"SKIP","floor":13.0},{"not_picked":["Thunderclap","Sword Boomerang"],"picked":"Anger","floor":14.0},{"not_picked":["Barricade","Reaper"],"picked":"Immolate","floor":16.0},{"not_picked":["Warcry","Ghostly Armor"],"picked":"Flex","floor":18.0},{"not_picked":["Cleave","Burning Pact"],"picked":"Headbutt+1","floor":20.0},{"not_picked":["Perfected Strike","Warcry"],"picked":"Infernal Blade","floor":21.0},{"not_picked":["Corruption","Iron Wave"],"picked":"Intimidate","floor":23.0},{"not_picked":["Flex","Pummel"],"picked":"Dark Embrace","floor":27.0},{"not_picked":["Combust","Rampage"],"picked":"Uppercut+1","floor":29.0},{"not_picked":["Cleave","Fire Breathing+1","Clash"],"picked":"SKIP","floor":30.0},{"not_picked":["Exhume","Berserk"],"picked":"Bludgeon","floor":33.0},{"not_picked":["Havoc","Battle Trance","Sword Boomerang"],"picked":"SKIP","floor":35.0},{"not_picked":["Body Slam","Anger","Battle Trance"],"picked":"SKIP","floor":37.0},{"not_picked":["Clothesline","Sever Soul"],"picked":"Rampage+1","floor":38.0},{"not_picked":["Body Slam","Wild Strike+1"],"picked":"Inflame+1","floor":39.0},{"not_picked":["Thunderclap","Evolve"],"picked":"Dropkick","floor":41.0},{"not_picked":["Hemokinesis+1","Thunderclap","Cleave"],"picked":"SKIP","floor":45.0},{"not_picked":["Rage","Warcry"],"picked":"Dual Wield+1","floor":46.0}],"player_experience":2097766,"relics_obtained":[{"floor":4.0,"key":"Gremlin Horn"},{"floor":7.0,"key":"Matryoshka"},{"floor":9.0,"key":"Vajra"},{"floor":9.0,"key":"Toy Ornithopter"},{"floor":10.0,"key":"Kunai"},{"floor":13.0,"key":"Anchor"},{"floor":22.0,"key":"Red Mask"},{"floor":23.0,"key":"MealTicket"},{"floor":26.0,"key":"Oddly Smooth Stone"},{"floor":27.0,"key":"Self Forming Clay"},{"floor":29.0,"key":"Happy Flower"},{"floor":41.0,"key":"Mummified Hand"},{"floor":43.0,"key":"War Paint"}],"event_choices":[{"damage_healed":0.0,"max_hp_gain":0.0,"max_hp_loss":0.0,"gold_gain":0.0,"event_name":"Shining Light","player_choice":"Entered Light","floor":3.0,"gold_loss":0.0,"damage_taken":23.0,"cards_upgraded":["Defend_R","Defend_R"]},{"damage_healed":0.0,"max_hp_gain":0.0,"max_hp_loss":0.0,"gold_gain":0.0,"event_name":"Masked Bandits","player_choice":"Fought Bandits","floor":22.0,"gold_loss":0.0,"damage_taken":0.0},{"damage_healed":0.0,"max_hp_gain":0.0,"max_hp_loss":0.0,"gold_gain":0.0,"event_name":"The Library","player_choice":"Read","floor":24.0,"gold_loss":0.0,"damage_taken":0.0,"cards_obtained":["Battle Trance"]},{"damage_healed":0.0,"max_hp_gain":0.0,"max_hp_loss":0.0,"gold_gain":0.0,"event_name":"SecretPortal","player_choice":"Ignored","floor":36.0,"gold_loss":0.0,"damage_taken":0.0},{"damage_healed":61.0,"max_hp_gain":0.0,"max_hp_loss":14.0,"gold_gain":0.0,"event_name":"The Moai Head","player_choice":"Heal","floor":47.0,"gold_loss":0.0,"damage_taken":0.0},{"damage_healed":0.0,"max_hp_gain":0.0,"max_hp_loss":0.0,"gold_gain":0.0,"event_name":"Match and Keep!","player_choice":"1 cards matched","floor":48.0,"gold_loss":0.0,"damage_taken":0.0,"cards_obtained":["Heavy Blade"]}],"is_beta":false,"boss_relics":[{"not_picked":["Runic Pyramid","Mark of Pain"],"picked":"SacredBark"},{"not_picked":["Cursed Key","Astrolabe"],"picked":"Fusion Hammer"}],"items_purged_floors":[2,19,31],"is_endless":false,"potions_floor_spawned":[5,10,11,14,16,21,22,30,33,37,39,41,45],"killed_by":"Awakened One","ascension_level":20}}