{"host":"ml2ro5l6hu6y0pll","time":1611937587,"event":{"mods":["AchievementEnabler","BaseMod","Colored Map","Colored Powertips","Custom Start","Googly Eyes","Minty Spire (QoL Compilation)","Quick Restart","Rare Cards Sparkle","Relic Stats","Reliquary","StSLib","everything is the same but u backflip on backflip"],"gold_per_floor":[117,129,149,149,114,141,141,167,167,195,37,57,83,94,94,171,171,188,188,205,205,224,224,255,255,333,365,365,400,272,306,306,385,385,401,233,243,261,286,286,312,312,312,312,342,352,352,382,382,382,382,382,382,304,332,332],"floor_reached":57,"language":"ENG","playtime":2885,"items_purged":[],"score":3463,"play_id":"55f82fec-34dd-455f-9d0f-894f4dbef21c","local_time":"20210129162627","daily_mods":["Elite Swarm"],"is_ascension_mode":true,"campfire_choices":[{"data":"Sweeping Beam","floor":7.0,"key":"SMITH"},{"data":"Biased Cognition","floor":15.0,"key":"SMITH"},{"data":"Genetic Algorithm","floor":23.0,"key":"SMITH"},{"data":"Biased Cognition","floor":25.0,"key":"SMITH"},{"data":"Seek","floor":32.0,"key":"SMITH"},{"data":"Capacitor","floor":40.0,"key":"SMITH"},{"data":"Seek","floor":42.0,"key":"SMITH"},{"floor":44.0,"key":"RECALL"},{"data":"Coolheaded","floor":47.0,"key":"SMITH"},{"floor":49.0,"key":"DIG"},{"floor":53.0,"key":"DIG"}],"circlet_count":0,"master_deck":["Go for the Eyes","Steam","Leap","Coolheaded","Coolheaded+1","Conserve Battery","Sweeping Beam+1","Sweeping Beam","Cold Snap","Ball Lightning","Ball Lightning","Seek+1","Electrodynamics","Biased Cognition+1","Biased Cognition+1","Genetic Algorithm+1","Clumsy","Capacitor+1","Turbo","Seek+1","FTL","Creative AI"],"relics":["Cracked Core","Chemical X","reliquary:SharkskinSheath","Bottled Lightning","Bag of Marbles","DataDisk","OrangePellets","Bronze Scales","Cursed Key","reliquary:BoilingFlask","Bottled Tornado","Regal Pillow","Potion Belt","Inserter","reliquary:SilkGlove","Shovel","Thread and Needle","Mummified Hand","StoneCalendar","PreservedInsect","Happy Flower"],"acts_visited":["Exordium","TheCity","TheBeyond","TheEnding"],"potions_floor_usage":[56,56,56],"damage_taken":[{"damage":2.0,"enemies":"Small Slimes","floor":1.0,"turns":2.0},{"damage":0.0,"enemies":"2 Louse","floor":2.0,"turns":2.0},{"damage":0.0,"enemies":"Jaw Worm","floor":3.0,"turns":2.0},{"damage":3.0,"enemies":"Gremlin Nob","floor":6.0,"turns":3.0},{"damage":6.0,"enemies":"3 Sentries","floor":8.0,"turns":5.0},{"damage":3.0,"enemies":"Gremlin Nob","floor":10.0,"turns":3.0},{"damage":3.0,"enemies":"Exordium Wildlife","floor":12.0,"turns":2.0},{"damage":7.0,"enemies":"3 Sentries","floor":13.0,"turns":2.0},{"damage":0.0,"enemies":"Large Slime","floor":14.0,"turns":3.0},{"damage":0.0,"enemies":"The Guardian","floor":16.0,"turns":7.0},{"damage":0.0,"enemies":"Chosen","floor":18.0,"turns":2.0},{"damage":0.0,"enemies":"Spheric Guardian","floor":20.0,"turns":3.0},{"damage":0.0,"enemies":"3 Cultists","floor":22.0,"turns":2.0},{"damage":0.0,"enemies":"Book of Stabbing","floor":24.0,"turns":4.0},{"damage":7.0,"enemies":"Gremlin Leader","floor":27.0,"turns":4.0},{"damage":3.0,"enemies":"Book of Stabbing","floor":29.0,"turns":3.0},{"damage":0.0,"enemies":"Gremlin Leader","floor":31.0,"turns":4.0},{"damage":0.0,"enemies":"Collector","floor":33.0,"turns":5.0},{"damage":0.0,"enemies":"3 Shapes","floor":35.0,"turns":3.0},{"damage":0.0,"enemies":"3 Darklings","floor":37.0,"turns":2.0},{"damage":5.0,"enemies":"Spire Growth","floor":38.0,"turns":4.0},{"damage":1.0,"enemies":"Mind Bloom Boss Battle","floor":39.0,"turns":5.0},{"damage":0.0,"enemies":"Giant Head","floor":41.0,"turns":7.0},{"damage":0.0,"enemies":"Nemesis","floor":45.0,"turns":5.0},{"damage":0.0,"enemies":"Maw","floor":46.0,"turns":4.0},{"damage":0.0,"enemies":"Giant Head","floor":48.0,"turns":8.0},{"damage":0.0,"enemies":"Time Eater","floor":50.0,"turns":11.0},{"damage":0.0,"enemies":"Awakened One","floor":51.0,"turns":9.0},{"damage":8.0,"enemies":"Shield and Spear","floor":55.0,"turns":3.0},{"damage":20,"enemies":"The Heart","floor":56,"turns":6}],"seed_played":"8539194794260276294","potions_obtained":[{"floor":1.0,"key":"SkillPotion"},{"floor":3.0,"key":"LiquidBronze"},{"floor":10.0,"key":"Swift Potion"},{"floor":12.0,"key":"AttackPotion"},{"floor":33.0,"key":"LiquidMemories"},{"floor":41.0,"key":"SkillPotion"}],"is_trial":true,"path_per_floor":["M","M","M","?","?","E","R","E","T","E","$","M","E","M","R","B",null,"M","?","M","$","M","R","E","R","T","E","?","E","$","E","R","B",null,"M","$","M","M","?","R","E","R","T","R","E","M","R","E","R","B","B",null,"R","$","E","B",null],"character_chosen":"DEFECT","items_purchased":["OrangePellets","Capacitor","Turbo","reliquary:SilkGlove","DuplicationPotion"],"campfire_rested":0,"item_purchase_floors":[11,30,30,36,54],"current_hp_per_floor":[62,62,62,67,76,73,73,67,67,64,64,61,54,54,54,54,71,71,71,71,71,71,71,71,71,71,64,64,61,61,61,61,61,72,72,72,72,67,66,66,66,66,66,66,66,66,66,66,66,66,66,74,74,74,66,46],"gold":332,"neow_bonus":"","is_daily":false,"chose_seed":false,"campfire_upgraded":8,"win_rate":0.0,"timestamp":1611937587,"path_taken":["M","M","M","?","?","E","R","E","T","E","$","M","E","M","R","BOSS","M","?","M","$","M","R","E","R","T","E","?","E","$","E","R","BOSS","M","$","M","M","?","R","E","R","T","R","E","M","R","E","R","BOSS","BOSS","R","$","E","BOSS"],"items_purchased_type":["Relic","Card","Card","Relic","Potion"],"build_version":"2020-12-22","purchased_purges":0,"victory":true,"max_hp_per_floor":[71,71,71,76,76,76,76,76,76,76,76,76,76,76,76,76,76,76,76,76,76,76,76,76,76,76,76,76,76,76,76,76,76,76,76,76,76,76,76,76,76,76,76,76,76,76,76,76,76,76,76,76,76,76,76,76],"relic_stats":{"Regal Pillow":0,"Inserter":[31],"Happy Flower":[2],"counters":[30,125],"StoneCalendar":[104],"PreservedInsect":77,"Cursed Key":1,"OrangePellets":[34],"Shovel":2,"Mummified Hand":[34],"Bronze Scales":[350],"Chemical X":[0],"obtain_stats":[{"Potion Belt":31,"Regal Pillow":29,"Inserter":34,"reliquary:SilkGlove":36,"Happy Flower":55,"reliquary:BoilingFlask":24,"Thread and Needle":41,"StoneCalendar":48,"PreservedInsect":49,"Bottled Tornado":27,"Cursed Key":17,"OrangePellets":11,"DataDisk":10,"Shovel":39,"Mummified Hand":45,"Bronze Scales":13,"Bag of Marbles":9,"Chemical X":0,"Bottled Lightning":8,"Cracked Core":0,"reliquary:SharkskinSheath":6},{"Potion Belt":17,"Regal Pillow":16,"Inserter":18,"reliquary:SilkGlove":19,"Happy Flower":29,"reliquary:BoilingFlask":14,"Thread and Needle":23,"StoneCalendar":26,"PreservedInsect":26,"Bottled Tornado":15,"Cursed Key":10,"OrangePellets":6,"DataDisk":6,"Shovel":22,"Mummified Hand":24,"Bronze Scales":8,"Bag of Marbles":5,"Chemical X":0,"Bottled Lightning":5,"Cracked Core":0,"reliquary:SharkskinSheath":4},{"Potion Belt":53,"Regal Pillow":49,"Inserter":58,"reliquary:SilkGlove":61,"Happy Flower":119,"reliquary:BoilingFlask":42,"Thread and Needle":79,"StoneCalendar":96,"PreservedInsect":96,"Bottled Tornado":46,"Cursed Key":31,"OrangePellets":17,"DataDisk":17,"Shovel":72,"Mummified Hand":84,"Bronze Scales":21,"Bag of Marbles":14,"Chemical X":0,"Bottled Lightning":14,"Cracked Core":0,"reliquary:SharkskinSheath":9}]},"card_choices":[{"not_picked":["Compile Driver","Redo","Cold Snap"],"picked":"SKIP","floor":1.0},{"not_picked":["Hologram","Auto Shields","Beam Cell"],"picked":"SKIP","floor":2.0},{"not_picked":["Undo","Aggregate","Amplify"],"picked":"SKIP","floor":3.0},{"not_picked":["All For One","Hyperbeam","Buffer"],"picked":"SKIP","floor":6.0},{"not_picked":["Hyperbeam","Fission"],"picked":"Seek","floor":8.0},{"not_picked":["Thunder Strike","Rainbow"],"picked":"Electrodynamics","floor":10.0},{"not_picked":["Auto Shields","Redo","Coolheaded"],"picked":"SKIP","floor":12.0},{"not_picked":["Echo Form","Thunder Strike"],"picked":"Biased Cognition","floor":13.0},{"not_picked":["Beam Cell","Compile Driver","Coolheaded"],"picked":"SKIP","floor":14.0},{"not_picked":["Fission","Thunder Strike"],"picked":"Biased Cognition","floor":16.0},{"not_picked":["Go for the Eyes","Coolheaded"],"picked":"Genetic Algorithm","floor":18.0},{"not_picked":["Hologram","Gash","Stack"],"picked":"SKIP","floor":20.0},{"not_picked":["Recycle+1","Leap","Beam Cell"],"picked":"SKIP","floor":22.0},{"not_picked":["Electrodynamics","Machine Learning","Thunder Strike"],"picked":"SKIP","floor":24.0},{"not_picked":["Hyperbeam","Machine Learning","Rainbow"],"picked":"SKIP","floor":27.0},{"not_picked":["Electrodynamics","Amplify","Creative AI"],"picked":"SKIP","floor":29.0},{"not_picked":["Amplify","Multi-Cast","Thunder Strike"],"picked":"SKIP","floor":31.0},{"not_picked":["Electrodynamics","Core Surge"],"picked":"Seek","floor":33.0},{"not_picked":["Conserve Battery+1","Cold Snap","Ball Lightning"],"picked":"SKIP","floor":35.0},{"not_picked":["Double Energy","Cold Snap","Streamline"],"picked":"SKIP","floor":37.0},{"not_picked":["Lockon","Rebound","Go for the Eyes"],"picked":"SKIP","floor":38.0},{"not_picked":["Reboot","Meteor Strike","Fission"],"picked":"SKIP","floor":41.0},{"not_picked":["Buffer","Thunder Strike","Hyperbeam"],"picked":"SKIP","floor":45.0},{"not_picked":["Steam","Turbo"],"picked":"FTL","floor":46.0},{"not_picked":["All For One","Amplify","Hyperbeam"],"picked":"SKIP","floor":48.0},{"not_picked":["Meteor Strike","Fission"],"picked":"Creative AI","floor":55.0}],"player_experience":864322,"relics_obtained":[{"floor":6.0,"key":"reliquary:SharkskinSheath"},{"floor":8.0,"key":"Bottled Lightning"},{"floor":9.0,"key":"Bag of Marbles"},{"floor":10.0,"key":"DataDisk"},{"floor":13.0,"key":"Bronze Scales"},{"floor":24.0,"key":"reliquary:BoilingFlask"},{"floor":27.0,"key":"Bottled Tornado"},{"floor":29.0,"key":"Regal Pillow"},{"floor":31.0,"key":"Potion Belt"},{"floor":39.0,"key":"Shovel"},{"floor":41.0,"key":"Thread and Needle"},{"floor":45.0,"key":"Mummified Hand"},{"floor":48.0,"key":"StoneCalendar"},{"floor":49.0,"key":"PreservedInsect"},{"floor":55.0,"key":"Happy Flower"}],"event_choices":[{"damage_healed":0.0,"max_hp_gain":5.0,"max_hp_loss":0.0,"gold_gain":0.0,"event_name":"Big Fish","player_choice":"Donut","floor":4.0,"gold_loss":0.0,"damage_taken":0.0},{"damage_healed":19.0,"max_hp_gain":0.0,"max_hp_loss":0.0,"gold_gain":0.0,"event_name":"The Cleric","player_choice":"Healed","floor":5.0,"gold_loss":35.0,"damage_taken":0.0},{"damage_healed":0.0,"max_hp_gain":0.0,"max_hp_loss":0.0,"gold_gain":0.0,"event_name":"Beggar","player_choice":"Ignored","floor":19.0,"gold_loss":0.0,"damage_taken":0.0},{"damage_healed":0.0,"max_hp_gain":0.0,"max_hp_loss":0.0,"gold_gain":0.0,"event_name":"Ghosts","player_choice":"Ignored","floor":28.0,"gold_loss":0.0,"damage_taken":0.0},{"damage_healed":0.0,"max_hp_gain":0.0,"max_hp_loss":0.0,"gold_gain":0.0,"event_name":"MindBloom","player_choice":"Fight","floor":39.0,"gold_loss":0.0,"damage_taken":0.0}],"is_beta":false,"boss_relics":[{"not_picked":["Empty Cage","Nuclear Battery"],"picked":"Cursed Key"},{"not_picked":["reliquary:RedCape","Astrolabe"],"picked":"Inserter"}],"items_purged_floors":[],"is_endless":false,"potions_floor_spawned":[1,3,10,12,16,18,24,33,41,55],"ascension_level":20}}