{"host":"n04iuia2ggo2ce0d","time":1611959693,"event":{"mods":["AchievementEnabler","BaseMod","Colored Map","Colored Powertips","Googly Eyes","Minty Spire (QoL Compilation)","Permanent Neow","Quick Restart","SacredBarkPlus","StSLib","Waifu the Spire","everything is the same but u backflip on backflip"],"gold_per_floor":[117,133,133,152,152,152,185,185,231,231,260,360,379,379,379,482,482,497,515,590,370,389,416,416,447,447,458,487,487,503,413,413,514,514,533,145,145,0,14,14,47,61,61,81,95,95,95,111,111,111,111,111,111,141,141],"floor_reached":56,"language":"ENG","playtime":2718,"items_purged":["Defend_R","Armaments+1"],"score":1294,"play_id":"1be71f18-1de4-4a45-b2d7-af4acea48417","local_time":"20210129233453","is_ascension_mode":true,"campfire_choices":[{"data":"Armaments","floor":6.0,"key":"SMITH"},{"data":"Bash","floor":8.0,"key":"SMITH"},{"data":"Dramatic Entrance","floor":10.0,"key":"SMITH"},{"data":"Twin Strike","floor":15.0,"key":"SMITH"},{"data":"Inflame","floor":24,"key":"SMITH"},{"data":"Immolate","floor":29,"key":"SMITH"},{"data":"Rage","floor":32,"key":"SMITH"},{"data":"Limit Break","floor":40,"key":"SMITH"},{"data":"Spot Weakness","floor":46,"key":"SMITH"},{"floor":49,"key":"RECALL"},{"data":"Disarm","floor":52,"key":"SMITH"}],"circlet_count":0,"master_deck":["Defend_R+1","Defend_R+1","Bash+1","Dramatic Entrance+1","Uppercut+1","Twin Strike+1","Evolve","Dual Wield+1","Immolate+1","Disarm+1","True Grit+1","Inflame+1","Twin Strike","Spot Weakness+1","Rage+1","Limit Break+1","Pummel+1","Impervious+1","Seeing Red+1","Burning Pact+1","Power Through"],"relics":["Burning Blood","Bag of Marbles","Red Skull","Meat on the Bone","Coffee Dripper","War Paint","MealTicket","InkBottle","Mercury Hourglass","Darkstone Periapt","Astrolabe","Pocketwatch","Bag of Preparation","Lantern","Self Forming Clay"],"acts_visited":["Exordium","TheCity","TheBeyond","TheEnding"],"potions_floor_usage":[55,55],"damage_taken":[{"damage":7.0,"enemies":"2 Louse","floor":1.0,"turns":3.0},{"damage":6.0,"enemies":"Jaw Worm","floor":2.0,"turns":3.0},{"damage":1.0,"enemies":"Cultist","floor":4.0,"turns":3.0},{"damage":12.0,"enemies":"3 Sentries","floor":7.0,"turns":6.0},{"damage":14.0,"enemies":"Gremlin Nob","floor":11.0,"turns":3.0},{"damage":5.0,"enemies":"Looter","floor":13.0,"turns":2.0},{"damage":43.0,"enemies":"Slime Boss","floor":16.0,"turns":8.0},{"damage":7,"enemies":"Shell Parasite","floor":18,"turns":3},{"damage":0,"enemies":"3 Byrds","floor":19,"turns":4},{"damage":21,"enemies":"Snake Plant","floor":22,"turns":3},{"damage":24,"enemies":"Book of Stabbing","floor":23,"turns":5},{"damage":0,"enemies":"Slavers","floor":25,"turns":2},{"damage":0,"enemies":"3 Cultists","floor":27,"turns":3},{"damage":9,"enemies":"Gremlin Leader","floor":28,"turns":4},{"damage":14,"enemies":"Centurion and Healer","floor":30,"turns":4},{"damage":37,"enemies":"Automaton","floor":33,"turns":9},{"damage":0,"enemies":"3 Shapes","floor":35,"turns":1},{"damage":0,"enemies":"3 Darklings","floor":39,"turns":1},{"damage":5,"enemies":"Giant Head","floor":41,"turns":5},{"damage":0,"enemies":"Transient","floor":42,"turns":5},{"damage":2,"enemies":"Sphere and 2 Shapes","floor":44,"turns":3},{"damage":4,"enemies":"4 Shapes","floor":45,"turns":1},{"damage":0,"enemies":"3 Darklings","floor":48,"turns":1},{"damage":61,"enemies":"Donu and Deca","floor":50,"turns":8},{"damage":2,"enemies":"Shield and Spear","floor":54,"turns":4},{"damage":73,"enemies":"The Heart","floor":55,"turns":6}],"seed_played":"-5265374852423137540","potions_obtained":[{"floor":2.0,"key":"BlessingOfTheForge"},{"floor":4.0,"key":"Dexterity Potion"},{"floor":13.0,"key":"DuplicationPotion"},{"floor":16,"key":"FairyPotion"},{"floor":23,"key":"HeartOfIron"},{"floor":45,"key":"PowerPotion"}],"is_trial":false,"path_per_floor":["M","M","?","M","?","R","E","R","T","R","E","?","M","?","R","B",null,"M","M","?","$","M","E","R","E","T","M","E","R","M","?","R","B",null,"M","$","?","$","M","R","E","M","T","M","M","R","?","M","R","B",null,"R","$","E","B",null],"character_chosen":"IRONCLAD","items_purchased":["War Paint","Pocketwatch","Bag of Preparation"],"campfire_rested":0,"item_purchase_floors":[21,36,38],"current_hp_per_floor":[79,79,84,85,85,85,79,79,79,79,71,71,72,65,65,40,85,84,85,77,77,62,56,56,62,62,68,65,65,57,57,57,38,85,85,85,77,85,85,85,85,85,85,85,85,85,85,85,85,42,85,85,85,85,30],"gold":141,"neow_bonus":"RANDOM_COLORLESS","is_daily":false,"chose_seed":false,"campfire_upgraded":10,"win_rate":0.0,"timestamp":1611959693,"path_taken":["M","M","?","M","?","R","E","R","T","R","E","?","?","?","R","BOSS","BOSS","M","M","?","$","?","E","R","E","T","M","E","R","M","?","R","BOSS","M","$","?","?","M","R","E","M","T","M","M","R","?","M","R","BOSS","R","$","E","BOSS"],"items_purchased_type":["Relic","Relic","Relic"],"build_version":"2020-12-22","purchased_purges":2,"victory":true,"max_hp_per_floor":[80,80,85,85,85,85,85,85,85,85,85,85,85,85,85,85,85,85,85,85,85,85,85,85,85,85,85,85,85,85,85,85,85,85,85,85,85,85,85,85,85,85,85,85,85,85,85,85,85,85,85,85,85,85,85],"card_choices":[{"not_picked":["Madness","Enlightenment"],"picked":"Dramatic Entrance","floor":0.0},{"not_picked":["Headbutt","Feel No Pain"],"picked":"Uppercut","floor":1.0},{"not_picked":["Burning Pact","Iron Wave"],"picked":"Armaments","floor":2.0},{"not_picked":["Burning Pact","Clothesline"],"picked":"Twin Strike","floor":4.0},{"not_picked":["Headbutt","Berserk"],"picked":"Evolve","floor":7.0},{"not_picked":["Perfected Strike","Sword Boomerang","Power Through"],"picked":"SKIP","floor":11.0},{"not_picked":["Clash","Havoc"],"picked":"Dual Wield","floor":13.0},{"not_picked":["Fiend Fire","Brutality"],"picked":"Immolate","floor":16},{"not_picked":["Headbutt+1","True Grit+1"],"picked":"Disarm","floor":18},{"not_picked":["Flex","Combust","Body Slam"],"picked":"SKIP","floor":19},{"not_picked":["Sword Boomerang","Blood for Blood"],"picked":"True Grit+1","floor":22},{"not_picked":["Iron Wave+1","Clothesline"],"picked":"Inflame","floor":23},{"not_picked":["Bludgeon","Dual Wield"],"picked":"Twin Strike","floor":25},{"not_picked":["Warcry","Perfected Strike"],"picked":"Spot Weakness","floor":27},{"not_picked":["Ghostly Armor","Perfected Strike+1"],"picked":"Rage","floor":28},{"not_picked":["Anger","Warcry","Second Wind"],"picked":"SKIP","floor":30},{"not_picked":["Exhume","Berserk"],"picked":"Limit Break","floor":33},{"not_picked":["Dark Embrace","Anger+1"],"picked":"Burning Pact+1","floor":35},{"not_picked":["Anger","Pommel Strike","Headbutt"],"picked":"SKIP","floor":39},{"not_picked":["Cleave","Headbutt"],"picked":"Power Through","floor":41},{"not_picked":["Cleave+1","Sever Soul+1","Clash"],"picked":"SKIP","floor":42},{"not_picked":["Iron Wave","Dark Embrace","Shockwave+1"],"picked":"SKIP","floor":44},{"not_picked":["Warcry+1","Armaments+1","Clothesline+1"],"picked":"SKIP","floor":45},{"not_picked":["Immolate","Twin Strike","Anger+1"],"picked":"SKIP","floor":48},{"not_picked":["Anger+1","Headbutt","True Grit"],"picked":"SKIP","floor":54}],"player_experience":485826,"relics_obtained":[{"floor":7.0,"key":"Bag of Marbles"},{"floor":9.0,"key":"Red Skull"},{"floor":11.0,"key":"Meat on the Bone"},{"floor":23,"key":"MealTicket"},{"floor":25,"key":"InkBottle"},{"floor":26,"key":"Mercury Hourglass"},{"floor":28,"key":"Darkstone Periapt"},{"floor":41,"key":"Lantern"},{"floor":54,"key":"Self Forming Clay"}],"event_choices":[{"damage_healed":0.0,"max_hp_gain":5.0,"max_hp_loss":0.0,"gold_gain":0.0,"event_name":"Big Fish","player_choice":"Donut","floor":3.0,"gold_loss":0.0,"damage_taken":0.0},{"damage_healed":0.0,"max_hp_gain":0.0,"max_hp_loss":0.0,"gold_gain":0.0,"event_name":"Living Wall","player_choice":"Grow","floor":5.0,"gold_loss":0.0,"damage_taken":0.0,"cards_upgraded":["Uppercut"]},{"damage_healed":0.0,"max_hp_gain":0.0,"max_hp_loss":0.0,"gold_gain":100.0,"event_name":"Golden Shrine","player_choice":"Pray","floor":12.0,"gold_loss":0.0,"damage_taken":0.0},{"cards_removed":["Strike_R"],"damage_healed":0.0,"max_hp_gain":0.0,"max_hp_loss":0.0,"gold_gain":0.0,"event_name":"Golden Wing","player_choice":"Card Removal","floor":14.0,"gold_loss":0.0,"damage_taken":7.0},{"damage_healed":0,"gold_gain":75,"player_choice":"Touch","damage_taken":8,"max_hp_gain":0,"max_hp_loss":0,"event_name":"FaceTrader","floor":20,"gold_loss":0},{"cards_removed":["Strike_R"],"damage_healed":0,"gold_gain":0,"player_choice":"Upgrade and Remove","damage_taken":0,"max_hp_gain":0,"max_hp_loss":0,"event_name":"Designer","floor":31,"gold_loss":90,"cards_upgraded":["Dual Wield"]},{"damage_healed":0,"gold_gain":0,"player_choice":"Damaged","damage_taken":8,"max_hp_gain":0,"max_hp_loss":0,"event_name":"Wheel of Change","floor":37,"gold_loss":0},{"cards_removed":["Strike_R"],"damage_healed":0,"gold_gain":0,"player_choice":"Purged","damage_taken":0,"max_hp_gain":0,"max_hp_loss":0,"event_name":"Purifier","floor":47,"gold_loss":0}],"is_beta":false,"boss_relics":[{"not_picked":["Sozu","Tiny House"],"picked":"Coffee Dripper"},{"not_picked":["Busted Crown","Runic Dome"],"picked":"Astrolabe"}],"items_purged_floors":[21,36],"is_endless":false,"potions_floor_spawned":[2,4,13,16,23,25,28,33,42,44,45],"ascension_level":1}}