{"host":"qgpuimdto8vl2dfg","time":1611920294,"event":{"mods":["Act Like it!","BaseMod","Colored Powertips","Gensokyo","KinomotoSakuraMod(Ä¾Ö®±¾Ó£)","Koishi","Minty Spire (QoL Compilation)","Quick Restart","Relic Stats","StSLib"],"gold_per_floor":[114,3,21,21,101,133,147,178,202,202,220,220,220,251,251,350,350,365,365,385,232,41,75,88,106,106,335,335,370,370,384,384,479,479,497,497,497,515,515,542,272,272,272,306,306,306,322,332,332,332,332,332,31,65,65],"floor_reached":56,"language":"ZHS","playtime":4159,"items_purged":["Koishi:BasicStrike"],"score":1449,"play_id":"9d1691d1-31bf-464c-bf34-165081b878d9","local_time":"20210129193814","is_ascension_mode":true,"campfire_choices":[{"data":"Koishi:HauntingSlash","floor":13.0,"key":"SMITH"},{"data":"Koishi:Catatonia","floor":15.0,"key":"SMITH"},{"data":"Koishi:TerrifyingSpectre","floor":30.0,"key":"SMITH"},{"data":"Koishi:PredatoryInstincts","floor":32.0,"key":"SMITH"},{"data":"Koishi:Whimsy","floor":42.0,"key":"SMITH"},{"floor":49.0,"key":"RECALL"},{"data":"Koishi:BasicDefend","floor":52.0,"key":"PURGE"}],"circlet_count":0,"master_deck":["Koishi:BasicDefend","Koishi:BasicDefend","Koishi:BasicDefend","Koishi:Provoke","Koishi:HauntingSlash+1","Koishi:UnansweredLove","Koishi:Bloodlust","Koishi:Catatonia+1","Koishi:TerrifyingSpectre+1","Koishi:StingingMind+1","Koishi:PhantomBarrier+1","Koishi:Whimsy+1","Koishi:HeartStoppingHorror+1","Koishi:PredatoryInstincts+1","Gensokyo:AllTheWorldsEvil","Koishi:TremblingHands+1","Koishi:DreadfulBlow","Koishi:GrowingPain","Koishi:PredatoryInstincts+1","Koishi:StingingMind+1","Gensokyo:RPG","Gensokyo:MedicineKit","Koishi:Untouchable+1","Koishi:ConfinedInnocent+1","Koishi:FleetingPhantom+1","Koishi:UnseenTerror+1","Koishi:VengefulSpirit+1"],"relics":["Koishi:ImaginaryFriend","NeowsBlessing","Bag of Marbles","Potion Belt","Akabeko","Gensokyo:OccultBall","Koishi:AHoleWhereASisterShouldBe","Coffee Dripper","Peace Pipe","Bag of Preparation","Frozen Egg 2","MealTicket","Prayer Wheel","Centennial Puzzle","Gambling Chip","Bronze Scales","SlaversCollar","Juzu Bracelet","ClockworkSouvenir","Gremlin Horn","InkBottle","Lizard Tail","Lee\u0027s Waffle","StoneCalendar"],"acts_visited":["Exordium","Gensokyo:Gensokyo","Gensokyo:Gensokyoer","TheEnding"],"potions_floor_usage":[55,55,55,55,55],"damage_taken":[{"damage":0.0,"enemies":"Gensokyo:2_Kodama","floor":1.0,"turns":2.0},{"damage":0.0,"enemies":"Gensokyo:Python","floor":3.0,"turns":1.0},{"damage":0.0,"enemies":"Gensokyo:Cirno","floor":6.0,"turns":2.0},{"damage":12.0,"enemies":"Gensokyo:Gryphon","floor":7.0,"turns":4.0},{"damage":23.0,"enemies":"Gensokyo:Mamizou","floor":8.0,"turns":12.0},{"damage":6.0,"enemies":"Gensokyo:CorruptedTreant","floor":11.0,"turns":5.0},{"damage":10.0,"enemies":"Gensokyo:Aya","floor":14.0,"turns":5.0},{"damage":13.0,"enemies":"Gensokyo:Reimu","floor":16.0,"turns":10.0},{"damage":17.0,"enemies":"Gensokyo:2_Gloops","floor":18.0,"turns":6.0},{"damage":8.0,"enemies":"Gensokyo:AngelMirror","floor":20.0,"turns":3.0},{"damage":18.0,"enemies":"Gensokyo:Reisen","floor":23.0,"turns":5.0},{"damage":0.0,"enemies":"Gensokyo:Wraith","floor":24.0,"turns":1.0},{"damage":9.0,"enemies":"Gensokyo:Chomper_and_Gloop","floor":25.0,"turns":8.0},{"damage":10.0,"enemies":"Gensokyo:Koishi","floor":27.0,"turns":7.0},{"damage":19.0,"enemies":"Gensokyo:Tenshi","floor":29.0,"turns":5.0},{"damage":2.0,"enemies":"Gensokyo:3_Gloops","floor":31.0,"turns":6.0},{"damage":31.0,"enemies":"Gensokyo:Eternal_Rivals","floor":33.0,"turns":15.0},{"damage":0.0,"enemies":"Gensokyo:AncientGuardian","floor":35.0,"turns":1.0},{"damage":2.0,"enemies":"Gensokyo:3_Boulders","floor":38.0,"turns":4.0},{"damage":4.0,"enemies":"Gensokyo:Marisa","floor":40.0,"turns":4.0},{"damage":2.0,"enemies":"Gensokyo:Doremy","floor":44.0,"turns":5.0},{"damage":0.0,"enemies":"Gensokyo:Sharpion","floor":47.0,"turns":4.0},{"damage":0.0,"enemies":"Gensokyo:Dusk_and_Dawn","floor":48.0,"turns":5.0},{"damage":0.0,"enemies":"Gensokyo:Yuyuko","floor":50.0,"turns":6.0},{"damage":28.0,"enemies":"Shield and Spear","floor":54.0,"turns":5.0},{"damage":28,"enemies":"The Heart","floor":55,"turns":7}],"seed_played":"6689251021786182669","potions_obtained":[{"floor":3.0,"key":"Fire Potion"},{"floor":6.0,"key":"Fire Potion"},{"floor":14.0,"key":"BlessingOfTheForge"},{"floor":16.0,"key":"Swift Potion"},{"floor":20.0,"key":"SneckoOil"},{"floor":25.0,"key":"PowerPotion"},{"floor":33.0,"key":"Weak Potion"},{"floor":35.0,"key":"ColorlessPotion"},{"floor":44.0,"key":"SteroidPotion"},{"floor":48.0,"key":"AttackPotion"}],"is_trial":false,"path_per_floor":["M","$","M","?","?","E","M","E","T","?","M","?","R","E","R","B",null,"M","?","M","$","COS","E","M","M","T","E","?","E","R","M","R","B",null,"M","?","?","M","?","E","COS","R","T","E","?","?","M","M","R","B",null,"R","$","E","B",null],"character_chosen":"KOISHI","items_purchased":["Koishi:StrangeCloudFist","Bag of Preparation","Koishi:VengefulSpirit+1","Lee\u0027s Waffle","LiquidMemories"],"campfire_rested":0,"item_purchase_floors":[2,21,53,53,53],"current_hp_per_floor":[60,60,60,60,60,60,50,32,32,32,28,34,34,24,24,19,66,53,53,45,45,45,29,29,32,32,32,32,27,27,45,45,40,61,61,52,52,61,61,61,61,61,61,61,61,37,61,61,61,61,61,61,68,68,68],"gold":65,"neow_bonus":"THREE_ENEMY_KILL","is_daily":false,"chose_seed":false,"campfire_upgraded":5,"win_rate":0.0,"timestamp":1611920294,"path_taken":["M","$","M","?","?","E","M","E","T","?","?","?","R","E","R","BOSS","M","?","M","?","COS","E","?","M","T","E","?","E","R","M","R","BOSS","M","?","?","?","?","E","COS","R","T","E","?","?","M","M","R","BOSS","R","$","E","BOSS"],"items_purchased_type":["Card","Relic","Card","Relic","Potion"],"build_version":"2020-12-22","purchased_purges":1,"victory":true,"max_hp_per_floor":[60,60,60,60,60,60,60,60,60,60,60,66,66,66,66,66,66,66,61,61,61,61,61,61,61,61,61,61,61,61,61,61,61,61,61,61,61,61,61,61,61,61,61,61,61,61,61,61,61,61,61,61,68,68,68],"relic_stats":{"Lee\u0027s Waffle":7,"Gremlin Horn":[11,11],"counters":[26,137],"StoneCalendar":[40],"Bag of Preparation":[32],"Juzu Bracelet":1,"Peace Pipe":1,"Centennial Puzzle":[24],"Lizard Tail":0,"Gambling Chip":[21],"Bronze Scales":[229],"MealTicket":0,"Prayer Wheel":5,"obtain_stats":[{"Gremlin Horn":43,"StoneCalendar":54,"Bag of Preparation":21,"Juzu Bracelet":40,"ClockworkSouvenir":41,"Frozen Eye":27,"Centennial Puzzle":27,"Lizard Tail":46,"Gambling Chip":29,"Gensokyo:OccultBall":10,"MealTicket":25,"Prayer Wheel":27,"Koishi:AHoleWhereASisterShouldBe":14,"InkBottle":44,"Potion Belt":8,"Lee\u0027s Waffle":53,"NeowsBlessing":0,"Frozen Egg 2":23,"Akabeko":9,"Peace Pipe":19,"SlaversCollar":34,"Bronze Scales":29,"Bag of Marbles":6,"Coffee Dripper":17,"Koishi:ImaginaryFriend":0},{"Gremlin Horn":20,"StoneCalendar":25,"Bag of Preparation":10,"Juzu Bracelet":20,"ClockworkSouvenir":20,"Frozen Eye":13,"Centennial Puzzle":14,"Lizard Tail":21,"Gambling Chip":15,"Gensokyo:OccultBall":5,"MealTicket":13,"Prayer Wheel":14,"Koishi:AHoleWhereASisterShouldBe":7,"InkBottle":21,"Potion Belt":5,"Lee\u0027s Waffle":24,"NeowsBlessing":0,"Frozen Egg 2":11,"Akabeko":5,"Peace Pipe":9,"SlaversCollar":17,"Bronze Scales":15,"Bag of Marbles":3,"Coffee Dripper":8,"Koishi:ImaginaryFriend":0},{"Gremlin Horn":105,"StoneCalendar":130,"Bag of Preparation":49,"Juzu Bracelet":105,"ClockworkSouvenir":105,"Frozen Eye":63,"Centennial Puzzle":70,"Lizard Tail":110,"Gambling Chip":71,"Gensokyo:OccultBall":21,"MealTicket":58,"Prayer Wheel":67,"Koishi:AHoleWhereASisterShouldBe":30,"InkBottle":110,"Potion Belt":21,"Lee\u0027s Waffle":125,"NeowsBlessing":0,"Frozen Egg 2":54,"Akabeko":21,"Peace Pipe":46,"SlaversCollar":96,"Bronze Scales":75,"Bag of Marbles":5,"Coffee Dripper":40,"Koishi:ImaginaryFriend":0}],"InkBottle":[14]},"card_choices":[{"not_picked":["Koishi:MassHysteria","Koishi:Possession"],"picked":"Koishi:UnansweredLove","floor":1.0},{"not_picked":["Koishi:BramblyRoseGarden","Koishi:DreadfulBlow","Koishi:Jaunt"],"picked":"SKIP","floor":3.0},{"not_picked":["Koishi:ReflexRadar","Koishi:Jaunt"],"picked":"Koishi:Bloodlust","floor":6.0},{"not_picked":["Koishi:StrangeCloudFist","Koishi:CatchAndRose","Koishi:PhantomStrike"],"picked":"SKIP","floor":7.0},{"not_picked":["Koishi:HeartfeltFancy","Koishi:Jaunt","Koishi:HeartAttack"],"picked":"SKIP","floor":8.0},{"not_picked":["Koishi:PhantomStrike","Koishi:BloodcurdlingScream","Koishi:EmbryosDream"],"picked":"SKIP","floor":11.0},{"not_picked":["Koishi:LastRemote","Koishi:JumpScare"],"picked":"Koishi:Catatonia","floor":14.0},{"not_picked":["Koishi:RoseHell","Koishi:FadingMemory"],"picked":"Koishi:TerrifyingSpectre","floor":16.0},{"not_picked":["Koishi:JumpScare","Koishi:StrangeCloudFist"],"picked":"Koishi:StingingMind+1","floor":18.0},{"not_picked":["Koishi:SpiritedAway","Koishi:Jaunt"],"picked":"Koishi:PhantomBarrier+1","floor":20.0},{"not_picked":["Koishi:UnansweredLove","Koishi:SubterraneanRose+1"],"picked":"Koishi:Whimsy","floor":23.0},{"not_picked":["Koishi:Jaunt","Koishi:FleetingPhantom"],"picked":"Koishi:HeartStoppingHorror+1","floor":24.0},{"not_picked":["Koishi:Jaunt","Koishi:MindNumbingTerror","Koishi:JumpScare"],"picked":"SKIP","floor":25.0},{"not_picked":["Koishi:YoukaiPolygraph+1","Koishi:RacingHeart"],"picked":"Koishi:PredatoryInstincts","floor":27.0},{"not_picked":["Koishi:Jaunt","Koishi:HeartfeltFancy+1"],"picked":"Koishi:UnconsciousUrges+1","floor":29.0},{"not_picked":["Koishi:EmbryosDream","Koishi:RacingHeart"],"picked":"Koishi:TremblingHands+1","floor":31.0},{"not_picked":["Koishi:Jaunt","Koishi:SubconsciousSweep"],"picked":"Koishi:DreadfulBlow","floor":31.0},{"not_picked":["Koishi:PerfectMindControl","Koishi:FadingMemory"],"picked":"Koishi:GrowingPain","floor":33.0},{"not_picked":["Koishi:DreadfulBlow+1","Koishi:StingingMind+1"],"picked":"Koishi:PredatoryInstincts+1","floor":35.0},{"not_picked":["Koishi:FreudianInstinct+1","Koishi:Prune+1","Koishi:JumpScare"],"picked":"SKIP","floor":35.0},{"not_picked":["Koishi:MassHysteria","Koishi:HeartfeltFancy+1"],"picked":"Koishi:StingingMind+1","floor":38.0},{"not_picked":["Koishi:ParalyzingFear","Koishi:HeartfeltFancy+1","Koishi:UnconsciousUprising"],"picked":"SKIP","floor":38.0},{"not_picked":["Koishi:Catatonia+1","Koishi:YoukaiPolygraph+1","Koishi:RuptureMind"],"picked":"SKIP","floor":40.0},{"not_picked":["Koishi:UnconsciousUprising+1","Koishi:StrangeCloudFist"],"picked":"Koishi:Untouchable+1","floor":44.0},{"not_picked":["Koishi:GhostParty+1","Koishi:SubconsciousSweep+1","Koishi:PhantomStrike+1"],"picked":"SKIP","floor":44.0},{"not_picked":["Koishi:FleetingPhantom","Koishi:StingingMind"],"picked":"Koishi:ConfinedInnocent+1","floor":47.0},{"not_picked":["Koishi:ReflexRadar","Koishi:EmbryosDream"],"picked":"Koishi:FleetingPhantom+1","floor":47.0},{"not_picked":["Koishi:FourthEye+1","Koishi:GeneticsOfTheUnconscious+1"],"picked":"Koishi:UnseenTerror+1","floor":48.0},{"not_picked":["Koishi:Prune+1","Koishi:StrangeCloudFist+1","Koishi:CatchAndRose+1"],"picked":"SKIP","floor":48.0},{"not_picked":["Koishi:HeartAttack","Koishi:BloodcurdlingScream+1","Koishi:HeartfeltFancy"],"picked":"SKIP","floor":54.0}],"player_experience":476537,"relics_obtained":[{"floor":6.0,"key":"Bag of Marbles"},{"floor":8.0,"key":"Potion Belt"},{"floor":9.0,"key":"Akabeko"},{"floor":14.0,"key":"Gensokyo:OccultBall"},{"floor":14.0,"key":"Koishi:AHoleWhereASisterShouldBe"},{"floor":16.0,"key":"Gensokyo:OccultBall"},{"floor":23.0,"key":"Frozen Egg 2"},{"floor":27.0,"key":"Gensokyo:OccultBall"},{"floor":27.0,"key":"Centennial Puzzle"},{"floor":29.0,"key":"Bronze Scales"},{"floor":33.0,"key":"Gensokyo:OccultBall"},{"floor":40.0,"key":"Juzu Bracelet"},{"floor":43.0,"key":"Gremlin Horn"},{"floor":44.0,"key":"InkBottle"},{"floor":54.0,"key":"StoneCalendar"}],"event_choices":[],"is_beta":false,"boss_relics":[{"not_picked":["Ectoplasm","Runic Dome"],"picked":"Coffee Dripper"},{"not_picked":["Koishi:ColorfulDays","Tiny House"],"picked":"SlaversCollar"}],"items_purged_floors":[2],"is_endless":false,"potions_floor_spawned":[3,6,14,16,20,25,33,35,44,48,54],"ascension_level":2}}