{"host":"3xls0xm49ftugio7","time":1611925458,"event":{"mods":["2.2 Compatiblity","A Magickal Journey","AchievementEnabler","Act Like it!","BaseMod","Bestiary","Colored Powertips","Downfall","GifTheSpireLib","Minty Spire (QoL Compilation)","Quick Restart","Relic Stats","StSLib","slay the spire mod where everything is the same but ironclad has a cowboy hat"],"gold_per_floor":[199,214,214,32,32,43,43,56,76,76,76,61,61,80,94,192,192,192,205,205,220,220,252,252,281,47,47,74,74,84,109,124,219,219,219,235,273,292,292,292,339,367,395,107,145,177,239,251,275,287,299,336,85,85,85,85],"floor_reached":57,"language":"ENG","playtime":3683,"items_purged":["bronze:Strike","bronze:Strike"],"score":1569,"play_id":"ed57beca-2309-405a-95c9-767e92fe9356","local_time":"20210129150418","is_ascension_mode":true,"campfire_choices":[{"data":"bronze:Goto","floor":1,"key":"SMITH"},{"data":"bronze:Flail","floor":10,"key":"SMITH"},{"data":"bronze:Flail","floor":13,"key":"SMITH"},{"data":"bronze:Assembly","floor":18,"key":"SMITH"},{"floor":29,"key":"REST"},{"floor":35,"key":"RECALL"},{"floor":44,"key":"REST"},{"floor":54,"key":"REST"}],"circlet_count":0,"master_deck":["bronze:Strike+1","bronze:Strike+1","bronze:Defend","bronze:Defend","bronze:Defend","bronze:Defend","bronze:Replicate+1","bronze:Goto+1","bronze:Flail+1","bronze:DazingPulse","bronze:Explode","bronze:ChildClass","bronze:OilSpill+1","bronze:WhirlingStrike","bronze:Constructor+1","bronze:Flail+1","bronze:FineTuning","bronze:Frontload","bronze:FineTuning+1","bronze:Assembly+1","bronze:GetLatest","bronze:MaxOutput+1","bronze:OilSpill+1","bronze:Assembly+1","bronze:Shell","bronze:ShipIt","bronze:FollowUp","bronze:Flail+1","bronze:InfiniteBeams","bronze:ForceShield","expansioncontent:AwakenDeath","bronze:Backtrace+1","bronze:BronzeOrb","bronze:GetLatest+1","bronze:Refactor+1","bronze:Assembly","bronze:Frontload","bronze:Repulsor","bronze:Terminator"],"relics":["bronze:BronzeCore","champ:Barbells","Mercury Hourglass","downfall:BrokenWingStatue","SlaversCollar","Bottled Flame","Guardian:PocketSentry","White Beast Statue","Oddly Smooth Stone","Toy Ornithopter","bronze:SilverBullet","Art of War","expansioncontent:StudyCardRelic","Mummified Hand","MawBank","downfall:HeartBlessingRed","downfall:HeartBlessingGreen","downfall:HeartBlessingBlue","Blood Vial","Turnip","Ice Cream"],"acts_visited":["Exordium","TheCity","TheBeyond","TheEnding"],"potions_floor_usage":[25,26,32,33,37,38,43,45,46,50,55,56,56],"damage_taken":[{"damage":0,"enemies":"Cultist","floor":2,"turns":3},{"damage":20,"enemies":"Cultist","floor":3,"turns":4},{"damage":0,"enemies":"downfall:FleeingMerchant","floor":4,"turns":4},{"damage":2,"enemies":"2 Louse","floor":6,"turns":2},{"damage":4,"enemies":"Jaw Worm","floor":8,"turns":2},{"damage":0,"enemies":"Exordium Wildlife","floor":9,"turns":2},{"damage":0,"enemies":"downfall:FleeingMerchant","floor":12,"turns":4},{"damage":0,"enemies":"Red Slaver","floor":14,"turns":1},{"damage":0,"enemies":"Gremlin Gang","floor":15,"turns":1},{"damage":22,"enemies":"DF_ARCHETYPE_STREAMLINE","floor":16,"turns":9},{"damage":2,"enemies":"Shell Parasite","floor":19,"turns":3},{"damage":21,"enemies":"Shelled Parasite and Fungi","floor":21,"turns":5},{"damage":6,"enemies":"Slavers","floor":23,"turns":3},{"damage":9,"enemies":"Book of Stabbing","floor":25,"turns":4},{"damage":9,"enemies":"downfall:FleeingMerchant","floor":26,"turns":4},{"damage":10,"enemies":"Snake Plant","floor":30,"turns":2},{"damage":0,"enemies":"Slavers","floor":31,"turns":1},{"damage":0,"enemies":"Centurion and Healer","floor":32,"turns":5},{"damage":58,"enemies":"SI_MIRROR_ARCHETYPE","floor":33,"turns":9},{"damage":0,"enemies":"3 Shapes","floor":36,"turns":4},{"damage":0,"enemies":"downfall:FleeingMerchant","floor":37,"turns":2},{"damage":12,"enemies":"Orb Walker","floor":38,"turns":3},{"damage":0,"enemies":"Sphere and 2 Shapes","floor":42,"turns":2},{"damage":35,"enemies":"Transient","floor":43,"turns":5},{"damage":0,"enemies":"Reptomancer","floor":45,"turns":3},{"damage":10,"enemies":"Maw","floor":46,"turns":6},{"damage":0,"enemies":"Maw","floor":47,"turns":3},{"damage":0,"enemies":"Jaw Worm Horde","floor":49,"turns":1},{"damage":105,"enemies":"IC_BLOCK_ARCHETYPE","floor":50,"turns":12},{"damage":87,"enemies":"downfall:CharBossMerchant","floor":52,"turns":8},{"damage":5,"enemies":"downfall:NeowBoss","floor":55,"turns":17},{"damage":10,"enemies":"downfall:NeowBossFinal","floor":56,"turns":12}],"seed_played":"4391727282036118656","potions_obtained":[{"floor":3,"key":"Fire Potion"},{"floor":6,"key":"SpeedPotion"},{"floor":15,"key":"AttackPotion"},{"floor":16,"key":"PowerPotion"},{"floor":25,"key":"GamblersBrew"},{"floor":26,"key":"SkillPotion"},{"floor":32,"key":"FairyPotion"},{"floor":33,"key":"Dexterity Potion"},{"floor":37,"key":"PowerPotion"},{"floor":38,"key":"LiquidMemories"},{"floor":42,"key":"Strength Potion"},{"floor":43,"key":"DistilledChaos"},{"floor":45,"key":"bronze:FreeFunctionsPotion"},{"floor":46,"key":"FearPotion"},{"floor":47,"key":"Regen Potion"},{"floor":52,"key":"bronze:BurnAndBuffPotion"}],"is_trial":false,"path_per_floor":["R","M","?","$","?","M","T","M","M","R","?","$","R","M","M","B",null,"R","M","T","M","?","E","T","E","$","?","T","R","M","E","M","B",null,"R","M","$","M","?","?","T","M","M","R","E","M","?","?","M","B",null,"E","$","R","B","B",null],"character_chosen":"THE_AUTOMATON","items_purchased":["champ:Barbells","bronze:OilSpill","Toy Ornithopter","Mummified Hand","bronze:InfiniteBeams","PowerPotion","bronze:Repulsor","bronze:Terminator"],"campfire_rested":3,"item_purchase_floors":[4,4,26,37,37,53,53,53],"current_hp_per_floor":[63,63,43,43,80,78,78,74,74,74,74,74,74,74,74,52,73,73,71,71,50,50,44,44,35,26,52,52,76,66,66,71,18,65,65,65,70,63,63,63,63,63,33,70,75,72,74,74,76,23,73,15,15,42,44,46],"gold":85,"neow_bonus":"HUNDRED_GOLD","is_daily":false,"chose_seed":false,"campfire_upgraded":4,"win_rate":0.0,"timestamp":1611925458,"path_taken":["R","M","?","$","?","M","T","?","M","R","?","?","R","M","M","BOSS","R","M","?","?","?","E","T","E","$","?","?","R","M","E","M","BOSS","R","M","$","M","?","?","T","M","M","R","E","M","?","?","M","BOSS","E","$","R","BOSS","BOSS"],"items_purchased_type":["Relic","Card","Relic","Relic","Card","Potion","Card","Card"],"build_version":"2020-12-22","purchased_purges":2,"victory":true,"max_hp_per_floor":[70,70,70,70,80,80,80,80,80,80,80,80,80,80,80,80,80,80,80,80,80,80,80,80,80,80,80,80,80,80,80,80,80,80,80,80,80,80,80,80,80,80,80,90,90,90,90,90,90,90,90,90,90,90,90,90],"relic_stats":{"Blood Vial":14,"counters":[32,145],"Mummified Hand":[51],"Turnip":[10],"Art of War":[1],"MawBank":144,"obtain_stats":[{"Ice Cream":52,"champ:Barbells":4,"bronze:BronzeCore":0,"downfall:HeartBlessingRed":44,"Oddly Smooth Stone":25,"downfall:HeartBlessingGreen":44,"Guardian:PocketSentry":22,"expansioncontent:StudyCardRelic":34,"MawBank":41,"White Beast Statue":23,"Mercury Hourglass":7,"Blood Vial":45,"SlaversCollar":17,"Bottled Flame":20,"downfall:BrokenWingStatue":11,"Mummified Hand":37,"downfall:HeartBlessingBlue":44,"Turnip":47,"Art of War":31,"bronze:SilverBullet":28,"Toy Ornithopter":26},{"Ice Cream":30,"champ:Barbells":3,"bronze:BronzeCore":0,"downfall:HeartBlessingRed":24,"Oddly Smooth Stone":14,"downfall:HeartBlessingGreen":24,"Guardian:PocketSentry":12,"expansioncontent:StudyCardRelic":19,"MawBank":22,"White Beast Statue":13,"Mercury Hourglass":4,"Blood Vial":25,"SlaversCollar":10,"Bottled Flame":11,"downfall:BrokenWingStatue":6,"Mummified Hand":21,"downfall:HeartBlessingBlue":24,"Turnip":27,"Art of War":17,"bronze:SilverBullet":15,"Toy Ornithopter":15},{"Ice Cream":116,"champ:Barbells":11,"bronze:BronzeCore":0,"downfall:HeartBlessingRed":83,"Oddly Smooth Stone":46,"downfall:HeartBlessingGreen":83,"Guardian:PocketSentry":39,"expansioncontent:StudyCardRelic":67,"MawBank":76,"White Beast Statue":42,"Mercury Hourglass":13,"Blood Vial":86,"SlaversCollar":31,"Bottled Flame":34,"downfall:BrokenWingStatue":16,"Mummified Hand":73,"downfall:HeartBlessingBlue":83,"Turnip":95,"Art of War":53,"bronze:SilverBullet":50,"Toy Ornithopter":50}],"Toy Ornithopter":55,"Mercury Hourglass":[274]},"card_choices":[{"not_picked":["bronze:BitShift","bronze:DelayedSlice"],"picked":"bronze:Flail","floor":2},{"not_picked":[],"picked":"bronze:DazingPulse","floor":3},{"not_picked":[],"picked":"bronze:Explode","floor":3},{"not_picked":["bronze:Deprecate","bronze:Invalidate"],"picked":"bronze:RecursiveStrike","floor":3},{"not_picked":["bronze:MaxOutput","bronze:Overheat"],"picked":"bronze:ChildClass","floor":4},{"not_picked":["bronze:Separator","bronze:DarkDash"],"picked":"bronze:WhirlingStrike","floor":6},{"not_picked":["bronze:DelayedSlice","bronze:BugBarrage"],"picked":"bronze:Constructor","floor":8},{"not_picked":["bronze:ForLoop","bronze:Shield"],"picked":"bronze:Flail","floor":9},{"not_picked":["bronze:Allocate","bronze:ChildClass"],"picked":"bronze:FineTuning","floor":12},{"not_picked":["bronze:Fortify","bronze:BitShift"],"picked":"bronze:Frontload","floor":14},{"not_picked":["bronze:ForLoop","bronze:ClassDefault"],"picked":"bronze:FineTuning","floor":15},{"not_picked":["bronze:FindAndReplace","bronze:RecursiveStrike"],"picked":"bronze:Assembly","floor":16},{"not_picked":["bronze:WhirlingStrike","bronze:Constructor"],"picked":"bronze:GetLatest","floor":19},{"not_picked":["bronze:DelayedGuard","bronze:Deprecate"],"picked":"bronze:MaxOutput+1","floor":21},{"not_picked":["bronze:ChosenStrike","bronze:NullPointer"],"picked":"bronze:OilSpill+1","floor":23},{"not_picked":["bronze:Turbo","bronze:Safeguard","bronze:Philosophize"],"picked":"SKIP","floor":25},{"not_picked":["bronze:Turbo","bronze:Safeguard","bronze:Philosophize"],"picked":"SKIP","floor":25},{"not_picked":["bronze:Flail","bronze:Iterate","bronze:Shield"],"picked":"SKIP","floor":26},{"not_picked":["bronze:Separator+1","bronze:Shield","bronze:Deprecate+1"],"picked":"SKIP","floor":30},{"not_picked":["bronze:Branch","bronze:Deprecate"],"picked":"bronze:Assembly","floor":31},{"not_picked":["bronze:WhirlingStrike","bronze:BugBarrage+1"],"picked":"bronze:Shell","floor":32},{"not_picked":["bronze:TinkerersToolbox","bronze:SpaghettiCode"],"picked":"bronze:ShipIt","floor":33},{"not_picked":["bronze:DelayedGuard+1","bronze:NullPointer+1"],"picked":"bronze:FollowUp","floor":36},{"not_picked":["bronze:ChildClass","bronze:Overheat"],"picked":"bronze:Flail+1","floor":37},{"not_picked":["bronze:FineTuning+1","bronze:Constructor+1"],"picked":"bronze:ForceShield","floor":38},{"not_picked":["expansioncontent:PrepareCrush","expansioncontent:YouAreMine"],"picked":"expansioncontent:AwakenDeath","floor":40},{"not_picked":["bronze:BugBarrage","bronze:OilSpill","bronze:ShipIt"],"picked":"SKIP","floor":42},{"not_picked":["bronze:Return+1","bronze:Turbo"],"picked":"bronze:Backtrace+1","floor":43},{"not_picked":["bronze:ChosenStrike+1","bronze:Invalidate+1"],"picked":"bronze:BronzeOrb","floor":45},{"not_picked":["bronze:Turbo+1","bronze:InfiniteBeams+1"],"picked":"bronze:GetLatest+1","floor":46},{"not_picked":["bronze:Constructor+1","bronze:OilSpill+1"],"picked":"bronze:Refactor+1","floor":47},{"not_picked":["bronze:Overheat","bronze:Deprecate+1","bronze:Separator+1"],"picked":"SKIP","floor":49},{"not_picked":["bronze:Turbo+1","bronze:OilSpill+1"],"picked":"bronze:Frontload","floor":52}],"player_experience":1012850,"relics_obtained":[{"floor":7,"key":"Mercury Hourglass"},{"floor":20,"key":"Bottled Flame"},{"floor":23,"key":"White Beast Statue"},{"floor":25,"key":"Oddly Smooth Stone"},{"floor":28,"key":"bronze:SilverBullet"},{"floor":31,"key":"Art of War"},{"floor":41,"key":"MawBank"},{"floor":45,"key":"Blood Vial"},{"floor":47,"key":"Turnip"},{"floor":52,"key":"Ice Cream"}],"event_choices":[{"cards_removed":["bronze:RecursiveStrike"],"damage_healed":27,"gold_gain":0,"player_choice":"Offered Rare","damage_taken":0,"max_hp_gain":10,"max_hp_loss":0,"event_name":"Bonfire Elementals","floor":5,"gold_loss":0},{"damage_healed":26,"gold_gain":0,"player_choice":"Heal","damage_taken":0,"max_hp_gain":0,"max_hp_loss":0,"event_name":"The Library","floor":27,"gold_loss":0}],"is_beta":false,"boss_relics":[{"not_picked":["Velvet Choker","Calling Bell"],"picked":"SlaversCollar"},{"not_picked":["Sozu","Astrolabe"],"picked":"expansioncontent:StudyCardRelic"}],"items_purged_floors":[26,53],"is_endless":false,"potions_floor_spawned":[3,6,15,16,21,23,25,26,30,31,32,33,36,37,38,42,43,45,46,47,49,52],"ascension_level":6}}