{"host":"nlowmoq7gy18n72d","time":1611935283,"event":{"mods":["BaseMod","Colored Powertips","Conspire","Downfall","Hermit","Highlight Path","Infinite Spire","Jorbs\u0027s Wanderer Trilogy","Minty Spire (QoL Compilation)","Rare Cards Sparkle","Replay The Spire","StSLib","The Cursed","The Hierophant"],"gold_per_floor":[99,117,137,137,137,151,151,15,0,16,16,16,86,86,99,99,99,99],"floor_reached":16,"language":"ENG","playtime":513,"items_purged":["CommonCold"],"score":110,"play_id":"44113a58-4c37-4bda-b3bc-a4bb411e4b3d","local_time":"20210129184803","is_ascension_mode":true,"campfire_choices":[{"floor":1,"key":"RECALL"},{"data":"hexamod:SwordOfDarkness","floor":11,"key":"SMITH"}],"circlet_count":0,"master_deck":["hexamod:Strike+1","hexamod:Strike+1","hexamod:Strike+1","hexamod:Strike+1","hexamod:Defend","hexamod:Defend","hexamod:Defend","hexamod:Defend","hexamod:Sear","hexamod:SwordOfDarkness+1","hexamod:GhostShield","hexamod:ShieldOfDarkness+1","hexamod:SpectersWail","hexamod:NightmareStrike","hexamod:PowerFromBeyond","hexamod:SpectersWail","hexamod:TimeWarp","hexamod:AdvancingGuard+1","hexamod:GhostOfSpireFuture"],"relics":["hexamod:SpiritBrand","Ring of Panic","ReplayTheSpireMod:Ring of Collecting","ReplayTheSpireMod:Ring of Challenge","Replay:Bottled Eggs","Tiny Chest"],"acts_visited":["Exordium"],"potions_floor_usage":[8],"damage_taken":[{"damage":0,"enemies":"Jaw Worm","floor":2,"turns":4},{"damage":0,"enemies":"Small Slimes","floor":3,"turns":3},{"damage":1,"enemies":"Cultist","floor":6,"turns":3},{"damage":0,"enemies":"downfall:FleeingMerchant","floor":8,"turns":4},{"damage":5,"enemies":"downfall:FleeingMerchant","floor":9,"turns":4},{"damage":9,"enemies":"Red Slaver","floor":10,"turns":2},{"damage":25,"enemies":"3 Sentries","floor":13,"turns":9},{"damage":9,"enemies":"Exordium Wildlife","floor":15,"turns":3},{"damage":31,"enemies":"DF_ARCHETYPE_STREAMLINE","floor":16,"turns":6}],"seed_played":"1366519462588050279","potions_obtained":[{"floor":3,"key":"SteroidPotion"}],"is_trial":false,"path_per_floor":["R","M","M","?","?","M","T","$","$","M","R","?","E","?","M","B"],"character_chosen":"THE_SPIRIT","items_purchased":["hexamod:NightmareStrike"],"campfire_rested":0,"item_purchase_floors":[8],"current_hp_per_floor":[77,77,77,77,77,76,76,76,71,62,62,62,37,37,28,0,0,0],"gold":99,"neow_bonus":"TEN_PERCENT_HP_BONUS","is_daily":false,"chose_seed":false,"campfire_upgraded":1,"win_rate":0.0,"timestamp":1611935283,"path_taken":["R","M","M","?","?","?","T","?","$","M","R","?","E","?","M","BOSS"],"items_purchased_type":["Card"],"build_version":"2020-12-22","purchased_purges":1,"victory":false,"max_hp_per_floor":[77,77,77,77,77,77,77,77,77,77,77,77,77,77,77,77,77,77],"card_choices":[{"not_picked":["hexamod:AdvancingGuard","hexamod:SpectersWail"],"picked":"hexamod:SwordOfDarkness","floor":2},{"not_picked":["hexamod:HauntingEcho","hexamod:FlamesFromBeyond"],"picked":"hexamod:GhostShield","floor":3},{"not_picked":["hexamod:SwordOfDarkness","hexamod:GhostLash"],"picked":"hexamod:ShieldOfDarkness","floor":6},{"not_picked":["hexamod:FlamesFromBeyond","hexamod:PhantomFireball"],"picked":"hexamod:SpectersWail","floor":8},{"not_picked":["hexamod:InspiringFlames","hexamod:VolcanoVisage"],"picked":"hexamod:PowerFromBeyond","floor":9},{"not_picked":["hexamod:HeatMetal","hexamod:RadiantFlame"],"picked":"hexamod:SpectersWail","floor":10},{"not_picked":["hexamod:RecurringNightmare","hexamod:SecondSeal"],"picked":"hexamod:TimeWarp","floor":13},{"not_picked":["hexamod:HeatMetal","hexamod:NightmareStrike"],"picked":"hexamod:GhostOfSpireFuture","floor":15}],"player_experience":739251,"relics_obtained":[{"floor":4,"key":"Ring of Panic"},{"floor":4,"key":"ReplayTheSpireMod:Ring of Collecting"},{"floor":7,"key":"ReplayTheSpireMod:Ring of Challenge"},{"floor":7,"key":"Replay:Bottled Eggs"},{"floor":13,"key":"Tiny Chest"}],"event_choices":[],"is_beta":false,"boss_relics":[],"items_purged_floors":[8],"is_endless":false,"potions_floor_spawned":[3],"killed_by":"DF_ARCHETYPE_STREAMLINE","ascension_level":2}}