{"host":"6jrnojxwearbrjzo","time":1611934520,"event":{"mods":["BaseMod","Conspire","Marisa（F雨　魔理沙）","Minty Spire (QoL Compilation)","MostiFishMod","Quick Restart","Random Character Button","Shop Mod","Spicy Shops","StSLib","The Construct","The Servant 0.9.4","[功能]功能增强和修复MOD","篝火指南"],"gold_per_floor":[109,2,2,2,2,329,384,215,215,271,286,288,160,235,129,201,201,215,140,216,216,216,246,323,219,219,219,251,251,251,251,251,323,323,333,409,409,459,459,459,459,459,485,485,485,485,-915,-915,-915,-915,-915,-915,-915,-915,-887,-887],"floor_reached":57,"language":"ZHS","playtime":1497,"items_purged":["Strike_G","Defend_G","Defend_G","Defend_G","Defend_G","Defend_G","Strike_G","Strike_G","Pain","Strike_G","Doubt","Accuracy+1","Madness+1"],"score":3386,"play_id":"17623f1b-ba88-483f-aec8-2b3097905731","local_time":"20210129233520","is_ascension_mode":true,"campfire_choices":[{"floor":32.0,"key":"REST"},{"data":"MostiFishMod:PerfectForm+1","floor":40.0,"key":"SMITH"},{"data":"MostiFishMod:PerfectForm+2","floor":41.0,"key":"SMITH"},{"data":"Blade Dance","floor":42.0,"key":"SMITH"},{"data":"MostiFishMod:ShivMaster+1","floor":44.0,"key":"SMITH"},{"data":"MostiFishMod:ShivMaster+2","floor":46.0,"key":"SMITH"},{"floor":49.0,"key":"RECALL"},{"data":"MostiFishMod:MusicBox+1","floor":53.0,"key":"SMITH"}],"circlet_count":2,"master_deck":["AscendersBane","Terror+1","MostiFishMod:GrandStart+1","MostiFishMod:ShivMaster+4","MostiFishMod:PoisonShield+1","Reflex","MostiFishMod:Confrontation+1","MostiFishMod:AdrenalineArouse+2","Blade Dance+1","MostiFishMod:VineMother+1","MostiFishMod:PreservedThorns","Choke+1","Madness+1","MostiFishMod:PerfectForm+3","White Noise+1","ManaConvection+1","Underhanded Strike+1","Panache+1","MostiFishMod:MusicBox+2","DoubleSpark+1"],"relics":["DaveBox","JellyFishMachine","PatriotShield","SynthV:TestCard","ChiLing","Chi","Ling","Technique","Turnip","Old Coin","Letter Opener","MerchantsRug","HornCleat","Vajra","Gremlin Horn","Membership Card","conspire:TreasureMap","conspire:Dentures","Ninja Scroll","Civilization","DiscerningMonocle","Ancient Tea Set","Tiny Chest","Juzu Bracelet","Shuriken","BrkXgEgg","Lee\u0027s Waffle","Nunchaku","Omamori","Frozen Egg 2","Pear","Question Card","Potion Belt","Pen Nib","TheAbacus","TwistedFunnel","Letter Opener","FixedStarFall","MostiFishMod:AdaptiveDefenses","Orichalcum","Pantograph","Whetstone","Bronze Scales","Dodecahedron","Darkstone Periapt","Strawberry","TimeFreeze","Lizard Tail","Ornamental Fan","The Courier","conspire:DecoderRing","Boot","construct:BoolHorns","ArrowTower","Ancient Tea Set","ClockworkSouvenir","Regal Pillow","Bottled Tornado","Du-Vu Doll","Sundial","Dead Branch","Vajra","Snake Skull","Anchor","Snake Skull","Art of War","Dream Catcher","InkBottle","SynthV:C4","Happy Flower","Bottled Lightning","Whetstone","MealTicket","Centennial Puzzle","Omamori","Bottled Flame","Toy Ornithopter","conspire:GlowingRock","PreservedInsect","Regal Pillow","Matryoshka","Ice Cream","Toxic Egg 2","StrikeDummy","BionicSphere","TakeMeEscape","Chemical X","Unceasing Top","Mummified Hand","Meat on the Bone","Molten Egg 2","Blue Candle","Singing Bowl","Darkstone Periapt","Tough Bandages","Shovel","conspire:InfiniteJournal","OriginationStaff","CombinedTypeHook","conspire:GiftBox","Girya","DianDianMeat","The Specimen","DianPoetry","HollowDreamFlower","Pocketwatch","Calipers","ThornShield","CaptainsWheel","conspire:Boomerang","Gambling Chip","Ginger","Thread and Needle","StoneCalendar","MostiFishMod:Haymaker","WingedGreaves","DaCapo","SentryEyes","Torii","TungstenRod","Tingsha","Mango","Prayer Wheel","FossilizedHelix","Kunai","construct:RocketBooster","construct:FoamFinger","White Beast Statue","Coffee Dripper","conspire:TopHat","Bag of Preparation","PrismaticShard","Orrery","War Paint","Frozen Eye","Ying","Lantern","Circlet","Medical Kit","SynthV:MejaisSoulstealer"],"acts_visited":["Exordium","TheCity","TheBeyond","TheEnding"],"potions_floor_usage":[],"damage_taken":[{"damage":0.0,"enemies":"Cultist","floor":1.0,"turns":1.0},{"damage":2.0,"enemies":"3 Sentries","floor":6.0,"turns":1.0},{"damage":2.0,"enemies":"Lagavulin Event","floor":7.0,"turns":1.0},{"damage":2.0,"enemies":"Small Slimes","floor":11.0,"turns":1.0},{"damage":3.0,"enemies":"The Guardian","floor":16.0,"turns":1.0},{"damage":2.0,"enemies":"Chosen","floor":18.0,"turns":1.0},{"damage":2.0,"enemies":"conspire:Head Lice","floor":23.0,"turns":1.0},{"damage":2.0,"enemies":"Gremlin Leader","floor":28.0,"turns":1.0},{"damage":0.0,"enemies":"conspire:MysteriousRune","floor":33.0,"turns":1.0},{"damage":0.0,"enemies":"3 Darklings","floor":35.0,"turns":1.0},{"damage":0.0,"enemies":"Awakened One","floor":50.0,"turns":2.0},{"damage":0.0,"enemies":"conspire:OrnateMirror","floor":51.0,"turns":1.0},{"damage":0.0,"enemies":"Shield and Spear","floor":55.0,"turns":1.0},{"damage":0,"enemies":"The Heart","floor":56,"turns":4}],"seed_played":"3481394013675666840","potions_obtained":[{"floor":1.0,"key":"Explosive Potion"},{"floor":6.0,"key":"LiquidBronze"},{"floor":16.0,"key":"Dexterity Potion"},{"floor":18.0,"key":"GhostInAJar"},{"floor":28.0,"key":"Swift Potion"},{"floor":55.0,"key":"Dexterity Potion"},{"floor":55.0,"key":"Weak Potion"},{"floor":55.0,"key":"Dexterity Potion"}],"is_trial":false,"path_per_floor":["M","$","?","?","?","E","?","$","T","?","M","$","R","?","R","B",null,"M","?","$","?","$","E","T","R","T","?","E","$","?","?","R","B",null,"M","T","?","$","$","R","R","R","T","R","?","R","$","?","R","B","B",null,"R","$","E","B",null],"character_chosen":"THE_SILENT","items_purchased":["ChiLing","Technique","MerchantsRug","HornCleat","Vajra","Gremlin Horn","Membership Card","conspire:TreasureMap","conspire:Dentures","DuplicationPotion","Civilization","DiscerningMonocle","Ancient Tea Set","Tiny Chest","Juzu Bracelet","Shuriken","Choke","CunningPotion","BrkXgEgg","Lee\u0027s Waffle","Nunchaku","Omamori","Frozen Egg 2","Pear","Fruit Juice","Question Card","Potion Belt","Pen Nib","TheAbacus","TwistedFunnel","Letter Opener","MostiFishMod:AdaptiveDefenses","Orichalcum","Pantograph","Whetstone","Bronze Scales","Dodecahedron","Darkstone Periapt","Strawberry","TimeFreeze","Lizard Tail","Ornamental Fan","MostiFishMod:VineMother+1","FearPotion","Strength Potion","Strength Potion","Boot","construct:BoolHorns","ArrowTower","Ancient Tea Set","ClockworkSouvenir","MostiFishMod:PreservedThorns","Du-Vu Doll","Sundial","Dead Branch","Vajra","Snake Skull","Anchor","Snake Skull","Art of War","Dream Catcher","InkBottle","SynthV:C4","Happy Flower","Bottled Lightning","Whetstone","MealTicket","Centennial Puzzle","Omamori","Bottled Flame","Toy Ornithopter","conspire:GlowingRock","PreservedInsect","Regal Pillow","Matryoshka","Ice Cream","Toxic Egg 2","StrikeDummy","BionicSphere","TakeMeEscape","Chemical X","Unceasing Top","Mummified Hand","Meat on the Bone","Molten Egg 2","Blue Candle","Singing Bowl","Darkstone Periapt","Tough Bandages","Shovel","conspire:InfiniteJournal","OriginationStaff","CombinedTypeHook","conspire:GiftBox","Girya","DianDianMeat","The Specimen","DianPoetry","HollowDreamFlower","Pocketwatch","Calipers","ThornShield","CaptainsWheel","conspire:Boomerang","Gambling Chip","Ginger","Thread and Needle","StoneCalendar","MostiFishMod:Haymaker","WingedGreaves","DaCapo","SentryEyes","Torii","TungstenRod","Tingsha","Mango","Prayer Wheel","FossilizedHelix","Kunai","construct:RocketBooster","construct:FoamFinger","White Beast Statue","Bag of Preparation","PrismaticShard","Orrery","War Paint","Underhanded Strike+1","Frozen Eye","Ying","Panache+1","Medical Kit","MostiFishMod:MusicBox+1","SynthV:MejaisSoulstealer"],"campfire_rested":1,"item_purchase_floors":[2,2,8,8,8,8,8,8,8,8,12,12,12,12,12,12,12,12,13,13,13,13,13,13,13,15,15,15,15,15,15,20,20,20,20,20,20,22,22,22,22,22,22,22,22,22,25,25,25,25,25,25,29,29,29,29,29,29,29,29,29,29,29,29,29,29,29,29,29,29,29,29,29,29,29,29,29,29,29,29,29,29,29,29,29,29,29,29,29,29,29,29,29,29,29,29,29,29,29,29,29,29,29,29,29,29,29,29,29,29,29,29,29,29,29,29,29,29,29,29,29,29,38,38,38,38,38,39,39,39,47,47,47],"current_hp_per_floor":[59,59,59,41,41,39,37,37,37,37,35,35,88,77,77,75,86,86,86,86,86,93,94,94,94,94,64,66,82,82,82,128,135,135,143,143,123,164,182,182,182,182,182,182,182,182,191,191,191,196,201,201,201,201,216,221],"gold":-887,"neow_bonus":"BOSS_RELIC","is_daily":false,"chose_seed":false,"campfire_upgraded":6,"win_rate":0.0,"timestamp":1611934520,"path_taken":["M","$","?","?","?","E","?","?","T","?","?","$","R","?","R","BOSS","M","?","$","?","$","E","?","R","T","?","E","$","?","?","R","BOSS","M","?","?","$","$","R","R","R","T","R","?","R","$","?","R","BOSS","BOSS","R","$","E","BOSS"],"items_purchased_type":["Relic","Relic","Relic","Relic","Relic","Relic","Relic","Relic","Relic","Potion","Relic","Relic","Relic","Relic","Relic","Relic","Card","Potion","Relic","Relic","Relic","Relic","Relic","Relic","Potion","Relic","Relic","Relic","Relic","Relic","Relic","Relic","Relic","Relic","Relic","Relic","Relic","Relic","Relic","Relic","Relic","Relic","Card","Potion","Potion","Potion","Relic","Relic","Relic","Relic","Relic","Card","Relic","Relic","Relic","Relic","Relic","Relic","Relic","Relic","Relic","Relic","Relic","Relic","Relic","Relic","Relic","Relic","Relic","Relic","Relic","Relic","Relic","Relic","Relic","Relic","Relic","Relic","Relic","Relic","Relic","Relic","Relic","Relic","Relic","Relic","Relic","Relic","Relic","Relic","Relic","Relic","Relic","Relic","Relic","Relic","Relic","Relic","Relic","Relic","Relic","Relic","Relic","Relic","Relic","Relic","Relic","Relic","Relic","Relic","Relic","Relic","Relic","Relic","Relic","Relic","Relic","Relic","Relic","Relic","Relic","Relic","Relic","Relic","Relic","Relic","Card","Relic","Relic","Card","Relic","Card","Relic"],"build_version":"2020-12-22","purchased_purges":13,"victory":true,"max_hp_per_floor":[66,66,66,66,66,66,66,66,66,66,66,66,88,88,88,89,89,91,91,91,91,98,101,101,101,101,106,110,126,126,126,128,135,135,143,143,148,174,182,182,182,182,182,182,182,182,191,191,191,196,201,201,201,201,216,221],"card_choices":[{"not_picked":["Backflip","Deadly Poison"],"picked":"Dagger Throw","floor":1.0},{"not_picked":["Leg Sweep","conspire:PoisonWeapons","Bane","MostiFishMod:PerfectParry"],"picked":"MostiFishMod:PreservedThorns","floor":6.0},{"not_picked":["Quick Slash","Calculated Gamble","Deadly Poison","Infinite Blades","Deflect"],"picked":"SKIP","floor":11.0},{"not_picked":["Grand Finale+1","MostiFishMod:Wind+1","Malaise+1","MostiFishMod:AdrenalineArouse+1","MostiFishMod:Neurotoxin+1"],"picked":"Venomology+1","floor":16.0},{"not_picked":["Flying Knee","Terror","Underhanded Strike","Acrobatics","conspire:DoublingDagger+1"],"picked":"Reflex","floor":18.0},{"not_picked":["Blade Dance","MostiFishMod:Neurotoxin+1","Slice","Backflip","Noxious Fumes+1","Backstab"],"picked":"SKIP","floor":23.0},{"not_picked":["Dagger Spray","Dagger Throw","Bane","Dodge and Roll","Deadly Poison","MostiFishMod:InvigoratingSolution"],"picked":"SKIP","floor":28.0},{"not_picked":["MostiFishMod:Wind+1","Glass Knife+1","A Thousand Cuts+1","Burst+1"],"picked":"Singing Bowl","floor":29.0},{"not_picked":["Slice+1","Cloak And Dagger+1","PiercingWail+1","Reflex+1","MostiFishMod:HiddenBlade+1","Leg Sweep+1"],"picked":"Singing Bowl","floor":32.0},{"not_picked":["Venomology+1","MostiFishMod:AdrenalineArouse+1","MostiFishMod:Listen+1","Malaise+1","Storm of Steel+1","MostiFishMod:ShivMaster+1"],"picked":"Singing Bowl","floor":33.0},{"not_picked":["Slice+1","MostiFishMod:FrostNova+1","Dodge and Roll+1","Quick Slash+1","Footwork+1"],"picked":"Choke+1","floor":35.0},{"not_picked":["Acrobatics+1","Outmaneuver+1","Riddle With Holes+1","Flying Knee+1","Masterful Stab+1","Reflex+1"],"picked":"Singing Bowl","floor":35.0},{"not_picked":["Acceleration+1","Flying Knee+1","Dash+1","Calculated Gamble+1","Streamline+1"],"picked":"MostiFishMod:PerfectForm+1","floor":38.0},{"not_picked":["Dramatic Entrance+1","construct:Versatility+1","Carnage+1","Beam Cell+1","EmptyBody+1"],"picked":"White Noise+1","floor":38.0},{"not_picked":["SashWhip+1","All Out Attack+1","WaveOfTheHand+1","Twin Strike+1","GasGiant+1","Sword Boomerang+1"],"picked":"Singing Bowl","floor":38.0},{"not_picked":["Slice+1","MostiFishMod:Opportunism+1","construct:LaserCore+1","MostiFishMod:LinkProtocol+1","Spin+1"],"picked":"ManaConvection+1","floor":38.0},{"not_picked":["Protect+1","Prepared+1","Ghostly Armor+1","JustLucky+1","Rupture+1","6A+1"],"picked":"Singing Bowl","floor":38.0},{"not_picked":["Halt+1","OpenUniverse+1","MostiFishMod:KamiSmash+1","Rewind+1","SporeBomb+1"],"picked":"DoubleSpark+1","floor":55.0}],"player_experience":128331,"relics_obtained":[{"floor":1.0,"key":"SynthV:TestCard"},{"floor":6.0,"key":"Old Coin"},{"floor":7.0,"key":"Letter Opener"},{"floor":9.0,"key":"Ninja Scroll"},{"floor":23.0,"key":"The Courier"},{"floor":24.0,"key":"conspire:DecoderRing"},{"floor":26.0,"key":"Regal Pillow"},{"floor":28.0,"key":"Bottled Tornado"},{"floor":36.0,"key":"conspire:TopHat"},{"floor":43.0,"key":"Lantern"},{"floor":43.0,"key":"Circlet"},{"floor":55.0,"key":"Circlet"}],"event_choices":[{"damage_healed":0.0,"max_hp_gain":0.0,"max_hp_loss":0.0,"gold_gain":0.0,"event_name":"conspire:LoneGhost","player_choice":"Disagree","floor":3.0,"gold_loss":0.0,"damage_taken":0.0},{"damage_healed":0.0,"max_hp_gain":0.0,"max_hp_loss":0.0,"gold_gain":0.0,"event_name":"Scrap Ooze","player_choice":"Success","floor":4.0,"gold_loss":0.0,"damage_taken":18.0,"relics_obtained":["Turnip"]},{"damage_healed":0.0,"max_hp_gain":0.0,"max_hp_loss":0.0,"gold_gain":0.0,"cards_transformed":["Strike_G"],"event_name":"Living Wall","player_choice":"Change","floor":5.0,"gold_loss":0.0,"damage_taken":0.0,"cards_obtained":["MostiFishMod:LethalBlade"]},{"damage_healed":0.0,"max_hp_gain":0.0,"max_hp_loss":0.0,"gold_gain":0.0,"event_name":"Dead Adventurer","player_choice":"Searched \u00271\u0027 times","floor":7.0,"gold_loss":0.0,"damage_taken":0.0},{"damage_healed":0.0,"max_hp_gain":0.0,"max_hp_loss":0.0,"gold_gain":56.0,"event_name":"Golden Wing","player_choice":"Gained Gold","floor":10.0,"gold_loss":0.0,"damage_taken":0.0},{"damage_healed":0.0,"max_hp_gain":0.0,"max_hp_loss":0.0,"gold_gain":75.0,"event_name":"World of Goop","player_choice":"Gather Gold","floor":14.0,"gold_loss":0.0,"damage_taken":11.0},{"damage_healed":0.0,"max_hp_gain":0.0,"max_hp_loss":0.0,"gold_gain":0.0,"cards_transformed":["Outmaneuver","Flying Knee"],"event_name":"Designer","player_choice":"Transformed Cards","floor":19.0,"gold_loss":75.0,"damage_taken":0.0,"cards_obtained":["MostiFishMod:Confrontation","MostiFishMod:AdrenalineArouse"]},{"damage_healed":0.0,"max_hp_gain":0.0,"max_hp_loss":0.0,"gold_gain":0.0,"event_name":"The Library","player_choice":"Read","floor":21.0,"gold_loss":0.0,"damage_taken":0.0,"cards_obtained":["Blade Dance"]},{"damage_healed":0.0,"max_hp_gain":5.0,"max_hp_loss":0.0,"gold_gain":0.0,"event_name":"Forgotten Altar","player_choice":"Shed Blood","floor":27.0,"gold_loss":0.0,"damage_taken":35.0},{"damage_healed":0.0,"max_hp_gain":0.0,"max_hp_loss":0.0,"gold_gain":0.0,"event_name":"Ghosts","player_choice":"Ignored","floor":30.0,"gold_loss":0.0,"damage_taken":0.0},{"damage_healed":0.0,"max_hp_gain":0.0,"max_hp_loss":0.0,"gold_gain":0.0,"event_name":"Beggar","player_choice":"Ignored","floor":31.0,"gold_loss":0.0,"damage_taken":0.0},{"damage_healed":0.0,"max_hp_gain":0.0,"max_hp_loss":0.0,"gold_gain":0.0,"event_name":"Winding Halls","player_choice":"Embrace Madness","floor":37.0,"gold_loss":0.0,"damage_taken":26.0,"cards_obtained":["Madness","Madness"]},{"damage_healed":0.0,"max_hp_gain":0.0,"max_hp_loss":0.0,"gold_gain":0.0,"event_name":"Accursed Blacksmith","player_choice":"Forge","floor":48.0,"gold_loss":0.0,"damage_taken":0.0,"cards_upgraded":["MostiFishMod:ShivMaster"]}],"is_beta":false,"boss_relics":[{"not_picked":["Philosopher\u0027s Stone","ExusiaiGun"],"picked":"FixedStarFall"},{"not_picked":["HoveringKite","conspire:SpecialSausage"],"picked":"Coffee Dripper"}],"items_purged_floors":[2,2,2,2,2,2,2,2,8,12,13,20,38],"is_endless":false,"potions_floor_spawned":[1,6,6,7,16,18,23,23,23,28,33,33,33,35,35,35,55,55,55],"ascension_level":20}}