{"host":"8abfg9qscoja4hwf","time":1611931465,"event":{"mods":["AchievementEnabler","BaseMod","Colored Powertips","Highlight Path","Minty Spire (QoL Compilation)","Quick Restart","Relic Stats","Slay-I","slay the spire mod where everything is the same but ironclad has a cowboy hat"],"gold_per_floor":[113,124,124,124,134,153,5,30,104,379,379,394,394,406,406,502,502,521,536,536,536,536],"floor_reached":21,"language":"ENG","playtime":1264,"items_purged":[],"score":226,"play_id":"83c798fd-9c98-498d-9804-8afc41a7c24d","local_time":"20210129144425","is_ascension_mode":true,"campfire_choices":[{"floor":11,"key":"REST"},{"floor":13,"key":"REST"},{"floor":15,"key":"RECALL"}],"circlet_count":0,"master_deck":["Strike_R","Strike_R","Strike_R","Strike_R","Strike_R","Defend_R","Defend_R","Defend_R","Defend_R","Bash","The Bomb+1","Cleave","Cleave","Pain","Metallicize","Heavy Blade","Reckless Charge","Regret","Cleave","Sword Boomerang","Barricade","Feel No Pain+1","Shockwave"],"relics":["Burning Blood","WarpedTongs","Regal Pillow","Lizard Tail","Pear","SacredBark"],"acts_visited":["Exordium","TheCity"],"potions_floor_usage":[8,16,19,21,21],"damage_taken":[{"damage":11,"enemies":"Cultist","floor":1,"turns":4},{"damage":9,"enemies":"2 Louse","floor":2,"turns":2},{"damage":7,"enemies":"Small Slimes","floor":5,"turns":3},{"damage":41,"enemies":"Exordium Thugs","floor":6,"turns":5},{"damage":20,"enemies":"Lagavulin","floor":8,"turns":4},{"damage":19,"enemies":"Lots of Slimes","floor":12,"turns":3},{"damage":14,"enemies":"Blue Slaver","floor":14,"turns":3},{"damage":59,"enemies":"Hexaghost","floor":16,"turns":8},{"damage":51,"enemies":"2 Thieves","floor":18,"turns":4},{"damage":19,"enemies":"Spheric Guardian","floor":19,"turns":4},{"damage":60,"enemies":"Cultist and Chosen","floor":21,"turns":6}],"seed_played":"8993809239998220674","potions_obtained":[{"floor":2,"key":"Swift Potion"},{"floor":5,"key":"CultistPotion"},{"floor":12,"key":"Energy Potion"},{"floor":14,"key":"BlessingOfTheForge"},{"floor":16,"key":"AttackPotion"}],"is_trial":false,"path_per_floor":["M","M","?","?","M","M","$","E","T","?","R","M","R","M","R","B",null,"M","M","?","M"],"character_chosen":"IRONCLAD","items_purchased":["Regal Pillow"],"campfire_rested":2,"item_purchase_floors":[7],"current_hp_per_floor":[67,64,64,64,63,28,28,14,24,24,63,50,82,74,74,21,67,22,9,9,0,0],"gold":536,"neow_bonus":"RANDOM_COLORLESS_2","is_daily":false,"chose_seed":false,"campfire_upgraded":0,"win_rate":0.0,"timestamp":1611931465,"path_taken":["M","M","?","?","M","?","?","E","T","?","R","M","R","?","R","BOSS","M","?","?","M"],"items_purchased_type":["Relic"],"build_version":"2020-12-22","purchased_purges":0,"victory":false,"max_hp_per_floor":[72,72,72,72,72,72,72,72,82,82,82,82,82,82,82,82,82,82,82,82,82,82],"relic_stats":{"Regal Pillow":23,"Lizard Tail":41,"counters":[11,46],"obtain_stats":[{"Regal Pillow":7,"Lizard Tail":8,"Pear":9,"SacredBark":17,"Burning Blood":0,"WarpedTongs":4},{"Regal Pillow":4,"Lizard Tail":5,"Pear":5,"SacredBark":8,"Burning Blood":0,"WarpedTongs":2},{"Regal Pillow":14,"Lizard Tail":18,"Pear":18,"SacredBark":32,"Burning Blood":0,"WarpedTongs":6}],"Burning Blood":60,"WarpedTongs":[39]},"card_choices":[{"not_picked":["Apotheosis","Metamorphosis"],"picked":"The Bomb","floor":0},{"not_picked":["Headbutt","Dropkick"],"picked":"Cleave","floor":1},{"not_picked":["Dropkick","Clash"],"picked":"Cleave","floor":2},{"not_picked":["Body Slam","Power Through"],"picked":"Metallicize","floor":5},{"not_picked":["True Grit","Warcry"],"picked":"Heavy Blade","floor":6},{"not_picked":["Bloodletting","Berserk"],"picked":"Reckless Charge","floor":8},{"not_picked":["Hemokinesis","Iron Wave"],"picked":"Cleave","floor":12},{"not_picked":["Searing Blow","Whirlwind"],"picked":"Sword Boomerang","floor":14},{"not_picked":["Bludgeon","Demon Form"],"picked":"Barricade","floor":16},{"not_picked":["Clothesline+1","Second Wind+1"],"picked":"Feel No Pain+1","floor":18},{"not_picked":["Pommel Strike+1","Spot Weakness"],"picked":"Shockwave","floor":19}],"player_experience":361899,"relics_obtained":[{"floor":8,"key":"Lizard Tail"},{"floor":9,"key":"Pear"}],"event_choices":[{"damage_healed":0,"gold_gain":0,"player_choice":"Grow","damage_taken":0,"max_hp_gain":0,"max_hp_loss":0,"event_name":"Living Wall","floor":3,"gold_loss":0,"cards_upgraded":["The Bomb"]},{"damage_healed":0,"gold_gain":0,"player_choice":"Rummage","damage_taken":0,"relics_obtained":["WarpedTongs"],"max_hp_gain":0,"max_hp_loss":0,"event_name":"Accursed Blacksmith","floor":4,"gold_loss":0,"cards_obtained":["Pain"]},{"damage_healed":0,"gold_gain":275,"player_choice":"Desecrate","damage_taken":0,"max_hp_gain":0,"max_hp_loss":0,"event_name":"Golden Shrine","floor":10,"gold_loss":0,"cards_obtained":["Regret"]},{"damage_healed":0,"gold_gain":0,"player_choice":"Ignored","damage_taken":0,"max_hp_gain":0,"max_hp_loss":0,"event_name":"Ghosts","floor":20,"gold_loss":0}],"is_beta":false,"boss_relics":[{"not_picked":["Runic Pyramid","Busted Crown"],"picked":"SacredBark"}],"items_purged_floors":[],"is_endless":false,"potions_floor_spawned":[2,5,12,14,16],"killed_by":"Cultist and Chosen","ascension_level":5}}