{"host":"qekv59dthhdg54sz","time":1611922469,"event":{"mods":["AchievementEnabler","BaseMod","Colored Map","DeckTracker","KOR Keyword Fix","Minty Spire (QoL Compilation)","Rare Cards Sparkle","StSLib","SuperFastMode"],"gold_per_floor":[114,114,114,114,129,157,157,170,170,189,202,9,28,39,39,116,116,126,56,69,69,87,114,114,114,161,179,58,75,108,120,120,193,193,207,220,232,245,22,22,56,56,56,56,85,85,110,135,135,135],"floor_reached":51,"language":"KOR","playtime":1877,"items_purged":["Strike_R","Strike_R"],"score":1863,"play_id":"0832fdfa-7808-4bf0-9e74-ba75c54d2a69","local_time":"20210129211429","is_ascension_mode":true,"campfire_choices":[{"data":"Exhume","floor":7.0,"key":"SMITH"},{"data":"Seeing Red","floor":15.0,"key":"SMITH"},{"floor":24,"key":"REST"},{"floor":32,"key":"REST"},{"floor":40,"key":"REST"},{"data":"Sever Soul","floor":42,"key":"SMITH"},{"data":"True Grit","floor":49,"key":"SMITH"}],"circlet_count":0,"master_deck":["AscendersBane","Defend_R","Defend_R","Defend_R","Power Through","Exhume+1","Body Slam","Pommel Strike","Shockwave","Shrug It Off","True Grit+1","Seeing Red+1","Impervious","True Grit","Havoc","Brutality","Disarm","Feel No Pain","Feel No Pain","Flex","Clumsy","Sever Soul+1","Rupture","Evolve","Corruption","Shrug It Off","Entrench","Offering","Clumsy"],"relics":["Burning Blood","NeowsBlessing","Dead Branch","The Courier","Cursed Key","White Beast Statue","Art of War","Vajra","Snecko Eye","InkBottle","Self Forming Clay","Regal Pillow","Thread and Needle"],"acts_visited":["Exordium","TheCity","TheBeyond"],"potions_floor_usage":[23,30,37],"damage_taken":[{"damage":0.0,"enemies":"Small Slimes","floor":1.0,"turns":1.0},{"damage":0.0,"enemies":"2 Louse","floor":5.0,"turns":1.0},{"damage":0.0,"enemies":"Lagavulin","floor":6.0,"turns":1.0},{"damage":4.0,"enemies":"Cultist","floor":8.0,"turns":4.0},{"damage":14.0,"enemies":"Gremlin Gang","floor":10.0,"turns":7.0},{"damage":4.0,"enemies":"2 Fungi Beasts","floor":11.0,"turns":4.0},{"damage":6.0,"enemies":"3 Louse","floor":13.0,"turns":2.0},{"damage":1.0,"enemies":"Exordium Wildlife","floor":14.0,"turns":3.0},{"damage":35.0,"enemies":"Hexaghost","floor":16.0,"turns":9.0},{"damage":5,"enemies":"Shell Parasite","floor":18,"turns":5},{"damage":5,"enemies":"Chosen","floor":20,"turns":6},{"damage":32,"enemies":"Sentry and Sphere","floor":22,"turns":6},{"damage":15,"enemies":"Gremlin Leader","floor":23,"turns":7},{"damage":16,"enemies":"Centurion and Healer","floor":27,"turns":9},{"damage":15,"enemies":"Chosen and Byrds","floor":29,"turns":6},{"damage":8,"enemies":"Slavers","floor":30,"turns":4},{"damage":20,"enemies":"Snake Plant","floor":31,"turns":4},{"damage":55,"enemies":"Collector","floor":33,"turns":11},{"damage":9,"enemies":"3 Shapes","floor":35,"turns":2},{"damage":0,"enemies":"3 Darklings","floor":36,"turns":5},{"damage":27,"enemies":"Jaw Worm Horde","floor":37,"turns":4},{"damage":2,"enemies":"Sphere and 2 Shapes","floor":38,"turns":4},{"damage":1,"enemies":"Nemesis","floor":41,"turns":3},{"damage":4,"enemies":"Giant Head","floor":45,"turns":2},{"damage":6,"enemies":"Reptomancer","floor":47,"turns":2},{"damage":9,"enemies":"Mind Bloom Boss Battle","floor":48,"turns":3},{"damage":15,"enemies":"Awakened One","floor":50,"turns":5}],"seed_played":"-2643044988707778639","potions_obtained":[{"floor":1.0,"key":"Block Potion"},{"floor":6.0,"key":"FairyPotion"},{"floor":14.0,"key":"Fire Potion"},{"floor":27,"key":"PowerPotion"},{"floor":30,"key":"LiquidBronze"},{"floor":33,"key":"AttackPotion"},{"floor":35,"key":"Swift Potion"},{"floor":36,"key":"HeartOfIron"},{"floor":37,"key":"LiquidMemories"},{"floor":38,"key":"ElixirPotion"}],"is_trial":false,"path_per_floor":["M","?","?","?","M","E","R","M","T","M","M","$","M","M","R","B",null,"M","$","M","?","M","E","R","?","T","M","$","M","E","M","R","B",null,"M","M","M","M","$","R","E","R","T","?","E","$","E","?","R","B",null],"character_chosen":"IRONCLAD","items_purchased":["True Grit","Seeing Red","Impervious","Feel No Pain","Rupture","Offering"],"campfire_rested":3,"item_purchase_floors":[12,12,12,19,28,39],"current_hp_per_floor":[74,79,72,72,78,80,80,80,80,72,74,74,74,79,79,50,73,74,74,75,75,49,40,64,64,64,54,54,45,43,29,53,28,67,64,70,49,53,53,77,80,80,80,80,80,80,80,77,77,68],"gold":135,"neow_bonus":"THREE_ENEMY_KILL","is_daily":false,"chose_seed":false,"campfire_upgraded":4,"win_rate":0.0,"timestamp":1611922469,"path_taken":["M","?","?","?","M","E","R","?","T","M","M","$","M","M","R","BOSS","M","$","?","?","M","E","R","?","T","M","?","M","E","?","R","BOSS","M","M","M","M","$","R","E","R","T","?","E","$","E","?","R","BOSS"],"items_purchased_type":["Card","Card","Card","Card","Card","Card"],"build_version":"2020-12-22","purchased_purges":2,"victory":true,"max_hp_per_floor":[75,80,80,80,80,80,80,80,80,80,80,80,80,80,80,80,80,80,80,80,80,80,80,80,80,80,80,80,80,80,80,80,80,80,80,80,80,80,80,80,80,80,80,80,80,80,80,80,80,80],"card_choices":[{"not_picked":["Bloodletting","Pommel Strike"],"picked":"Power Through","floor":1.0},{"not_picked":["Perfected Strike","Twin Strike"],"picked":"Body Slam","floor":5.0},{"not_picked":["Thunderclap","Sword Boomerang","Uppercut"],"picked":"SKIP","floor":6.0},{"not_picked":["Flame Barrier","Thunderclap"],"picked":"Pommel Strike","floor":8.0},{"not_picked":["Perfected Strike","Twin Strike"],"picked":"Shockwave","floor":10.0},{"not_picked":["Heavy Blade","Reckless Charge"],"picked":"Shrug It Off","floor":11.0},{"not_picked":["Perfected Strike","Iron Wave"],"picked":"True Grit","floor":13.0},{"not_picked":["Bloodletting","True Grit"],"picked":"Havoc","floor":14.0},{"not_picked":["Immolate","Bludgeon"],"picked":"Brutality","floor":16.0},{"not_picked":["Power Through","Reckless Charge"],"picked":"Disarm","floor":18},{"not_picked":["Warcry+1","Sword Boomerang","Clothesline"],"picked":"SKIP","floor":20},{"not_picked":["Twin Strike","Armaments","Feel No Pain+1"],"picked":"SKIP","floor":22},{"not_picked":["Blood for Blood","Cleave","Thunderclap+1"],"picked":"SKIP","floor":23},{"not_picked":["Burning Pact","Flex"],"picked":"Sever Soul","floor":27},{"not_picked":["Heavy Blade","Iron Wave"],"picked":"Evolve","floor":29},{"not_picked":["Metallicize","Dual Wield","Perfected Strike"],"picked":"SKIP","floor":30},{"not_picked":["Searing Blow","Body Slam","Fire Breathing"],"picked":"SKIP","floor":31},{"not_picked":["Brutality","Bludgeon"],"picked":"Corruption","floor":33},{"not_picked":["True Grit","Anger+1","Perfected Strike+1"],"picked":"SKIP","floor":35},{"not_picked":["Heavy Blade","Havoc","Anger+1"],"picked":"SKIP","floor":36},{"not_picked":["Clothesline","Pommel Strike"],"picked":"Shrug It Off","floor":37},{"not_picked":["Clothesline+1","Shrug It Off"],"picked":"Entrench","floor":38},{"not_picked":["Fire Breathing","Warcry","Double Tap"],"picked":"SKIP","floor":41},{"not_picked":["Sword Boomerang","Iron Wave","Anger+1"],"picked":"SKIP","floor":45},{"not_picked":["Anger","Hemokinesis","Metallicize+1"],"picked":"SKIP","floor":47}],"player_experience":871677,"relics_obtained":[{"floor":6.0,"key":"Dead Branch"},{"floor":9.0,"key":"The Courier"},{"floor":23,"key":"White Beast Statue"},{"floor":26,"key":"Art of War"},{"floor":30,"key":"Vajra"},{"floor":43,"key":"InkBottle"},{"floor":45,"key":"Self Forming Clay"},{"floor":47,"key":"Regal Pillow"},{"floor":48,"key":"Thread and Needle"}],"event_choices":[{"damage_healed":0.0,"max_hp_gain":5.0,"max_hp_loss":0.0,"gold_gain":0.0,"event_name":"Big Fish","player_choice":"Donut","floor":2.0,"gold_loss":0.0,"damage_taken":0.0},{"cards_removed":["Defend_R"],"damage_healed":0.0,"max_hp_gain":0.0,"max_hp_loss":0.0,"gold_gain":0.0,"event_name":"Golden Wing","player_choice":"Card Removal","floor":3.0,"gold_loss":0.0,"damage_taken":7.0},{"damage_healed":0.0,"max_hp_gain":0.0,"max_hp_loss":0.0,"gold_gain":0.0,"cards_transformed":["Strike_R"],"event_name":"Transmorgrifier","player_choice":"Transformed","floor":4.0,"gold_loss":0.0,"damage_taken":0.0,"cards_obtained":["Exhume"]},{"damage_healed":0,"gold_gain":0,"cards_transformed":["Strike_R","Strike_R"],"player_choice":"Became Test Subject","damage_taken":0,"max_hp_gain":0,"max_hp_loss":0,"event_name":"Drug Dealer","floor":21,"gold_loss":0,"cards_obtained":["Feel No Pain","Flex"]},{"damage_healed":0,"gold_gain":0,"player_choice":"Ignored","damage_taken":0,"max_hp_gain":0,"max_hp_loss":0,"event_name":"The Mausoleum","floor":25,"gold_loss":0},{"cards_removed":["Bash"],"damage_healed":0,"gold_gain":0,"player_choice":"Removed Attack","damage_taken":0,"max_hp_gain":0,"max_hp_loss":0,"event_name":"Falling","floor":44,"gold_loss":0},{"damage_healed":0,"gold_gain":0,"player_choice":"Fight","damage_taken":0,"max_hp_gain":0,"max_hp_loss":0,"event_name":"MindBloom","floor":48,"gold_loss":0}],"is_beta":false,"boss_relics":[{"not_picked":["Calling Bell","Velvet Choker"],"picked":"Cursed Key"},{"not_picked":["Pandora\u0027s Box","Black Star"],"picked":"Snecko Eye"}],"items_purged_floors":[28,39],"is_endless":false,"potions_floor_spawned":[1,6,14,18,27,29,30,31,33,35,36,37,38,41,45,47,48],"ascension_level":18}}