{"host":"juoup3p5tvzzktl5","time":1611905394,"event":{"mods":["ATMod(∞¢Ë™Mod)","Aspiration","BaseMod","Better Vampires","BetterRewards","Colored Map","Colored Powertips","Friendly Minions","GifTheSpireLib","Hermit","Hubris","Infinite Spire","KinomotoSakuraMod(ƒæ÷Æ±æ”£)","Koishi","KomeijiMod","Marisa£®ÏF”Í°°ƒß¿Ì…≥£©","Minty Spire (QoL Compilation)","Quick Restart","Reimu£®≤©¿ˆ¡È√Œ£©","Relic Filter Mod","Reliquary","Replay The Spire","Shop Mod","StSLib","The Administrix","The Alterego","The Bug Knight","The Construct","The Cursed","The Jungle","The Mystic","The Runesmith","The Senshi","Youmu£®ªÍ∆«—˝√Œ£©","Yuyuko"],"gold_per_floor":[109,109,128,145,145,178,178,178,203,236,236,246,246,265,265,367,367,379,379,393,443,460,490,490,540,540,556,620,649,668,694,706,817,929,959,971,1065,1161,1261,1388,1400,1521,1533,1664,1676,1814,1975,1987,1999,2011],"floor_reached":51,"language":"ZHS","playtime":1424,"items_purged":[],"score":813,"play_id":"26192015-be7a-46a8-ac4d-8232e3a92ad2","local_time":"20210129162954","daily_mods":["SealedDeck","Vintage","Heirloom","Time Dilation"],"is_ascension_mode":false,"campfire_choices":[{"data":"Flex","floor":8,"key":"SMITH"},{"data":"Flex","floor":11,"key":"SMITH"},{"data":"Heavy Blade","floor":13,"key":"SMITH"},{"data":"Sword Boomerang","floor":15,"key":"SMITH"},{"data":"1","floor":32,"key":"LIFT"},{"data":"2","floor":41,"key":"LIFT"},{"data":"3","floor":49,"key":"LIFT"}],"circlet_count":0,"master_deck":["Rampage","Heavy Blade+1","Sword Boomerang+1","Flex+1","Wild Strike","Clash","Flex+1","Perfected Strike","Perfected Strike","Perfected Strike","Limit Break+1","Pommel Strike","Decay","Sword Boomerang","Limit Break"],"relics":["Burning Blood","AT_ATBox","Thread and Needle","Dream Catcher","aspiration:SeaSaltIceCream","Ice Cream","Strawberry","reliquary:ExpiredCoupon","NeowsBlessing","Meat on the Bone","SsserpentHead","Pet Ghost","Darkstone Periapt","infinitespire:EmpoweringShard","PreservedInsect","RedLine:ReiMu","AT_LudenTempest","Girya","MutagenicStrength","Mummified Hand","Replay:WaspNest","Gremlin Horn","War Paint","reliquary:BoilingFlask","Singing Bowl","MawBank","Smiling Mask","Replay:Wanted Poster","Anchor","infinitespire:EvilPickle","Shuriken","ReplayFunnel","aspiration:FetidBarrel","infinitespire:Golems Mask","reliquary:IridiumChain","reliquary:Stiletto","Orichalcum","Oddly Smooth Stone"],"acts_visited":["Exordium","TheCity","TheBeyond"],"potions_floor_usage":[46,50],"damage_taken":[{"damage":0,"enemies":"2 Louse","floor":1,"turns":1},{"damage":0,"enemies":"Cultist","floor":3,"turns":1},{"damage":0,"enemies":"Small Slimes","floor":4,"turns":2},{"damage":0,"enemies":"Gremlin Nob","floor":6,"turns":1},{"damage":0,"enemies":"3 Sentries","floor":10,"turns":1},{"damage":0,"enemies":"Red Slaver","floor":12,"turns":1},{"damage":0,"enemies":"Looter","floor":14,"turns":1},{"damage":6,"enemies":"Fading Forest","floor":16,"turns":11},{"damage":6,"enemies":"3 Byrds","floor":18,"turns":3},{"damage":1,"enemies":"2 Thieves","floor":20,"turns":2},{"damage":0,"enemies":"Sentry and Sphere","floor":22,"turns":2},{"damage":0,"enemies":"Gremlin Leader","floor":23,"turns":1},{"damage":0,"enemies":"Shelled Parasite and Fungi","floor":27,"turns":1},{"damage":13,"enemies":"Chosen and Byrds","floor":28,"turns":2},{"damage":0,"enemies":"Book of Stabbing","floor":29,"turns":1},{"damage":0,"enemies":"3 Cultists","floor":30,"turns":1},{"damage":0,"enemies":"Cultist and Chosen","floor":31,"turns":1},{"damage":20,"enemies":"Pondfish","floor":33,"turns":3},{"damage":0,"enemies":"3 Darklings","floor":35,"turns":1},{"damage":0,"enemies":"3 Shapes","floor":37,"turns":1},{"damage":0,"enemies":"Maw","floor":38,"turns":2},{"damage":0,"enemies":"3 Darklings","floor":39,"turns":1},{"damage":0,"enemies":"Nemesis","floor":40,"turns":1},{"damage":0,"enemies":"Transient","floor":42,"turns":3},{"damage":0,"enemies":"Writhing Mass","floor":44,"turns":1},{"damage":0,"enemies":"Spire Growth","floor":46,"turns":1},{"damage":0,"enemies":"Nightmare","floor":47,"turns":2},{"damage":7,"enemies":"Time Eater","floor":50,"turns":2}],"seed_played":"5160701516318325873","potions_obtained":[{"floor":1,"key":"LifebloodPotion"},{"floor":10,"key":"BloodPotion"},{"floor":12,"key":"Regen Potion"},{"floor":16,"key":"SpeedPotion"},{"floor":46,"key":"SteroidPotion"}],"is_trial":true,"path_per_floor":["M","?","M","M","WH","E","?","R","T","E","R","M","R","M","R","B",null,"M","WH","M","?","M","E","WH","?","T","M","M","E","M","M","R","B",null,"M","WH","M","M","M","E","R","M","T","M","WH","M","NM","WH","R","B",null],"character_chosen":"IRONCLAD","items_purchased":[],"campfire_rested":0,"item_purchase_floors":[],"current_hp_per_floor":[80,80,87,87,87,87,87,87,87,87,87,87,87,87,87,87,87,87,95,95,95,95,95,104,110,110,110,103,110,110,110,110,96,110,110,121,121,121,121,123,123,123,123,123,135,135,137,150,150,149],"gold":2023,"neow_bonus":"TEN_PERCENT_HP_BONUS","is_daily":false,"chose_seed":false,"campfire_upgraded":4,"win_rate":0.0,"timestamp":1611905394,"path_taken":["M","?","?","M","WH","E","?","R","T","E","R","M","R","M","R","BOSS","M","WH","M","?","M","E","WH","?","T","M","?","E","M","M","R","BOSS","M","WH","M","M","M","E","R","M","T","M","WH","M","NM","WH","R","BOSS"],"items_purchased_type":[],"build_version":"2020-12-22","purchased_purges":0,"victory":true,"max_hp_per_floor":[80,80,87,87,87,87,87,87,87,87,87,87,87,87,87,87,87,87,95,95,95,95,95,104,110,110,110,110,110,110,110,110,110,110,110,121,121,121,121,123,123,123,123,123,135,135,137,150,150,150],"card_choices":[{"not_picked":["Hemokinesis","Clothesline","Cleave"],"picked":"SKIP","floor":6},{"not_picked":["Headbutt","Replay:Many Hands","Sword Boomerang"],"picked":"SKIP","floor":10},{"not_picked":["Demonic Infusion","Barricade"],"picked":"Limit Break","floor":16},{"not_picked":["ReplayTheSpireMod:Strike From Hell","Replay:Undeath\u0027s Touch"],"picked":"Pommel Strike","floor":23},{"not_picked":["Searing Blow+1","Thunderclap"],"picked":"Sword Boomerang","floor":29},{"not_picked":["Exhume","Corruption"],"picked":"Limit Break","floor":33},{"not_picked":["Run Through+1","Shockwave+1","Armaments"],"picked":"Singing Bowl","floor":40},{"not_picked":["Burning Pact","Evolve","ReplayTheSpireMod:Muscle Training+1"],"picked":"Singing Bowl","floor":47}],"player_experience":1097404,"relics_obtained":[{"floor":1,"key":"Dream Catcher"},{"floor":3,"key":"Strawberry"},{"floor":4,"key":"reliquary:ExpiredCoupon"},{"floor":6,"key":"Meat on the Bone"},{"floor":9,"key":"Pet Ghost"},{"floor":10,"key":"Darkstone Periapt"},{"floor":12,"key":"infinitespire:EmpoweringShard"},{"floor":14,"key":"PreservedInsect"},{"floor":18,"key":"AT_LudenTempest"},{"floor":20,"key":"Girya"},{"floor":22,"key":"Mummified Hand"},{"floor":23,"key":"Replay:WaspNest"},{"floor":26,"key":"Gremlin Horn"},{"floor":27,"key":"War Paint"},{"floor":28,"key":"reliquary:BoilingFlask"},{"floor":29,"key":"Singing Bowl"},{"floor":30,"key":"MawBank"},{"floor":31,"key":"Smiling Mask"},{"floor":35,"key":"Anchor"},{"floor":37,"key":"Shuriken"},{"floor":38,"key":"ReplayFunnel"},{"floor":39,"key":"aspiration:FetidBarrel"},{"floor":40,"key":"infinitespire:Golems Mask"},{"floor":43,"key":"reliquary:IridiumChain"},{"floor":44,"key":"reliquary:Stiletto"},{"floor":46,"key":"Orichalcum"},{"floor":47,"key":"Oddly Smooth Stone"}],"event_choices":[{"damage_healed":0,"gold_gain":0,"player_choice":"Gave Potion","damage_taken":0,"relics_obtained":["aspiration:SeaSaltIceCream"],"max_hp_gain":0,"max_hp_loss":0,"event_name":"WeMeetAgain","floor":2,"gold_loss":0},{"damage_healed":0,"gold_gain":0,"player_choice":"Trade","damage_taken":0,"relics_obtained":["SsserpentHead"],"max_hp_gain":0,"max_hp_loss":0,"event_name":"FaceTrader","floor":7,"gold_loss":0},{"damage_healed":0,"gold_gain":0,"player_choice":"Inject Mutagens","damage_taken":0,"relics_obtained":["MutagenicStrength"],"max_hp_gain":0,"max_hp_loss":0,"event_name":"Drug Dealer","floor":21,"gold_loss":0},{"damage_healed":0,"gold_gain":0,"player_choice":"Cursed","damage_taken":0,"max_hp_gain":0,"max_hp_loss":0,"event_name":"Wheel of Change","floor":25,"gold_loss":0,"cards_obtained":["Decay"]}],"is_beta":false,"boss_relics":[{"not_picked":["Snecko Heart","ReplayTheSpireMod:DimensionalGlitch"],"picked":"RedLine:ReiMu"},{"not_picked":["Cursed Key","Abe\u0027s Treasure"],"picked":"Replay:Wanted Poster"}],"items_purged_floors":[],"is_endless":false,"potions_floor_spawned":[1,10,12,16,23,27,29,30,33,35,42,46,47],"ascension_level":0}}