{"host":"mku5fdaoqz3qihec","time":1611929155,"event":{"mods":["100% Spire Juice","2.2 Compatiblity","AchievementEnabler","Arknights The Spire","BaseMod","CapriCore","Colored Map","Colored Powertips","Hermit","Koishi","Minty Spire (QoL Compilation)","Rare Cards Sparkle","StSLib","SuperFastMode","The Dragon Tamer","The Immortal","The Servant 0.9.4"],"gold_per_floor":[119,34,109,59,71,97,117,176,176,176,192,209,242,242,242,340,340,359,118,131,131,131,162,173,173,173,173,192,15,48,25,25,122,122,139,153,53,53,69,69,100,112,124,136,159,171,196,120,120,120],"floor_reached":51,"language":"KOR","playtime":1222,"items_purged":["ats:Strike V","ats:Strike S","ats:Defend","ats:Defend","Writhe"],"score":773,"play_id":"a6001517-d351-4e85-a696-0262f2dbde8c","local_time":"20210129230555","is_ascension_mode":false,"campfire_choices":[{"data":"ats:True Silver Slash","floor":10.0,"key":"SMITH"},{"floor":15.0,"key":"REST"},{"data":"ats:Shadow Assault","floor":25,"key":"SMITH"},{"data":"ats:True Silver Slash","floor":27,"key":"SMITH"},{"data":"ats:Counter Healing Mode","floor":32,"key":"SMITH"},{"data":"ats:Phantom","floor":40,"key":"SMITH"},{"floor":46,"key":"DIG"},{"floor":49,"key":"DIG"}],"circlet_count":0,"master_deck":["ats:Strike G","ats:Emotion Absorption","ats:True Silver Slash+1","ats:Flexible Camouflage","ats:Thermite Blade","ats:Phantom+1","ats:Counter Healing Mode+1","ats:Cat Scratch","ats:Part Time Job","ats:Shadow Assault+1","ats:True Silver Slash+1","ats:Revitalization+1","ats:Charging Defense+1","ats:Sashimi Platter","ats:Blood Oath","ats:Soul Rend","ats:Healing Strengthening","ats:Apocalypse+1","ats:Counter Healing Mode","ats:Red Shift"],"relics":["ats:Sanity","ats:Originium","Toxic Egg 2","Membership Card","Mummified Hand","Bottled Flame","Kunai","Coffee Dripper","Question Card","ats:Defend","MutagenicStrength","InkBottle","Strawberry","Mercury Hourglass","ats:Cure","Shovel","Cursed Key","MawBank","Sundial","Toy Ornithopter","Anchor"],"acts_visited":["Exordium","TheCity","TheBeyond"],"potions_floor_usage":[23,33,35,50,50,50],"damage_taken":[{"damage":3.0,"enemies":"Small Slimes","floor":1.0,"turns":4.0},{"damage":6.0,"enemies":"Jaw Worm","floor":5.0,"turns":3.0},{"damage":19.0,"enemies":"Lagavulin","floor":6.0,"turns":5.0},{"damage":0.0,"enemies":"Cultist","floor":7.0,"turns":3.0},{"damage":0.0,"enemies":"Gremlin Gang","floor":11.0,"turns":1.0},{"damage":10.0,"enemies":"Looter","floor":12.0,"turns":2.0},{"damage":31.0,"enemies":"3 Sentries","floor":13.0,"turns":5.0},{"damage":55.0,"enemies":"Hexaghost","floor":16.0,"turns":11.0},{"damage":10,"enemies":"2 Thieves","floor":18,"turns":2},{"damage":0,"enemies":"Chosen","floor":20,"turns":4},{"damage":54,"enemies":"Book of Stabbing","floor":23,"turns":6},{"damage":36,"enemies":"Snake Plant","floor":24,"turns":5},{"damage":11,"enemies":"Snecko","floor":28,"turns":4},{"damage":0,"enemies":"Gremlin Leader","floor":30,"turns":5},{"damage":16,"enemies":"Collector","floor":33,"turns":9},{"damage":16,"enemies":"3 Darklings","floor":35,"turns":2},{"damage":19,"enemies":"Orb Walker","floor":36,"turns":3},{"damage":0,"enemies":"Jaw Worm Horde","floor":39,"turns":3},{"damage":18,"enemies":"Reptomancer","floor":41,"turns":5},{"damage":0,"enemies":"Sphere and 2 Shapes","floor":45,"turns":1},{"damage":18,"enemies":"Maw","floor":47,"turns":6},{"damage":74,"enemies":"Time Eater","floor":50,"turns":6}],"seed_played":"-5316001066047372796","potions_obtained":[{"floor":5.0,"key":"Block Potion"},{"floor":12.0,"key":"Regen Potion"},{"floor":13.0,"key":"Regen Potion"},{"floor":18,"key":"Swift Potion"},{"floor":24,"key":"LiquidMemories"},{"floor":30,"key":"Ancient Potion"},{"floor":33,"key":"Fruit Juice"},{"floor":35,"key":"Dexterity Potion"},{"floor":41,"key":"PowerPotion"}],"is_trial":false,"path_per_floor":["M","$","?","?","M","E","M","$","T","R","M","M","E","?","R","B",null,"M","$","M","?","?","E","M","R","T","R","M","$","E","$","R","B",null,"M","M","$","?","M","R","E","?","T","?","M","R","M","$","R","B",null],"character_chosen":"DOCTOR_CLASS","items_purchased":["ats:Flexible Camouflage","ats:Thermite Blade","Membership Card","Mummified Hand","ats:Counter Healing Mode","Question Card","ats:Defend","ats:Cure","ats:Charging Defense+1","ats:Blood Oath","ats:Apocalypse+1"],"campfire_rested":1,"item_purchase_floors":[2,2,8,8,8,19,19,29,29,31,37],"current_hp_per_floor":[48,48,37,37,31,12,12,12,12,12,12,2,5,5,26,1,72,62,62,68,68,68,27,58,58,58,58,54,54,68,68,68,79,79,68,68,68,68,71,71,80,80,80,80,80,80,75,75,75,80],"gold":120,"neow_bonus":"THREE_RARE_CARDS","is_daily":false,"chose_seed":false,"campfire_upgraded":5,"win_rate":0.0,"timestamp":1611929155,"path_taken":["M","$","?","?","M","E","?","?","T","R","?","M","E","?","R","BOSS","M","$","M","?","?","E","M","R","T","R","M","$","E","$","R","BOSS","M","M","$","?","M","R","E","?","T","?","?","R","?","$","R","BOSS"],"items_purchased_type":["Card","Card","Relic","Relic","Card","Relic","Card","Relic","Card","Card","Card"],"build_version":"2020-12-22","purchased_purges":5,"victory":true,"max_hp_per_floor":[72,72,72,72,72,72,72,72,72,72,72,72,72,72,72,72,72,72,72,72,72,72,79,79,79,79,79,79,79,79,79,79,79,79,84,84,84,80,80,80,80,80,80,80,80,80,80,80,80,80],"card_choices":[{"not_picked":["ats:Volcano","ats:Roar Of Ursus"],"picked":"ats:True Silver Slash","floor":0.0},{"not_picked":["ats:Powerful Strike","ats:Directed Diagnosis","ats:Ignite"],"picked":"SKIP","floor":1.0},{"not_picked":["ats:Consecutive Shot Auto","ats:Curse Doll"],"picked":"ats:Phantom","floor":5.0},{"not_picked":["ats:Ignite","ats:Consecutive Shot Auto","ats:Support Order+1"],"picked":"SKIP","floor":6.0},{"not_picked":["ats:Hammer On","ats:Counter Healing Mode","ats:Curse Doll+1"],"picked":"SKIP","floor":7.0},{"not_picked":["ats:Absolute Focus+1","ats:Closed Bolt Burst Fire","ats:Hammer On"],"picked":"SKIP","floor":11.0},{"not_picked":["ats:Explosion Area Strengthen","ats:Shell Defense+1"],"picked":"ats:Cat Scratch","floor":12.0},{"not_picked":["ats:Hammer On","ats:Sword Rain"],"picked":"ats:Part Time Job","floor":13.0},{"not_picked":["ats:Wolf Pack","ats:Fractured Body+1"],"picked":"ats:Shadow Assault","floor":16.0},{"not_picked":["ats:Curse Doll+1","ats:Neurotoxin","ats:Very Hot Blade+1"],"picked":"SKIP","floor":18},{"not_picked":["ats:Powerful Strike","ats:Leaping Hammer","ats:Healing Drone+1","ats:Curse Doll+1"],"picked":"SKIP","floor":20},{"not_picked":["ats:Poison Spread","ats:Phantom","ats:True Silver Slash","ats:Guardian Obelisk+1"],"picked":"SKIP","floor":23},{"not_picked":["ats:Poison Spread","ats:Phantom","ats:Guardian Obelisk+1"],"picked":"ats:True Silver Slash","floor":23},{"not_picked":["ats:Rapid Magazine+1","ats:Revitalization+1","ats:Assault Order+1","ats:Closed Bolt Burst Fire"],"picked":"SKIP","floor":24},{"not_picked":["ats:Rapid Magazine+1","ats:Assault Order+1","ats:Closed Bolt Burst Fire"],"picked":"ats:Revitalization+1","floor":24},{"not_picked":["ats:Burning Ground+1","ats:Flexible Camouflage+1","ats:LN2 Cannon","ats:Powerful Strike"],"picked":"SKIP","floor":28},{"not_picked":["ats:Shell Defense+1","ats:Leaping Hammer","ats:Phantom"],"picked":"ats:Sashimi Platter","floor":30},{"not_picked":["ats:Dogmatic Field","ats:Wolf Pack","ats:Rat Pack+1"],"picked":"ats:Soul Rend","floor":33},{"not_picked":["ats:Burning Ground+1","ats:Hammer On+1","ats:Phantom+1"],"picked":"ats:Healing Strengthening","floor":35},{"not_picked":["ats:Phantom","ats:Curse Doll+1","ats:Guard Mode+1","ats:Very Hot Blade"],"picked":"SKIP","floor":36},{"not_picked":["ats:Thermite Blade","ats:Mental Burst","ats:LN2 Cannon+1","ats:Hammer On"],"picked":"SKIP","floor":39},{"not_picked":["ats:Encircling Forest+1","ats:Cat Scratch","ats:Blood Oath+1"],"picked":"ats:Counter Healing Mode","floor":41},{"not_picked":["ats:Shell Defense+1","ats:Encircling Forest+1","ats:Revitalization+1","ats:Ignite"],"picked":"SKIP","floor":45},{"not_picked":["ats:Soul Absorption+1","ats:Very Hot Blade+1","ats:Rat Pack+1","ats:Serious Mode+1"],"picked":"SKIP","floor":47}],"player_experience":294294,"relics_obtained":[{"floor":6.0,"key":"ats:Originium"},{"floor":6.0,"key":"Toxic Egg 2"},{"floor":9.0,"key":"Bottled Flame"},{"floor":13.0,"key":"ats:Originium"},{"floor":13.0,"key":"Kunai"},{"floor":23,"key":"ats:Originium"},{"floor":23,"key":"Strawberry"},{"floor":26,"key":"Mercury Hourglass"},{"floor":30,"key":"ats:Originium"},{"floor":30,"key":"Shovel"},{"floor":41,"key":"MawBank"},{"floor":43,"key":"Sundial"},{"floor":46,"key":"Toy Ornithopter"},{"floor":49,"key":"Anchor"}],"event_choices":[{"damage_healed":0.0,"max_hp_gain":0.0,"max_hp_loss":0.0,"gold_gain":75.0,"event_name":"World of Goop","player_choice":"Gather Gold","floor":3.0,"gold_loss":0.0,"damage_taken":11.0},{"cards_removed":["ats:Strike C"],"damage_healed":0.0,"max_hp_gain":0.0,"max_hp_loss":0.0,"gold_gain":0.0,"event_name":"The Cleric","player_choice":"Card Removal","floor":4.0,"gold_loss":50.0,"damage_taken":0.0},{"cards_removed":["ats:Armor Crushing Shot"],"damage_healed":0.0,"max_hp_gain":0.0,"max_hp_loss":0.0,"gold_gain":0.0,"event_name":"Bonfire Elementals","player_choice":"Offered Basic","floor":14.0,"gold_loss":0.0,"damage_taken":0.0},{"damage_healed":0,"gold_gain":0,"player_choice":"Inject Mutagens","damage_taken":0,"relics_obtained":["MutagenicStrength"],"max_hp_gain":0,"max_hp_loss":0,"event_name":"Drug Dealer","floor":21,"gold_loss":0},{"damage_healed":0,"gold_gain":0,"player_choice":"Opened","damage_taken":0,"relics_obtained":["InkBottle"],"max_hp_gain":0,"max_hp_loss":0,"event_name":"The Mausoleum","floor":22,"gold_loss":0},{"damage_healed":0,"gold_gain":0,"player_choice":"Max HP","damage_taken":0,"max_hp_gain":0,"max_hp_loss":4,"event_name":"Winding Halls","floor":38,"gold_loss":0},{"cards_removed":["ats:Defend"],"damage_healed":0,"gold_gain":0,"player_choice":"Removed Skill","damage_taken":0,"max_hp_gain":0,"max_hp_loss":0,"event_name":"Falling","floor":42,"gold_loss":0},{"damage_healed":0,"gold_gain":0,"cards_transformed":["ats:Defend"],"player_choice":"Transformed","damage_taken":0,"max_hp_gain":0,"max_hp_loss":0,"event_name":"Transmorgrifier","floor":44,"gold_loss":0,"cards_obtained":["ats:Red Shift"]}],"is_beta":false,"boss_relics":[{"not_picked":["Runic Dome","Pandora\u0027s Box"],"picked":"Coffee Dripper"},{"not_picked":["Astrolabe","Tiny House"],"picked":"Cursed Key"}],"items_purged_floors":[8,19,29,37,48],"is_endless":false,"potions_floor_spawned":[5,12,13,18,24,30,33,35,41,47],"ascension_level":0}}