{"host":"l0i17qlm67m2lngc","time":1611938300,"event":{"mods":["Arknights The Spire","BaseMod","Minty Spire (QoL Compilation)","StSLib"],"gold_per_floor":[116,131,206,218,237,237,257,274,274,274,284,299,71,97,97,214,214,244,244,291,291,336,336,261,261,261,18,18,45,72,104,104,218,218,250,278,311,340,340,340,340],"floor_reached":40,"language":"ZHS","playtime":2260,"items_purged":["ats:Strike G","ats:Magnetic Hammer"],"score":394,"play_id":"85c6b802-7c69-4eda-8fa1-87628c44ea75","local_time":"20210130003820","is_ascension_mode":false,"campfire_choices":[{"data":"ats:Composite Medical Shells","floor":6,"key":"SMITH"},{"data":"ats:Revitalization","floor":10,"key":"SMITH"},{"floor":15,"key":"RECALL"},{"data":"ats:Healing Drone","floor":23,"key":"SMITH"},{"data":"ats:Roar Of Ursus","floor":25,"key":"SMITH"},{"data":"ats:Thorns","floor":32,"key":"SMITH"}],"circlet_count":0,"master_deck":["ats:Armor Crushing Shot","ats:Defend","ats:Defend","ats:Defend","ats:Defend","ats:Poison Spread","ats:Cat Scratch","ats:Revitalization+1","ats:Composite Medical Shells+1","ats:Roar Of Ursus+1","ats:Healing Strengthening","ats:Very Hot Blade","ats:Roar Of Ursus","ats:Overload","ats:Calcification","ats:Durian+1","ats:Literary Storm+1","ats:Shadow Raid+1","ats:Very Hot Blade","ats:Hammer On","ats:Hammer On","ats:Healing Drone+1","ats:Spore Proliferation","ats:Thorns+1","ats:Roar Of Ursus","ats:Hammer On+1","ats:Shadow Raid+1","ats:Rapid Magazine+1"],"relics":["ats:Sanity","NeowsBlessing","Mercury Hourglass","ats:Originium","ats:Gyao","Astrolabe","Red Mask","Lizard Tail","Happy Flower","ats:Omniscience"],"acts_visited":["Exordium","TheCity","TheBeyond"],"potions_floor_usage":[20,20,20,33,40],"damage_taken":[{"damage":0.0,"enemies":"Small Slimes","floor":1.0,"turns":1.0},{"damage":0.0,"enemies":"Cultist","floor":2.0,"turns":1.0},{"damage":0,"enemies":"2 Louse","floor":4,"turns":1},{"damage":7,"enemies":"Looter","floor":5,"turns":4},{"damage":24,"enemies":"Large Slime","floor":7,"turns":8},{"damage":8,"enemies":"Exordium Wildlife","floor":8,"turns":5},{"damage":5,"enemies":"Looter","floor":11,"turns":4},{"damage":3,"enemies":"Large Slime","floor":12,"turns":6},{"damage":21,"enemies":"Lagavulin","floor":14,"turns":7},{"damage":90,"enemies":"The Guardian","floor":16,"turns":13},{"damage":46,"enemies":"Shell Parasite","floor":18,"turns":7},{"damage":25,"enemies":"Masked Bandits","floor":20,"turns":4},{"damage":30,"enemies":"2 Thieves","floor":22,"turns":5},{"damage":18,"enemies":"Centurion and Healer","floor":29,"turns":5},{"damage":36,"enemies":"Shelled Parasite and Fungi","floor":30,"turns":4},{"damage":13,"enemies":"Snecko","floor":31,"turns":6},{"damage":122,"enemies":"Collector","floor":33,"turns":12},{"damage":15,"enemies":"3 Shapes","floor":35,"turns":5},{"damage":40,"enemies":"3 Darklings","floor":36,"turns":5},{"damage":80,"enemies":"Sphere and 2 Shapes","floor":37,"turns":6},{"damage":74,"enemies":"Spire Growth","floor":38,"turns":7},{"damage":144,"enemies":"Nemesis","floor":40,"turns":12}],"seed_played":"4587017362166814317","potions_obtained":[{"floor":5,"key":"Fire Potion"},{"floor":7,"key":"LiquidBronze"},{"floor":8,"key":"BlessingOfTheForge"},{"floor":14,"key":"EntropicBrew"},{"floor":20,"key":"DistilledChaos"},{"floor":33,"key":"Block Potion"},{"floor":37,"key":"FairyPotion"},{"floor":38,"key":"Strength Potion"}],"is_trial":false,"path_per_floor":["M","M","?","M","M","R","M","M","T","R","M","M","$","E","R","B",null,"M","?","?","?","M","R","?","R","T","$","$","M","M","M","R","B",null,"M","M","M","M","?","E"],"character_chosen":"DOCTOR_CLASS","items_purchased":["ats:Roar Of Ursus","Happy Flower"],"campfire_rested":0,"item_purchase_floors":[13,27],"current_hp_per_floor":[72,72,65,65,64,64,58,55,55,55,54,60,60,72,72,51,72,56,56,48,48,39,39,39,39,39,39,39,68,72,72,72,72,72,72,46,35,32,32,0,0],"gold":340,"neow_bonus":"THREE_ENEMY_KILL","is_daily":false,"chose_seed":false,"campfire_upgraded":5,"win_rate":0.0,"timestamp":1611938300,"path_taken":["M","M","?","M","M","R","M","M","T","R","M","?","$","E","R","BOSS","M","?","?","?","M","R","?","R","T","?","$","?","M","M","R","BOSS","M","M","M","M","?","E"],"items_purchased_type":["Card","Relic"],"build_version":"2020-12-22","purchased_purges":2,"victory":false,"max_hp_per_floor":[72,72,72,72,72,72,72,72,72,72,72,72,72,72,72,72,72,72,72,72,72,72,72,72,72,72,72,72,72,72,72,72,72,72,72,72,72,72,72,72,72],"card_choices":[{"not_picked":["ats:Closed Bolt Burst Fire","ats:Powerful Strike"],"picked":"ats:Poison Spread","floor":1.0},{"not_picked":["ats:Closed Bolt Burst Fire","ats:Consecutive Shot Auto"],"picked":"ats:Cat Scratch","floor":2.0},{"not_picked":["ats:Cat Scratch","ats:Hammer On"],"picked":"ats:Revitalization","floor":4},{"not_picked":["ats:Curse Doll","ats:Hammer On"],"picked":"ats:Composite Medical Shells","floor":5},{"not_picked":["ats:Cat Scratch","ats:Powerful Strike"],"picked":"ats:Roar Of Ursus","floor":7},{"not_picked":["ats:Leaping Hammer","ats:Powerful Strike"],"picked":"ats:Magnetic Hammer","floor":8},{"not_picked":["ats:Closed Bolt Burst Fire","ats:Explosion Area Strengthen"],"picked":"ats:Healing Strengthening","floor":11},{"not_picked":["ats:Absolute Focus","ats:Cat Scratch"],"picked":"ats:Very Hot Blade","floor":12},{"not_picked":["ats:Assault Order","ats:Powerful Strike"],"picked":"ats:Overload","floor":14},{"not_picked":["ats:Disruption Kick","ats:Roar Of Ursus"],"picked":"ats:Calcification","floor":16},{"not_picked":["ats:Explosion Area Strengthen","ats:Closed Bolt Burst Fire"],"picked":"ats:Very Hot Blade","floor":18},{"not_picked":["ats:Poison Spread+1","ats:Powerful Strike"],"picked":"ats:Hammer On","floor":20},{"not_picked":["ats:Steam Pump","ats:Assault Order"],"picked":"ats:Healing Drone","floor":22},{"not_picked":["ats:Consecutive Shot Auto","ats:Collapsing Strike","ats:Cat Scratch"],"picked":"SKIP","floor":29},{"not_picked":["ats:Powerful Strike","ats:Very Hot Blade"],"picked":"ats:Spore Proliferation","floor":30},{"not_picked":["ats:Guard Mode","ats:Closed Bolt Burst Fire"],"picked":"ats:Thorns","floor":31},{"not_picked":["ats:Disruption Kick","ats:Ambush"],"picked":"ats:Roar Of Ursus","floor":33},{"not_picked":["ats:Poison Spread+1","ats:Cat Scratch"],"picked":"ats:Hammer On+1","floor":35},{"not_picked":["ats:Explosion Area Strengthen","ats:Cat Scratch"],"picked":"ats:Shadow Raid+1","floor":36},{"not_picked":["ats:Blood Oath","ats:Sunburst"],"picked":"ats:Rapid Magazine+1","floor":37},{"not_picked":["ats:Nebulous Foxfire","ats:Flexible Camouflage+1"],"picked":"ats:Part Time Job","floor":38}],"player_experience":268510,"relics_obtained":[{"floor":9,"key":"Mercury Hourglass"},{"floor":14,"key":"ats:Originium"},{"floor":14,"key":"ats:Gyao"},{"floor":20,"key":"Red Mask"},{"floor":26,"key":"Lizard Tail"}],"event_choices":[{"damage_healed":0,"gold_gain":75,"player_choice":"Touch","damage_taken":7,"max_hp_gain":0,"max_hp_loss":0,"event_name":"FaceTrader","floor":3,"gold_loss":0},{"damage_healed":0,"gold_gain":0,"player_choice":"Read","damage_taken":0,"max_hp_gain":0,"max_hp_loss":0,"event_name":"The Library","floor":19,"gold_loss":0,"cards_obtained":["ats:Hammer On"]},{"damage_healed":0,"gold_gain":0,"player_choice":"Fought Bandits","damage_taken":0,"max_hp_gain":0,"max_hp_loss":0,"event_name":"Masked Bandits","floor":20,"gold_loss":0},{"damage_healed":0,"gold_gain":0,"player_choice":"Ignored","damage_taken":0,"max_hp_gain":0,"max_hp_loss":0,"event_name":"Vampires","floor":21,"gold_loss":0},{"cards_removed":["ats:Emotion Absorption"],"damage_healed":0,"gold_gain":0,"player_choice":"Gave Gold","damage_taken":0,"max_hp_gain":0,"max_hp_loss":0,"event_name":"Beggar","floor":24,"gold_loss":75},{"cards_removed":["ats:Part Time Job"],"damage_healed":0,"gold_gain":0,"player_choice":"Removed Power","damage_taken":0,"max_hp_gain":0,"max_hp_loss":0,"event_name":"Falling","floor":39,"gold_loss":0}],"is_beta":false,"boss_relics":[{"not_picked":["Sozu","Pandora\u0027s Box"],"picked":"Astrolabe"},{"not_picked":["Runic Dome","Empty Cage"],"picked":"ats:Omniscience"}],"items_purged_floors":[13,27],"is_endless":false,"potions_floor_spawned":[5,7,8,14,18,20,30,31,33,35,37,38],"killed_by":"Nemesis","ascension_level":0}}