{"host":"ve9aztkoyqeblvav","time":1611909799,"event":{"mods":["Act Like it!","BaseMod","Colored Map","Colored Powertips","Highlight Path","Minty Spire (QoL Compilation)","Quick Restart","StSLib","The Hierophant","Waifu the Spire"],"gold_per_floor":[113,113,38,54,54,54,86,173,185,122,148,148,158,186,186,261,261,272,299,37,55,127,127,142,142,142,142,192,67,95,95,95,115,115,131,131,141,153,165,165,215,215,291,304,379,57,82,82,82,82,82,82,82,27,27,27],"floor_reached":55,"language":"ZHS","playtime":1922,"items_purged":["Strike_P","Fasting2","Weave+1","CarveReality+1"],"score":1904,"play_id":"87b37f35-635c-4808-94fc-1fb3e43d5d7a","local_time":"20210129164319","is_ascension_mode":true,"campfire_choices":[{"data":"Eruption","floor":6.0,"key":"SMITH"},{"data":"Adaptation","floor":12.0,"key":"SMITH"},{"data":"FlurryOfBlows","floor":15.0,"key":"SMITH"},{"floor":23.0,"key":"REST"},{"floor":25.0,"key":"REST"},{"data":"Crescendo","floor":27.0,"key":"SMITH"},{"data":"Fasting2","floor":32.0,"key":"SMITH"},{"floor":40.0,"key":"REST"},{"floor":42.0,"key":"RECALL"},{"data":"Fasting2","floor":49.0,"key":"SMITH"},{"data":"Halt","floor":53.0,"key":"SMITH"}],"circlet_count":0,"master_deck":["AscendersBane","Eruption+1","Vigilance+1","FlurryOfBlows+1","Adaptation+1","Fasting2+1","Halt+1","DevaForm","Vengeance+1","ForeignInfluence+1","Crescendo+1","Swivel","MentalFortress+1","FearNoEvil+1","Fasting2+1","LessonLearned+1"],"relics":["PureWater","NeowsBlessing","MawBank","GoldenEye","Molten Egg 2","Shuriken","Pandora\u0027s Box","Red Mask","Happy Flower","MealTicket","Regal Pillow","Runic Pyramid","Meat on the Bone","Yang","Orrery","PreservedInsect"],"acts_visited":["Exordium","TheCity","TheBeyond","TheEnding"],"potions_floor_usage":[],"damage_taken":[{"damage":0.0,"enemies":"Small Slimes","floor":1.0,"turns":1.0},{"damage":0.0,"enemies":"2 Louse","floor":4.0,"turns":1.0},{"damage":0.0,"enemies":"Gremlin Nob","floor":7.0,"turns":1.0},{"damage":0.0,"enemies":"Lagavulin","floor":11.0,"turns":4.0},{"damage":0.0,"enemies":"Jaw Worm","floor":13.0,"turns":4.0},{"damage":6.0,"enemies":"Gremlin Nob","floor":14.0,"turns":3.0},{"damage":13.0,"enemies":"Hexaghost","floor":16.0,"turns":7.0},{"damage":13.0,"enemies":"Shell Parasite","floor":18.0,"turns":2.0},{"damage":10.0,"enemies":"Masked Bandits","floor":19.0,"turns":3.0},{"damage":8.0,"enemies":"2 Thieves","floor":21.0,"turns":2.0},{"damage":19.0,"enemies":"Centurion and Healer","floor":24.0,"turns":4.0},{"damage":7.0,"enemies":"Gremlin Leader","floor":30.0,"turns":4.0},{"damage":42.0,"enemies":"Collector","floor":33.0,"turns":8.0},{"damage":0.0,"enemies":"3 Shapes","floor":35.0,"turns":6.0},{"damage":3.0,"enemies":"Orb Walker","floor":37.0,"turns":2.0},{"damage":41.0,"enemies":"4 Shapes","floor":38.0,"turns":3.0},{"damage":12.0,"enemies":"Writhing Mass","floor":39.0,"turns":5.0},{"damage":18.0,"enemies":"Transient","floor":44.0,"turns":5.0},{"damage":9.0,"enemies":"Giant Head","floor":47.0,"turns":4.0},{"damage":24.0,"enemies":"Donu and Deca","floor":50.0,"turns":6.0},{"damage":23.0,"enemies":"Awakened One","floor":51.0,"turns":4.0},{"damage":108,"enemies":"Shield and Spear","floor":55,"turns":3}],"seed_played":"9021463591184594837","potions_obtained":[{"floor":4.0,"key":"AttackPotion"},{"floor":7.0,"key":"FearPotion"},{"floor":11.0,"key":"Weak Potion"},{"floor":13.0,"key":"BottledMiracle"},{"floor":16.0,"key":"PowerPotion"},{"floor":21.0,"key":"EssenceOfSteel"},{"floor":24.0,"key":"Swift Potion"},{"floor":37.0,"key":"Energy Potion"},{"floor":47.0,"key":"BlessingOfTheForge"}],"is_trial":false,"path_per_floor":["M","?","?","M","$","R","E","?","T","$","E","R","M","E","R","B",null,"M","?","$","M","T","R","M","R","T","R","?","$","E","?","R","B",null,"M","?","M","M","M","R","?","R","T","M","T","$","E","$","R","B","B",null,"R","$","E"],"character_chosen":"WATCHER","items_purchased":["Happy Flower","Orrery","Weak Potion"],"campfire_rested":3,"item_purchase_floors":[20,46,54],"current_hp_per_floor":[61,61,61,61,61,61,61,50,50,50,50,50,50,44,44,31,59,46,36,36,28,28,48,29,49,49,49,49,64,57,68,68,26,58,58,78,75,34,22,60,60,60,60,42,42,57,48,63,63,51,40,69,69,78,0,0],"gold":27,"neow_bonus":"THREE_ENEMY_KILL","is_daily":false,"chose_seed":false,"campfire_upgraded":7,"win_rate":0.0,"timestamp":1611909799,"path_taken":["M","?","?","M","$","R","E","?","T","?","E","R","M","E","R","BOSS","M","?","$","M","?","R","M","R","T","R","?","$","E","?","R","BOSS","M","?","?","M","M","R","?","R","T","?","?","$","E","$","R","BOSS","BOSS","R","$","E"],"items_purchased_type":["Relic","Relic","Potion"],"build_version":"2020-12-22","purchased_purges":4,"victory":false,"max_hp_per_floor":[68,68,68,68,68,68,68,68,68,68,68,68,68,68,68,68,68,68,68,68,68,68,68,68,68,68,68,68,68,68,68,68,68,68,68,78,78,78,78,78,78,78,78,78,78,78,78,78,78,78,78,78,78,78,78,78],"card_choices":[{"not_picked":["MentalFortress","PathToVictory"],"picked":"FlurryOfBlows","floor":1.0},{"not_picked":["ClearTheMind","Perseverance","Sanctity"],"picked":"SKIP","floor":4.0},{"not_picked":["WaveOfTheHand","FollowUp"],"picked":"Adaptation","floor":7.0},{"not_picked":["Evaluate","ConjureBlade"],"picked":"Fasting2","floor":11.0},{"not_picked":["FlurryOfBlows+1","FollowUp+1"],"picked":"CarveReality+1","floor":13.0},{"not_picked":["SandsOfTime+1","Crescendo"],"picked":"Halt","floor":14.0},{"not_picked":["Blasphemy","Alpha"],"picked":"DevaForm","floor":16.0},{"not_picked":["PathToVictory+1","FollowUp+1"],"picked":"Swivel","floor":18.0},{"not_picked":["Halt","CutThroughFate+1"],"picked":"MentalFortress+1","floor":21.0},{"not_picked":["Consecrate+1","FlurryOfBlows+1"],"picked":"FearNoEvil+1","floor":24.0},{"not_picked":["Wireheading","FearNoEvil+1","Fasting2"],"picked":"SKIP","floor":30.0},{"not_picked":["BattleHymn","Protect","Crescendo+1"],"picked":"SKIP","floor":35.0},{"not_picked":["WaveOfTheHand","FearNoEvil+1","Halt"],"picked":"SKIP","floor":37.0},{"not_picked":["PathToVictory","Protect+1","Fasting2"],"picked":"SKIP","floor":38.0},{"not_picked":["Indignation","EmptyFist+1","Pray"],"picked":"SKIP","floor":39.0},{"not_picked":["Prostrate","Consecrate+1"],"picked":"Fasting2","floor":44.0},{"not_picked":["Evaluate+1","WheelKick+1"],"picked":"LessonLearned+1","floor":46.0},{"not_picked":["Consecrate+1","Sanctity+1","EmptyBody"],"picked":"SKIP","floor":47.0},{"not_picked":["Consecrate+1","Sanctity+1","EmptyBody"],"picked":"SKIP","floor":47.0}],"player_experience":1627652,"relics_obtained":[{"floor":7.0,"key":"MawBank"},{"floor":9.0,"key":"GoldenEye"},{"floor":11.0,"key":"Molten Egg 2"},{"floor":14.0,"key":"Shuriken"},{"floor":19.0,"key":"Red Mask"},{"floor":26.0,"key":"MealTicket"},{"floor":30.0,"key":"Regal Pillow"},{"floor":43.0,"key":"Meat on the Bone"},{"floor":45.0,"key":"Yang"},{"floor":47.0,"key":"PreservedInsect"}],"event_choices":[{"damage_healed":0.0,"max_hp_gain":0.0,"max_hp_loss":0.0,"gold_gain":0.0,"event_name":"Liars Game","player_choice":"Ignored","floor":2.0,"gold_loss":0.0,"damage_taken":0.0},{"cards_removed":["Defend_P"],"damage_healed":0.0,"max_hp_gain":0.0,"max_hp_loss":0.0,"gold_gain":0.0,"event_name":"The Cleric","player_choice":"Card Removal","floor":3.0,"gold_loss":75.0,"damage_taken":0.0},{"damage_healed":0.0,"max_hp_gain":0.0,"max_hp_loss":0.0,"gold_gain":75.0,"event_name":"World of Goop","player_choice":"Gather Gold","floor":8.0,"gold_loss":0.0,"damage_taken":11.0},{"damage_healed":0.0,"max_hp_gain":0.0,"max_hp_loss":0.0,"gold_gain":0.0,"event_name":"Masked Bandits","player_choice":"Fought Bandits","floor":19.0,"gold_loss":0.0,"damage_taken":0.0},{"damage_healed":0.0,"max_hp_gain":0.0,"max_hp_loss":0.0,"gold_gain":50.0,"event_name":"Nest","player_choice":"Stole From Cult","floor":28.0,"gold_loss":0.0,"damage_taken":0.0},{"damage_healed":14.0,"max_hp_gain":0.0,"max_hp_loss":0.0,"gold_gain":0.0,"event_name":"The Library","player_choice":"Heal","floor":31.0,"gold_loss":0.0,"damage_taken":0.0},{"cards_removed":["DevaForm"],"damage_healed":10.0,"max_hp_gain":10.0,"max_hp_loss":0.0,"gold_gain":0.0,"event_name":"Bonfire Elementals","player_choice":"Offered Rare","floor":36.0,"gold_loss":0.0,"damage_taken":0.0},{"damage_healed":0.0,"max_hp_gain":0.0,"max_hp_loss":0.0,"gold_gain":50.0,"event_name":"Golden Shrine","player_choice":"Pray","floor":41.0,"gold_loss":0.0,"damage_taken":0.0}],"is_beta":false,"boss_relics":[{"not_picked":["Ectoplasm","Calling Bell"],"picked":"Pandora\u0027s Box"},{"not_picked":["Cursed Key","SacredBark"],"picked":"Runic Pyramid"}],"items_purged_floors":[10,20,29,46],"is_endless":false,"potions_floor_spawned":[4,7,11,13,16,21,24,33,37,47],"killed_by":"Shield and Spear","ascension_level":20}}