{"host":"99l0i25nwwr6z99u","time":1611888158,"event":{"mods":["Act Like it!","BaseMod","Colored Map","Colored Powertips","Downfall","Googly Eyes","Minty Spire (QoL Compilation)","Quick Restart","StSLib"],"gold_per_floor":[99,111,122,140,157,157,233,246,276,276,310,410,423,69,84,187,187,187,200,213,213,229,65,65,65,94,109,123,123,23,39,51,154,154,154,164,176,188,98,98,124,150,150,35,69,85,102,120,138,138],"floor_reached":51,"language":"ENG","playtime":3469,"items_purged":["Pain","champ:Strike"],"score":872,"play_id":"df33c247-23fe-461a-8936-f81c4768d3f9","local_time":"20210128214238","is_ascension_mode":false,"campfire_choices":[{"data":"champ:Taunt","floor":1.0,"key":"SMITH"},{"data":"champ:Backstep","floor":10.0,"key":"SMITH"},{"data":"champ:GladiatorForm","floor":18.0,"key":"SMITH"},{"data":"champ:IronFortress","floor":30.0,"key":"SMITH"},{"data":"champ:StanceDance","floor":35.0,"key":"SMITH"},{"data":"champ:ShieldWall","floor":43.0,"key":"SMITH"}],"circlet_count":0,"master_deck":["champ:Strike","champ:Strike","champ:Defend","champ:Defend","champ:Defend+1","champ:Defend","champ:Execute","champ:Taunt+1","champ:FaceSlap","champ:BringItOn","champ:RecklessLeap","champ:FlashCut","champ:Backstep+1","champ:ArenaPreparation+1","champ:HoldFirm","champ:ShieldWall+1","champ:StanceDance+1","champ:IgnorePain+1","champ:IgnorePain+1","champ:GladiatorForm+1","RitualDagger","champ:BerserkersShout+1","champ:Parry+1","champ:IronFortress+1","champ:SteelEdge","champ:FancyFootwork+1","champ:ShieldSlam+1","champ:CalledShot+1","champ:ShieldThrow","champ:Devastate+1"],"relics":["champ:ChampionCrown","Akabeko","HornCleat","champ:DefensiveTrainingManual","CloakClasp","Toxic Egg 2","bronze:MakeshiftBattery","OrangePellets","Mango","Mercury Hourglass","sneckomod:BlankCard","downfall:HeartBlessingGreen","Coffee Dripper","Happy Flower","Molten Egg 2","Boot"],"acts_visited":["Exordium","TheCity","TheBeyond"],"potions_floor_usage":[50],"damage_taken":[{"damage":10.0,"enemies":"Cultist","floor":2.0,"turns":3.0},{"damage":0.0,"enemies":"2 Louse","floor":3.0,"turns":3.0},{"damage":22.0,"enemies":"Small Slimes","floor":4.0,"turns":3.0},{"damage":10.0,"enemies":"Red Slaver","floor":5.0,"turns":3.0},{"damage":10.0,"enemies":"2 Fungi Beasts","floor":8.0,"turns":3.0},{"damage":34.0,"enemies":"3 Sentries","floor":9.0,"turns":6.0},{"damage":20.0,"enemies":"Lagavulin","floor":11.0,"turns":5.0},{"damage":45.0,"enemies":"Lagavulin","floor":12.0,"turns":11.0},{"damage":22.0,"enemies":"Gremlin Gang","floor":13.0,"turns":4.0},{"damage":10.0,"enemies":"downfall:FleeingMerchant","floor":14.0,"turns":4.0},{"damage":10.0,"enemies":"3 Louse","floor":15.0,"turns":2.0},{"damage":30.0,"enemies":"IC_STATUS_ARCHETYPE","floor":16.0,"turns":8.0},{"damage":30.0,"enemies":"3 Byrds","floor":19.0,"turns":7.0},{"damage":40.0,"enemies":"Snake Plant","floor":20.0,"turns":4.0},{"damage":60.0,"enemies":"Cultist and Chosen","floor":22.0,"turns":6.0},{"damage":20.0,"enemies":"downfall:FleeingMerchant","floor":23.0,"turns":4.0},{"damage":30.0,"enemies":"Slavers","floor":26.0,"turns":6.0},{"damage":1.0,"enemies":"Snecko","floor":27.0,"turns":5.0},{"damage":37.0,"enemies":"Centurion and Healer","floor":28.0,"turns":5.0},{"damage":10.0,"enemies":"Snake Plant","floor":31.0,"turns":4.0},{"damage":33.0,"enemies":"Shelled Parasite and Fungi","floor":32.0,"turns":6.0},{"damage":49.0,"enemies":"SI_MIRROR_ARCHETYPE","floor":33.0,"turns":10.0},{"damage":27.0,"enemies":"3 Shapes","floor":36.0,"turns":6.0},{"damage":19.0,"enemies":"3 Darklings","floor":37.0,"turns":5.0},{"damage":15.0,"enemies":"Writhing Mass","floor":38.0,"turns":7.0},{"damage":41.0,"enemies":"downfall:FleeingMerchant","floor":39.0,"turns":4.0},{"damage":15.0,"enemies":"Nemesis","floor":42.0,"turns":8.0},{"damage":10.0,"enemies":"downfall:FleeingMerchant","floor":44.0,"turns":4.0},{"damage":45.0,"enemies":"Giant Head","floor":45.0,"turns":7.0},{"damage":20.0,"enemies":"Maw","floor":46.0,"turns":7.0},{"damage":24.0,"enemies":"Transient","floor":47.0,"turns":5.0},{"damage":25.0,"enemies":"Writhing Mass","floor":48.0,"turns":4.0},{"damage":5.0,"enemies":"4 Shapes","floor":49.0,"turns":5.0},{"damage":75,"enemies":"DF_ARCHETYPE_ORBS","floor":50,"turns":11}],"seed_played":"-2001539521932629039","potions_obtained":[{"floor":3.0,"key":"sneckomod:MuddlingPotion"},{"floor":5.0,"key":"Explosive Potion"},{"floor":9.0,"key":"LiquidMemories"},{"floor":12.0,"key":"BlessingOfTheForge"},{"floor":16.0,"key":"Energy Potion"},{"floor":20.0,"key":"champ:CounterPotion"},{"floor":28.0,"key":"LiquidBronze"},{"floor":32.0,"key":"EntropicBrew"},{"floor":42.0,"key":"champ:TechniquePotion"},{"floor":45.0,"key":"Block Potion"},{"floor":48.0,"key":"DuplicationPotion"}],"is_trial":false,"path_per_floor":["R","M","M","M","M","?","T","M","E","R","E","?","M","$","M","B",null,"R","M","M","?","M","$","T","?","E","M","M","?","R","M","M","B",null,"R","M","M","M","$","?","T","E","R","$","E","M","M","M","M","B",null],"character_chosen":"THE_CHAMP","items_purchased":["Toxic Egg 2","champ:IgnorePain+1","OrangePellets"],"campfire_rested":0,"item_purchase_floors":[14,14,23],"current_hp_per_floor":[90,90,90,83,83,71,71,71,57,57,57,57,50,50,50,50,90,90,90,90,84,84,84,98,98,88,97,90,90,90,90,77,53,104,104,104,104,104,103,103,103,104,104,104,104,104,85,85,85,55],"gold":138,"neow_bonus":"TRANSFORM_CARD","is_daily":false,"chose_seed":false,"campfire_upgraded":6,"win_rate":0.0,"timestamp":1611888158,"path_taken":["R","M","M","?","M","?","T","M","E","R","E","?","M","$","M","BOSS","R","M","M","?","M","$","T","?","E","?","M","?","R","M","M","BOSS","R","M","M","M","$","?","T","E","R","$","E","?","M","M","M","BOSS"],"items_purchased_type":["Relic","Card","Relic"],"build_version":"2020-12-22","purchased_purges":2,"victory":true,"max_hp_per_floor":[90,90,90,90,90,90,90,90,90,90,90,90,90,90,90,90,90,90,90,90,90,90,90,104,104,104,104,104,104,104,104,104,104,104,104,104,104,104,104,104,104,104,104,104,104,104,104,104,104,104],"card_choices":[{"not_picked":["champ:CalledShot","champ:EnGarde"],"picked":"champ:BringItOn","floor":2.0},{"not_picked":["champ:SkillfulDodge","champ:Haymaker"],"picked":"champ:RecklessLeap","floor":3.0},{"not_picked":["champ:ShieldThrow","champ:StanceDance"],"picked":"champ:FlashCut","floor":4.0},{"not_picked":["champ:EnragedBash","champ:TornadoPunch"],"picked":"champ:Backstep","floor":5.0},{"not_picked":["champ:PerfectedStrike","champ:DeathBlow"],"picked":"champ:ArenaPreparation","floor":8.0},{"not_picked":["champ:EnragedBash","champ:GladiatorStyle"],"picked":"champ:HoldFirm","floor":9.0},{"not_picked":["champ:Backstep","champ:FanOfKnives","champ:TornadoPunch"],"picked":"SKIP","floor":11.0},{"not_picked":["champ:PerfectedStrike","champ:DancingMaster"],"picked":"champ:ShieldWall","floor":12.0},{"not_picked":["champ:Shatter","champ:AdrenalArmor"],"picked":"champ:StanceDance","floor":13.0},{"not_picked":["champ:Haymaker","champ:EnGarde","champ:CrownThrow"],"picked":"SKIP","floor":14.0},{"not_picked":["champ:StanceDance+1","champ:Parry+1"],"picked":"champ:IgnorePain+1","floor":15.0},{"not_picked":["champ:VampiricStrike","champ:HeavySlash"],"picked":"champ:GladiatorForm","floor":16.0},{"not_picked":["champ:TornadoPunch+1","champ:CrownThrow+1","champ:GutPunch"],"picked":"SKIP","floor":19.0},{"not_picked":["champ:HeartStrike","champ:Circumvent+1","champ:AdrenalArmor+1"],"picked":"SKIP","floor":20.0},{"not_picked":["champ:PreciseThrust","champ:CrownThrow"],"picked":"champ:BerserkersShout+1","floor":22.0},{"not_picked":["champ:PreciseThrust","champ:BladeFlurry"],"picked":"champ:Parry+1","floor":23.0},{"not_picked":["champ:BringItOn+1","champ:HeavySlash","champ:BladeFlurry"],"picked":"SKIP","floor":26.0},{"not_picked":["champ:PreciseThrust","champ:BerserkersShout+1"],"picked":"champ:IronFortress","floor":27.0},{"not_picked":["champ:RisingSlash+1","champ:CrownThrow","champ:FlashCut"],"picked":"SKIP","floor":28.0},{"not_picked":["champ:BringItOn+1","champ:BladeFlurry+1","champ:Backstep+1"],"picked":"SKIP","floor":31.0},{"not_picked":["champ:PerfectedStrike","champ:FlashCut","champ:FanOfKnives"],"picked":"SKIP","floor":32.0},{"not_picked":["champ:TripleStrike","champ:Devastate"],"picked":"champ:SteelEdge","floor":33.0},{"not_picked":["champ:SetATrap+1","champ:BerserkersShout+1"],"picked":"champ:FancyFootwork+1","floor":36.0},{"not_picked":["champ:SetATrap+1","champ:SkillfulDodge+1","champ:FlashCut+1"],"picked":"SKIP","floor":37.0},{"not_picked":["champ:StanceDance+1","champ:FocusedDefense+1"],"picked":"champ:ShieldSlam+1","floor":38.0},{"not_picked":["champ:FlashCut+1","champ:AdrenalArmor+1"],"picked":"champ:CalledShot+1","floor":39.0},{"not_picked":["champ:BerserkersShout+1","champ:Parry+1","champ:DefensiveShout+1"],"picked":"SKIP","floor":42.0},{"not_picked":["champ:FalseCounter+1","champ:DefensiveShout+1"],"picked":"champ:Devastate+1","floor":44.0},{"not_picked":["champ:HeartStrike+1","champ:FanOfKnives+1","champ:FlashCut+1"],"picked":"SKIP","floor":45.0},{"not_picked":["champ:CalledShot+1","champ:Haymaker+1","champ:Endure+1"],"picked":"SKIP","floor":46.0},{"not_picked":["champ:StanceDance+1","champ:ShieldSlam+1","champ:ShieldWall"],"picked":"SKIP","floor":47.0},{"not_picked":["champ:IronFortress","champ:EnGarde+1","champ:ShieldSlam+1"],"picked":"SKIP","floor":48.0},{"not_picked":["champ:CrookedStrike+1","champ:Endure+1","champ:CalledShot+1"],"picked":"SKIP","floor":49.0}],"player_experience":944076,"relics_obtained":[{"floor":7.0,"key":"HornCleat"},{"floor":9.0,"key":"champ:DefensiveTrainingManual"},{"floor":11.0,"key":"War Paint"},{"floor":12.0,"key":"CloakClasp"},{"floor":24.0,"key":"Mango"},{"floor":26.0,"key":"sneckomod:BlankCard"},{"floor":41.0,"key":"Happy Flower"},{"floor":42.0,"key":"Molten Egg 2"},{"floor":45.0,"key":"Boot"}],"event_choices":[{"damage_healed":0.0,"max_hp_gain":0.0,"max_hp_loss":0.0,"gold_gain":0.0,"event_name":"Scrap Ooze","player_choice":"Success","floor":6.0,"gold_loss":0.0,"damage_taken":12.0,"relics_obtained":["Akabeko"]},{"damage_healed":0.0,"max_hp_gain":0.0,"max_hp_loss":0.0,"gold_gain":0.0,"event_name":"Ghosts","player_choice":"Ignored","floor":29.0,"gold_loss":0.0,"damage_taken":0.0}],"is_beta":false,"boss_relics":[{"not_picked":["Calling Bell","Busted Crown"],"picked":"bronze:MakeshiftBattery"},{"not_picked":["SacredBark","Runic Dome"],"picked":"Coffee Dripper"}],"items_purged_floors":[39,44],"is_endless":false,"potions_floor_spawned":[3,5,9,12,16,20,22,28,31,32,38,42,45,48,49],"ascension_level":0}}