{"host":"qj91dvco5uhu9oti","time":1611954957,"event":{"mods":["BaseMod","Colored Map","Keyboard Shortcuts","Minty Spire (QoL Compilation)","Permanent Neow","Relic Stats","StSLib","SuperFastMode","everything is the same but u backflip on backflip"],"gold_per_floor":[110,122,141,141,216,216,234,70,96,96,115,65,96,107,107,208,208,228,14,14,33,48,48,58,58,82,94,94,114,142,154,154,250,250,269,144,144,154,154,187,187,237,237,362,362,362],"floor_reached":45,"language":"KOR","playtime":1474,"items_purged":["Strike_G","Defend_G","Strike_G"],"score":595,"play_id":"11a78d4c-1185-4ea0-990f-019157749730","local_time":"20210130061557","is_ascension_mode":false,"campfire_choices":[{"data":"Eviscerate","floor":6.0,"key":"SMITH"},{"data":"Predator","floor":10.0,"key":"SMITH"},{"data":"Acrobatics","floor":15.0,"key":"SMITH"},{"data":"Prepared","floor":23.0,"key":"SMITH"},{"data":"Envenom","floor":25.0,"key":"SMITH"},{"data":"Wraith Form v2","floor":28.0,"key":"SMITH"},{"data":"Reflex","floor":32.0,"key":"SMITH"},{"data":"Reflex","floor":41.0,"key":"SMITH"}],"circlet_count":0,"master_deck":["Strike_G","Defend_G","Defend_G","Survivor","Neutralize","Eviscerate+1","Predator+1","Reflex","Acrobatics+1","Wraith Form v2+1","Caltrops+1","Riddle With Holes+1","Reflex+1","Eviscerate","Envenom+1","Prepared+1","Reflex+1","Eviscerate","PiercingWail+1","Eviscerate+1","Eviscerate"],"relics":["Ring of the Snake","Anchor","Bag of Marbles","Pen Nib","Astrolabe","Paper Crane","HoveringKite","WingedGreaves","Singing Bowl","Tingsha","Girya","Oddly Smooth Stone","Dead Branch","Pantograph"],"acts_visited":["Exordium","TheCity","TheBeyond"],"potions_floor_usage":[],"damage_taken":[{"damage":0.0,"enemies":"Jaw Worm","floor":1.0,"turns":4.0},{"damage":0.0,"enemies":"Small Slimes","floor":2.0,"turns":4.0},{"damage":4.0,"enemies":"Cultist","floor":3.0,"turns":3.0},{"damage":10.0,"enemies":"Looter","floor":7.0,"turns":3.0},{"damage":0.0,"enemies":"3 Louse","floor":11.0,"turns":3.0},{"damage":13.0,"enemies":"Gremlin Nob","floor":13.0,"turns":4.0},{"damage":0.0,"enemies":"2 Fungi Beasts","floor":14.0,"turns":2.0},{"damage":29.0,"enemies":"Hexaghost","floor":16.0,"turns":9.0},{"damage":17.0,"enemies":"Spheric Guardian","floor":18.0,"turns":4.0},{"damage":7.0,"enemies":"Chosen","floor":21.0,"turns":4.0},{"damage":26.0,"enemies":"3 Cultists","floor":22.0,"turns":6.0},{"damage":3.0,"enemies":"Snake Plant","floor":24.0,"turns":4.0},{"damage":0.0,"enemies":"Centurion and Healer","floor":27.0,"turns":4.0},{"damage":6.0,"enemies":"Shelled Parasite and Fungi","floor":29.0,"turns":5.0},{"damage":5.0,"enemies":"Gremlin Leader","floor":30.0,"turns":8.0},{"damage":0.0,"enemies":"Snecko","floor":31.0,"turns":1.0},{"damage":0.0,"enemies":"Collector","floor":33.0,"turns":2.0},{"damage":4.0,"enemies":"3 Darklings","floor":35.0,"turns":4.0},{"damage":0.0,"enemies":"3 Shapes","floor":38.0,"turns":5.0},{"damage":0.0,"enemies":"Nemesis","floor":40.0,"turns":3.0},{"damage":21.0,"enemies":"2 Orb Walkers","floor":42.0,"turns":5.0},{"damage":7.0,"enemies":"Giant Head","floor":44.0,"turns":3.0},{"damage":0.0,"enemies":"Colosseum Slavers","floor":44.0,"turns":2.0},{"damage":18.0,"enemies":"Colosseum Nobs","floor":44.0,"turns":4.0},{"damage":78,"enemies":"Donu and Deca","floor":45,"turns":4}],"seed_played":"-7013122668496876775","potions_obtained":[{"floor":2.0,"key":"FairyPotion"},{"floor":3.0,"key":"SkillPotion"},{"floor":11.0,"key":"PowerPotion"},{"floor":16.0,"key":"Swift Potion"},{"floor":24.0,"key":"GamblersBrew"},{"floor":29.0,"key":"Dexterity Potion"},{"floor":31.0,"key":"DistilledChaos"},{"floor":38.0,"key":"GamblersBrew"},{"floor":44.0,"key":"Weak Potion"}],"is_trial":false,"path_per_floor":["M","M","M","?","?","R","M","$","T","R","M","$","E","M","R","B",null,"M","$","?","M","M","R","M","R","T","M","R","M","E","M","R","B",null,"M","$","?","M","?","E","R","?","T","E","R"],"character_chosen":"THE_SILENT","items_purchased":["Predator","FearPotion","Acrobatics","Reflex","Eviscerate"],"campfire_rested":0,"item_purchase_floors":[8,8,12,19,19],"current_hp_per_floor":[70,70,66,66,55,55,45,45,45,45,45,45,32,32,32,3,70,53,53,53,46,20,20,17,17,17,17,17,11,6,6,6,6,70,66,66,66,66,66,66,66,45,45,24,0,0],"gold":362,"neow_bonus":"RANDOM_COMMON_RELIC","is_daily":false,"chose_seed":true,"campfire_upgraded":8,"win_rate":0.0,"timestamp":1611954957,"path_taken":["M","M","M","?","?","R","M","$","T","R","M","$","E","M","R","BOSS","M","$","?","M","M","R","?","R","T","M","R","M","E","M","R","BOSS","M","$","?","M","?","E","R","?","T","E","R","BOSS"],"items_purchased_type":["Card","Potion","Card","Card","Card"],"build_version":"2020-12-22","purchased_purges":3,"victory":false,"max_hp_per_floor":[70,70,70,70,70,70,70,70,70,70,70,70,70,70,70,70,70,70,70,70,70,70,70,70,70,70,70,70,70,70,70,70,70,70,70,70,70,70,70,70,70,70,70,74,74,74],"relic_stats":{"Singing Bowl":4,"counters":[25,100],"Astrolabe":["Caltrops","Riddle With Holes","Leg Sweep"],"Dead Branch":[4],"Pantograph":25,"HoveringKite":[16],"Tingsha":[53],"Pen Nib":[16],"obtain_stats":[{"Girya":43,"Singing Bowl":40,"Astrolabe":17,"Dead Branch":44,"HoveringKite":34,"Oddly Smooth Stone":44,"Tingsha":42,"Pen Nib":13,"Paper Crane":30,"Anchor":0,"Pantograph":44,"WingedGreaves":34,"Bag of Marbles":9,"Ring of the Snake":0},{"Girya":21,"Singing Bowl":20,"Astrolabe":8,"Dead Branch":24,"HoveringKite":17,"Oddly Smooth Stone":22,"Tingsha":21,"Pen Nib":6,"Paper Crane":15,"Anchor":0,"Pantograph":24,"WingedGreaves":17,"Bag of Marbles":4,"Ring of the Snake":0},{"Girya":87,"Singing Bowl":82,"Astrolabe":32,"Dead Branch":96,"HoveringKite":70,"Oddly Smooth Stone":90,"Tingsha":87,"Pen Nib":21,"Paper Crane":67,"Anchor":0,"Pantograph":96,"WingedGreaves":70,"Bag of Marbles":14,"Ring of the Snake":0}],"Ring of the Snake":[48]},"card_choices":[{"not_picked":["Underhanded Strike","Sucker Punch","Distraction"],"picked":"SKIP","floor":1.0},{"not_picked":["Acrobatics","Flechettes"],"picked":"Eviscerate","floor":2.0},{"not_picked":["Finisher","All Out Attack","Cloak And Dagger"],"picked":"SKIP","floor":3.0},{"not_picked":["Outmaneuver","Riddle With Holes","Blade Dance"],"picked":"SKIP","floor":7.0},{"not_picked":["Sucker Punch","Distraction"],"picked":"Reflex","floor":11.0},{"not_picked":["All Out Attack","Distraction","Burst"],"picked":"SKIP","floor":13.0},{"not_picked":["Dodge and Roll","Choke","Bane"],"picked":"SKIP","floor":14.0},{"not_picked":["Die Die Die","Burst"],"picked":"Wraith Form v2","floor":16.0},{"not_picked":["Noxious Fumes+1","Accuracy","Dodge and Roll+1"],"picked":"SKIP","floor":18.0},{"not_picked":["Outmaneuver","Setup"],"picked":"Prepared","floor":21.0},{"not_picked":["Dagger Spray","Flying Knee","Caltrops"],"picked":"SKIP","floor":22.0},{"not_picked":["Well Laid Plans","Sucker Punch+1","Deadly Poison"],"picked":"SKIP","floor":24.0},{"not_picked":["Predator","Quick Slash"],"picked":"Reflex","floor":27.0},{"not_picked":["Footwork+1","Deadly Poison","Skewer"],"picked":"SKIP","floor":29.0},{"not_picked":["Predator","Reflex+1"],"picked":"Eviscerate","floor":30.0},{"not_picked":["Predator","Cloak And Dagger","Heel Hook"],"picked":"SKIP","floor":31.0},{"not_picked":["Deadly Poison","Leg Sweep"],"picked":"PiercingWail+1","floor":35.0},{"not_picked":["Dagger Throw","Dash","Poisoned Stab+1"],"picked":"SKIP","floor":38.0},{"not_picked":["Accuracy","Grand Finale"],"picked":"Eviscerate+1","floor":40.0},{"not_picked":["Slice","Accuracy"],"picked":"Eviscerate","floor":42.0},{"not_picked":["Accuracy","Distraction+1","Sucker Punch"],"picked":"Singing Bowl","floor":44.0},{"not_picked":["Cloak And Dagger","Deflect","Expertise+1"],"picked":"Singing Bowl","floor":44.0}],"player_experience":355794,"relics_obtained":[{"floor":9.0,"key":"Bag of Marbles"},{"floor":13.0,"key":"Pen Nib"},{"floor":30.0,"key":"Paper Crane"},{"floor":40.0,"key":"Singing Bowl"},{"floor":42.0,"key":"Tingsha"},{"floor":43.0,"key":"Girya"},{"floor":44.0,"key":"Oddly Smooth Stone"},{"floor":44.0,"key":"Dead Branch"},{"floor":44.0,"key":"Pantograph"}],"event_choices":[{"damage_healed":0.0,"max_hp_gain":0.0,"max_hp_loss":0.0,"gold_gain":0.0,"event_name":"Liars Game","player_choice":"Ignored","floor":4.0,"gold_loss":0.0,"damage_taken":0.0},{"damage_healed":0.0,"max_hp_gain":0.0,"max_hp_loss":0.0,"gold_gain":75.0,"event_name":"World of Goop","player_choice":"Gather Gold","floor":5.0,"gold_loss":0.0,"damage_taken":11.0},{"damage_healed":0.0,"max_hp_gain":0.0,"max_hp_loss":0.0,"gold_gain":0.0,"cards_transformed":["Defend_G"],"event_name":"Transmorgrifier","player_choice":"Transformed","floor":20.0,"gold_loss":0.0,"damage_taken":0.0,"cards_obtained":["Envenom"]},{"damage_healed":0.0,"max_hp_gain":0.0,"max_hp_loss":0.0,"gold_gain":0.0,"event_name":"Tomb of Lord Red Mask","player_choice":"Ignored","floor":37.0,"gold_loss":0.0,"damage_taken":0.0},{"cards_removed":["Leg Sweep"],"damage_healed":0.0,"max_hp_gain":0.0,"max_hp_loss":0.0,"gold_gain":0.0,"event_name":"Falling","player_choice":"Removed Skill","floor":39.0,"gold_loss":0.0,"damage_taken":0.0},{"damage_healed":0.0,"max_hp_gain":0.0,"max_hp_loss":0.0,"gold_gain":0.0,"event_name":"Mysterious Sphere","player_choice":"Fight","floor":42.0,"gold_loss":0.0,"damage_taken":0.0},{"damage_healed":0.0,"max_hp_gain":0.0,"max_hp_loss":0.0,"gold_gain":0.0,"event_name":"Colosseum","player_choice":"Fight","floor":44.0,"gold_loss":0.0,"damage_taken":0.0},{"damage_healed":0.0,"max_hp_gain":0.0,"max_hp_loss":0.0,"gold_gain":0.0,"event_name":"Colosseum","player_choice":"Fought Nobs","floor":44.0,"gold_loss":0.0,"damage_taken":0.0}],"is_beta":false,"boss_relics":[{"not_picked":["Busted Crown","Tiny House"],"picked":"Astrolabe"},{"not_picked":["Coffee Dripper","Pandora\u0027s Box"],"picked":"HoveringKite"}],"items_purged_floors":[8,19,36],"is_endless":false,"potions_floor_spawned":[2,3,11,16,24,29,30,31,38,42,44],"killed_by":"Donu and Deca","ascension_level":0}}