{"host":"k88fqnqg39joo1wf","time":1611881259,"event":{"mods":["Act Like it!","BaseMod","Colored Powertips","Downfall","Highlight Path","Mimic Mod","Minty Spire (QoL Compilation)","StSLib","Wandering Minibosses"],"gold_per_floor":[99,99,99,99,99,99,99,127,139,153,66,66,216,216,227,227,227,227],"floor_reached":16,"language":"ENG","playtime":876,"items_purged":[],"score":96,"play_id":"038cfb46-fa96-426b-a0a5-9a2760afd990","local_time":"20210128184739","is_ascension_mode":false,"campfire_choices":[{"data":"bronze:Replicate","floor":1,"key":"SMITH"},{"data":"bronze:GetLatest","floor":6,"key":"SMITH"}],"circlet_count":0,"master_deck":["bronze:Strike","bronze:Strike+1","bronze:Defend","bronze:Defend","bronze:Defend","bronze:Defend","bronze:Replicate+1","bronze:Goto","bronze:GetLatest+1","bronze:Branch+1","bronze:ChosenStrike","bronze:GetLatest","bronze:WhirlingStrike","bronze:FineTuning","bronze:Optimize","bronze:Terminator","downfall:Icky","bronze:Optimize"],"relics":["bronze:BronzeCore","downfall:HeartsMalice","Whetstone"],"acts_visited":["Exordium"],"potions_floor_usage":[16],"damage_taken":[{"damage":0,"enemies":"Jaw Worm","floor":2,"turns":1},{"damage":0,"enemies":"2 Louse","floor":3,"turns":1},{"damage":0,"enemies":"Small Slimes","floor":5,"turns":1},{"damage":14,"enemies":"3 Sentries","floor":8,"turns":8},{"damage":0,"enemies":"3 Louse","floor":9,"turns":3},{"damage":0,"enemies":"Gremlin Gang","floor":10,"turns":4},{"damage":7,"enemies":"downfall:FleeingMerchant","floor":11,"turns":6},{"damage":14,"enemies":"Exordium Wildlife","floor":15,"turns":5},{"damage":35,"enemies":"SI_SHIV_ARCHETYPE","floor":16,"turns":4}],"seed_played":"1661670485827118664","potions_obtained":[{"floor":9,"key":"SpeedPotion"},{"floor":10,"key":"bronze:CleanCodePotion"},{"floor":14,"key":"Guardian:BlockOnCardUsePotion"},{"floor":14,"key":"Ancient Potion"}],"is_trial":false,"path_per_floor":["R","M","M","?","M","R","T","E","M","M","$","?","?","?","M","B"],"character_chosen":"THE_AUTOMATON","items_purchased":["bronze:Optimize"],"campfire_rested":0,"item_purchase_floors":[11],"current_hp_per_floor":[70,70,70,70,70,70,70,56,56,56,49,49,49,49,35,0,0,0],"gold":227,"neow_bonus":"THREE_ENEMY_KILL","is_daily":false,"chose_seed":false,"campfire_upgraded":2,"win_rate":0.0,"timestamp":1611881259,"path_taken":["R","M","M","?","M","R","T","E","M","M","$","?","?","?","M","BOSS"],"items_purchased_type":["Card"],"build_version":"2020-12-22","purchased_purges":0,"victory":false,"max_hp_per_floor":[70,70,70,70,70,70,70,70,70,70,70,70,70,70,70,70,70,70],"card_choices":[{"not_picked":["bronze:Fortify","bronze:Safeguard"],"picked":"bronze:GetLatest","floor":2},{"not_picked":["bronze:OilSpill","bronze:Frontload"],"picked":"bronze:Branch","floor":3},{"not_picked":["bronze:Backtrace","bronze:Fortify"],"picked":"bronze:ChosenStrike","floor":5},{"not_picked":["bronze:BuggyMess","bronze:Iterate","bronze:WildBeam"],"picked":"SKIP","floor":8},{"not_picked":["bronze:FineTuning","bronze:Turbo"],"picked":"bronze:GetLatest","floor":9},{"not_picked":["bronze:ForceShield","bronze:NullPointer"],"picked":"bronze:WhirlingStrike","floor":10},{"not_picked":["bronze:Deprecate","bronze:BuggyMess"],"picked":"bronze:FineTuning","floor":11},{"not_picked":["bronze:Flail","bronze:BuggyMess"],"picked":"bronze:Optimize","floor":15}],"player_experience":258712,"relics_obtained":[{"floor":8,"key":"Whetstone"}],"event_choices":[{"damage_healed":0,"gold_gain":0,"player_choice":"Got Potions","damage_taken":0,"max_hp_gain":0,"max_hp_loss":0,"event_name":"Lab","floor":14,"gold_loss":0}],"is_beta":false,"boss_relics":[],"items_purged_floors":[],"is_endless":false,"potions_floor_spawned":[9,10],"killed_by":"SI_SHIV_ARCHETYPE","ascension_level":0}}