{"host":"0azimyi6n3ugndj4","time":1611953144,"event":{"mods":["2.2 Compatiblity","BaseMod","Bestiary","Conspire","Curses Come First","Defuse TimeMaze Blight","Hermit","Hubris","Hyrulean Relics","Infinite Spire","Keyboard Shortcuts","Minty Spire (QoL Compilation)","Relic Filter Mod","Relic Stats","Reliquary","Replay The Spire","StSLib","SuperFastMode","The Cursed","The Hierophant","Uncapped","¡¼?Úª?ø«¡½REMEMod"],"gold_per_floor":[153,18,18,18,18,18,108,108,160,160,196,89,164,164,164,395,395,449,449,114,174,174,174,174,174,174],"floor_reached":25,"language":"KOR","playtime":362,"items_purged":[],"score":586,"play_id":"6afed3d7-df4a-4315-8705-c3e0a9f90faf","local_time":"20210130054544","daily_mods":["Draft","Hoarder","Insanity","Chimera","Specialized","Vintage","ControlledChaos","Allstar","Diverse","Colorless Cards","Heirloom","Time Dilation","Flight","Elite Swarm","Lethality","Midas","Binary"],"is_ascension_mode":true,"campfire_choices":[{"floor":6,"key":"REST"},{"floor":15,"key":"REST"},{"floor":23,"key":"REST"}],"circlet_count":0,"master_deck":["Demon Form","Wraith Form v2","Echo Form","DevaForm","AscendersBane","Bash","Survivor","Zap","conspire:GhostlyStrike","conspire:GhostlyStrike","conspire:GhostlyStrike","conspire:GhostlyDefend","conspire:GhostlyDefend","conspire:GhostlyDefend","Conserve Battery","TheCursedMod:VitalStrike","Gash","Expertise","ReplaySolidLightProjector+1","Cleave","TheCursedMod:CircleOfCorruption","Thunderclap","Beam Cell","REME_Repentance","hierophant:Encroach","hermit:Brawl","Consecrate","hierophant:Sermon","Ball Lightning","Wild Strike","hermit:NoHoldsBarred","CrushJoints","hermit:CursedWeapon","Combust","hermit:BigShot","hierophant:MorningPrayer","Protect","Quick Slash","Hologram","hermit:Headshot","Discovery","Warcry","TheCursedMod:CursedAmulet","EmptyMind","Acrobatics","Run Through","Streamline","Hologram","hierophant:Doomsaying","hermit:Grudge","Hidden Blade","hermit:Quickdraw","Compile Driver","hierophant:FlamingChariot","hermit:Headshot","ReplaySolidLightProjector","hermit:LoneWolf","Sweeping Beam","TheCursedMod:RavingStaff","BowlingBash","Masterful Stab","Ball Lightning","Clash","BootSequence","BootSequence","BootSequence","BootSequence","BootSequence","BootSequence","BootSequence","BootSequence","BootSequence","BootSequence","BootSequence","BootSequence","BootSequence+1","BootSequence","BootSequence","Swift Strike","Swift Strike","Swift Strike","Feel No Pain","Feel No Pain","Feel No Pain","Replay:Battleflow","Replay:Battleflow","Replay:Battleflow","Anger","Anger","Anger","hierophant:Racketeering","hierophant:Racketeering","hierophant:Racketeering","Wild Strike","Wild Strike","Wild Strike","hierophant:Sermon","hierophant:Sermon","hierophant:Sermon","hermit:Shortfuse","hermit:Shortfuse","hermit:Shortfuse","Streamline","Streamline","Streamline","hermit:Desperado","hermit:Desperado","hermit:Desperado","CrushJoints","CrushJoints","CrushJoints","InnerPeace","InnerPeace","InnerPeace","Hidden Blade","Hidden Blade","Hidden Blade","hermit:Coalescence","hermit:Coalescence","hermit:Coalescence","hubris:Sniper","hubris:Sniper","hubris:Sniper","REME_WheelOfFate","REME_WheelOfFate","REME_WheelOfFate","Pain","Pain","Pain","infinitespire:Execution","infinitespire:Execution","infinitespire:Execution"],"relics":["Frozen Eye","Busted Crown","REME_ComplimentaryCards","hubris:Potato","Pantograph","ReplayTheSpireMod:ShopPack","Sizzling Blood","zeldaRelics:CouragePiece","infinitespire:ShieldingShard","hubris:Stopwatch","Molten Egg 2","WarpedTongs","Chemical X","Lantern","reliquary:Stiletto"],"acts_visited":["Exordium","TheCity"],"potions_floor_usage":[25],"damage_taken":[{"damage":0,"enemies":"Jaw Worm","floor":1,"turns":4},{"damage":2,"enemies":"Lagavulin","floor":7,"turns":5},{"damage":6,"enemies":"Small Slimes","floor":11,"turns":5},{"damage":64,"enemies":"The Guardian","floor":16,"turns":8},{"damage":20,"enemies":"Shell Parasite","floor":18,"turns":6},{"damage":29,"enemies":"Spheric Guardian","floor":21,"turns":6},{"damage":84,"enemies":"Book of Stabbing","floor":25,"turns":4}],"seed_played":"4167152265870365705","potions_obtained":[{"floor":16,"key":"GamblersBrew"}],"is_trial":true,"path_per_floor":["M","$","?","?","?","R","E","$","T","?","M","$","?","?","R","B",null,"M","?","$","M","?","R","?","E"],"character_chosen":"THE_SILENT","items_purchased":["ReplayTheSpireMod:ShopPack","FairyPotion","Chemical X","Lantern"],"campfire_rested":3,"item_purchase_floors":[2,12,20,20],"current_hp_per_floor":[59,59,63,63,56,70,70,70,70,70,68,68,57,36,57,10,55,39,39,39,34,18,39,35,0,0],"gold":174,"neow_bonus":"","is_daily":false,"chose_seed":false,"campfire_upgraded":0,"win_rate":0.0,"timestamp":1611953144,"path_taken":["M","$","?","?","?","R","E","?","T","?","?","$","?","?","R","BOSS","M","?","$","?","?","R","?","E"],"items_purchased_type":["Relic","Potion","Relic","Relic"],"build_version":"2020-12-22","purchased_purges":0,"victory":false,"max_hp_per_floor":[66,66,70,70,70,70,70,70,70,70,70,70,70,70,70,70,70,70,70,70,70,70,70,70,70,70],"relic_stats":{"Busted Crown":20,"counters":[7,38],"Pantograph":13,"Chemical X":[1],"obtain_stats":[{"Lantern":20,"Sizzling Blood":3,"WarpedTongs":19,"Frozen Eye":0,"Busted Crown":0,"infinitespire:ShieldingShard":11,"Pantograph":1,"hubris:Stopwatch":17,"Molten Egg 2":18,"reliquary:Stiletto":21,"zeldaRelics:CouragePiece":7,"Chemical X":20,"hubris:Potato":0,"Ring of the Snake":0,"REME_ComplimentaryCards":0,"ReplayTheSpireMod:ShopPack":2},{"Lantern":5,"Sizzling Blood":1,"WarpedTongs":5,"Frozen Eye":0,"Busted Crown":0,"infinitespire:ShieldingShard":3,"Pantograph":1,"hubris:Stopwatch":4,"Molten Egg 2":5,"reliquary:Stiletto":6,"zeldaRelics:CouragePiece":2,"Chemical X":5,"hubris:Potato":0,"Ring of the Snake":0,"REME_ComplimentaryCards":0,"ReplayTheSpireMod:ShopPack":1},{"Lantern":28,"Sizzling Blood":4,"WarpedTongs":28,"Frozen Eye":0,"Busted Crown":0,"infinitespire:ShieldingShard":14,"Pantograph":4,"hubris:Stopwatch":22,"Molten Egg 2":28,"reliquary:Stiletto":34,"zeldaRelics:CouragePiece":9,"Chemical X":28,"hubris:Potato":0,"Ring of the Snake":0,"REME_ComplimentaryCards":0,"ReplayTheSpireMod:ShopPack":4}],"WarpedTongs":[10]},"card_choices":[{"not_picked":["TheCursedMod:SpitefulPlan","TheCursedMod:ReleasedStrength"],"picked":"Swift Strike","floor":0},{"not_picked":["TheCursedMod:Obscuration","Sweeping Beam"],"picked":"Feel No Pain","floor":0},{"not_picked":["hermit:Desperado","Armaments"],"picked":"Replay:Battleflow","floor":0},{"not_picked":["hierophant:RepressedViolence","Replay:Undeath\u0027s Touch"],"picked":"Anger","floor":0},{"not_picked":["TheCursedMod:TacticalStrike","Swivel"],"picked":"hierophant:Racketeering","floor":0},{"not_picked":["TheCursedMod:SoulReap","hermit:Snipe"],"picked":"Wild Strike","floor":0},{"not_picked":["hierophant:TollTheBells","Hologram"],"picked":"hierophant:Sermon","floor":0},{"not_picked":["hubris:SharpeningStone","Clash"],"picked":"hermit:Shortfuse","floor":0},{"not_picked":["Skewer","TheCursedMod:RapidMovement"],"picked":"Streamline","floor":0},{"not_picked":["Warcry","TheCursedMod:RavingStaff"],"picked":"hermit:Desperado","floor":0},{"not_picked":["ThirdEye","ReplaySolidLightProjector"],"picked":"CrushJoints","floor":0},{"not_picked":["hierophant:Charity","hermit:Headshot"],"picked":"InnerPeace","floor":0},{"not_picked":["White Noise","TheCursedMod:Stigma"],"picked":"Hidden Blade","floor":0},{"not_picked":["Backflip","Good Instincts"],"picked":"hermit:Coalescence","floor":0},{"not_picked":["Twin Strike","hermit:TrackingShot"],"picked":"hubris:Sniper","floor":0},{"not_picked":["infinitespire:DeathsTouch","infinitespire:SevenWalls"],"picked":"infinitespire:Execution","floor":22}],"player_experience":1573219,"relics_obtained":[{"floor":1,"key":"Pantograph"},{"floor":7,"key":"zeldaRelics:CouragePiece"},{"floor":9,"key":"zeldaRelics:CouragePiece"},{"floor":11,"key":"infinitespire:ShieldingShard"},{"floor":18,"key":"Molten Egg 2"},{"floor":21,"key":"reliquary:Stiletto"}],"event_choices":[{"damage_healed":0,"gold_gain":0,"player_choice":"Agree","damage_taken":0,"max_hp_gain":0,"max_hp_loss":0,"event_name":"conspire:LoneGhost","floor":4,"gold_loss":0},{"cards_removed":["Eruption"],"damage_healed":0,"gold_gain":0,"player_choice":"Card Removal","damage_taken":7,"max_hp_gain":0,"max_hp_loss":0,"event_name":"Golden Wing","floor":5,"gold_loss":0},{"cards_removed":["Meditate"],"damage_healed":0,"gold_gain":0,"player_choice":"Purged","damage_taken":0,"max_hp_gain":0,"max_hp_loss":0,"event_name":"Purifier","floor":10,"gold_loss":0},{"damage_healed":0,"gold_gain":75,"player_choice":"Gather Gold","damage_taken":11,"max_hp_gain":0,"max_hp_loss":0,"event_name":"World of Goop","floor":13,"gold_loss":0},{"damage_healed":0,"gold_gain":0,"player_choice":"Entered Light","damage_taken":21,"max_hp_gain":0,"max_hp_loss":0,"event_name":"Shining Light","floor":14,"gold_loss":0,"cards_upgraded":["BootSequence","ReplaySolidLightProjector"]},{"damage_healed":0,"gold_gain":0,"player_choice":"Rummage","damage_taken":0,"relics_obtained":["WarpedTongs"],"max_hp_gain":0,"max_hp_loss":0,"event_name":"Accursed Blacksmith","floor":19,"gold_loss":0,"cards_obtained":["Pain"]},{"damage_healed":0,"gold_gain":0,"player_choice":"Leave","damage_taken":0,"max_hp_gain":0,"max_hp_loss":0,"event_name":"conspire:Investor","floor":24,"gold_loss":0}],"is_beta":false,"boss_relics":[{"not_picked":["Runic Dome","conspire:SeveredTorchhead"],"picked":"hubris:Stopwatch"}],"items_purged_floors":[],"is_endless":false,"potions_floor_spawned":[16],"killed_by":"Book of Stabbing","ascension_level":20}}