{"host":"Ringo","time":1611939412,"event":{"mods":["BaseMod","Colored Map","Conspire","Dota2Spire","Hubris","Minty Spire (QoL Compilation)","Replay The Spire","StSLib","The Construct","[IsaacMod]ÒÔÈö¼âËþ","¡¾ÒÅÎï¿¨ÅÆ¡¿REMEMod"],"gold_per_floor":[118,131,148,159,172,204,239,273,273,305,380,408,324,353,353,430,430,448,448,448,448,460,491,406,441,466,517,479,543,543,582,582,582,582],"floor_reached":33,"language":"ZHS","playtime":705,"items_purged":["Twin Strike"],"score":1528,"play_id":"ba084661-866f-417a-9ca1-0a5a9a80e2d5","local_time":"20210130005652","daily_mods":["SealedDeck","Vintage","Heirloom","Time Dilation","Flight","DeadlyEvents","Elite Swarm","Lethality"],"is_ascension_mode":true,"campfire_choices":[{"data":"REME_ACTH","floor":15,"key":"SMITH"},{"floor":30,"key":"DIG"}],"circlet_count":0,"master_deck":["AscendersBane","hubris:Hubris","BettingIsNotGood","Armaments","Clash","Cleave","Thunderclap+1","Spot Weakness","REME_Cut","Anger","Pummel","ReplayTheSpireMod:Muscle Training","ReplayTheSpireMod:Limb From Limb+1","Replay:AllIn","Demon Form","Shrug It Off","REME_ACTH+1","Master of Strategy","Flex+1","Anger","Barricade","Limit Break","ReplayTheSpireMod:Stacked","Metallicize","Metallicize","REME_ProfessionalPlagiarism","Double Tap+1","Pot Of Greed","Pot Of Greed","Pot Of Greed","Panache","Impatience","REME_TheoryOfElimination"],"relics":["HushsDoor","D4","Ring of the Snake","Void","hubris:Zylophone","Bird Faced Urn","Another Sword","Gambling Chip","CaptainsWheel","PunchingBag","Dead Branch","Incense Burner","hubris:DuctTape","Question Card","conspire:DeflatedDodgeball","Pear","Replay:Bottled Snecko","White Beast Statue","ReplayTheSpireMod:Ninjato","Dota2Spire:OrchidMalevolence","ReplayTheSpireMod:Spearhead","Grinning Jar","ReplayTheSpireMod:TigerMarble","conspire:TopHat","Dota2Spire:BladeMail","Whetstone","Dota2Spire:ArmletOfMordiggian","Art of War","Dota2Spire:LotusOrb","hubris:ToyBattleship","Blood Vial","Dota2Spire:EchoSabre","Omamori","War Paint","hubris:ChampionShield","Bag of Preparation","REME_ChargedStone","TheBattery","ReplayTheSpireMod:ShopPack","Lee\u0027s Waffle","Brimstone","REME_CardOfGreed","Succubus","MomsKnife"],"acts_visited":["Exordium","TheCity"],"potions_floor_usage":[33],"damage_taken":[{"damage":0,"enemies":"2 Louse","floor":1,"turns":1},{"damage":0,"enemies":"Small Slimes","floor":2,"turns":1},{"damage":0,"enemies":"Jaw Worm","floor":3,"turns":1},{"damage":0,"enemies":"Large Slime","floor":4,"turns":1},{"damage":0,"enemies":"2 Fungi Beasts","floor":5,"turns":1},{"damage":0,"enemies":"3 Sentries","floor":6,"turns":1},{"damage":0,"enemies":"Gremlin Nob","floor":7,"turns":1},{"damage":0,"enemies":"Lagavulin","floor":8,"turns":2},{"damage":0,"enemies":"3 Sentries","floor":10,"turns":1},{"damage":0,"enemies":"Gremlin Nob","floor":12,"turns":1},{"damage":3,"enemies":"Lagavulin","floor":14,"turns":2},{"damage":1,"enemies":"Hexaghost","floor":16,"turns":1},{"damage":0,"enemies":"Chosen","floor":18,"turns":1},{"damage":0,"enemies":"Shell Parasite","floor":22,"turns":1},{"damage":0,"enemies":"Gremlin Leader","floor":23,"turns":1},{"damage":1,"enemies":"Slavers","floor":25,"turns":2},{"damage":0,"enemies":"Book of Stabbing","floor":27,"turns":1},{"damage":0,"enemies":"Gremlin Leader","floor":29,"turns":1},{"damage":2,"enemies":"Book of Stabbing","floor":31,"turns":1},{"damage":0,"enemies":"Automaton","floor":33,"turns":1}],"seed_played":"8531474851782823541","potions_obtained":[{"floor":4,"key":"BloodPotion"},{"floor":7,"key":"LifebloodPotion"}],"is_trial":true,"path_per_floor":["M","M","M","M","M","E","E","E","T","E","?","E","$","E","R","B",null,"M","$","?","$","M","E","?","E","T","E","$","E","R","E","R","B"],"character_chosen":"IRONCLAD","items_purchased":["Membership Card","hubris:IronBody","Dota2Spire:DrumOfEndurance","Master of Strategy","Flex","Anger","GuppysHairball","RottenBaby","BargainBundle","Shovel","Blue Doll","ReplayTheSpireMod:Stacked","PrismaticShard","conspire:GlowingRock","Toy Ornithopter","Metallicize","Bag of Marbles","conspire:TreasureMap","Akabeko"],"campfire_rested":0,"item_purchase_floors":[13,13,13,13,13,13,17,17,19,19,19,19,21,21,21,21,28,28,28],"current_hp_per_floor":[74,75,75,75,75,75,75,75,75,75,64,70,75,75,75,75,49,49,49,49,49,49,49,49,49,49,49,49,49,49,66,66,66,66],"gold":582,"neow_bonus":"","is_daily":false,"chose_seed":false,"campfire_upgraded":1,"win_rate":0.0,"timestamp":1611939412,"path_taken":["M","M","M","M","M","E","E","E","T","E","?","E","$","E","R","BOSS","M","$","?","$","M","E","?","E","T","E","$","E","R","E","R","BOSS"],"items_purchased_type":["Relic","Relic","Relic","Card","Card","Card","Relic","Relic","Relic","Relic","Relic","Card","Relic","Relic","Relic","Card","Relic","Relic","Relic"],"build_version":"2020-12-18","purchased_purges":1,"victory":false,"max_hp_per_floor":[75,75,75,75,75,75,75,75,75,75,75,75,75,75,75,75,49,49,49,49,49,49,49,49,49,49,49,49,49,49,66,66,66,66],"card_choices":[{"not_picked":[],"picked":"BettingIsNotGood","floor":0},{"not_picked":["Offering","Double Tap"],"picked":"Demon Form","floor":6},{"not_picked":["Brutality","conspire:HitWhereItHurts","REME_Fury"],"picked":"SKIP","floor":7},{"not_picked":["conspire:Purge","Fiend Fire","Offering"],"picked":"SKIP","floor":8},{"not_picked":["REME_Fury","Fiend Fire","Exhume"],"picked":"SKIP","floor":10},{"not_picked":["Barricade","Demonic Infusion"],"picked":"REME_ACTH","floor":12},{"not_picked":["Reaper","hubris:StunningStrike"],"picked":"Barricade","floor":14},{"not_picked":["Barricade","Bludgeon"],"picked":"Limit Break","floor":16},{"not_picked":[],"picked":"REME_ProfessionalPlagiarism","floor":23},{"not_picked":["Amplify"],"picked":"SKIP","floor":25},{"not_picked":["BloodyBrimstone"],"picked":"SKIP","floor":27},{"not_picked":[],"picked":"Double Tap","floor":29},{"not_picked":["SuicideKing"],"picked":"SKIP","floor":31},{"not_picked":["SuicideKing"],"picked":"SKIP","floor":31},{"not_picked":["REME_BodyOfCthun","hubris:EnhanceAbility","BloodyBrimstone"],"picked":"Panache","floor":32},{"not_picked":["ReplayTheSpireMod:Trickstab","REME_PuzzleBox","hubris:Ssssneak"],"picked":"Impatience","floor":32},{"not_picked":["Crow Ritual","hubris:Insight","REME_EyeOfCthun"],"picked":"REME_TheoryOfElimination","floor":32}],"player_experience":587572,"relics_obtained":[{"floor":1,"key":"Dota2Spire:ArcaneBoots"},{"floor":2,"key":"SteamSale"},{"floor":3,"key":"HornCleat"},{"floor":4,"key":"Boot"},{"floor":5,"key":"REME_PuzzleBoxRelic"},{"floor":6,"key":"Dota2Spire:EtherealBlade"},{"floor":7,"key":"GuppysHead"},{"floor":8,"key":"MealTicket"},{"floor":9,"key":"Replay:WaspNest"},{"floor":10,"key":"Unceasing Top"},{"floor":12,"key":"Counterbalance"},{"floor":14,"key":"REME_HandOfSuture"},{"floor":18,"key":"ReplayFunnel"},{"floor":22,"key":"Oddly Smooth Stone"},{"floor":23,"key":"StrikeDummy"},{"floor":25,"key":"Dream Catcher"},{"floor":26,"key":"Replay:Bandana"},{"floor":27,"key":"ReplayTheSpireMod:Shallot"},{"floor":29,"key":"CeramicFish"},{"floor":30,"key":"Dota2Spire:PhaseBoots"},{"floor":31,"key":"D4"}],"event_choices":[{"damage_healed":0,"gold_gain":75,"player_choice":"Gather Gold","damage_taken":11,"max_hp_gain":0,"max_hp_loss":0,"event_name":"World of Goop","floor":11,"gold_loss":0},{"damage_healed":0,"gold_gain":0,"player_choice":"Inject Mutagens","damage_taken":0,"relics_obtained":["MutagenicStrength"],"max_hp_gain":0,"max_hp_loss":0,"event_name":"Drug Dealer","floor":20,"gold_loss":0},{"damage_healed":0,"gold_gain":0,"player_choice":"Obtained Relic","damage_taken":0,"relics_obtained":["hubris:Reverence"],"max_hp_gain":0,"max_hp_loss":0,"event_name":"Addict","floor":24,"gold_loss":85}],"is_beta":true,"boss_relics":[{"not_picked":["hubris:CrackedHourglass","Tiny House"],"picked":"Busted Crown"},{"not_picked":[]}],"items_purged_floors":[28],"is_endless":false,"potions_floor_spawned":[4,7,8,10,12,18,22,27,31],"killed_by":"Automaton","ascension_level":20}}