{"host":"k85tjwrh7mjrrc9a","time":1611941620,"event":{"mods":["AchievementEnabler","BaseMod","Colored Powertips","Highlight Path","Minty Spire (QoL Compilation)","Rare Cards Sparkle","StSLib"],"gold_per_floor":[364,364,79,79,79,79,111,111,137,167,167,182,194,220,220,297,297,310,235,235,248,248,281,281,307,307,307,317,336,353,353,353,425,425,436,449,465,465,482,482,482,497,497,66,77,77,77,77],"floor_reached":47,"language":"ENG","playtime":2509,"items_purged":["Doubt","Regret"],"score":873,"play_id":"d5f01d89-f09e-45f9-8e0e-c07496897d43","local_time":"20210129123340","is_ascension_mode":true,"campfire_choices":[{"data":"Armaments","floor":6.0,"key":"SMITH"},{"data":"Pommel Strike","floor":8.0,"key":"SMITH"},{"data":"Whirlwind","floor":15.0,"key":"SMITH"},{"data":"Limit Break","floor":24.0,"key":"SMITH"},{"floor":27.0,"key":"REST"},{"floor":32.0,"key":"REST"},{"floor":40.0,"key":"REST"},{"floor":46.0,"key":"REST"}],"circlet_count":0,"master_deck":["AscendersBane","Strike_R","Strike_R+1","Strike_R","Strike_R","Defend_R","Defend_R","Defend_R+1","Defend_R","Bash","Pommel Strike+1","Armaments+1","Cleave","Disarm","Whirlwind+1","Twin Strike","Spot Weakness","Reaper","Body Slam","Limit Break+1","Body Slam+1","Limit Break+1","True Grit+1","Shockwave+1"],"relics":["Burning Blood","Lee\u0027s Waffle","Mercury Hourglass","Potion Belt","Bag of Preparation","Nunchaku","StrikeDummy","Philosopher\u0027s Stone","Bronze Scales","Kunai","Toxic Egg 2","Cursed Key","Eternal Feather","HandDrill"],"acts_visited":["Exordium","TheCity","TheBeyond"],"potions_floor_usage":[47,47],"damage_taken":[{"damage":8.0,"enemies":"2 Louse","floor":1.0,"turns":3.0},{"damage":22.0,"enemies":"Gremlin Nob","floor":7.0,"turns":4.0},{"damage":20.0,"enemies":"3 Sentries","floor":10.0,"turns":6.0},{"damage":0.0,"enemies":"Small Slimes","floor":12.0,"turns":3.0},{"damage":1.0,"enemies":"Cultist","floor":13.0,"turns":3.0},{"damage":19.0,"enemies":"Gremlin Nob","floor":14.0,"turns":4.0},{"damage":37.0,"enemies":"Slime Boss","floor":16.0,"turns":8.0},{"damage":13.0,"enemies":"Shell Parasite","floor":18.0,"turns":4.0},{"damage":2.0,"enemies":"Chosen","floor":21.0,"turns":5.0},{"damage":16.0,"enemies":"Gremlin Leader","floor":23.0,"turns":6.0},{"damage":50.0,"enemies":"Book of Stabbing","floor":25.0,"turns":5.0},{"damage":21.0,"enemies":"Snecko","floor":28.0,"turns":4.0},{"damage":10.0,"enemies":"Cultist and Chosen","floor":29.0,"turns":3.0},{"damage":34.0,"enemies":"Centurion and Healer","floor":30.0,"turns":5.0},{"damage":0.0,"enemies":"Snake Plant","floor":31.0,"turns":1.0},{"damage":107.0,"enemies":"Automaton","floor":33.0,"turns":8.0},{"damage":13.0,"enemies":"Orb Walker","floor":35.0,"turns":3.0},{"damage":31.0,"enemies":"3 Darklings","floor":36.0,"turns":4.0},{"damage":46.0,"enemies":"Spire Growth","floor":37.0,"turns":5.0},{"damage":8.0,"enemies":"Transient","floor":39.0,"turns":5.0},{"damage":11.0,"enemies":"Writhing Mass","floor":42.0,"turns":4.0},{"damage":40.0,"enemies":"Spire Growth","floor":45.0,"turns":5.0},{"damage":58,"enemies":"Nemesis","floor":47,"turns":3}],"seed_played":"-1901951408121437142","potions_obtained":[{"floor":12.0,"key":"Regen Potion"},{"floor":13.0,"key":"Fruit Juice"},{"floor":14.0,"key":"SteroidPotion"},{"floor":21.0,"key":"LiquidMemories"},{"floor":28.0,"key":"SmokeBomb"},{"floor":30.0,"key":"Regen Potion"},{"floor":39.0,"key":"Explosive Potion"},{"floor":45.0,"key":"Ancient Potion"}],"is_trial":false,"path_per_floor":["M","?","$","?","?","R","E","R","T","E","?","M","M","E","R","B",null,"M","$","?","M","$","E","R","E","T","R","M","M","M","M","R","B",null,"M","M","M","?","M","R","?","M","T","$","M","R","E"],"character_chosen":"IRONCLAD","items_purchased":["Armaments","Cleave","Lee\u0027s Waffle","HandDrill","Regen Potion","LiquidMemories"],"campfire_rested":4,"item_purchase_floors":[3,3,3,44,44,44],"current_hp_per_floor":[66,43,82,82,71,71,55,55,55,41,68,74,79,66,66,35,70,63,63,63,71,71,74,74,30,30,56,45,41,13,19,45,14,69,62,49,15,15,13,39,39,34,34,34,14,52,0,0],"gold":77,"neow_bonus":"TWO_FIFTY_GOLD","is_daily":false,"chose_seed":false,"campfire_upgraded":4,"win_rate":0.0,"timestamp":1611941620,"path_taken":["M","?","$","?","?","R","E","R","T","E","?","M","M","E","R","BOSS","M","$","?","M","$","E","R","E","T","R","M","M","M","M","R","BOSS","M","M","?","?","M","R","?","M","T","$","M","R","E"],"items_purchased_type":["Card","Card","Relic","Relic","Potion","Potion"],"build_version":"2020-12-22","purchased_purges":2,"victory":false,"max_hp_per_floor":[75,75,82,82,82,82,82,82,82,82,82,82,82,82,82,82,82,82,82,82,82,82,87,87,87,87,87,87,87,87,87,87,87,87,87,87,87,87,87,87,87,87,87,87,87,87,87,87],"card_choices":[{"not_picked":["Flame Barrier","True Grit"],"picked":"Pommel Strike","floor":1.0},{"not_picked":["Cleave","Perfected Strike"],"picked":"Disarm","floor":7.0},{"not_picked":["Clothesline","Iron Wave"],"picked":"Whirlwind","floor":10.0},{"not_picked":["Cleave","Warcry","Rage"],"picked":"SKIP","floor":12.0},{"not_picked":["Cleave","Warcry","Rage"],"picked":"SKIP","floor":12.0},{"not_picked":["Second Wind","Clash"],"picked":"Twin Strike","floor":13.0},{"not_picked":["Warcry","Twin Strike"],"picked":"Spot Weakness","floor":14.0},{"not_picked":["Berserk","Feed"],"picked":"Reaper","floor":16.0},{"not_picked":["Shrug It Off","Clothesline"],"picked":"Body Slam","floor":18.0},{"not_picked":["Body Slam","Thunderclap","Second Wind"],"picked":"SKIP","floor":21.0},{"not_picked":["Seeing Red","Rupture"],"picked":"Limit Break","floor":23.0},{"not_picked":["Flex","Cleave","Anger"],"picked":"SKIP","floor":25.0},{"not_picked":["Thunderclap","Second Wind+1","Rupture"],"picked":"SKIP","floor":28.0},{"not_picked":["Clash","Intimidate+1","Anger"],"picked":"SKIP","floor":29.0},{"not_picked":["Armaments+1","Thunderclap"],"picked":"Body Slam+1","floor":30.0},{"not_picked":["Bludgeon","Exhume+1"],"picked":"Limit Break+1","floor":33.0},{"not_picked":["Thunderclap+1","Twin Strike"],"picked":"True Grit+1","floor":35.0},{"not_picked":["Sword Boomerang","Thunderclap+1"],"picked":"Shockwave+1","floor":36.0},{"not_picked":["Clothesline","Thunderclap+1","Headbutt"],"picked":"SKIP","floor":37.0},{"not_picked":["Flex+1","Infernal Blade+1","Barricade"],"picked":"SKIP","floor":39.0},{"not_picked":["Dropkick+1","Sword Boomerang","Flex+1"],"picked":"SKIP","floor":42.0},{"not_picked":["Second Wind+1","Power Through+1","Headbutt+1"],"picked":"SKIP","floor":45.0}],"player_experience":236742,"relics_obtained":[{"floor":7.0,"key":"Potion Belt"},{"floor":9.0,"key":"Bag of Preparation"},{"floor":10.0,"key":"Nunchaku"},{"floor":14.0,"key":"StrikeDummy"},{"floor":23.0,"key":"Bronze Scales"},{"floor":25.0,"key":"Kunai"},{"floor":26.0,"key":"Toxic Egg 2"},{"floor":43.0,"key":"Eternal Feather"}],"event_choices":[{"damage_healed":0.0,"max_hp_gain":0.0,"max_hp_loss":0.0,"gold_gain":0.0,"event_name":"Shining Light","player_choice":"Entered Light","floor":2.0,"gold_loss":0.0,"damage_taken":23.0,"cards_upgraded":["Strike_R","Defend_R"]},{"damage_healed":0.0,"max_hp_gain":0.0,"max_hp_loss":0.0,"gold_gain":0.0,"event_name":"The Cleric","player_choice":"Leave","floor":4.0,"gold_loss":0.0,"damage_taken":0.0},{"damage_healed":0.0,"max_hp_gain":0.0,"max_hp_loss":0.0,"gold_gain":0.0,"event_name":"Scrap Ooze","player_choice":"Success","floor":5.0,"gold_loss":0.0,"damage_taken":11.0,"relics_obtained":["Mercury Hourglass"]},{"damage_healed":27.0,"max_hp_gain":0.0,"max_hp_loss":0.0,"gold_gain":0.0,"event_name":"Big Fish","player_choice":"Banana","floor":11.0,"gold_loss":0.0,"damage_taken":0.0},{"damage_healed":0.0,"max_hp_gain":0.0,"max_hp_loss":0.0,"gold_gain":0.0,"event_name":"Match and Keep!","player_choice":"0 cards matched","floor":20.0,"gold_loss":0.0,"damage_taken":0.0,"cards_obtained":[]},{"damage_healed":0.0,"max_hp_gain":0.0,"max_hp_loss":0.0,"gold_gain":0.0,"event_name":"The Moai Head","player_choice":"Ignored","floor":38.0,"gold_loss":0.0,"damage_taken":0.0},{"cards_removed":["Strike_R"],"damage_healed":0.0,"max_hp_gain":0.0,"max_hp_loss":0.0,"gold_gain":0.0,"event_name":"Falling","player_choice":"Removed Attack","floor":41.0,"gold_loss":0.0,"damage_taken":0.0}],"is_beta":false,"boss_relics":[{"not_picked":["Fusion Hammer","Runic Dome"],"picked":"Philosopher\u0027s Stone"},{"not_picked":["Coffee Dripper","Runic Pyramid"],"picked":"Cursed Key"}],"items_purged_floors":[19,44],"is_endless":false,"potions_floor_spawned":[12,13,14,21,28,30,31,39,45],"killed_by":"Nemesis","ascension_level":16}}