{"host":"xo3bvwoo3g0exv0i","time":1611881938,"event":{"mods":["BaseMod","Marisa????????","Minty Spire (QoL Compilation)"],"gold_per_floor":[115,127,139,149,149,180,180,180,180],"floor_reached":8,"language":"ENG","playtime":605,"items_purged":[],"score":61,"play_id":"23fd3527-eb08-40e1-9b98-a7f3ab1dfe1d","local_time":"20210128195858","is_ascension_mode":true,"campfire_choices":[{"data":"Evaluate","floor":7,"key":"SMITH"}],"circlet_count":0,"master_deck":["Strike_P","Strike_P","Strike_P","Strike_P","Defend_P","Defend_P","Defend_P","Eruption+1","Vigilance","CrushJoints","CutThroughFate","FlurryOfBlows","FlurryOfBlows","Evaluate+1"],"relics":["PureWater","Gambling Chip"],"acts_visited":["Exordium"],"potions_floor_usage":[6],"damage_taken":[{"damage":0,"enemies":"2 Louse","floor":1,"turns":4},{"damage":6,"enemies":"Jaw Worm","floor":2,"turns":4},{"damage":0,"enemies":"Small Slimes","floor":3,"turns":3},{"damage":6,"enemies":"2 Fungi Beasts","floor":4,"turns":3},{"damage":28,"enemies":"3 Sentries","floor":6,"turns":6},{"damage":31,"enemies":"Lagavulin","floor":8,"turns":2}],"seed_played":"2168495395256077811","potions_obtained":[{"floor":3,"key":"GamblersBrew"},{"floor":6,"key":"Energy Potion"}],"is_trial":false,"path_per_floor":["M","M","M","M","?","E","R","E"],"character_chosen":"WATCHER","items_purchased":[],"campfire_rested":0,"item_purchase_floors":[],"current_hp_per_floor":[72,66,66,60,53,25,25,0,0],"gold":180,"neow_bonus":"UPGRADE_CARD","is_daily":false,"chose_seed":false,"campfire_upgraded":1,"win_rate":0.0,"timestamp":1611881938,"path_taken":["M","M","M","M","?","E","R","E"],"items_purchased_type":[],"build_version":"2020-12-22","purchased_purges":0,"victory":false,"max_hp_per_floor":[72,72,72,72,72,72,72,72,72],"card_choices":[{"not_picked":["Conclude","Nirvana"],"picked":"CrushJoints","floor":1},{"not_picked":["ClearTheMind","ReachHeaven"],"picked":"CutThroughFate","floor":2},{"not_picked":["Consecrate","EmptyFist"],"picked":"FlurryOfBlows","floor":3},{"not_picked":["ClearTheMind","BowlingBash"],"picked":"FlurryOfBlows","floor":4},{"not_picked":["Swivel","ClearTheMind"],"picked":"Evaluate","floor":6}],"player_experience":65595,"relics_obtained":[{"floor":6,"key":"Gambling Chip"}],"event_choices":[{"cards_removed":["Defend_P"],"damage_healed":0,"gold_gain":0,"player_choice":"Card Removal","damage_taken":7,"max_hp_gain":0,"max_hp_loss":0,"event_name":"Golden Wing","floor":5,"gold_loss":0}],"is_beta":false,"boss_relics":[],"items_purged_floors":[],"is_endless":false,"potions_floor_spawned":[3,6],"killed_by":"Lagavulin","ascension_level":1}}