{"host":"0utx1lcxgx5vu4k0","time":1611886322,"event":{"mods":["AlwaysNeverKeys","BaseMod","Colored Powertips","Minty Spire (QoL Compilation)","Permanent Neow","Relic Stats","StSLib"],"gold_per_floor":[119,119,8,8,24,24,24,58,58,58,76,87,87,114,114,210,210,229,243,255,275,292,292,317,317,397,111,124,49,75,85,85,188,188,206,206,58,71,87,122,122,138,138,173,189,199,100,116,116,116],"floor_reached":51,"language":"ENG","playtime":9522,"items_purged":["Regret","Strike_R"],"score":811,"play_id":"b0947420-626a-4a56-969c-2af8b75b298c","local_time":"20210128211202","is_ascension_mode":false,"campfire_choices":[{"data":"Hemokinesis","floor":7,"key":"SMITH"},{"data":"Flame Barrier","floor":13,"key":"SMITH"},{"data":"Feed","floor":15,"key":"SMITH"},{"data":"Shockwave","floor":23,"key":"SMITH"},{"data":"Metallicize","floor":25,"key":"SMITH"},{"data":"Feel No Pain","floor":32,"key":"SMITH"},{"data":"Impervious","floor":49,"key":"SMITH"}],"circlet_count":0,"master_deck":["Strike_R","Strike_R","Strike_R","Defend_R","Defend_R","Defend_R","Defend_R","Bash","Intimidate","Metallicize+1","Hemokinesis+1","Flame Barrier+1","Pommel Strike","Shockwave+1","Feed+1","Offering","Shrug It Off","Shrug It Off","Dropkick","Ghostly Armor","Corruption","Body Slam","Feel No Pain+1","Impervious+1","Pommel Strike+1","Dark Shackles","Master of Strategy","Battle Trance+1","Clothesline+1","True Grit+1","Battle Trance+1","Body Slam+1"],"relics":["Burning Blood","Pen Nib","Vajra","Bag of Marbles","PreservedInsect","Red Skull","Philosopher\u0027s Stone","White Beast Statue","Mercury Hourglass","Membership Card","Nunchaku","Mango","Coffee Dripper","Torii","Toy Ornithopter","MealTicket","Gremlin Horn","Boot","Lantern"],"acts_visited":["Exordium","TheCity","TheBeyond"],"potions_floor_usage":[16,19,20,24,28,33,35,44,46,50,50,50,50,50,50,50],"damage_taken":[{"damage":1,"enemies":"Cultist","floor":1,"turns":3},{"damage":4,"enemies":"Small Slimes","floor":5,"turns":3},{"damage":19,"enemies":"Lagavulin","floor":8,"turns":3},{"damage":0,"enemies":"2 Louse","floor":11,"turns":4},{"damage":9,"enemies":"Blue Slaver","floor":12,"turns":3},{"damage":2,"enemies":"Gremlin Nob","floor":14,"turns":2},{"damage":39,"enemies":"The Guardian","floor":16,"turns":12},{"damage":8,"enemies":"Shell Parasite","floor":18,"turns":4},{"damage":17,"enemies":"3 Byrds","floor":19,"turns":6},{"damage":19,"enemies":"Snecko","floor":20,"turns":8},{"damage":2,"enemies":"Centurion and Healer","floor":21,"turns":4},{"damage":10,"enemies":"Snake Plant","floor":22,"turns":3},{"damage":18,"enemies":"Gremlin Leader","floor":24,"turns":4},{"damage":6,"enemies":"Shelled Parasite and Fungi","floor":28,"turns":4},{"damage":15,"enemies":"Book of Stabbing","floor":30,"turns":5},{"damage":6,"enemies":"Snecko","floor":31,"turns":5},{"damage":11,"enemies":"Champ","floor":33,"turns":12},{"damage":8,"enemies":"3 Darklings","floor":35,"turns":9},{"damage":6,"enemies":"3 Shapes","floor":38,"turns":4},{"damage":8,"enemies":"Sphere and 2 Shapes","floor":39,"turns":4},{"damage":8,"enemies":"Reptomancer","floor":40,"turns":4},{"damage":0,"enemies":"Jaw Worm Horde","floor":42,"turns":3},{"damage":29,"enemies":"Nemesis","floor":44,"turns":8},{"damage":6,"enemies":"Spire Growth","floor":45,"turns":4},{"damage":10,"enemies":"Maw","floor":46,"turns":6},{"damage":5,"enemies":"Sphere and 2 Shapes","floor":48,"turns":6},{"damage":28,"enemies":"Awakened One","floor":50,"turns":10}],"seed_played":"-5725076039195638607","potions_obtained":[{"floor":1,"key":"EssenceOfSteel"},{"floor":11,"key":"Fruit Juice"},{"floor":12,"key":"Regen Potion"},{"floor":16,"key":"CultistPotion"},{"floor":19,"key":"Explosive Potion"},{"floor":20,"key":"AttackPotion"},{"floor":21,"key":"DuplicationPotion"},{"floor":24,"key":"Explosive Potion"},{"floor":28,"key":"SneckoOil"},{"floor":30,"key":"LiquidBronze"},{"floor":31,"key":"EntropicBrew"},{"floor":33,"key":"ColorlessPotion"},{"floor":35,"key":"SmokeBomb"},{"floor":38,"key":"Weak Potion"},{"floor":40,"key":"FairyPotion"},{"floor":42,"key":"Fire Potion"},{"floor":44,"key":"Swift Potion"},{"floor":45,"key":"EntropicBrew"},{"floor":46,"key":"SpeedPotion"}],"is_trial":false,"path_per_floor":["M","?","$","?","M","?","R","E","T","$","M","M","R","E","R","B",null,"M","M","M","M","M","R","E","R","T","$","M","?","E","M","R","B",null,"M","?","$","M","M","E","T","M","T","E","M","M","$","M","R","B",null],"character_chosen":"IRONCLAD","items_purchased":["Metallicize","Membership Card","Nunchaku","Body Slam","Torii","Lantern","Strength Potion"],"campfire_rested":0,"item_purchase_floors":[3,27,27,27,37,47,47],"current_hp_per_floor":[80,80,80,77,79,79,79,66,66,66,72,69,69,73,73,44,84,86,92,88,96,92,92,84,84,84,84,88,88,97,101,101,100,139,141,131,131,135,137,135,135,145,145,127,131,136,151,156,156,166],"gold":116,"neow_bonus":"","is_daily":false,"chose_seed":false,"campfire_upgraded":7,"win_rate":0.0,"timestamp":1611886322,"path_taken":["M","?","$","?","M","?","R","E","T","?","?","M","R","E","R","BOSS","M","M","?","M","M","R","E","R","T","$","?","?","E","M","R","BOSS","M","?","$","M","M","E","?","M","T","E","M","M","$","M","R","BOSS"],"items_purchased_type":["Card","Relic","Relic","Card","Relic","Relic","Potion"],"build_version":"2020-12-22","purchased_purges":2,"victory":true,"max_hp_per_floor":[80,80,80,80,80,80,80,80,80,80,80,80,80,80,80,84,84,88,92,101,105,105,105,109,109,109,109,113,113,131,135,135,139,139,143,143,143,147,151,151,151,155,155,155,159,163,163,167,167,167],"relic_stats":{"Nunchaku":[16],"Torii":4,"Gremlin Horn":[3,5],"counters":[27,143],"MealTicket":15,"Pen Nib":[25],"PreservedInsect":215,"Boot":[0],"obtain_stats":[{"Lantern":47,"Torii":37,"Gremlin Horn":43,"Vajra":4,"Mango":30,"Pen Nib":2,"PreservedInsect":9,"Boot":44,"Burning Blood":0,"White Beast Statue":24,"Mercury Hourglass":26,"Nunchaku":27,"Philosopher\u0027s Stone":17,"MealTicket":41,"Bag of Marbles":8,"Coffee Dripper":34,"Membership Card":27,"Red Skull":14,"Toy Ornithopter":40},{"Lantern":25,"Torii":18,"Gremlin Horn":22,"Vajra":1,"Mango":15,"Pen Nib":1,"PreservedInsect":3,"Boot":23,"Burning Blood":0,"White Beast Statue":13,"Mercury Hourglass":13,"Nunchaku":13,"Philosopher\u0027s Stone":7,"MealTicket":21,"Bag of Marbles":3,"Coffee Dripper":17,"Membership Card":13,"Red Skull":6,"Toy Ornithopter":21},{"Lantern":127,"Torii":94,"Gremlin Horn":109,"Vajra":3,"Mango":68,"Pen Nib":3,"PreservedInsect":9,"Boot":117,"Burning Blood":0,"White Beast Statue":59,"Mercury Hourglass":59,"Nunchaku":59,"Philosopher\u0027s Stone":30,"MealTicket":106,"Bag of Marbles":9,"Coffee Dripper":85,"Membership Card":59,"Red Skull":18,"Toy Ornithopter":106}],"Burning Blood":156,"Toy Ornithopter":42,"Mercury Hourglass":[269]},"card_choices":[{"not_picked":["True Grit","Armaments"],"picked":"Intimidate","floor":1},{"not_picked":["Pommel Strike","Thunderclap"],"picked":"Hemokinesis","floor":5},{"not_picked":["Barricade","Cleave"],"picked":"Flame Barrier","floor":8},{"not_picked":["Iron Wave","Armaments"],"picked":"Pommel Strike","floor":11},{"not_picked":["Rampage","Pommel Strike"],"picked":"Shockwave","floor":12},{"not_picked":["Rupture","Seeing Red"],"picked":"Feed","floor":14},{"not_picked":["Berserk","Juggernaut"],"picked":"Offering","floor":16},{"not_picked":["Hemokinesis","Body Slam"],"picked":"Shrug It Off","floor":18},{"not_picked":["Perfected Strike","Dark Embrace"],"picked":"Shrug It Off","floor":19},{"not_picked":["Battle Trance","Uppercut"],"picked":"Dropkick","floor":20},{"not_picked":["Infernal Blade","Reckless Charge"],"picked":"Ghostly Armor","floor":21},{"not_picked":["Shrug It Off","Searing Blow","Headbutt"],"picked":"SKIP","floor":22},{"not_picked":["Twin Strike","Cleave"],"picked":"Corruption","floor":24},{"not_picked":["Iron Wave","Clash+1"],"picked":"Feel No Pain","floor":28},{"not_picked":["Fire Breathing","Armaments","Thunderclap+1"],"picked":"SKIP","floor":30},{"not_picked":["Combust+1","Sword Boomerang","Intimidate"],"picked":"SKIP","floor":31},{"not_picked":["Reaper","Offering"],"picked":"Impervious","floor":33},{"not_picked":["Rage","Ghostly Armor"],"picked":"Pommel Strike+1","floor":35},{"not_picked":["Swift Strike","Violence"],"picked":"Dark Shackles","floor":36},{"not_picked":["Chrysalis","Swift Strike"],"picked":"Master of Strategy","floor":36},{"not_picked":["Iron Wave+1","Perfected Strike+1"],"picked":"Battle Trance+1","floor":38},{"not_picked":["Fire Breathing","Intimidate","Anger"],"picked":"SKIP","floor":39},{"not_picked":["Rage+1","Hemokinesis+1","Armaments"],"picked":"SKIP","floor":40},{"not_picked":["Iron Wave+1","Anger+1"],"picked":"Clothesline+1","floor":42},{"not_picked":["Warcry+1","Second Wind","Perfected Strike"],"picked":"SKIP","floor":44},{"not_picked":["Corruption","Headbutt"],"picked":"True Grit+1","floor":45},{"not_picked":["Twin Strike","Perfected Strike"],"picked":"Battle Trance+1","floor":46},{"not_picked":["Cleave+1","Disarm"],"picked":"Body Slam+1","floor":48}],"player_experience":0,"relics_obtained":[{"floor":8,"key":"Bag of Marbles"},{"floor":9,"key":"PreservedInsect"},{"floor":14,"key":"Red Skull"},{"floor":24,"key":"White Beast Statue"},{"floor":26,"key":"Mercury Hourglass"},{"floor":30,"key":"Mango"},{"floor":40,"key":"Toy Ornithopter"},{"floor":41,"key":"MealTicket"},{"floor":43,"key":"Gremlin Horn"},{"floor":44,"key":"Boot"}],"event_choices":[{"damage_healed":0,"gold_gain":0,"player_choice":"Box","damage_taken":0,"relics_obtained":["Pen Nib"],"max_hp_gain":0,"max_hp_loss":0,"event_name":"Big Fish","floor":2,"gold_loss":0,"cards_obtained":["Regret"]},{"damage_healed":0,"gold_gain":0,"player_choice":"Success","damage_taken":3,"relics_obtained":["Vajra"],"max_hp_gain":0,"max_hp_loss":0,"event_name":"Scrap Ooze","floor":4,"gold_loss":0},{"damage_healed":0,"gold_gain":0,"player_choice":"Ignored","damage_taken":0,"max_hp_gain":0,"max_hp_loss":0,"event_name":"Liars Game","floor":6,"gold_loss":0},{"cards_removed":["Strike_R"],"damage_healed":0,"gold_gain":0,"player_choice":"Gave Gold","damage_taken":0,"max_hp_gain":0,"max_hp_loss":0,"event_name":"Beggar","floor":29,"gold_loss":75},{"damage_healed":0,"gold_gain":0,"player_choice":"Memory 3","damage_taken":10,"max_hp_gain":0,"max_hp_loss":0,"event_name":"SensoryStone","floor":36,"gold_loss":0}],"is_beta":false,"boss_relics":[{"not_picked":["Runic Dome","Cursed Key"],"picked":"Philosopher\u0027s Stone"},{"not_picked":["Mark of Pain","Fusion Hammer"],"picked":"Coffee Dripper"}],"items_purged_floors":[3,27],"is_endless":false,"potions_floor_spawned":[1,11,12,16,19,20,21,24,28,30,31,33,35,38,39,40,42,44,45,46,48],"ascension_level":0}}