{"host":"kqmpijrcxbgb80ry","time":1611893244,"event":{"mods":["BaseMod","Colored Map","Colored Powertips","Duelist Mod","Highlight Path","Hubris","Infinite Spire","Mimic Mod","Minty Spire (QoL Compilation)","Permanent Neow","Replay The Spire","Shop Mod","StSLib","SuperFastMode"],"gold_per_floor":[118,118,118,118,138,165,181,181,205,221,321,339,356,375,375,479,479,495,172,190,130,141,141,141],"floor_reached":23,"language":"ENG","playtime":1328,"items_purged":[],"score":220,"play_id":"5d7faf2a-3627-4f54-9ad9-6f5cd4e95cba","local_time":"20210128230724","is_ascension_mode":false,"campfire_choices":[{"data":"Second Wind","floor":15,"key":"SMITH"}],"circlet_count":0,"master_deck":["Strike_R","Strike_R","Strike_R","Strike_R","Strike_R","Defend_R","Defend_R","Defend_R","Defend_R","Sword Boomerang","CommonCold","hubris:CleavingFinish","Shrug It Off+1","Clash","Second Wind+1","Cleave","Double Tap","Rage","Replay:Undeath\u0027s Touch+1","Pommel Strike"],"relics":["Burning Blood","NeowsBlessing","ReplayTheSpireMod:Ring of Exchange","Shuriken","MealTicket","Membership Card","Lee\u0027s Waffle","Bottled Lightning","Question Card"],"acts_visited":["Exordium","TheCity"],"potions_floor_usage":[16,16,22],"damage_taken":[{"damage":0,"enemies":"Small Slimes","floor":1,"turns":1},{"damage":0,"enemies":"2 Louse","floor":5,"turns":1},{"damage":0,"enemies":"Gremlin Nob","floor":6,"turns":1},{"damage":1,"enemies":"Cultist","floor":7,"turns":3},{"damage":12,"enemies":"2 Fungi Beasts","floor":10,"turns":4},{"damage":11,"enemies":"Large Slime","floor":12,"turns":6},{"damage":14,"enemies":"Exordium Thugs","floor":13,"turns":7},{"damage":5,"enemies":"Exordium Wildlife","floor":14,"turns":4},{"damage":46,"enemies":"Slime Boss","floor":16,"turns":7},{"damage":34,"enemies":"Shell Parasite","floor":18,"turns":5},{"damage":15,"enemies":"3 Byrds","floor":20,"turns":6},{"damage":56,"enemies":"Snake Plant","floor":22,"turns":7},{"damage":25,"enemies":"Nightmare","floor":23,"turns":4}],"seed_played":"7608855933005832698","potions_obtained":[{"floor":1,"key":"GamblersBrew"},{"floor":10,"key":"GamblersBrew"},{"floor":16,"key":"ColorlessPotion"},{"floor":20,"key":"Block Potion"}],"is_trial":false,"path_per_floor":["M","?","$","?","M","E","M","?","T","M","?","M","M","M","R","B",null,"M","$","M","?","M","NM"],"character_chosen":"IRONCLAD","items_purchased":["Lee\u0027s Waffle","Bottled Lightning","Question Card"],"campfire_rested":0,"item_purchase_floors":[19,19,19],"current_hp_per_floor":[80,80,80,80,80,80,80,80,80,74,74,69,61,62,62,22,80,52,87,78,78,28,3,3],"gold":141,"neow_bonus":"THREE_ENEMY_KILL","is_daily":false,"chose_seed":false,"campfire_upgraded":1,"win_rate":0.0,"timestamp":1611893244,"path_taken":["M","?","$","?","?","E","M","?","T","M","?","?","M","M","R","BOSS","M","$","M","?","M","NM"],"items_purchased_type":["Relic","Relic","Relic"],"build_version":"2020-12-22","purchased_purges":0,"victory":false,"max_hp_per_floor":[80,80,80,80,80,80,80,80,80,80,80,80,80,80,80,80,80,80,87,87,87,87,87,87],"card_choices":[{"not_picked":["Intimidate","ReplayTheSpireMod:Strike From Hell"],"picked":"Sword Boomerang","floor":1},{"not_picked":["Intimidate","Burning Pact","Life Link"],"picked":"SKIP","floor":5},{"not_picked":["Dark Embrace","Abandon"],"picked":"hubris:CleavingFinish","floor":6},{"not_picked":["hubris:ReadiedAction","Corruption"],"picked":"Anger","floor":7},{"not_picked":["Seeing Red","Hemokinesis"],"picked":"Clash","floor":10},{"not_picked":["Sword Boomerang","Shrug It Off"],"picked":"Second Wind","floor":12},{"not_picked":["Life Link","Warcry","Dual Wield"],"picked":"SKIP","floor":13},{"not_picked":["Heavy Blade","Perfected Strike"],"picked":"Cleave","floor":14},{"not_picked":["Hemogenesis","Fiend Fire"],"picked":"Double Tap","floor":16},{"not_picked":["Blood for Blood","Flex"],"picked":"Rage","floor":18},{"not_picked":["Perfected Strike+1","Burning Pact","Offering"],"picked":"Replay:Undeath\u0027s Touch+1","floor":20},{"not_picked":["Clothesline+1","Entrench","Bloodletting+1"],"picked":"Pommel Strike","floor":22}],"player_experience":365355,"relics_obtained":[{"floor":2,"key":"ReplayTheSpireMod:Ring of Exchange"},{"floor":6,"key":"Shuriken"},{"floor":9,"key":"MealTicket"}],"event_choices":[{"cards_removed":["Bash"],"damage_healed":0,"gold_gain":0,"player_choice":"Card Removal","damage_taken":0,"max_hp_gain":0,"max_hp_loss":0,"event_name":"Wheel of Change","floor":4,"gold_loss":0},{"damage_healed":0,"gold_gain":100,"player_choice":"Pray","damage_taken":0,"max_hp_gain":0,"max_hp_loss":0,"event_name":"Golden Shrine","floor":11,"gold_loss":0}],"is_beta":false,"boss_relics":[{"not_picked":["OrangePellets","infinitespire:Burning Sword"],"picked":"Membership Card"}],"items_purged_floors":[],"is_endless":false,"potions_floor_spawned":[1,10,16,20],"killed_by":"Nightmare","ascension_level":0}}