{"host":"c3lc60y5x60jlt1y","time":1611914689,"event":{"mods":["AchievementEnabler","BaseMod","Bestiary","Colored Map","Minty Spire (QoL Compilation)","Quick Restart","StSLib","ojb\u0027s Info Mod"],"gold_per_floor":[110,110,129,146,157,157,157,168,168,168,243,243,256,269,269,370,370,386,386,396,260,99,134,134,134,134],"floor_reached":25,"language":"ENG","playtime":3639,"items_purged":[],"score":263,"play_id":"3bfa506a-3cfd-4fc2-af75-b218b680245e","local_time":"20210129120449","is_ascension_mode":false,"campfire_choices":[{"data":"LessonLearned","floor":6.0,"key":"SMITH"},{"data":"Pray","floor":10.0,"key":"SMITH"},{"floor":12.0,"key":"REST"},{"floor":15.0,"key":"REST"},{"floor":24.0,"key":"REST"}],"circlet_count":0,"master_deck":["Eruption","Vigilance+1","Pray+1","WaveOfTheHand+1","MasterReality+1","LessonLearned+1","Meditate+1","Pray+1","Establishment+1","MentalFortress","FearNoEvil+1","CutThroughFate+1","TalkToTheHand","Adaptation+1","SignatureMove","CutThroughFate","EmptyBody","Vault","CrushJoints+1","Evaluate","Wallop","Brilliance","Protect+1"],"relics":["Pandora\u0027s Box"],"acts_visited":["Exordium","TheCity"],"potions_floor_usage":[25],"damage_taken":[{"damage":12.0,"enemies":"2 Louse","floor":1.0,"turns":5.0},{"damage":0.0,"enemies":"Small Slimes","floor":3.0,"turns":3.0},{"damage":2.0,"enemies":"Cultist","floor":4.0,"turns":3.0},{"damage":14.0,"enemies":"2 Fungi Beasts","floor":5.0,"turns":4.0},{"damage":10.0,"enemies":"Looter","floor":8.0,"turns":3.0},{"damage":26.0,"enemies":"Exordium Thugs","floor":13.0,"turns":5.0},{"damage":16.0,"enemies":"3 Louse","floor":14.0,"turns":3.0},{"damage":0.0,"enemies":"Hexaghost","floor":16.0,"turns":6.0},{"damage":25.0,"enemies":"Shell Parasite","floor":18.0,"turns":8.0},{"damage":10.0,"enemies":"Chosen","floor":20.0,"turns":3.0},{"damage":26.0,"enemies":"Gremlin Leader","floor":23.0,"turns":7.0},{"damage":21,"enemies":"Book of Stabbing","floor":25,"turns":5}],"seed_played":"3586268999201235233","potions_obtained":[{"floor":1.0,"key":"Fire Potion"},{"floor":4.0,"key":"ColorlessPotion"},{"floor":14.0,"key":"BottledMiracle"},{"floor":20.0,"key":"Explosive Potion"},{"floor":23.0,"key":"Swift Potion"}],"is_trial":false,"path_per_floor":["M","?","M","M","M","R","?","M","T","R","?","R","M","M","R","B",null,"M","?","M","$","$","E","R","E"],"character_chosen":"WATCHER","items_purchased":["Wallop","Energy Potion","Energy Potion","Brilliance"],"campfire_rested":3,"item_purchase_floors":[21,21,21,22],"current_hp_per_floor":[60,60,60,58,44,44,44,34,34,34,23,44,18,2,23,23,72,47,47,37,37,37,11,32,11,11],"gold":134,"neow_bonus":"BOSS_RELIC","is_daily":false,"chose_seed":false,"campfire_upgraded":2,"win_rate":0.0,"timestamp":1611914689,"path_taken":["M","?","M","M","M","R","?","?","T","R","?","R","M","M","R","BOSS","M","?","M","?","$","E","R","E"],"items_purchased_type":["Card","Potion","Potion","Card"],"build_version":"2020-12-22","purchased_purges":0,"victory":false,"max_hp_per_floor":[72,72,72,72,72,72,72,72,72,72,72,72,72,72,72,72,72,72,72,72,72,72,72,72,72,72],"card_choices":[{"not_picked":["Crescendo","ClearTheMind"],"picked":"FearNoEvil","floor":1.0},{"not_picked":["CrushJoints","EmptyMind"],"picked":"CutThroughFate","floor":3.0},{"not_picked":["LikeWater","WreathOfFlame"],"picked":"TalkToTheHand","floor":4.0},{"not_picked":["EmptyFist","CutThroughFate"],"picked":"Adaptation","floor":5.0},{"not_picked":["EmptyFist","Collect"],"picked":"SignatureMove","floor":8.0},{"not_picked":["Halt","SandsOfTime"],"picked":"CutThroughFate","floor":13.0},{"not_picked":["FollowUp","BowlingBash"],"picked":"EmptyBody","floor":14.0},{"not_picked":["MasterReality","DeusExMachina"],"picked":"Vault","floor":16.0},{"not_picked":["Adaptation","SashWhip"],"picked":"CrushJoints+1","floor":18.0},{"not_picked":["EmptyBody","Consecrate"],"picked":"Evaluate","floor":20.0},{"not_picked":["CutThroughFate","EmptyFist"],"picked":"Protect+1","floor":23.0}],"player_experience":8757103,"relics_obtained":[],"event_choices":[{"damage_healed":0.0,"max_hp_gain":0.0,"max_hp_loss":0.0,"gold_gain":0.0,"event_name":"Scrap Ooze","player_choice":"Fled","floor":2.0,"gold_loss":0.0,"damage_taken":0.0},{"damage_healed":0.0,"max_hp_gain":0.0,"max_hp_loss":0.0,"gold_gain":0.0,"event_name":"Transmorgrifier","player_choice":"Ignored","floor":7.0,"gold_loss":0.0,"damage_taken":0.0},{"damage_healed":0.0,"max_hp_gain":0.0,"max_hp_loss":0.0,"gold_gain":75.0,"event_name":"World of Goop","player_choice":"Gather Gold","floor":11.0,"gold_loss":0.0,"damage_taken":11.0}],"is_beta":false,"boss_relics":[{"not_picked":[]}],"items_purged_floors":[],"is_endless":false,"potions_floor_spawned":[1,4,14,20,23],"killed_by":"Book of Stabbing","ascension_level":0}}