{"host":"mo324zvkdr1xwprd","time":1611963218,"event":{"mods":["BaseMod","Better Note","BetterRewards","Hermit","Highlight Path","Hubris","Minty Spire (QoL Compilation)","Quick Restart","Rare Cards Sparkle","Shop Mod","StSLib","The Cursed","The Hierophant"],"gold_per_floor":[113,124,134,152,168,195,208,239,239,239,255,21,21,31,31,136,136,147,162,181,181,181],"floor_reached":21,"language":"ENG","playtime":2205,"items_purged":[],"score":236,"play_id":"b7d673b9-01f7-4db8-a9c6-403fb50e7fd6","local_time":"20210129233338","is_ascension_mode":true,"campfire_choices":[{"floor":10,"key":"REST"},{"floor":15,"key":"REST"}],"circlet_count":0,"master_deck":["TheCursedMod:Strike_TheCursed","TheCursedMod:Strike_TheCursed","TheCursedMod:Strike_TheCursed","TheCursedMod:Strike_TheCursed","TheCursedMod:Defend_TheCursed","TheCursedMod:Defend_TheCursed","TheCursedMod:Defend_TheCursed","TheCursedMod:Defend_TheCursed","TheCursedMod:CursedWand","TheCursedMod:CleanUpWorkshop","TheCursedMod:Dregs","TheCursedMod:ReleasedStrength","TheCursedMod:SpitefulStrike","TheCursedMod:WearCloak","TheCursedMod:Evocation","TheCursedMod:LuckyCharm","TheCursedMod:CursedBoomerang","TheCursedMod:CircleOfBlood","TheCursedMod:AbyssShockwave","TheCursedMod:CollectTribute","TheCursedMod:SurpriseAttack","Dramatic Entrance","TheCursedMod:Obscuration","TheCursedMod:HellfireBreathing","TheCursedMod:CircleOfBlood","TheCursedMod:CollectTribute","TheCursedMod:SurpriseAttack","TheCursedMod:Torture+1","TheCursedMod:SoulReap"],"relics":["TheCursedMod:BlackMagic101","Calipers","hubris:FunFungus","Sozu"],"acts_visited":["Exordium","TheCity"],"potions_floor_usage":[6,6,7,11,16],"damage_taken":[{"damage":1,"enemies":"Cultist","floor":1,"turns":4},{"damage":2,"enemies":"2 Louse","floor":2,"turns":3},{"damage":2,"enemies":"Jaw Worm","floor":3,"turns":3},{"damage":5,"enemies":"Gremlin Gang","floor":4,"turns":6},{"damage":1,"enemies":"2 Fungi Beasts","floor":5,"turns":4},{"damage":24,"enemies":"3 Sentries","floor":6,"turns":11},{"damage":13,"enemies":"Large Slime","floor":7,"turns":5},{"damage":30,"enemies":"Lagavulin","floor":8,"turns":7},{"damage":0,"enemies":"Looter","floor":11,"turns":2},{"damage":1,"enemies":"Blue Slaver","floor":14,"turns":2},{"damage":29,"enemies":"The Guardian","floor":16,"turns":14},{"damage":30,"enemies":"Chosen","floor":18,"turns":7},{"damage":13,"enemies":"Shell Parasite","floor":19,"turns":5},{"damage":42,"enemies":"Snecko","floor":20,"turns":5},{"damage":8,"enemies":"Shelled Parasite and Fungi","floor":21,"turns":2}],"seed_played":"1890138588706816251","potions_obtained":[{"floor":2,"key":"Block Potion"},{"floor":4,"key":"Regen Potion"},{"floor":6,"key":"LiquidMemories"},{"floor":8,"key":"Block Potion"},{"floor":11,"key":"Swift Potion"}],"is_trial":false,"path_per_floor":["M","M","M","M","M","E","M","E","T","R","M","$","?","M","R","B",null,"M","M","M","M"],"character_chosen":"THE_CURSED","items_purchased":["TheCursedMod:SurpriseAttack","Dramatic Entrance","TheCursedMod:Obscuration","TheCursedMod:HellfireBreathing"],"campfire_rested":2,"item_purchase_floors":[12,12,12,12],"current_hp_per_floor":[81,79,77,72,71,62,49,21,21,45,45,45,45,44,68,64,82,71,62,28,25,25],"gold":181,"neow_bonus":"TEN_PERCENT_HP_BONUS","is_daily":false,"chose_seed":false,"campfire_upgraded":0,"win_rate":0.0,"timestamp":1611963218,"path_taken":["M","M","M","M","M","E","M","E","T","R","M","$","?","M","R","BOSS","M","M","M","M"],"items_purchased_type":["Card","Card","Card","Card"],"build_version":"2020-12-22","purchased_purges":0,"victory":false,"max_hp_per_floor":[82,82,82,82,82,82,82,82,82,82,82,82,82,82,82,82,82,82,82,82,82,82],"card_choices":[{"not_picked":["TheCursedMod:TacticalStrike","TheCursedMod:SmokeScreen"],"picked":"TheCursedMod:ReleasedStrength","floor":1},{"not_picked":["TheCursedMod:Wield","TheCursedMod:CursedBlade"],"picked":"TheCursedMod:SpitefulStrike","floor":2},{"not_picked":["TheCursedMod:CircleOfCorruption","TheCursedMod:ReleasedKnowledge"],"picked":"TheCursedMod:WearCloak","floor":3},{"not_picked":["TheCursedMod:BloodBarrier","TheCursedMod:Wield"],"picked":"TheCursedMod:Evocation","floor":4},{"not_picked":["TheCursedMod:HellsGateOpen","TheCursedMod:TacticalStrike"],"picked":"TheCursedMod:LuckyCharm","floor":5},{"not_picked":["TheCursedMod:Stigma","TheCursedMod:BloodBarrier"],"picked":"TheCursedMod:CursedBoomerang","floor":6},{"not_picked":["TheCursedMod:CircleOfWindfury","TheCursedMod:CursedShiv"],"picked":"TheCursedMod:CircleOfBlood","floor":7},{"not_picked":["TheCursedMod:RavingStaff","TheCursedMod:FuryStrike"],"picked":"TheCursedMod:AbyssShockwave","floor":8},{"not_picked":["TheCursedMod:Obscuration","TheCursedMod:LuckyCharm"],"picked":"TheCursedMod:CollectTribute","floor":11},{"not_picked":["TheCursedMod:SmokeScreen","TheCursedMod:Grudge"],"picked":"TheCursedMod:CircleOfBlood","floor":14},{"not_picked":["TheCursedMod:StunningStrike","TheCursedMod:DarkBarrier"],"picked":"TheCursedMod:CollectTribute","floor":16},{"not_picked":["TheCursedMod:RapidMovement","TheCursedMod:WearCloak"],"picked":"TheCursedMod:SurpriseAttack","floor":18},{"not_picked":["TheCursedMod:CircleOfAmplification","TheCursedMod:SaltUponWound"],"picked":"TheCursedMod:Torture+1","floor":19},{"not_picked":["TheCursedMod:WearCloak","TheCursedMod:Stigma"],"picked":"TheCursedMod:SoulReap","floor":20}],"player_experience":399362,"relics_obtained":[{"floor":6,"key":"Calipers"},{"floor":8,"key":"hubris:FunFungus"}],"event_choices":[{"damage_healed":0,"gold_gain":0,"player_choice":"Ignored","damage_taken":0,"max_hp_gain":0,"max_hp_loss":0,"event_name":"Fountain of Cleansing","floor":13,"gold_loss":0}],"is_beta":false,"boss_relics":[{"not_picked":["Fusion Hammer","Busted Crown"],"picked":"Sozu"}],"items_purged_floors":[],"is_endless":false,"potions_floor_spawned":[2,4,6,8,11,20],"killed_by":"Shelled Parasite and Fungi","ascension_level":4}}