{"host":"vca5odlxycr7xk6d","time":1611939702,"event":{"mods":["Act Like it!","BaseMod","Better Note","BetterRewards","Colored Map","Gensokyo","GungeonMod","Hubris","Infinite Spire","Lobotomy","LobotomyExtend","Marisa????????","Minty Spire (QoL Compilation)","Rare Cards Sparkle","Reimu??????","Replay The Spire","Shop Mod","StSLib","The Animator","The Exalted"],"gold_per_floor":[120,120,137,150,165,192,192,219,219,219,237,237,237,252,252,347,347,347,347],"floor_reached":18,"language":"ENG","playtime":718,"items_purged":[],"score":172,"play_id":"98dddc47-0700-492f-b06c-9368c9e75e3f","local_time":"20210130000142","is_ascension_mode":false,"campfire_choices":[],"circlet_count":0,"master_deck":["SpecialBullet","SpecialBullet","SpecialBullet","SpecialBullet","SpecialBullet","SpecialBullet","SpecialBullet","SpecialBullet","SecurityCode","DisciplinaryCode","ControlCode","GrinderMk4","Lamp+4","FourthMatchFlame","SolemnVow","InformationCode","Laetitia_ego","RecordCode","TrainingCode","Tough","WelfareCode","ParadiseLost"],"relics":["Ring of Chaos","LetterFromLob","HornCleat","hubris:OldNail","Bromod:ArcaneDeflection","DemoMod:GlassGuonStoneRelic","Runic Dome"],"acts_visited":["Exordium","TheCity"],"potions_floor_usage":[8],"damage_taken":[{"damage":0,"enemies":"Small Slimes","floor":1,"turns":2},{"damage":5,"enemies":"Cultist","floor":3,"turns":3},{"damage":0,"enemies":"2 Louse","floor":4,"turns":2},{"damage":22,"enemies":"Gremlin Gang","floor":5,"turns":4},{"damage":36,"enemies":"Lagavulin","floor":6,"turns":4},{"damage":1,"enemies":"Gremlin Nob","floor":8,"turns":3},{"damage":0,"enemies":"Large Slime","floor":11,"turns":2},{"damage":11,"enemies":"Blue Slaver","floor":14,"turns":2},{"damage":37,"enemies":"Fading Forest","floor":16,"turns":11}],"seed_played":"-5571003516387469210","potions_obtained":[{"floor":1,"key":"Dexterity Potion"},{"floor":5,"key":"Regen Potion"},{"floor":14,"key":"FairyPotion"},{"floor":16,"key":"Fire Potion"}],"is_trial":false,"path_per_floor":["M","?","M","M","M","E","R","E","T","R","M","R","?","M","R","B",null,"M"],"character_chosen":"Angela","items_purchased":[],"campfire_rested":0,"item_purchase_floors":[],"current_hp_per_floor":[70,70,70,70,62,40,40,58,58,58,70,70,70,70,70,47,70,70,70],"gold":347,"neow_bonus":"BOSS_RELIC","is_daily":false,"chose_seed":false,"campfire_upgraded":0,"win_rate":0.0,"timestamp":1611939702,"path_taken":["M","?","M","M","M","E","R","E","T","R","?","R","?","M","R","BOSS","M"],"items_purchased_type":[],"build_version":"2020-12-22","purchased_purges":0,"victory":false,"max_hp_per_floor":[70,70,70,70,70,70,70,70,70,70,70,70,70,70,70,70,70,70,70],"card_choices":[{"not_picked":["TodaysExpression"],"picked":"GrinderMk4","floor":1},{"not_picked":["WristCuter"],"picked":"Lamp","floor":3},{"not_picked":["TodaysExpression"],"picked":"Beak","floor":4},{"not_picked":["Galaxy"],"picked":"FourthMatchFlame","floor":5},{"not_picked":["CherryBlossom"],"picked":"SolemnVow","floor":6},{"not_picked":["CrimsonScar"],"picked":"Laetitia_ego","floor":8},{"not_picked":["CUTE","Penitence"],"picked":"SKIP","floor":11},{"not_picked":["Laetitia_ego"],"picked":"Tough","floor":14},{"not_picked":["TheSmile"],"picked":"ParadiseLost","floor":16}],"player_experience":507769,"relics_obtained":[{"floor":1,"key":"LetterFromLob"},{"floor":6,"key":"HornCleat"},{"floor":8,"key":"hubris:OldNail"},{"floor":9,"key":"Bromod:ArcaneDeflection"}],"event_choices":[{"damage_healed":0,"gold_gain":0,"player_choice":"Bought 0 Potions","damage_taken":0,"max_hp_gain":0,"max_hp_loss":0,"event_name":"The Woman in Blue","floor":2,"gold_loss":0},{"cards_removed":["Beak"],"damage_healed":0,"gold_gain":0,"player_choice":"Purged","damage_taken":0,"max_hp_gain":0,"max_hp_loss":0,"event_name":"Purifier","floor":13,"gold_loss":0}],"is_beta":false,"boss_relics":[{"not_picked":["SacredBark","Runic Pyramid"],"picked":"Runic Dome"}],"items_purged_floors":[],"is_endless":false,"potions_floor_spawned":[1,5,14,16],"ascension_level":0}}