{"host":"9j472d1lqxyi8fmj","time":1611879081,"event":{"mods":["AchievementEnabler","Aspiration","BaseMod","Better Note","BetterRewards","Block Reminder","Colored Powertips","Downfall","Hermit","Hubris","Infinite Spire","Minty Spire (QoL Compilation)","Potion Indicator Mod","Rare Cards Sparkle","Relic Filter","Reliquary","Spicy Shops","StSLib","The Runesmith","Virulent Crown"],"gold_per_floor":[114,134,134,144,144,177,195,210,210,53,88,99,131,143,143,242,242,253,253,270,270,287,323,323,361,361,361,379,379,75,97,97,204,204,231,255,40,68,82,82,102,102,102,102,128,162,210,35,35,53],"floor_reached":51,"language":"ENG","playtime":2148,"items_purged":[],"score":1041,"play_id":"0598fc1e-80b2-4700-9277-dff36c689597","local_time":"20210128191121","is_ascension_mode":false,"campfire_choices":[{"floor":15,"key":"REST"},{"data":"After Image","floor":24,"key":"SMITH"},{"floor":29,"key":"REST"},{"data":"Noxious Fumes","floor":32,"key":"SMITH"},{"data":"Accuracy","floor":40,"key":"SMITH"},{"data":"Panache","floor":49,"key":"SMITH"}],"circlet_count":0,"master_deck":["Strike_G","Strike_G","Strike_G","Strike_G","Strike_G","Defend_G","Defend_G","Defend_G","Survivor","Neutralize","Blade Dance","Blade Dance","All Out Attack","Noxious Fumes+1","Terror","Injury","Dash+1","Cloak And Dagger","Slice+1","After Image+1","Dash+1","Footwork+1","Dodge and Roll","Sucker Punch+1","Underhanded Strike+1","Blade Dance","Poisoned Stab+1","Envenom+1","Backflip","Backstab+1","Accuracy+1","Blade Dance","Blade Dance","Acrobatics+1","Crippling Poison+1","Panache+1"],"relics":["Ring of the Snake","TwistedFunnel","hubris:Metronome","Runesmith:Locket","Molten Egg 2","Paper Crane","infinitespire:Satchel","hubris:HerbalPaste","infinitespire:Eraser","MealTicket","aspiration:RandomNobGenerator","CeramicFish","Blood Vial","aspiration:StickyExplosives","reliquary:KillPill","aspiration:MobileForge","aspiration:Lifesprig","White Beast Statue","infinitespire:Midas Blood","Prayer Wheel"],"acts_visited":["Exordium","TheCity","TheBeyond"],"potions_floor_usage":[6,11,25,39],"damage_taken":[{"damage":7,"enemies":"2 Louse","floor":1,"turns":2},{"damage":1,"enemies":"Jaw Worm","floor":2,"turns":3},{"damage":0,"enemies":"Cultist","floor":4,"turns":2},{"damage":18,"enemies":"3 Sentries","floor":6,"turns":5},{"damage":0,"enemies":"2 Fungi Beasts","floor":7,"turns":2},{"damage":4,"enemies":"Exordium Wildlife","floor":8,"turns":4},{"damage":18,"enemies":"Lagavulin","floor":11,"turns":3},{"damage":0,"enemies":"Looter","floor":12,"turns":2},{"damage":9,"enemies":"3 Sentries","floor":13,"turns":4},{"damage":0,"enemies":"Blue Slaver","floor":14,"turns":2},{"damage":2,"enemies":"Slime Boss","floor":16,"turns":7},{"damage":0,"enemies":"Shell Parasite","floor":18,"turns":3},{"damage":0,"enemies":"Chosen","floor":20,"turns":4},{"damage":13,"enemies":"Centurion and Healer","floor":22,"turns":9},{"damage":3,"enemies":"Book of Stabbing","floor":23,"turns":3},{"damage":30,"enemies":"Slavers","floor":25,"turns":5},{"damage":0,"enemies":"Shelled Parasite and Fungi","floor":28,"turns":3},{"damage":5,"enemies":"Cultist and Chosen","floor":31,"turns":4},{"damage":42,"enemies":"hubris:MusketHawk","floor":33,"turns":7},{"damage":2,"enemies":"3 Shapes","floor":35,"turns":7},{"damage":4,"enemies":"Orb Walker","floor":36,"turns":2},{"damage":13,"enemies":"Jaw Worm Horde","floor":38,"turns":5},{"damage":19,"enemies":"Writhing Mass","floor":39,"turns":4},{"damage":9,"enemies":"Maw","floor":41,"turns":7},{"damage":9,"enemies":"Spire Growth","floor":45,"turns":3},{"damage":22,"enemies":"Nemesis","floor":46,"turns":3},{"damage":0,"enemies":"2 Orb Walkers","floor":47,"turns":3},{"damage":45,"enemies":"Time Eater","floor":50,"turns":7}],"seed_played":"5992047128387705291","potions_obtained":[{"floor":2,"key":"Swift Potion"},{"floor":4,"key":"Poison Potion"},{"floor":5,"key":"Regen Potion"},{"floor":7,"key":"LiquidMemories"},{"floor":13,"key":"GamblersBrew"},{"floor":16,"key":"FairyPotion"},{"floor":18,"key":"Slimebound:ThreeZeroPotion"},{"floor":31,"key":"EssenceOfSteel"},{"floor":35,"key":"Explosive Potion"},{"floor":45,"key":"Energy Potion"},{"floor":46,"key":"champ:CounterPotion"}],"is_trial":false,"path_per_floor":["M","M","?","M","?","E","M","M","T","$","E","M","E","M","R","B",null,"M","?","M","?","M","E","R","E","T","?","M","R","$","M","R","B",null,"M","M","$","M","M","R","M","?","T","?","M","E","?","$","R","B",null],"character_chosen":"THE_SILENT","items_purchased":["TwistedFunnel","Blade Dance","hubris:Metronome","Blade Dance","All Out Attack","hubris:HerbalPaste","Blade Dance","reliquary:KillPill","aspiration:Lifesprig","Accuracy","Panache"],"campfire_rested":2,"item_purchase_floors":[0,0,0,0,0,10,30,30,37,37,48],"current_hp_per_floor":[34,33,33,33,33,30,30,26,26,26,13,16,13,16,37,41,70,70,63,69,69,60,62,62,38,38,38,45,66,70,68,68,31,70,68,66,70,60,49,49,48,48,48,48,46,31,38,53,53,16],"gold":53,"neow_bonus":"","is_daily":false,"chose_seed":false,"campfire_upgraded":4,"win_rate":0.0,"timestamp":1611879081,"path_taken":["M","M","?","M","?","E","?","M","T","$","E","M","E","M","R","BOSS","M","?","M","?","M","E","R","E","T","?","M","R","$","M","R","BOSS","M","?","$","M","?","R","M","?","T","?","?","E","?","?","R","BOSS"],"items_purchased_type":["Relic","Card","Relic","Card","Card","Relic","Card","Relic","Relic","Card","Card"],"build_version":"2020-12-22","purchased_purges":0,"victory":true,"max_hp_per_floor":[70,70,70,70,70,70,70,70,70,70,70,70,70,70,70,70,70,70,70,70,70,70,70,70,70,70,70,70,70,70,70,70,70,70,70,70,70,70,70,70,70,70,70,70,70,70,70,70,70,70],"card_choices":[{"not_picked":["hubris:SlightOfHand","Bouncing Flask"],"picked":"Noxious Fumes","floor":1},{"not_picked":["Acrobatics","Dagger Throw"],"picked":"Terror","floor":2},{"not_picked":["Acrobatics","Outmaneuver","Caltrops"],"picked":"SKIP","floor":4},{"not_picked":["Deadly Poison","Unload+1"],"picked":"Dash+1","floor":6},{"not_picked":["Quick Slash+1","Prepared"],"picked":"Cloak And Dagger","floor":7},{"not_picked":["Deflect","Dodge and Roll","Outmaneuver"],"picked":"SKIP","floor":8},{"not_picked":["Night Terror","Acrobatics","Escape Plan"],"picked":"SKIP","floor":11},{"not_picked":["Dagger Throw+1","Dagger Spray+1"],"picked":"Slice+1","floor":12},{"not_picked":["Bane+1","Skewer+1","Noxious Fumes"],"picked":"SKIP","floor":13},{"not_picked":["Crippling Poison","Acrobatics","hubris:SlightOfHand"],"picked":"SKIP","floor":14},{"not_picked":["Tools of the Trade","Bullet Time"],"picked":"After Image","floor":16},{"not_picked":["Cloak And Dagger","Setup"],"picked":"Dash+1","floor":18},{"not_picked":["Acrobatics","Dodge and Roll"],"picked":"Footwork+1","floor":20},{"not_picked":["Noxious Fumes","Concentrate+1","Well Laid Plans"],"picked":"SKIP","floor":22},{"not_picked":["PiercingWail+1","Deadly Poison"],"picked":"Sucker Punch+1","floor":23},{"not_picked":["PiercingWail+1","Skewer+1"],"picked":"Underhanded Strike+1","floor":25},{"not_picked":["Poisoned Stab+1","Acrobatics","Underhanded Strike+1"],"picked":"SKIP","floor":28},{"not_picked":["Unload+1","Dodge and Roll+1"],"picked":"Poisoned Stab+1","floor":31},{"not_picked":["Doppelganger","infinitespire:Neurotoxin"],"picked":"Envenom","floor":33},{"not_picked":["Dagger Throw+1","Dodge and Roll+1"],"picked":"Backflip","floor":35},{"not_picked":["Predator+1","Cloak And Dagger"],"picked":"Backstab+1","floor":36},{"not_picked":["hubris:Sniper","Well Laid Plans+1"],"picked":"Blade Dance","floor":38},{"not_picked":["All Out Attack+1","Crippling Poison","Dagger Throw+1"],"picked":"SKIP","floor":39},{"not_picked":["PiercingWail+1","Sucker Punch+1"],"picked":"Blade Dance","floor":41},{"not_picked":["Distraction+1","PiercingWail"],"picked":"Acrobatics+1","floor":45},{"not_picked":["Expertise","Distraction+1"],"picked":"Crippling Poison+1","floor":46}],"player_experience":360011,"relics_obtained":[{"floor":6,"key":"Paper Crane"},{"floor":9,"key":"infinitespire:Satchel"},{"floor":11,"key":"infinitespire:Eraser"},{"floor":13,"key":"MealTicket"},{"floor":23,"key":"CeramicFish"},{"floor":25,"key":"Blood Vial"},{"floor":26,"key":"aspiration:StickyExplosives"},{"floor":43,"key":"White Beast Statue"},{"floor":46,"key":"infinitespire:Midas Blood"},{"floor":47,"key":"Prayer Wheel"}],"event_choices":[{"damage_healed":0,"gold_gain":0,"player_choice":"Got Potions","damage_taken":0,"max_hp_gain":0,"max_hp_loss":0,"event_name":"Lab","floor":5,"gold_loss":0},{"damage_healed":0,"gold_gain":0,"player_choice":"Damaged","damage_taken":7,"max_hp_gain":0,"max_hp_loss":0,"event_name":"Wheel of Change","floor":19,"gold_loss":0},{"damage_healed":0,"gold_gain":0,"cards_transformed":["Defend_G"],"player_choice":"Transformed","damage_taken":0,"max_hp_gain":0,"max_hp_loss":0,"event_name":"Transmorgrifier","floor":21,"gold_loss":0,"cards_obtained":["Dodge and Roll"]},{"cards_removed":["Defend_G"],"damage_healed":0,"gold_gain":0,"player_choice":"Purged","damage_taken":0,"max_hp_gain":0,"max_hp_loss":0,"event_name":"Purifier","floor":27,"gold_loss":0},{"damage_healed":0,"gold_gain":0,"player_choice":"Fight","damage_taken":0,"max_hp_gain":0,"max_hp_loss":0,"event_name":"Mysterious Sphere","floor":47,"gold_loss":0}],"is_beta":false,"boss_relics":[{"not_picked":["Velvet Choker","Busted Crown"],"picked":"aspiration:RandomNobGenerator"},{"not_picked":["Runic Pyramid","hubris:GrandSneckoEye"],"picked":"aspiration:MobileForge"}],"items_purged_floors":[],"is_endless":false,"potions_floor_spawned":[2,4,7,13,14,16,18,22,23,31,35,45,46,47],"ascension_level":0}}