{"host":"vrsxkkch9ccrec7k","time":1611920554,"event":{"mods":["Act Like it!","BaseMod","Bestiary","Better Altar","Better Match","Better Note","Better Sensory Stone","Better Skull","Better Third Choice","Better Vampires","Downfall","Minty Spire (QoL Compilation)","Permanent Neow","Relic Stats","Spicy Shops","StSLib"],"gold_per_floor":[99,113,128,128,128,155,155,182,198,198,229,246,246,256,267,365,365,365,378,391,425,425,3,79,110,110,130,130,155,167,267,285,386,386,286,306,319,35,35,66,114,114,149,149,166,166,13,23,39,39],"floor_reached":51,"language":"ENG","playtime":5288,"items_purged":["champ:Strike","Pride"],"score":1469,"play_id":"7074acbe-0fcd-4915-ba37-1f25276e8b2c","local_time":"20210129064234","is_ascension_mode":true,"campfire_choices":[{"data":"champ:Execute","floor":1,"key":"SMITH"},{"data":"champ:Taunt","floor":10,"key":"SMITH"},{"data":"champ:HoldFirm","floor":13,"key":"SMITH"},{"data":"champ:ArenaPreparation","floor":18,"key":"SMITH"},{"data":"champ:Backstep","floor":26,"key":"SMITH"},{"data":"champ:SwordSigil","floor":28,"key":"SMITH"},{"data":"champ:UltimateStance","floor":35,"key":"SMITH"},{"data":"champ:BerserkerStyle","floor":46,"key":"SMITH"}],"circlet_count":0,"master_deck":["AscendersBane","champ:Defend","champ:Defend","champ:Defend","champ:Defend","champ:Execute+1","champ:Taunt+1","champ:Haymaker","champ:FocusedDefense","champ:AdrenalArmor","champ:FocusedBerserking","champ:CrookedStrike","champ:HoldFirm+1","champ:TornadoPunch","champ:ArenaPreparation+1","champ:TripleStrike","champ:Lariat+1","champ:BerserkerStyle+1","champ:Backstep+1","Necronomicurse","champ:LastStand","champ:ShieldWall","champ:SwordSigil+1","champ:Backstep","champ:GladiatorStyle+1","champ:UltimateStance+1","champ:RisingSlash+1","champ:FalseCounter+1","champ:Endure+1","champ:ViciousMockery+1","champ:LastStand+1","champ:IronFortress+1","champ:SwordSigil+1","champ:DancingMaster+1","champ:SwordSigil+1","champ:EndlessRage+1"],"relics":["champ:ChampionCrown","Matryoshka","Eternal Feather","Question Card","Anchor","Centennial Puzzle","expansioncontent:StudyCardRelic","Red Mask","Necronomicon","bronze:DecasWashers","Oddly Smooth Stone","Mummified Hand","Nunchaku","Potion Belt","champ:BlackKnightHelmet","Frozen Egg 2","Astrolabe","downfall:HeartBlessingBlue","Membership Card","Letter Opener","Gremlin Horn","HornCleat","Ancient Tea Set","Vajra","Sundial","Pear","Bottled Tornado","Slimebound:StickyStick","Art of War"],"acts_visited":["Exordium","TheCity","TheBeyond"],"potions_floor_usage":[6,11,16,30,40,43,50,50,50,50],"damage_taken":[{"damage":11,"enemies":"2 Louse","floor":2,"turns":3},{"damage":17,"enemies":"Jaw Worm","floor":3,"turns":4},{"damage":40,"enemies":"Lagavulin","floor":6,"turns":7},{"damage":29,"enemies":"Gremlin Nob","floor":8,"turns":4},{"damage":34,"enemies":"Small Slimes","floor":9,"turns":4},{"damage":42,"enemies":"3 Sentries","floor":11,"turns":5},{"damage":20,"enemies":"2 Fungi Beasts","floor":12,"turns":3},{"damage":15,"enemies":"Blue Slaver","floor":14,"turns":3},{"damage":10,"enemies":"Gremlin Gang","floor":15,"turns":2},{"damage":102,"enemies":"WA_ARCHETYPE_RETAIN","floor":16,"turns":7},{"damage":30,"enemies":"Chosen","floor":19,"turns":3},{"damage":40,"enemies":"3 Cultists","floor":20,"turns":4},{"damage":82,"enemies":"Masked Bandits","floor":21,"turns":4},{"damage":45,"enemies":"downfall:FleeingMerchant","floor":23,"turns":4},{"damage":17,"enemies":"Slavers","floor":25,"turns":3},{"damage":35,"enemies":"Snake Plant","floor":27,"turns":2},{"damage":90,"enemies":"Book of Stabbing","floor":29,"turns":3},{"damage":56,"enemies":"Shelled Parasite and Fungi","floor":30,"turns":2},{"damage":36,"enemies":"Shelled Parasite and Fungi","floor":31,"turns":6},{"damage":40,"enemies":"Snecko","floor":32,"turns":2},{"damage":80,"enemies":"DF_ARCHETYPE_CLAW","floor":33,"turns":6},{"damage":65,"enemies":"Orb Walker","floor":36,"turns":2},{"damage":66,"enemies":"3 Shapes","floor":37,"turns":4},{"damage":55,"enemies":"downfall:FleeingMerchant","floor":38,"turns":4},{"damage":93,"enemies":"Reptomancer","floor":40,"turns":3},{"damage":158,"enemies":"Giant Head","floor":43,"turns":7},{"damage":76,"enemies":"Transient","floor":45,"turns":5},{"damage":28,"enemies":"downfall:FleeingMerchant","floor":47,"turns":1},{"damage":69,"enemies":"Maw","floor":48,"turns":4},{"damage":80,"enemies":"Spire Growth","floor":49,"turns":2},{"damage":209,"enemies":"IC_BLOCK_ARCHETYPE","floor":50,"turns":11}],"seed_played":"3283294181313843976","potions_obtained":[{"floor":3,"key":"champ:CounterPotion"},{"floor":8,"key":"PowerPotion"},{"floor":9,"key":"Swift Potion"},{"floor":14,"key":"SpeedPotion"},{"floor":25,"key":"DistilledChaos"},{"floor":27,"key":"Energy Potion"},{"floor":32,"key":"sneckomod:MuddlingPotion"},{"floor":33,"key":"BlessingOfTheForge"},{"floor":37,"key":"Dexterity Potion"},{"floor":40,"key":"PowerPotion"},{"floor":43,"key":"Ancient Potion"},{"floor":49,"key":"SpeedPotion"}],"is_trial":false,"path_per_floor":["R","M","M","?","T","E","T","E","M","R","E","M","R","M","M","B",null,"R","M","M","?","?","$","T","E","R","M","R","E","M","?","M","B",null,"R","M","M","$","?","E","T","?","E","T","M","R","$","M","M","B",null],"character_chosen":"THE_CHAMP","items_purchased":["champ:LastStand","bronze:DecasWashers","Membership Card","champ:DefensiveStyle+1","Letter Opener","champ:DancingMaster+1","Pear","Bottled Tornado","Slimebound:StickyStick","Art of War"],"campfire_rested":0,"item_purchase_floors":[23,23,38,38,38,47,47,47,47,47],"current_hp_per_floor":[90,89,82,82,82,62,62,43,34,43,43,43,52,52,52,40,84,96,96,96,72,56,58,58,51,66,66,81,81,81,81,81,85,96,109,109,109,109,109,109,109,109,95,95,95,109,119,119,119,107],"gold":39,"neow_bonus":"TEN_PERCENT_HP_BONUS","is_daily":false,"chose_seed":false,"campfire_upgraded":8,"win_rate":0.0,"timestamp":1611920554,"path_taken":["R","M","M","?","?","E","T","E","M","R","E","M","R","M","M","BOSS","R","M","M","?","?","$","T","E","R","M","R","E","M","?","M","BOSS","R","M","M","$","?","E","T","?","E","?","M","R","$","?","M","BOSS"],"items_purchased_type":["Card","Relic","Relic","Card","Relic","Card","Relic","Relic","Relic","Relic"],"build_version":"2020-12-22","purchased_purges":2,"victory":true,"max_hp_per_floor":[99,99,99,99,99,99,99,99,99,99,99,99,99,99,99,99,99,99,99,99,99,99,99,99,99,99,99,99,99,99,99,99,99,99,109,109,109,109,109,109,109,109,109,109,109,109,119,119,119,119],"relic_stats":{"Gremlin Horn":[5,5],"counters":[31,124],"Astrolabe":["champ:RisingSlash","champ:FalseCounter","champ:Endure"],"Eternal Feather":77,"Letter Opener":[158],"Question Card":27,"Centennial Puzzle":[74],"Nunchaku":[14],"Mummified Hand":[100],"Sundial":[0],"Necronomicon":[28],"Art of War":[4],"obtain_stats":[{"champ:BlackKnightHelmet":31,"Gremlin Horn":39,"Vajra":43,"champ:ChampionCrown":0,"expansioncontent:StudyCardRelic":17,"Bottled Tornado":47,"Ancient Tea Set":41,"Centennial Puzzle":11,"Nunchaku":25,"Matryoshka":5,"HornCleat":40,"Mummified Hand":24,"downfall:HeartBlessingBlue":35,"Sundial":44,"Slimebound:StickyStick":47,"Red Mask":21,"Necronomicon":22,"Potion Belt":29,"Pear":47,"bronze:DecasWashers":23,"Astrolabe":34,"Oddly Smooth Stone":24,"Eternal Feather":6,"Letter Opener":38,"Frozen Egg 2":31,"Question Card":7,"Anchor":8,"Art of War":47,"Membership Card":38},{"champ:BlackKnightHelmet":19,"Gremlin Horn":24,"Vajra":26,"champ:ChampionCrown":0,"expansioncontent:StudyCardRelic":10,"Bottled Tornado":28,"Ancient Tea Set":25,"Centennial Puzzle":6,"Nunchaku":15,"Matryoshka":2,"HornCleat":25,"Mummified Hand":14,"downfall:HeartBlessingBlue":21,"Sundial":26,"Slimebound:StickyStick":28,"Red Mask":13,"Necronomicon":13,"Potion Belt":17,"Pear":28,"bronze:DecasWashers":14,"Astrolabe":21,"Oddly Smooth Stone":14,"Eternal Feather":3,"Letter Opener":24,"Frozen Egg 2":19,"Question Card":3,"Anchor":4,"Art of War":28,"Membership Card":24},{"champ:BlackKnightHelmet":73,"Gremlin Horn":91,"Vajra":101,"champ:ChampionCrown":0,"expansioncontent:StudyCardRelic":42,"Bottled Tornado":107,"Ancient Tea Set":94,"Centennial Puzzle":27,"Nunchaku":60,"Matryoshka":7,"HornCleat":94,"Mummified Hand":57,"downfall:HeartBlessingBlue":81,"Sundial":101,"Slimebound:StickyStick":107,"Red Mask":53,"Necronomicon":53,"Potion Belt":65,"Pear":107,"bronze:DecasWashers":57,"Astrolabe":81,"Oddly Smooth Stone":57,"Eternal Feather":14,"Letter Opener":91,"Frozen Egg 2":73,"Question Card":14,"Anchor":18,"Art of War":107,"Membership Card":91}]},"card_choices":[{"not_picked":["champ:BringItOn","champ:PreciseThrust"],"picked":"champ:Haymaker","floor":2},{"not_picked":["champ:FocusedBerserking","champ:PerfectedStrike"],"picked":"champ:GutPunch","floor":3},{"not_picked":["champ:DefensiveShout","champ:Circumvent"],"picked":"champ:FocusedDefense","floor":6},{"not_picked":["champ:PreemptiveStrike","champ:PreciseThrust","champ:CrownThrow"],"picked":"champ:AdrenalArmor","floor":8},{"not_picked":["champ:CrownThrow","champ:FaceSlap","champ:Haymaker"],"picked":"champ:FocusedBerserking","floor":9},{"not_picked":["champ:Circumvent","champ:ShieldSlam","champ:Haymaker"],"picked":"champ:CrookedStrike","floor":11},{"not_picked":["champ:BladeFlurry","champ:BerserkersShout","champ:CalledShot"],"picked":"champ:HoldFirm","floor":12},{"not_picked":["champ:BladeFlurry","champ:CalledShot","champ:Haymaker"],"picked":"champ:TornadoPunch","floor":14},{"not_picked":["champ:ViciousMockery","champ:FalseCounter","champ:SwordThrow"],"picked":"champ:ArenaPreparation","floor":15},{"not_picked":["champ:HeavySlash","champ:Devastate","champ:EnchantSword"],"picked":"champ:TripleStrike","floor":16},{"not_picked":["champ:BringItOn+1","champ:FlashCut+1","champ:Shatter"],"picked":"champ:Lariat+1","floor":19},{"not_picked":["champ:ShieldSigil","champ:Haymaker","champ:FocusedBerserking+1"],"picked":"champ:BerserkerStyle","floor":20},{"not_picked":["champ:Shatter","champ:GladiatorStyle","champ:StrikeOfGenius"],"picked":"champ:Backstep","floor":21},{"not_picked":["champ:CrownThrow+1","champ:Shatter","champ:GutPunch+1","champ:TornadoPunch"],"picked":"SKIP","floor":23},{"not_picked":["champ:VampiricStrike","champ:FocusedBerserking","champ:GladiatorStyle"],"picked":"champ:ShieldWall","floor":25},{"not_picked":["champ:PreemptiveStrike","champ:ShieldSigil","champ:FlashCut"],"picked":"champ:SwordSigil","floor":27},{"not_picked":["champ:FocusedDefense","champ:GutPunch+1","champ:BringItOn+1","champ:PreciseThrust"],"picked":"SKIP","floor":29},{"not_picked":["champ:BringItOn","champ:AdrenalArmor","champ:DefensiveShout"],"picked":"champ:Backstep","floor":30},{"not_picked":["champ:Backstep+1","champ:BladeFlurry+1","champ:RisingSlash+1"],"picked":"champ:GladiatorStyle+1","floor":32},{"not_picked":["champ:SteelEdge","champ:Devastate","champ:HeavySlash"],"picked":"champ:UltimateStance","floor":33},{"not_picked":["champ:DefensiveShout","champ:BladeFlurry+1","champ:FlashCut+1","champ:PerfectedStrike"],"picked":"SKIP","floor":36},{"not_picked":["champ:BladeFlurry","champ:FlashCut+1","champ:AdrenalArmor"],"picked":"champ:ViciousMockery+1","floor":37},{"not_picked":["champ:AdrenalArmor","champ:Encircle+1","champ:Circumvent+1"],"picked":"champ:LastStand+1","floor":38},{"not_picked":["champ:PreemptiveStrike","champ:DefensiveShout","champ:PerfectedStrike"],"picked":"champ:IronFortress+1","floor":40},{"not_picked":["champ:EnGarde+1","champ:Circumvent","champ:EnchantSword","champ:AdrenalArmor+1"],"picked":"SKIP","floor":43},{"not_picked":["champ:FlashCut+1","champ:CrownThrow","champ:Encircle+1","champ:Circumvent+1"],"picked":"SKIP","floor":45},{"not_picked":["champ:FocusedDefense+1","champ:BerserkerStyle+1","champ:DeathBlow+1"],"picked":"champ:SwordSigil+1","floor":47},{"not_picked":["champ:BladeFlurry","champ:PerfectedStrike","champ:PreciseThrust"],"picked":"champ:SwordSigil+1","floor":48},{"not_picked":["champ:Encircle+1","champ:Duel","champ:FanOfKnives+1"],"picked":"champ:EndlessRage+1","floor":49}],"player_experience":1809830,"relics_obtained":[{"floor":5,"key":"Matryoshka"},{"floor":6,"key":"Eternal Feather"},{"floor":7,"key":"Question Card"},{"floor":8,"key":"Anchor"},{"floor":11,"key":"Centennial Puzzle"},{"floor":21,"key":"Red Mask"},{"floor":22,"key":"Necronomicon"},{"floor":24,"key":"Oddly Smooth Stone"},{"floor":24,"key":"Mummified Hand"},{"floor":25,"key":"Nunchaku"},{"floor":29,"key":"Potion Belt"},{"floor":31,"key":"champ:BlackKnightHelmet"},{"floor":31,"key":"Frozen Egg 2"},{"floor":39,"key":"Gremlin Horn"},{"floor":40,"key":"HornCleat"},{"floor":41,"key":"Ancient Tea Set"},{"floor":43,"key":"Vajra"},{"floor":44,"key":"Sundial"}],"event_choices":[{"cards_removed":["champ:Strike"],"damage_healed":0,"gold_gain":0,"player_choice":"Card Removal","damage_taken":0,"max_hp_gain":0,"max_hp_loss":0,"event_name":"The Cleric","floor":4,"gold_loss":0},{"damage_healed":0,"gold_gain":0,"player_choice":"Fought Bandits","damage_taken":0,"max_hp_gain":0,"max_hp_loss":0,"event_name":"Masked Bandits","floor":21,"gold_loss":0},{"cards_removed":["champ:DefensiveStyle"],"damage_healed":0,"gold_gain":0,"player_choice":"Removed Power","damage_taken":0,"max_hp_gain":0,"max_hp_loss":0,"event_name":"Falling","floor":42,"gold_loss":0}],"is_beta":false,"boss_relics":[{"not_picked":["Coffee Dripper","Runic Dome"],"picked":"expansioncontent:StudyCardRelic"},{"not_picked":["Runic Pyramid","bronze:MakeshiftBattery"],"picked":"Astrolabe"}],"items_purged_floors":[23,38],"is_endless":false,"potions_floor_spawned":[3,8,9,14,25,27,32,33,37,40,43,48,49],"ascension_level":11}}