{"host":"6xsbn6ynqlzwllfm","time":1611891115,"event":{"mods":["2.2 Compatiblity","BaseMod","Bestiary","Colored Map","Colored Powertips","Curses Come First","Highlight Path","Keyboard Shortcuts","Minty Spire (QoL Compilation)","Relic Stats","Slay the Relics Exporter","StSLib","SuperFastMode"],"gold_per_floor":[116,116,116,161,179,179,179],"floor_reached":6,"language":"ENG","playtime":149,"items_purged":[],"score":49,"play_id":"c334f15b-7516-4880-b0a8-a6ebaf432b0f","local_time":"20210128223155","is_ascension_mode":true,"campfire_choices":[],"circlet_count":0,"master_deck":["Strike_P","Strike_P","Strike_P","Strike_P","Defend_P","Defend_P","Defend_P","Defend_P","Eruption","Vigilance","Doubt","Judgement","EmptyFist","Perseverance"],"relics":["PureWater","InkBottle","Bag of Marbles"],"acts_visited":["Exordium"],"potions_floor_usage":[],"damage_taken":[{"damage":0,"enemies":"Cultist","floor":1,"turns":3},{"damage":0,"enemies":"2 Louse","floor":5,"turns":1},{"damage":37,"enemies":"Gremlin Nob","floor":6,"turns":5}],"seed_played":"594628182959458710","potions_obtained":[],"is_trial":false,"path_per_floor":["M","?","?","T","M","E"],"character_chosen":"WATCHER","items_purchased":[],"campfire_rested":0,"item_purchase_floors":[],"current_hp_per_floor":[65,70,67,67,67,30,30],"gold":179,"neow_bonus":"THREE_RARE_CARDS","is_daily":false,"chose_seed":false,"campfire_upgraded":0,"win_rate":0.0,"timestamp":1611891115,"path_taken":["M","?","?","?","M","E"],"items_purchased_type":[],"build_version":"2020-12-22","purchased_purges":0,"victory":false,"max_hp_per_floor":[72,77,77,77,77,77,77],"relic_stats":{"counters":[3,9],"obtain_stats":[{"Bag of Marbles":4,"PureWater":0,"InkBottle":3},{"Bag of Marbles":1,"PureWater":0,"InkBottle":1},{"Bag of Marbles":3,"PureWater":0,"InkBottle":3}],"InkBottle":[1]},"card_choices":[{"not_picked":["SpiritShield","Brilliance"],"picked":"Judgement","floor":0},{"not_picked":["BowlingBash","EmptyBody"],"picked":"EmptyFist","floor":1},{"not_picked":["Protect","Crescendo"],"picked":"Perseverance","floor":5}],"player_experience":1207616,"relics_obtained":[{"floor":4,"key":"Bag of Marbles"}],"event_choices":[{"damage_healed":0,"gold_gain":0,"player_choice":"Donut","damage_taken":0,"max_hp_gain":5,"max_hp_loss":0,"event_name":"Big Fish","floor":2,"gold_loss":0},{"damage_healed":0,"gold_gain":0,"player_choice":"Success","damage_taken":3,"relics_obtained":["InkBottle"],"max_hp_gain":0,"max_hp_loss":0,"event_name":"Scrap Ooze","floor":3,"gold_loss":0}],"is_beta":false,"boss_relics":[],"items_purged_floors":[],"is_endless":false,"potions_floor_spawned":[],"killed_by":"Gremlin Nob","ascension_level":9}}