{"host":"nwd160me4iqdtr8u","time":1611913237,"event":{"mods":["AchievementEnabler","Act Like it!","BaseMod","Colored Map","DeckTracker","Minty Spire (QoL Compilation)","Quick Restart","Rare Cards Sparkle","StSLib","SuperFastMode","everything is the same but u backflip on backflip"],"gold_per_floor":[115,290,68,82,82,82,82,82,82,96,60,81,81,106,106,200,200,221,121,140,156,156,196,196,230,256,272,50,50,50,63,63,63,63],"floor_reached":33,"language":"KOR","playtime":1219,"items_purged":["Doubt","Strike_G","Strike_G"],"score":462,"play_id":"db7ef11d-d9ea-40a2-b156-8f4eed694b5e","local_time":"20210129184037","is_ascension_mode":true,"campfire_choices":[{"data":"Phantasmal Killer","floor":6.0,"key":"SMITH"},{"data":"Calculated Gamble","floor":13.0,"key":"SMITH"},{"data":"PiercingWail","floor":15.0,"key":"SMITH"},{"floor":24.0,"key":"REST"},{"data":"Terror","floor":30,"key":"SMITH"},{"floor":32,"key":"REST"}],"circlet_count":0,"master_deck":["AscendersBane","Strike_G","Strike_G","Strike_G","Defend_G","Defend_G","Defend_G","Defend_G","Defend_G","Survivor","Neutralize","Phantasmal Killer+1","Calculated Gamble+1","Crippling Poison","PiercingWail+1","Backstab","Blur","Corpse Explosion","Die Die Die","CurseOfTheBell","Backflip","Dodge and Roll+1","Infinite Blades","Backflip+1","Terror+1","Flash of Steel","Blade Dance"],"relics":["Ring of the Snake","Orichalcum","Bloody Idol","Bronze Scales","Calling Bell","Regal Pillow","Ninja Scroll","Calipers","Lantern","Red Mask","Centennial Puzzle"],"acts_visited":["Exordium","TheCity"],"potions_floor_usage":[],"damage_taken":[{"damage":3.0,"enemies":"2 Louse","floor":1.0,"turns":3.0},{"damage":0.0,"enemies":"Small Slimes","floor":4.0,"turns":2.0},{"damage":4.0,"enemies":"Jaw Worm","floor":10.0,"turns":4.0},{"damage":9.0,"enemies":"3 Louse","floor":12.0,"turns":3.0},{"damage":12.0,"enemies":"Large Slime","floor":14.0,"turns":7.0},{"damage":13.0,"enemies":"Hexaghost","floor":16.0,"turns":8.0},{"damage":7.0,"enemies":"Shell Parasite","floor":18.0,"turns":4.0},{"damage":0.0,"enemies":"3 Byrds","floor":20.0,"turns":2.0},{"damage":4.0,"enemies":"Centurion and Healer","floor":21.0,"turns":6.0},{"damage":37.0,"enemies":"Book of Stabbing","floor":23.0,"turns":8.0},{"damage":0.0,"enemies":"Masked Bandits","floor":25.0,"turns":3.0},{"damage":15,"enemies":"Snake Plant","floor":27,"turns":4},{"damage":12,"enemies":"Shelled Parasite and Fungi","floor":31,"turns":4},{"damage":77,"enemies":"Automaton","floor":33,"turns":10}],"seed_played":"2762136256782319876","potions_obtained":[{"floor":1.0,"key":"AttackPotion"},{"floor":12.0,"key":"Poison Potion"},{"floor":16.0,"key":"DistilledChaos"},{"floor":20.0,"key":"SkillPotion"},{"floor":21.0,"key":"Regen Potion"},{"floor":31,"key":"FairyPotion"}],"is_trial":false,"path_per_floor":["M","?","$","M","?","R","?","$","T","M","$","M","R","M","R","B",null,"M","$","M","M","?","E","R","?","T","M","$","?","R","M","R","B"],"character_chosen":"THE_SILENT","items_purchased":["Orichalcum","Backstab","Flash of Steel"],"campfire_rested":2,"item_purchase_floors":[3,11,28],"current_hp_per_floor":[60,60,60,60,60,60,58,58,58,54,54,45,45,33,33,20,49,42,42,42,38,38,16,48,48,48,33,33,33,33,26,58,0,0],"gold":63,"neow_bonus":"THREE_RARE_CARDS","is_daily":false,"chose_seed":false,"campfire_upgraded":4,"win_rate":0.0,"timestamp":1611913237,"path_taken":["M","?","$","M","?","R","?","$","T","M","?","M","R","M","R","BOSS","M","$","M","M","?","E","R","?","T","M","?","?","R","M","R","BOSS"],"items_purchased_type":["Relic","Card","Card"],"build_version":"2020-12-22","purchased_purges":3,"victory":false,"max_hp_per_floor":[63,63,63,63,63,63,58,58,58,58,58,58,58,58,58,58,58,58,58,58,58,58,58,58,58,58,58,58,58,58,58,58,58,58],"card_choices":[{"not_picked":["Night Terror","Burst"],"picked":"Phantasmal Killer","floor":0.0},{"not_picked":["Well Laid Plans","Acrobatics"],"picked":"Calculated Gamble","floor":1.0},{"not_picked":["Bane","Flying Knee"],"picked":"Crippling Poison","floor":4.0},{"not_picked":["Caltrops","Acrobatics"],"picked":"PiercingWail","floor":10.0},{"not_picked":["Acrobatics","Deadly Poison"],"picked":"Blur","floor":12.0},{"not_picked":["Outmaneuver","Deadly Poison"],"picked":"Corpse Explosion","floor":14.0},{"not_picked":["Tools of the Trade","Night Terror"],"picked":"Die Die Die","floor":16.0},{"not_picked":["Footwork","PiercingWail"],"picked":"Backflip","floor":18.0},{"not_picked":["Dagger Throw","Bane","Outmaneuver"],"picked":"SKIP","floor":20.0},{"not_picked":["Skewer","Setup"],"picked":"Dodge and Roll+1","floor":21.0},{"not_picked":["Flying Knee","Finisher"],"picked":"Backflip+1","floor":23.0},{"not_picked":["Underhanded Strike","Masterful Stab"],"picked":"Terror","floor":25.0},{"not_picked":["Bane","Dagger Spray","Dodge and Roll"],"picked":"SKIP","floor":27},{"not_picked":["Flying Knee+1","Flechettes"],"picked":"Blade Dance","floor":31}],"player_experience":305862,"relics_obtained":[{"floor":9.0,"key":"Bronze Scales"},{"floor":17.0,"key":"Regal Pillow"},{"floor":17.0,"key":"Ninja Scroll"},{"floor":17.0,"key":"Calipers"},{"floor":23.0,"key":"Lantern"},{"floor":25.0,"key":"Red Mask"},{"floor":26.0,"key":"Centennial Puzzle"}],"event_choices":[{"damage_healed":0.0,"max_hp_gain":0.0,"max_hp_loss":0.0,"gold_gain":175.0,"event_name":"Liars Game","player_choice":"AGREE","floor":2.0,"gold_loss":0.0,"damage_taken":0.0,"cards_obtained":["Doubt"]},{"damage_healed":0.0,"max_hp_gain":0.0,"max_hp_loss":0.0,"gold_gain":0.0,"event_name":"Shining Light","player_choice":"Ignored","floor":5.0,"gold_loss":0.0,"damage_taken":0.0},{"damage_healed":0.0,"max_hp_gain":0.0,"max_hp_loss":5.0,"gold_gain":0.0,"event_name":"Golden Idol","player_choice":"Lose Max HP","floor":7.0,"gold_loss":0.0,"damage_taken":0.0,"relics_obtained":["Golden Idol"]},{"damage_healed":0.0,"max_hp_gain":0.0,"max_hp_loss":0.0,"gold_gain":0.0,"event_name":"The Library","player_choice":"Read","floor":22.0,"gold_loss":0.0,"damage_taken":0.0,"cards_obtained":["Infinite Blades"]},{"damage_healed":0.0,"max_hp_gain":0.0,"max_hp_loss":0.0,"gold_gain":0.0,"event_name":"Masked Bandits","player_choice":"Fought Bandits","floor":25.0,"gold_loss":0.0,"damage_taken":0.0},{"damage_healed":0,"gold_gain":0,"player_choice":"Gave Idol","damage_taken":0,"relics_obtained":["Bloody Idol"],"max_hp_gain":0,"max_hp_loss":0,"event_name":"Forgotten Altar","floor":29,"relics_lost":["Golden Idol"],"gold_loss":0}],"is_beta":false,"boss_relics":[{"not_picked":["Black Star","Astrolabe"],"picked":"Calling Bell"}],"items_purged_floors":[3,19,28],"is_endless":false,"potions_floor_spawned":[1,12,16,20,21,31],"killed_by":"Automaton","ascension_level":13}}