{"host":"bg8va46pgqgvtzim","time":1611934160,"event":{"mods":["BaseMod","Minty Spire (QoL Compilation)","Quick Restart","StSLib","SuperFastMode"],"gold_per_floor":[110,110,126,150,150,150,193,193,213,213,66,80,99,99,130,150,174,27,27,152,152,175,193,93,126,126,147,185,185,206,81,125,198,214,249,273,297,315,126,139,139,139,265,265,298,332,632,653,676,692,705,744,744,788,788,837,837,863,688,1021,1044,1044,692,692,709,736,736,736,736,736,736,6,39,39],"floor_reached":75,"language":"ZHS","playtime":2474,"items_purged":["Strike_G","Strike_G","Strike_G","Strike_G","Corpse Explosion+1","Defend_G","Defend_G"],"score":1916,"play_id":"a2544c1d-9e2e-403f-b48f-caf54342ff48","local_time":"20210129232920","is_ascension_mode":true,"campfire_choices":[{"data":"Noxious Fumes","floor":6.0,"key":"SMITH"},{"floor":8.0,"key":"REST"},{"data":"Neutralize","floor":14.0,"key":"SMITH"},{"data":"Footwork","floor":19.0,"key":"SMITH"},{"data":"Tactician","floor":29.0,"key":"SMITH"},{"data":"Well Laid Plans","floor":41,"key":"SMITH"},{"data":"Corpse Explosion","floor":42,"key":"SMITH"},{"data":"Tactician","floor":53,"key":"SMITH"},{"data":"Reflex","floor":62,"key":"SMITH"},{"data":"Acrobatics","floor":64,"key":"SMITH"},{"floor":67,"key":"RECALL"},{"data":"Madness","floor":68,"key":"SMITH"},{"data":"Forethought","floor":71,"key":"SMITH"}],"circlet_count":0,"master_deck":["Defend_G","Defend_G","Defend_G+1","Survivor","Neutralize+1","Noxious Fumes+1","Footwork","Noxious Fumes","Footwork+1","Well Laid Plans+1","Adrenaline+1","Acrobatics+1","Tactician+1","Footwork","Blur","Acrobatics+1","Backflip+1","Tactician+1","Grand Finale","Reflex+1","Panache","Forethought+1","Madness+1"],"relics":["Ring of the Snake","InkBottle","Gremlin Horn","Medical Kit","Paper Crane","Coffee Dripper","Red Mask","Anchor","Snake Skull","Omamori","CeramicFish","Runic Dome","Toy Ornithopter","Pen Nib","HornCleat","Bag of Marbles","War Paint","Oddly Smooth Stone","Orrery","Gambling Chip","Toolbox","Eternal Feather"],"acts_visited":["Exordium","TheCity","TheBeyond","TheEnding"],"potions_floor_usage":[32,74,74,74],"damage_taken":[{"damage":0.0,"enemies":"2 Louse","floor":1.0,"turns":2.0},{"damage":0.0,"enemies":"Cultist","floor":3.0,"turns":4.0},{"damage":3.0,"enemies":"Jaw Worm","floor":4.0,"turns":5.0},{"damage":39.0,"enemies":"Gremlin Nob","floor":7.0,"turns":6.0},{"damage":4.0,"enemies":"Exordium Wildlife","floor":9.0,"turns":5.0},{"damage":2.0,"enemies":"Exordium Thugs","floor":12.0,"turns":4.0},{"damage":5.0,"enemies":"Blue Slaver","floor":13.0,"turns":4.0},{"damage":8.0,"enemies":"3 Sentries","floor":15.0,"turns":6.0},{"damage":1.0,"enemies":"Gremlin Gang","floor":16.0,"turns":3.0},{"damage":6.0,"enemies":"Exordium Thugs","floor":17.0,"turns":5.0},{"damage":0.0,"enemies":"Hexaghost","floor":20.0,"turns":10.0},{"damage":0.0,"enemies":"Shell Parasite","floor":22.0,"turns":6.0},{"damage":3.0,"enemies":"2 Thieves","floor":23.0,"turns":4.0},{"damage":18.0,"enemies":"Masked Bandits","floor":25.0,"turns":5.0},{"damage":4.0,"enemies":"Snake Plant","floor":27.0,"turns":6.0},{"damage":4.0,"enemies":"Slavers","floor":28.0,"turns":5.0},{"damage":0.0,"enemies":"Snecko","floor":30.0,"turns":6.0},{"damage":4,"enemies":"Gremlin Leader","floor":32,"turns":7},{"damage":0,"enemies":"Cultist and Chosen","floor":34,"turns":5},{"damage":0,"enemies":"Book of Stabbing","floor":35,"turns":8},{"damage":0,"enemies":"Sentry and Sphere","floor":36,"turns":4},{"damage":0,"enemies":"Snake Plant","floor":38,"turns":5},{"damage":0,"enemies":"Shelled Parasite and Fungi","floor":40,"turns":4},{"damage":0,"enemies":"Collector","floor":43,"turns":6},{"damage":0,"enemies":"3 Shapes","floor":45,"turns":3},{"damage":0,"enemies":"Orb Walker","floor":46,"turns":4},{"damage":0,"enemies":"4 Shapes","floor":48,"turns":3},{"damage":0,"enemies":"Spire Growth","floor":49,"turns":6},{"damage":0,"enemies":"3 Darklings","floor":50,"turns":3},{"damage":0,"enemies":"Transient","floor":51,"turns":5},{"damage":0,"enemies":"Giant Head","floor":52,"turns":9},{"damage":0,"enemies":"Nemesis","floor":54,"turns":5},{"damage":0,"enemies":"Giant Head","floor":56,"turns":7},{"damage":0,"enemies":"Maw","floor":61,"turns":5},{"damage":0,"enemies":"Spire Growth","floor":65,"turns":2},{"damage":0,"enemies":"Time Eater","floor":69,"turns":6},{"damage":0,"enemies":"Shield and Spear","floor":73,"turns":3},{"damage":0,"enemies":"The Heart","floor":74,"turns":3}],"seed_played":"-5062981141414844558","potions_obtained":[{"floor":3.0,"key":"Regen Potion"},{"floor":7.0,"key":"Poison Potion"},{"floor":9.0,"key":"Strength Potion"},{"floor":12.0,"key":"Swift Potion"},{"floor":16.0,"key":"BlessingOfTheForge"},{"floor":20.0,"key":"ColorlessPotion"},{"floor":22.0,"key":"Weak Potion"},{"floor":27.0,"key":"PowerPotion"},{"floor":28.0,"key":"Regen Potion"},{"floor":35,"key":"PowerPotion"},{"floor":38,"key":"Poison Potion"}],"is_trial":false,"path_per_floor":["M","?","M","M","?","R","E","R","M","T","$","M","M","R","E","M","M","$","R","B",null,"M","M","$","?","?","M","E","R","M","$","E","T","M","E","M","T","M","$","M","R","R","B",null,"M","M","?","M","M","M","M","E","R","E","T","E","T","T","$","?","M","R","$","R","M","?","R","R","B",null,"R","$","E","B",null],"character_chosen":"THE_SILENT","items_purchased":["Medical Kit","Well Laid Plans","Acrobatics","Orrery","Gambling Chip","Toolbox","ColorlessPotion"],"campfire_rested":1,"item_purchase_floors":[11,18,39,63,72,72,72],"current_hp_per_floor":[63,48,48,45,45,45,6,24,20,20,20,18,13,13,5,16,10,10,10,10,63,63,60,60,42,42,38,34,34,34,34,45,45,45,45,45,45,45,45,45,45,45,45,63,63,63,63,63,63,63,63,63,63,63,63,63,63,63,63,63,63,63,63,63,63,53,53,53,53,63,63,63,63,63],"gold":39,"neow_bonus":"THREE_RARE_CARDS","is_daily":false,"chose_seed":false,"campfire_upgraded":11,"win_rate":0.0,"timestamp":1611934160,"path_taken":["M","?","M","M","?","R","E","R","M","T","$","?","M","R","E","M","M","$","R","BOSS","M","M","$","?","?","M","E","R","?","?","E","T","M","E","M","?","M","$","M","R","R","BOSS","M","M","?","M","M","?","M","E","R","E","?","E","T","T","$","?","M","R","?","R","M","?","R","R","BOSS","R","$","E","BOSS"],"items_purchased_type":["Relic","Card","Card","Relic","Relic","Relic","Potion"],"build_version":"2020-12-22","purchased_purges":7,"victory":true,"max_hp_per_floor":[63,63,63,63,63,63,63,63,63,63,63,63,63,63,63,63,63,63,63,63,63,63,63,63,63,63,63,63,63,63,63,63,63,63,63,63,63,63,63,63,63,63,63,63,63,63,63,63,63,63,63,63,63,63,63,63,63,63,63,63,63,63,63,63,63,63,63,63,63,63,63,63,63,63],"card_choices":[{"not_picked":["Adrenaline","Unload"],"picked":"Corpse Explosion","floor":0.0},{"not_picked":["Quick Slash","Outmaneuver","Sucker Punch"],"picked":"SKIP","floor":1.0},{"not_picked":["Setup","Flying Knee"],"picked":"Noxious Fumes","floor":3.0},{"not_picked":["Deadly Poison","Phantasmal Killer"],"picked":"Footwork","floor":4.0},{"not_picked":["All Out Attack","Slice"],"picked":"Noxious Fumes","floor":7.0},{"not_picked":["PiercingWail","Dagger Spray","Deflect"],"picked":"SKIP","floor":9.0},{"not_picked":["Terror","Cloak And Dagger","Dagger Throw"],"picked":"SKIP","floor":12.0},{"not_picked":["Dodge and Roll","Dash","Deadly Poison"],"picked":"SKIP","floor":13.0},{"not_picked":["Sucker Punch","Backstab","PiercingWail"],"picked":"SKIP","floor":15.0},{"not_picked":["Grand Finale","Dagger Spray"],"picked":"Footwork","floor":16.0},{"not_picked":["Slice","Flying Knee","All Out Attack"],"picked":"SKIP","floor":17.0},{"not_picked":["Bullet Time","Unload"],"picked":"Adrenaline","floor":20.0},{"not_picked":["Deflect+1","Sucker Punch+1","Quick Slash"],"picked":"SKIP","floor":22.0},{"not_picked":["Bane","Riddle With Holes","Flechettes"],"picked":"SKIP","floor":23.0},{"not_picked":["Poisoned Stab","Sucker Punch"],"picked":"Acrobatics+1","floor":25.0},{"not_picked":["Acrobatics","Underhanded Strike"],"picked":"Tactician","floor":27.0},{"not_picked":["Infinite Blades","PiercingWail"],"picked":"Footwork","floor":28.0},{"not_picked":["Noxious Fumes","Deadly Poison+1","Dodge and Roll+1"],"picked":"SKIP","floor":30.0},{"not_picked":["Blur","Sucker Punch+1","Skewer"],"picked":"SKIP","floor":32},{"not_picked":["Sucker Punch+1","Skewer"],"picked":"Blur","floor":32},{"not_picked":["Bouncing Flask","PiercingWail","Terror"],"picked":"SKIP","floor":34},{"not_picked":["Infinite Blades+1","Deadly Poison","Dodge and Roll"],"picked":"SKIP","floor":35},{"not_picked":["Deadly Poison+1","Prepared","All Out Attack"],"picked":"SKIP","floor":36},{"not_picked":["Finisher","Flying Knee","Prepared"],"picked":"SKIP","floor":38},{"not_picked":["Bane+1","Unload","Sucker Punch"],"picked":"SKIP","floor":40},{"not_picked":["Dagger Throw","Heel Hook"],"picked":"Backflip+1","floor":45},{"not_picked":["Noxious Fumes+1","Cloak And Dagger"],"picked":"Tactician","floor":46},{"not_picked":["Eviscerate+1","Prepared","Poisoned Stab"],"picked":"SKIP","floor":48},{"not_picked":["Sucker Punch+1","Dagger Throw","Deadly Poison"],"picked":"SKIP","floor":49},{"not_picked":["Cloak And Dagger+1","PiercingWail+1","Leg Sweep+1"],"picked":"SKIP","floor":50},{"not_picked":["Dagger Throw+1","Blade Dance","Outmaneuver"],"picked":"SKIP","floor":51},{"not_picked":["Concentrate+1","Blade Dance","Backflip+1"],"picked":"SKIP","floor":52},{"not_picked":["Malaise","Bane+1","Tactician+1"],"picked":"SKIP","floor":54},{"not_picked":["Crippling Poison","Outmaneuver+1","Grand Finale"],"picked":"SKIP","floor":56},{"not_picked":["Crippling Poison","Outmaneuver+1"],"picked":"Grand Finale","floor":56},{"not_picked":["Dodge and Roll+1","Cloak And Dagger+1"],"picked":"Reflex","floor":61},{"not_picked":["Dagger Spray+1","Blade Dance","Well Laid Plans"],"picked":"SKIP","floor":65},{"not_picked":["Good Instincts","Swift Strike"],"picked":"Panache","floor":66},{"not_picked":["Mayhem","Dramatic Entrance"],"picked":"Forethought","floor":66},{"not_picked":["Violence","Enlightenment"],"picked":"Madness","floor":66},{"not_picked":["Distraction","PiercingWail+1","Backflip"],"picked":"SKIP","floor":73}],"player_experience":2344730,"relics_obtained":[{"floor":7.0,"key":"InkBottle"},{"floor":10.0,"key":"Gremlin Horn"},{"floor":15.0,"key":"Paper Crane"},{"floor":25.0,"key":"Red Mask"},{"floor":28.0,"key":"Anchor"},{"floor":32,"key":"Snake Skull"},{"floor":35,"key":"Omamori"},{"floor":37,"key":"CeramicFish"},{"floor":52,"key":"Toy Ornithopter"},{"floor":54,"key":"Pen Nib"},{"floor":55,"key":"HornCleat"},{"floor":56,"key":"Bag of Marbles"},{"floor":57,"key":"War Paint"},{"floor":58,"key":"Oddly Smooth Stone"},{"floor":73,"key":"Eternal Feather"}],"event_choices":[{"damage_healed":0.0,"max_hp_gain":0.0,"max_hp_loss":0.0,"gold_gain":0.0,"event_name":"Golden Idol","player_choice":"Take Damage","floor":2.0,"gold_loss":0.0,"damage_taken":15.0,"relics_obtained":["Golden Idol"]},{"cards_removed":["Strike_G"],"damage_healed":0.0,"max_hp_gain":0.0,"max_hp_loss":0.0,"gold_gain":0.0,"event_name":"Purifier","player_choice":"Purged","floor":5.0,"gold_loss":0.0,"damage_taken":0.0},{"damage_healed":0.0,"max_hp_gain":0.0,"max_hp_loss":0.0,"gold_gain":0.0,"event_name":"Masked Bandits","player_choice":"Fought Bandits","floor":25.0,"gold_loss":0.0,"damage_taken":0.0},{"damage_healed":0.0,"max_hp_gain":0.0,"max_hp_loss":0.0,"gold_gain":0.0,"event_name":"Ghosts","player_choice":"Ignored","floor":26.0,"gold_loss":0.0,"damage_taken":0.0},{"damage_healed":0,"gold_gain":300,"player_choice":"Gold","damage_taken":0,"max_hp_gain":0,"max_hp_loss":0,"event_name":"Wheel of Change","floor":47,"gold_loss":0},{"damage_healed":0,"gold_gain":333,"player_choice":"Gave Idol","damage_taken":0,"max_hp_gain":0,"max_hp_loss":0,"event_name":"The Moai Head","floor":60,"relics_lost":["Golden Idol"],"gold_loss":0},{"damage_healed":0,"gold_gain":0,"player_choice":"Memory 3","damage_taken":10,"max_hp_gain":0,"max_hp_loss":0,"event_name":"SensoryStone","floor":66,"gold_loss":0}],"is_beta":false,"boss_relics":[{"not_picked":["Runic Pyramid","Snecko Eye"],"picked":"Coffee Dripper"},{"not_picked":["Sozu","Busted Crown"],"picked":"Runic Dome"}],"items_purged_floors":[18,24,31,39,59,63,72],"is_endless":false,"potions_floor_spawned":[3,7,9,12,13,16,20,22,27,28,35,38,40,43,46,51,56,61,65,73],"ascension_level":1}}