{"host":"1tl36azeqm6yhdgj","time":1611881030,"event":{"mods":["AchievementEnabler","BaseMod","Minty Spire (QoL Compilation)","StSLib","The IronCluck","everything is the same but u backflip on backflip"],"gold_per_floor":[119,269,17,30,105,105,123,150,150,150,150,173,173,173,173,263,263,287,305,319,319,41,41,41],"floor_reached":23,"language":"ENG","playtime":683,"items_purged":["Doubt"],"score":378,"play_id":"7d991619-9cbd-41c9-a1ab-a6678142ca0c","local_time":"20210128194350","is_ascension_mode":true,"campfire_choices":[{"data":"Cleave","floor":6.0,"key":"SMITH"},{"data":"Injury","floor":11.0,"key":"PURGE"},{"floor":15.0,"key":"REST"}],"circlet_count":0,"master_deck":["AscendersBane","Strike_R","Strike_R","Strike_R","Strike_R","Strike_R","Defend_R","Defend_R","Defend_R","Defend_R","Bash","Shrug It Off","Clothesline","Blind","Cleave+1","Headbutt","Intimidate","Bludgeon","CurseOfTheBell","Armaments+1","Flex","Thunderclap+1","HandOfGreed"],"relics":["Burning Blood","NeowsBlessing","Peace Pipe","Pocketwatch","Golden Idol","Gambling Chip","Calling Bell","Tiny Chest","The Courier","Magic Flower","Oddly Smooth Stone"],"acts_visited":["Exordium","TheCity"],"potions_floor_usage":[],"damage_taken":[{"damage":0.0,"enemies":"2 Louse","floor":1.0,"turns":1.0},{"damage":0.0,"enemies":"Small Slimes","floor":4.0,"turns":1.0},{"damage":0.0,"enemies":"Jaw Worm","floor":7.0,"turns":1.0},{"damage":25.0,"enemies":"3 Sentries","floor":8.0,"turns":9.0},{"damage":4.0,"enemies":"2 Fungi Beasts","floor":12.0,"turns":3.0},{"damage":50.0,"enemies":"Slime Boss","floor":16.0,"turns":11.0},{"damage":24.0,"enemies":"2 Thieves","floor":18.0,"turns":4.0},{"damage":27.0,"enemies":"3 Byrds","floor":19.0,"turns":7.0},{"damage":19.0,"enemies":"Shelled Parasite and Fungi","floor":20.0,"turns":8.0},{"damage":37,"enemies":"Book of Stabbing","floor":23,"turns":3}],"seed_played":"-9100833125280635078","potions_obtained":[{"floor":4.0,"key":"EssenceOfSteel"},{"floor":7.0,"key":"FearPotion"},{"floor":19.0,"key":"PowerPotion"}],"is_trial":false,"path_per_floor":["M","?","$","M","?","R","M","E","T","?","R","M","T","?","R","B",null,"M","M","M","?","$","E"],"character_chosen":"IRONCLAD","items_purchased":["Clothesline","Blind","Strength Potion","Oddly Smooth Stone","HandOfGreed"],"campfire_rested":1,"item_purchase_floors":[3,3,3,22,22],"current_hp_per_floor":[74,74,74,75,64,64,70,51,51,51,51,53,53,58,80,36,69,54,36,26,26,26,0,0],"gold":41,"neow_bonus":"THREE_ENEMY_KILL","is_daily":false,"chose_seed":false,"campfire_upgraded":1,"win_rate":0.0,"timestamp":1611881030,"path_taken":["M","?","$","M","?","R","M","E","T","?","R","M","?","?","R","BOSS","M","M","M","?","$","E"],"items_purchased_type":["Card","Card","Potion","Relic","Card"],"build_version":"2020-12-22","purchased_purges":1,"victory":false,"max_hp_per_floor":[75,75,75,75,75,75,75,75,75,75,75,75,75,80,80,80,80,80,80,80,80,80,80,80],"card_choices":[{"not_picked":["Heavy Blade","Bloodletting"],"picked":"Shrug It Off","floor":1.0},{"not_picked":["Shrug It Off","Heavy Blade"],"picked":"Cleave","floor":4.0},{"not_picked":["Clothesline","Wild Strike"],"picked":"Headbutt","floor":7.0},{"not_picked":["Hemokinesis","Bloodletting"],"picked":"Intimidate","floor":8.0},{"not_picked":["Cleave","Iron Wave","Second Wind"],"picked":"SKIP","floor":12.0},{"not_picked":["Double Tap","Barricade"],"picked":"Bludgeon","floor":16.0},{"not_picked":["Whirlwind","Shrug It Off+1"],"picked":"Armaments+1","floor":18.0},{"not_picked":["Seeing Red","Havoc"],"picked":"Flex","floor":19.0},{"not_picked":["Seeing Red","Clash"],"picked":"Thunderclap+1","floor":20.0}],"player_experience":2082859,"relics_obtained":[{"floor":8.0,"key":"Peace Pipe"},{"floor":9.0,"key":"Pocketwatch"},{"floor":13.0,"key":"Gambling Chip"},{"floor":17.0,"key":"Tiny Chest"},{"floor":17.0,"key":"The Courier"},{"floor":17.0,"key":"Magic Flower"}],"event_choices":[{"damage_healed":0.0,"max_hp_gain":0.0,"max_hp_loss":0.0,"gold_gain":150.0,"event_name":"Liars Game","player_choice":"AGREE","floor":2.0,"gold_loss":0.0,"damage_taken":0.0,"cards_obtained":["Doubt"]},{"damage_healed":0.0,"max_hp_gain":0.0,"max_hp_loss":0.0,"gold_gain":75.0,"event_name":"World of Goop","player_choice":"Gather Gold","floor":5.0,"gold_loss":0.0,"damage_taken":11.0},{"damage_healed":0.0,"max_hp_gain":0.0,"max_hp_loss":0.0,"gold_gain":0.0,"event_name":"Golden Idol","player_choice":"Take Wound","floor":10.0,"gold_loss":0.0,"damage_taken":0.0,"relics_obtained":["Golden Idol"],"cards_obtained":["Injury"]},{"damage_healed":0.0,"max_hp_gain":5.0,"max_hp_loss":0.0,"gold_gain":0.0,"event_name":"Big Fish","player_choice":"Donut","floor":14.0,"gold_loss":0.0,"damage_taken":0.0},{"damage_healed":0,"gold_gain":0,"player_choice":"Ignored","damage_taken":0,"max_hp_gain":0,"max_hp_loss":0,"event_name":"Cursed Tome","floor":21,"gold_loss":0}],"is_beta":false,"boss_relics":[{"not_picked":["Runic Pyramid","Fusion Hammer"],"picked":"Calling Bell"}],"items_purged_floors":[3],"is_endless":false,"potions_floor_spawned":[4,7,19],"killed_by":"Book of Stabbing","ascension_level":20}}