{"host":"v3oyswa3lvajzvma","time":1611945694,"event":{"mods":["100% Spire Juice","Arknights The Spire","BaseMod","ChefMod","Duelist Mod","Hermit","Hubris","Minty Spire (QoL Compilation)","Robot Space Explorer","StSLib","The Construct","The Cursed","The Disciple","The Runesmith","The Servant 0.9.4"],"gold_per_floor":[112,112,126,136,113,147,39,51,51,26,43,43,43,58,58,58,58],"floor_reached":16,"language":"ENG","playtime":854,"items_purged":[],"score":104,"play_id":"ce20ec65-9a0d-46b5-92e3-da6925581e41","local_time":"20210129104134","is_ascension_mode":false,"campfire_choices":[{"floor":15,"key":"REST"}],"circlet_count":0,"master_deck":["Moonworks:Strike","Moonworks:Strike","Moonworks:Strike","Moonworks:Strike","Moonworks:Defend","Moonworks:Defend","Moonworks:Defend","Moonworks:Defend","Moonworks:Ambush","Moonworks:LongDistanceShot","Moonworks:MixPhenomenon","Moonworks:RedAndBlue","Moonworks:FinalSurgery+1","Moonworks:NicePresent","Moonworks:FinalBattle","Moonworks:SakisCookie","Moonworks:ImOnFire","Moonworks:FinalSurgery","Moonworks:Wanted"],"relics":["Moonworks:BrokenBomb","Moonworks:Homemark","NeowsBlessing","Omamori","Bag of Marbles"],"acts_visited":["Exordium"],"potions_floor_usage":[6,6,7,8,14],"damage_taken":[{"damage":0,"enemies":"Jaw Worm","floor":1,"turns":1},{"damage":0,"enemies":"Cultist","floor":3,"turns":1},{"damage":0,"enemies":"Small Slimes","floor":4,"turns":1},{"damage":5,"enemies":"Lagavulin","floor":6,"turns":5},{"damage":1,"enemies":"Exordium Thugs","floor":7,"turns":5},{"damage":14,"enemies":"3 Louse","floor":8,"turns":2},{"damage":7,"enemies":"Blue Slaver","floor":11,"turns":2},{"damage":13,"enemies":"Lots of Slimes","floor":14,"turns":3},{"damage":46,"enemies":"Hexaghost","floor":16,"turns":7}],"seed_played":"-8032377481495467925","potions_obtained":[{"floor":2,"key":"ColorlessPotion"},{"floor":2,"key":"PowerPotion"},{"floor":2,"key":"Energy Potion"},{"floor":7,"key":"ColorlessPotion"},{"floor":8,"key":"LiquidBronze"}],"is_trial":false,"path_per_floor":["M","?","M","M","$","E","M","M","T","?","M","$","?","M","R","B"],"character_chosen":"THE_STARBREAKER","items_purchased":["Moonworks:NicePresent"],"campfire_rested":1,"item_purchase_floors":[5],"current_hp_per_floor":[60,60,60,60,60,55,54,40,40,40,33,33,33,20,38,0,0],"gold":58,"neow_bonus":"THREE_ENEMY_KILL","is_daily":false,"chose_seed":false,"campfire_upgraded":0,"win_rate":0.0,"timestamp":1611945694,"path_taken":["M","?","M","M","?","E","?","M","T","?","M","$","?","M","R","BOSS"],"items_purchased_type":["Card"],"build_version":"2020-12-22","purchased_purges":0,"victory":false,"max_hp_per_floor":[60,60,60,60,60,60,60,60,60,60,60,60,60,60,60,60,60],"card_choices":[{"not_picked":["Moonworks:BigMagnum","Moonworks:IndiscriminateFireSupport"],"picked":"Moonworks:MixPhenomenon","floor":1},{"not_picked":["Moonworks:CloudOfSeagulls","Moonworks:BigMagnum"],"picked":"Moonworks:RedAndBlue","floor":3},{"not_picked":["Moonworks:SakisCookie","Moonworks:LulusLuckyEgg"],"picked":"Moonworks:FinalSurgery","floor":4},{"not_picked":["Moonworks:CloudOfSeagulls","Moonworks:MetallicMonocoque"],"picked":"Moonworks:FinalBattle","floor":6},{"not_picked":["Moonworks:Bloodlust","Moonworks:EvilSpyWorkPreparation"],"picked":"Moonworks:SakisCookie","floor":7},{"not_picked":["Moonworks:CloudOfSeagulls","Moonworks:StiffCrystal"],"picked":"Moonworks:ImOnFire","floor":8},{"not_picked":["Moonworks:UnluckyCharm","Moonworks:Assault"],"picked":"Moonworks:FinalSurgery","floor":11},{"not_picked":["Moonworks:SakisCookie","Moonworks:LulusLuckyEgg"],"picked":"Moonworks:Wanted","floor":14}],"player_experience":50069,"relics_obtained":[{"floor":6,"key":"Omamori"},{"floor":9,"key":"Bag of Marbles"}],"event_choices":[{"damage_healed":0,"gold_gain":0,"player_choice":"Got Potions","damage_taken":0,"max_hp_gain":0,"max_hp_loss":0,"event_name":"Lab","floor":2,"gold_loss":0},{"damage_healed":0,"gold_gain":0,"player_choice":"Left Gold","damage_taken":0,"max_hp_gain":0,"max_hp_loss":0,"event_name":"World of Goop","floor":10,"gold_loss":25},{"damage_healed":0,"gold_gain":0,"player_choice":"Upgraded","damage_taken":0,"max_hp_gain":0,"max_hp_loss":0,"event_name":"Upgrade Shrine","floor":13,"gold_loss":0,"cards_upgraded":["Moonworks:FinalSurgery"]}],"is_beta":false,"boss_relics":[],"items_purged_floors":[],"is_endless":false,"potions_floor_spawned":[7,8],"killed_by":"Hexaghost","ascension_level":0}}