{"host":"sum4dy402bbv9y4o","time":1611947919,"event":{"mods":["Aspiration","BaseMod","Conspire","Highlight Path","Minty Spire (QoL Compilation)","StSLib"],"gold_per_floor":[119,18,18,18,33,33,59,79,79,94,94,127,139,24,24,103,103,123,136,136,36,48,75,87,87,167,183,199,213,213,213,213],"floor_reached":31,"language":"ENG","playtime":1250,"items_purged":["Strike_P","Strike_P"],"score":688,"play_id":"91213b18-fd0a-4582-a9b8-1493d3a0df4c","local_time":"20210129221839","is_ascension_mode":true,"campfire_choices":[{"data":"Eruption","floor":6,"key":"SMITH"},{"data":"CrushJoints","floor":11,"key":"SMITH"},{"data":"Adaptation","floor":15,"key":"SMITH"},{"floor":25,"key":"REST"},{"floor":30,"key":"REST"}],"circlet_count":0,"master_deck":["AscendersBane","Strike_P","Strike_P","Defend_P","Defend_P","Defend_P","Eruption+1","Vigilance","Consecrate","CrushJoints+1","WheelKick","Halt","EmptyFist","CutThroughFate","ClearTheMind","Wallop","SashWhip","Adaptation+1","BowlingBash","FlurryOfBlows","FlurryOfBlows","SashWhip","FollowUp","EmptyFist+1","Halt"],"relics":["PureWater","aspiration:Nostalgia","Cracked Core","FossilizedHelix","Lizard Tail","Question Card","Happy Flower","Molten Egg 2"],"acts_visited":["Exordium","TheCity"],"potions_floor_usage":[7,18,23,23,24,31],"damage_taken":[{"damage":2,"enemies":"Jaw Worm","floor":1,"turns":4},{"damage":0,"enemies":"2 Louse","floor":5,"turns":3},{"damage":26,"enemies":"3 Sentries","floor":7,"turns":7},{"damage":0,"enemies":"Cultist","floor":8,"turns":2},{"damage":0,"enemies":"Gremlin Gang","floor":10,"turns":3},{"damage":0,"enemies":"Gremlin Nob","floor":12,"turns":2},{"damage":3,"enemies":"conspire:2 RoseBushes","floor":13,"turns":5},{"damage":0,"enemies":"Slime Boss","floor":16,"turns":5},{"damage":0,"enemies":"Spheric Guardian","floor":18,"turns":3},{"damage":6,"enemies":"conspire:FuzzyDice","floor":19,"turns":5},{"damage":0,"enemies":"Centurion and Healer","floor":22,"turns":5},{"damage":27,"enemies":"conspire:SneckoGhost","floor":23,"turns":5},{"damage":14,"enemies":"Snake Plant","floor":24,"turns":4},{"damage":18,"enemies":"Snecko","floor":27,"turns":5},{"damage":0,"enemies":"Centurion and Healer","floor":28,"turns":4},{"damage":36,"enemies":"conspire:HollyBat","floor":29,"turns":10},{"damage":33,"enemies":"Chosen and Byrds","floor":31,"turns":3}],"seed_played":"-8978529730554619982","potions_obtained":[{"floor":1,"key":"ColorlessPotion"},{"floor":8,"key":"Weak Potion"},{"floor":16,"key":"Strength Potion"},{"floor":22,"key":"DuplicationPotion"},{"floor":23,"key":"Weak Potion"},{"floor":29,"key":"PowerPotion"}],"is_trial":false,"path_per_floor":["M","$","?","?","M","R","E","M","T","M","R","E","M","$","R","B",null,"M","M","?","$","M","E","M","R","T","M","M","M","R","M"],"character_chosen":"WATCHER","items_purchased":["CrushJoints","Adaptation","BowlingBash"],"campfire_rested":2,"item_purchase_floors":[2,14,14],"current_hp_per_floor":[59,59,59,59,59,59,33,33,33,33,33,33,30,30,30,30,59,59,53,53,53,53,26,12,32,32,14,14,12,32,0,0],"gold":213,"neow_bonus":"NOSTALGIA","is_daily":false,"chose_seed":false,"campfire_upgraded":3,"win_rate":0.0,"timestamp":1611947919,"path_taken":["M","$","?","?","M","R","E","M","T","?","R","E","M","$","R","BOSS","M","?","?","$","M","E","M","R","T","M","M","M","R","M"],"items_purchased_type":["Card","Card","Card"],"build_version":"2020-12-22","purchased_purges":2,"victory":false,"max_hp_per_floor":[68,68,68,68,68,68,68,68,68,68,68,68,68,68,68,68,68,68,68,68,68,68,68,68,68,68,68,68,68,68,68,68],"card_choices":[{"not_picked":["Perseverance","JustLucky"],"picked":"Consecrate","floor":1},{"not_picked":["LikeWater","Nirvana"],"picked":"Halt","floor":5},{"not_picked":["Collect","CutThroughFate"],"picked":"EmptyFist","floor":7},{"not_picked":["SignatureMove","Collect"],"picked":"CutThroughFate","floor":8},{"not_picked":["JustLucky","BattleHymn"],"picked":"ClearTheMind","floor":10},{"not_picked":["Pray","Sanctity"],"picked":"Wallop","floor":12},{"not_picked":["Prostrate","ForeignInfluence","WreathOfFlame"],"picked":"SashWhip","floor":13},{"not_picked":["Swivel","EmptyBody","CrushJoints"],"picked":"FlurryOfBlows","floor":18},{"not_picked":["BattleHymn","Sanctity","PathToVictory"],"picked":"FlurryOfBlows","floor":19},{"not_picked":["Evaluate","JustLucky","Prostrate"],"picked":"SashWhip","floor":22},{"not_picked":["SignatureMove","SashWhip","EmptyFist"],"picked":"FollowUp","floor":23},{"not_picked":["Nirvana","Ragnarok","CutThroughFate","SandsOfTime"],"picked":"SKIP","floor":24},{"not_picked":["Evaluate","Meditate+1","CarveReality+1"],"picked":"EmptyFist+1","floor":27},{"not_picked":["Pray","Protect","WheelKick+1"],"picked":"Halt","floor":28},{"not_picked":["FollowUp+1","Prostrate","WheelKick+1","FlyingSleeves+1"],"picked":"SKIP","floor":29}],"player_experience":3018949,"relics_obtained":[{"floor":7,"key":"FossilizedHelix"},{"floor":9,"key":"Lizard Tail"},{"floor":12,"key":"Question Card"},{"floor":23,"key":"Happy Flower"},{"floor":26,"key":"Molten Egg 2"}],"event_choices":[{"damage_healed":0,"gold_gain":0,"player_choice":"Ignored","damage_taken":0,"max_hp_gain":0,"max_hp_loss":0,"event_name":"Golden Idol","floor":3,"gold_loss":0},{"damage_healed":0,"gold_gain":0,"cards_transformed":["Defend_P"],"player_choice":"Transformed","damage_taken":0,"max_hp_gain":0,"max_hp_loss":0,"event_name":"Transmorgrifier","floor":4,"gold_loss":0,"cards_obtained":["WheelKick"]},{"damage_healed":0,"gold_gain":0,"player_choice":"Ignored","damage_taken":0,"max_hp_gain":0,"max_hp_loss":0,"event_name":"Ghosts","floor":20,"gold_loss":0}],"is_beta":false,"boss_relics":[{"not_picked":["Coffee Dripper","Philosopher\u0027s Stone","Velvet Choker"]}],"items_purged_floors":[2,21],"is_endless":false,"potions_floor_spawned":[1,8,16,22,23,29],"killed_by":"Chosen and Byrds","ascension_level":20}}