{"host":"oz0i1fpezyhy8r2h","time":1611926533,"event":{"mods":["ATMod(∞¢Ë™Mod)","Act Like it!","Arknights The Spire","BaseMod","KinomotoSakuraMod(ƒæ÷Æ±æ”£)","Minty Spire (QoL Compilation)","Reimu£®≤©¿ˆ¡È√Œ£©","Remilia£®¿Ÿ√◊¿Ú—«£©","StSLib","The Bug Knight","°æ“≈ŒÔø®≈∆°øREMEMod"],"gold_per_floor":[111,131,56,56,74,101,119,151,151,51,126,126,136,161,161,262,262,279,297,172,187,206,206,218,237,237,237,250,265,276,290,290,386,386,406,426,481,331,348,382,432,462,462,462,479,99,99,110,110,110],"floor_reached":51,"language":"ZHS","playtime":3231,"items_purged":["Defend_G","Defend_G","Strike_G","Strike_G","Strike_G"],"score":835,"play_id":"ce007171-476a-4cd1-b455-7349ee554441","local_time":"20210129212213","is_ascension_mode":false,"campfire_choices":[{"data":"AT_EmpoweredMortalDraw","floor":15.0,"key":"SMITH"},{"data":"Prepared","floor":23,"key":"SMITH"},{"floor":27,"key":"REST"},{"data":"Prepared","floor":32,"key":"SMITH"},{"floor":49,"key":"RECALL"}],"circlet_count":0,"master_deck":["Strike_G","Strike_G","Defend_G","Defend_G","Survivor","Neutralize","AT_EmpoweredMortalDraw+1","Prepared+1","Prepared+1","Backflip+1","Tactician+1","Blur+1","REME_GrazeFinale","Skewer+1","Well Laid Plans+1","Outmaneuver+1","REME_GreenPollution+1","REME_LeechingPoison+1","Finisher+1","Prepared+1","Adrenaline+1","Calculated Gamble+1","Outmaneuver+1","Acrobatics+1","REME_BuildACard+1","Backflip+1"],"relics":["Ring of the Snake","AT_ATBox","REME_ComplimentaryCards","Darkstone Periapt","Toxic Egg 2","Bottled Lightning","AT_BellDemon","REME_LowDesire","Boot","Strawberry","Ancient Tea Set","AT_ChloranthyRing","Matryoshka","AT_LudenTempest","Regal Pillow","HornCleat","Ornamental Fan","Tea:ReiMu","HollowMod:StagPassRelic","AT_SunfireAegis","REME_IWantAll","PureWhite:ReiMu","TungstenRod","SlaversCollar","RuthlessExorcism:ReiMu","Question Card","HollowMod:PaleOreRelic","Oddly Smooth Stone","Blue Candle","Molten Egg 2","StoneCalendar","Potion Belt","AT_BladeRuinedKing","AT_ImmortalShieldbow","Omamori","CrazyTorch:ReiMu","Calipers","Orichalcum"],"acts_visited":["Exordium","TheCity","TheBeyond"],"potions_floor_usage":[21,33],"damage_taken":[{"damage":0.0,"enemies":"Small Slimes","floor":1.0,"turns":2.0},{"damage":0.0,"enemies":"Cultist","floor":2.0,"turns":3.0},{"damage":0.0,"enemies":"2 Louse","floor":5.0,"turns":1.0},{"damage":43.0,"enemies":"Lagavulin","floor":6.0,"turns":8.0},{"damage":0.0,"enemies":"2 Fungi Beasts","floor":7.0,"turns":2.0},{"damage":18.0,"enemies":"3 Sentries","floor":8.0,"turns":5.0},{"damage":0.0,"enemies":"Lots of Slimes","floor":13.0,"turns":2.0},{"damage":30.0,"enemies":"Gremlin Nob","floor":14.0,"turns":5.0},{"damage":29,"enemies":"Slime Boss","floor":16,"turns":14},{"damage":0,"enemies":"Spheric Guardian","floor":18,"turns":1},{"damage":35,"enemies":"Shell Parasite","floor":19,"turns":6},{"damage":67,"enemies":"Cultist and Chosen","floor":21,"turns":6},{"damage":12,"enemies":"3 Cultists","floor":22,"turns":4},{"damage":1,"enemies":"Chosen and Byrds","floor":24,"turns":2},{"damage":20,"enemies":"Centurion and Healer","floor":25,"turns":3},{"damage":0,"enemies":"Snecko","floor":28,"turns":2},{"damage":11,"enemies":"Sentry and Sphere","floor":29,"turns":3},{"damage":17,"enemies":"Shelled Parasite and Fungi","floor":30,"turns":3},{"damage":16,"enemies":"Centurion and Healer","floor":31,"turns":2},{"damage":60,"enemies":"Automaton","floor":33,"turns":5},{"damage":11,"enemies":"3 Darklings","floor":35,"turns":2},{"damage":0,"enemies":"Orb Walker","floor":36,"turns":1},{"damage":32,"enemies":"2 Orb Walkers","floor":37,"turns":3},{"damage":0,"enemies":"Jaw Worm Horde","floor":39,"turns":1},{"damage":22,"enemies":"Reptomancer","floor":40,"turns":3},{"damage":0,"enemies":"Mind Bloom Boss Battle","floor":41,"turns":2},{"damage":1,"enemies":"Giant Head","floor":42,"turns":3},{"damage":0,"enemies":"Sphere and 2 Shapes","floor":45,"turns":1},{"damage":0,"enemies":"3 Darklings","floor":48,"turns":1},{"damage":0,"enemies":"Time Eater","floor":50,"turns":3}],"seed_played":"-4874819976258429288","potions_obtained":[{"floor":2.0,"key":"Poison Potion"},{"floor":7.0,"key":"SneckoOil"},{"floor":8.0,"key":"SpeedPotion"},{"floor":16,"key":"Weak Potion"},{"floor":24,"key":"Strength Potion"},{"floor":33,"key":"LiquidBronze"},{"floor":35,"key":"CultistPotion"},{"floor":41,"key":"DistilledChaos"},{"floor":45,"key":"SteroidPotion"}],"is_trial":false,"path_per_floor":["M","M","$","?","M","E","M","E","T","$","?","?","M","E","R","B",null,"M","M","$","M","M","R","M","M","T","R","M","M","M","M","R","B",null,"M","M","?","$","M","E","?","E","T","?","M","$","?","M","R","B",null],"character_chosen":"THE_SILENT","items_purchased":["Acrobatics+1","REME_BuildACard+1"],"campfire_rested":1,"item_purchase_floors":[46,46],"current_hp_per_floor":[77,77,77,77,77,34,34,16,16,16,5,87,87,57,57,28,94,94,59,59,42,30,30,29,9,9,52,52,47,36,50,50,10,94,89,89,57,57,57,72,94,93,93,89,89,89,89,89,89,89],"gold":110,"neow_bonus":"TEN_PERCENT_HP_BONUS","is_daily":false,"chose_seed":false,"campfire_upgraded":3,"win_rate":0.0,"timestamp":1611926533,"path_taken":["M","M","$","?","M","E","?","E","T","$","?","?","?","E","R","BOSS","M","M","$","M","M","R","?","M","T","R","M","M","M","M","R","BOSS","M","M","?","$","M","E","?","E","T","?","M","$","?","M","R","BOSS"],"items_purchased_type":["Card","Card"],"build_version":"2020-12-22","purchased_purges":5,"victory":true,"max_hp_per_floor":[77,77,77,77,77,77,77,77,77,77,77,87,87,87,87,87,94,94,94,94,94,94,94,94,94,94,94,94,94,94,94,94,94,94,94,94,94,94,94,94,94,94,94,89,89,89,89,89,89,89],"card_choices":[{"not_picked":["Quick Slash","Finisher","Sucker Punch"],"picked":"SKIP","floor":1.0},{"not_picked":["Dagger Spray","Deadly Poison","Infinite Blades"],"picked":"SKIP","floor":2.0},{"not_picked":["Deflect","Dodge and Roll","Dagger Spray"],"picked":"SKIP","floor":5.0},{"not_picked":["Slice","AT_FocusSwordFire"],"picked":"Prepared","floor":6.0},{"not_picked":["Acrobatics","Dodge and Roll"],"picked":"Prepared","floor":7.0},{"not_picked":["Dagger Throw","PiercingWail+1"],"picked":"Backflip+1","floor":8.0},{"not_picked":["AT_WindFlip","PiercingWail+1"],"picked":"Tactician+1","floor":13.0},{"not_picked":["Flying Knee","Noxious Fumes"],"picked":"Blur+1","floor":14.0},{"not_picked":["AT_MyraUnstableElement+1","Malaise+1"],"picked":"REME_GrazeFinale","floor":16},{"not_picked":["AT_WindFlip+1","Crippling Poison+1","Purity+1"],"picked":"Skewer+1","floor":18},{"not_picked":["Flying Knee+1","Tactician+1","Bandage Up+1"],"picked":"Well Laid Plans+1","floor":19},{"not_picked":["Skewer","Underhanded Strike","Purity+1"],"picked":"Outmaneuver+1","floor":21},{"not_picked":["AT_WindFlip","Predator+1","Riddle With Holes","AT_FalsePromise"],"picked":"SKIP","floor":22},{"not_picked":["Underhanded Strike","AT_WindFlip","HandOfGreed"],"picked":"REME_GreenPollution+1","floor":24},{"not_picked":["Outmaneuver+1","Acrobatics+1","Flying Knee","Dark Shackles+1"],"picked":"SKIP","floor":25},{"not_picked":["Flying Knee","AT_ShadowStep+1","Discovery+1"],"picked":"REME_LeechingPoison+1","floor":28},{"not_picked":["Heel Hook","Poisoned Stab","Magnetism"],"picked":"Finisher+1","floor":29},{"not_picked":["Dodge and Roll+1","Escape Plan+1","Blade Dance+1","AT_TearsDenial+1"],"picked":"SKIP","floor":30},{"not_picked":["Flying Knee","AT_WomanClash+1","REME_PuzzleBox+1"],"picked":"Prepared+1","floor":31},{"not_picked":["After Image","AT_EssenceShift","Violence+1"],"picked":"Adrenaline+1","floor":33},{"not_picked":["Blade Dance+1","Prepared+1","Dagger Throw","AT_FamilyPortrait+1"],"picked":"SKIP","floor":35},{"not_picked":["Flying Knee","AT_ThistleTea+1","Slice","Swift Strike"],"picked":"SKIP","floor":36},{"not_picked":["AT_WindFlip+1","Blade Dance+1","Slice+1","Acrobatics+1","Forethought+1"],"picked":"SKIP","floor":39},{"not_picked":["AT_WindFlip+1","Underhanded Strike+1","Slice+1","Forethought+1"],"picked":"Calculated Gamble+1","floor":40},{"not_picked":["Underhanded Strike+1","PiercingWail+1","Escape Plan+1","Flechettes+1","Flash of Steel+1"],"picked":"SKIP","floor":42},{"not_picked":["Quick Slash+1","PiercingWail+1","Poisoned Stab+1","Panacea+1"],"picked":"Outmaneuver+1","floor":45},{"not_picked":["AT_KingSlayer+1","Flechettes+1","AT_ThistleTea+1","Apotheosis+1"],"picked":"Backflip+1","floor":48}],"player_experience":203965,"relics_obtained":[{"floor":6.0,"key":"Darkstone Periapt"},{"floor":8.0,"key":"Toxic Egg 2"},{"floor":9.0,"key":"Bottled Lightning"},{"floor":14.0,"key":"AT_BellDemon"},{"floor":17,"key":"Boot"},{"floor":17,"key":"Strawberry"},{"floor":18,"key":"Ancient Tea Set"},{"floor":19,"key":"AT_ChloranthyRing"},{"floor":21,"key":"Matryoshka"},{"floor":22,"key":"AT_LudenTempest"},{"floor":24,"key":"Regal Pillow"},{"floor":25,"key":"HornCleat"},{"floor":26,"key":"Ornamental Fan"},{"floor":26,"key":"Tea:ReiMu"},{"floor":28,"key":"HollowMod:StagPassRelic"},{"floor":29,"key":"AT_SunfireAegis"},{"floor":30,"key":"REME_IWantAll"},{"floor":31,"key":"PureWhite:ReiMu"},{"floor":33,"key":"TungstenRod"},{"floor":35,"key":"RuthlessExorcism:ReiMu"},{"floor":36,"key":"Question Card"},{"floor":37,"key":"HollowMod:PaleOreRelic"},{"floor":39,"key":"Oddly Smooth Stone"},{"floor":40,"key":"Blue Candle"},{"floor":40,"key":"Molten Egg 2"},{"floor":41,"key":"StoneCalendar"},{"floor":41,"key":"Potion Belt"},{"floor":42,"key":"AT_BladeRuinedKing"},{"floor":42,"key":"AT_ImmortalShieldbow"},{"floor":43,"key":"Omamori"},{"floor":43,"key":"CrazyTorch:ReiMu"},{"floor":45,"key":"Calipers"},{"floor":48,"key":"Orichalcum"}],"event_choices":[{"damage_healed":0.0,"max_hp_gain":0.0,"max_hp_loss":0.0,"gold_gain":75.0,"event_name":"World of Goop","player_choice":"Gather Gold","floor":11.0,"gold_loss":0.0,"damage_taken":11.0},{"cards_removed":["AT_EmpoweredMortalDraw"],"damage_healed":72.0,"max_hp_gain":10.0,"max_hp_loss":0.0,"gold_gain":0.0,"event_name":"Bonfire Elementals","player_choice":"Offered Rare","floor":12.0,"gold_loss":0.0,"damage_taken":0.0},{"damage_healed":0,"gold_gain":0,"player_choice":"Fight","damage_taken":0,"max_hp_gain":0,"max_hp_loss":0,"event_name":"Mysterious Sphere","floor":37,"gold_loss":0},{"damage_healed":0,"gold_gain":0,"player_choice":"Fight","damage_taken":0,"max_hp_gain":0,"max_hp_loss":0,"event_name":"MindBloom","floor":41,"gold_loss":0},{"damage_healed":0,"gold_gain":0,"player_choice":"Max HP","damage_taken":0,"max_hp_gain":0,"max_hp_loss":5,"event_name":"Winding Halls","floor":44,"gold_loss":0},{"cards_removed":["Defend_G"],"damage_healed":0,"gold_gain":0,"player_choice":"Removed Skill","damage_taken":0,"max_hp_gain":0,"max_hp_loss":0,"event_name":"Falling","floor":47,"gold_loss":0}],"is_beta":false,"boss_relics":[{"not_picked":["Tiny House","Ectoplasm"],"picked":"REME_LowDesire"},{"not_picked":["RedLine:ReiMu","WristBlade"],"picked":"SlaversCollar"}],"items_purged_floors":[3,10,20,38,46],"is_endless":false,"potions_floor_spawned":[2,7,8,16,24,30,33,35,39,41,45],"ascension_level":0}}