{"host":"1focbxb2e8qu7ccd","time":1611956380,"event":{"mods":["BaseMod","Minty Spire (QoL Compilation)","Relic Stats"],"gold_per_floor":[116,116,127,127,0,34,34,66,90,106,122,122,155,155,155,253,253,267,317,336,4,4,4,4],"floor_reached":23,"language":"ENG","playtime":981,"items_purged":["Strike_G"],"score":441,"play_id":"b24b9ffd-8ddd-4eee-9d4c-88ce64bffdbb","local_time":"20210129163940","is_ascension_mode":true,"campfire_choices":[{"data":"Dagger Spray","floor":7,"key":"SMITH"},{"floor":12,"key":"REST"},{"data":"Malaise","floor":15,"key":"SMITH"}],"circlet_count":0,"master_deck":["AscendersBane","Strike_G","Strike_G","Strike_G","Defend_G","Defend_G","Defend_G","Defend_G","Defend_G","Survivor","Neutralize","Poisoned Stab","Slice","Deadly Poison","Dagger Spray+1","Glass Knife","Bane","Backflip","Malaise+1","After Image","Bouncing Flask","Escape Plan"],"relics":["Ring of the Snake","NeowsBlessing","Toy Ornithopter","Ornamental Fan","Pen Nib","Letter Opener","Golden Idol","Black Star","Pocketwatch","StoneCalendar"],"acts_visited":["Exordium","TheCity"],"potions_floor_usage":[13,18],"damage_taken":[{"damage":0,"enemies":"Cultist","floor":1,"turns":1},{"damage":0,"enemies":"Jaw Worm","floor":3,"turns":1},{"damage":0,"enemies":"Gremlin Nob","floor":6,"turns":1},{"damage":33,"enemies":"3 Sentries","floor":8,"turns":11},{"damage":1,"enemies":"Small Slimes","floor":10,"turns":3},{"damage":9,"enemies":"Exordium Thugs","floor":11,"turns":2},{"damage":4,"enemies":"Gremlin Nob","floor":13,"turns":3},{"damage":25,"enemies":"The Guardian","floor":16,"turns":14},{"damage":0,"enemies":"2 Thieves","floor":18,"turns":3},{"damage":20,"enemies":"Shell Parasite","floor":20,"turns":6},{"damage":38,"enemies":"Slavers","floor":23,"turns":2}],"seed_played":"-3502447352479168523","potions_obtained":[{"floor":1,"key":"Ancient Potion"},{"floor":6,"key":"FearPotion"},{"floor":10,"key":"DuplicationPotion"},{"floor":16,"key":"Explosive Potion"},{"floor":20,"key":"Explosive Potion"}],"is_trial":false,"path_per_floor":["M","?","M","?","$","E","R","E","T","M","M","R","E","?","R","B",null,"M","?","M","$","T","E"],"character_chosen":"THE_SILENT","items_purchased":["Deadly Poison","Pocketwatch"],"campfire_rested":1,"item_purchase_floors":[5,21],"current_hp_per_floor":[59,59,59,52,52,52,52,19,19,18,9,28,29,29,29,4,46,51,51,31,31,31,0,0],"gold":4,"neow_bonus":"THREE_ENEMY_KILL","is_daily":false,"chose_seed":false,"campfire_upgraded":2,"win_rate":0.0,"timestamp":1611956380,"path_taken":["M","?","M","?","?","E","R","E","T","?","M","R","E","?","R","BOSS","M","?","M","?","?","E"],"items_purchased_type":["Card","Relic"],"build_version":"2020-12-22","purchased_purges":1,"victory":false,"max_hp_per_floor":[66,66,66,66,66,66,66,66,66,66,66,66,66,60,60,60,60,60,60,60,60,60,60,60],"relic_stats":{"counters":[11,47],"Ornamental Fan":[40],"Golden Idol":27,"StoneCalendar":[0],"Pen Nib":[5],"Black Star":0,"Letter Opener":[10],"obtain_stats":[{"NeowsBlessing":0,"Ornamental Fan":8,"Golden Idol":14,"StoneCalendar":22,"Pen Nib":9,"Black Star":17,"Letter Opener":13,"Toy Ornithopter":6,"Ring of the Snake":0,"Pocketwatch":21},{"NeowsBlessing":0,"Ornamental Fan":4,"Golden Idol":7,"StoneCalendar":10,"Pen Nib":4,"Black Star":8,"Letter Opener":7,"Toy Ornithopter":3,"Ring of the Snake":0,"Pocketwatch":10},{"NeowsBlessing":0,"Ornamental Fan":14,"Golden Idol":22,"StoneCalendar":45,"Pen Nib":14,"Black Star":36,"Letter Opener":22,"Toy Ornithopter":3,"Ring of the Snake":0,"Pocketwatch":45}],"Toy Ornithopter":10,"Ring of the Snake":[22],"Pocketwatch":[0]},"card_choices":[{"not_picked":["Calculated Gamble","Masterful Stab"],"picked":"Poisoned Stab","floor":1},{"not_picked":["Outmaneuver","Deflect"],"picked":"Slice","floor":3},{"not_picked":["Caltrops","Flying Knee"],"picked":"Dagger Spray","floor":6},{"not_picked":["Footwork","PiercingWail"],"picked":"Glass Knife","floor":8},{"not_picked":["Sucker Punch","Prepared"],"picked":"Bane","floor":10},{"not_picked":["All Out Attack","Dagger Spray"],"picked":"Backflip","floor":11},{"not_picked":["PiercingWail","Backflip"],"picked":"Malaise","floor":13},{"not_picked":["Doppelganger","Unload"],"picked":"After Image","floor":16},{"not_picked":["Footwork","Terror"],"picked":"Bouncing Flask","floor":18},{"not_picked":["Riddle With Holes","Caltrops"],"picked":"Escape Plan","floor":20}],"player_experience":822736,"relics_obtained":[{"floor":6,"key":"Toy Ornithopter"},{"floor":8,"key":"Ornamental Fan"},{"floor":9,"key":"Pen Nib"},{"floor":13,"key":"Letter Opener"},{"floor":22,"key":"StoneCalendar"}],"event_choices":[{"damage_healed":0,"gold_gain":0,"player_choice":"Ignored","damage_taken":0,"max_hp_gain":0,"max_hp_loss":0,"event_name":"Liars Game","floor":2,"gold_loss":0},{"cards_removed":["Strike_G"],"damage_healed":0,"gold_gain":0,"player_choice":"Card Removal","damage_taken":7,"max_hp_gain":0,"max_hp_loss":0,"event_name":"Golden Wing","floor":4,"gold_loss":0},{"damage_healed":0,"gold_gain":0,"player_choice":"Lose Max HP","damage_taken":0,"relics_obtained":["Golden Idol"],"max_hp_gain":0,"max_hp_loss":6,"event_name":"Golden Idol","floor":14,"gold_loss":0},{"damage_healed":0,"gold_gain":100,"player_choice":"Bet on Murderer","damage_taken":0,"max_hp_gain":0,"max_hp_loss":0,"event_name":"The Joust","floor":19,"gold_loss":50}],"is_beta":false,"boss_relics":[{"not_picked":["Runic Dome","Snecko Eye"],"picked":"Black Star"}],"items_purged_floors":[5],"is_endless":false,"potions_floor_spawned":[1,6,10,16,20],"killed_by":"Slavers","ascension_level":18}}