{"host":"vddnn8yddbh0df4g","time":1611886610,"event":{"mods":["Act Like it!","BaseMod","Beaked The Cultist","Bestiary","Clockwork Mod","Downfall","Filter the Spire","Minty Spire (QoL Compilation)","Shop Mod","StSLib","SuperFastMode","The Construct","The Runesmith"],"gold_per_floor":[118,136,153,253,272,297,297,309,309,309,484,484,515,52,52,150,150,137,137,137,137,151,179,191,217,270,296,296,30,42,69,69,168,168,180,55,55,70,83,115,115,142,166,194,194,225,157,168,168,168,168,168,43,68,68],"floor_reached":56,"language":"ENG","playtime":3172,"items_purged":["Clockwork:Shield","Clockwork:Shield","Clockwork:Strike","Parasite"],"score":1612,"play_id":"452ab6ab-2678-4161-8663-2432f7020c23","local_time":"20210128211650","is_ascension_mode":true,"campfire_choices":[{"data":"Clockwork:WarmUp","floor":7.0,"key":"SMITH"},{"data":"Clockwork:Tinker","floor":12.0,"key":"SMITH"},{"floor":15.0,"key":"REST"},{"floor":28.0,"key":"RECALL"},{"data":"Clockwork:Shield","floor":32.0,"key":"SMITH"},{"floor":41.0,"key":"REST"},{"floor":49.0,"key":"REST"},{"floor":52,"key":"REST"}],"circlet_count":0,"master_deck":["Clockwork:Strike+1","Clockwork:Strike+1","Clockwork:Shield+1","Clockwork:Shield+1","Clockwork:Tinker+1","Clockwork:WarmUp+1","Clockwork:StasisBreak+1","Clockwork:StasisBreak+1","Clockwork:SiegeStrike+1","Clockwork:RevUp+1","Madness+1","Clockwork:ReactiveNanites+1","Clockwork:CogShield+1","Panache+1","Clockwork:CogBarrier+1","Clockwork:Improve+1","Clockwork:Improve+1","Clockwork:ChargingShield+1","Clockwork:Improve+1","Clockwork:Roundhouse+1","Clockwork:OccamsRazor+1","Clockwork:RevUp+1"],"relics":["Clockwork:MomentumEngine","Clockwork:SomewhatSmoothStone","Bag of Preparation","Lantern","Oddly Smooth Stone","construct:ClawGrip","Clockwork:BloodPhial","Bag of Marbles","Clockwork:CopperScales","Anchor","Runic Dome","Pen Nib","Ice Cream","HornCleat","MerchantsRug","Nunchaku","Clockwork:Varja"],"acts_visited":["Exordium","TheCity","TheBeyond","TheEnding"],"potions_floor_usage":[55],"damage_taken":[{"damage":22.0,"enemies":"Cultist","floor":1.0,"turns":5.0},{"damage":6.0,"enemies":"Small Slimes","floor":2.0,"turns":5.0},{"damage":0.0,"enemies":"2 Louse","floor":3.0,"turns":9.0},{"damage":0.0,"enemies":"Large Slime","floor":5.0,"turns":7.0},{"damage":0.0,"enemies":"Lagavulin","floor":6.0,"turns":9.0},{"damage":0.0,"enemies":"2 Fungi Beasts","floor":8.0,"turns":4.0},{"damage":12.0,"enemies":"Gremlin Nob","floor":13.0,"turns":6.0},{"damage":44.0,"enemies":"Hexaghost","floor":16.0,"turns":14.0},{"damage":2.0,"enemies":"2 Thieves","floor":18.0,"turns":4.0},{"damage":13.0,"enemies":"3 Byrds","floor":22.0,"turns":7.0},{"damage":42.0,"enemies":"Gremlin Leader","floor":23.0,"turns":8.0},{"damage":0.0,"enemies":"Centurion and Healer","floor":24.0,"turns":7.0},{"damage":8.0,"enemies":"Book of Stabbing","floor":25.0,"turns":6.0},{"damage":13.0,"enemies":"Gremlin Leader","floor":27.0,"turns":9.0},{"damage":17.0,"enemies":"Snecko","floor":30.0,"turns":5.0},{"damage":4.0,"enemies":"Book of Stabbing","floor":31.0,"turns":5.0},{"damage":21.0,"enemies":"Collector","floor":33.0,"turns":9.0},{"damage":10.0,"enemies":"3 Shapes","floor":35.0,"turns":6.0},{"damage":1.0,"enemies":"3 Darklings","floor":38.0,"turns":4.0},{"damage":22.0,"enemies":"Writhing Mass","floor":39.0,"turns":6.0},{"damage":0.0,"enemies":"Giant Head","floor":40.0,"turns":6.0},{"damage":5.0,"enemies":"Reptomancer","floor":42.0,"turns":5.0},{"damage":0.0,"enemies":"Giant Head","floor":44.0,"turns":6.0},{"damage":0.0,"enemies":"Reptomancer","floor":46.0,"turns":5.0},{"damage":6.0,"enemies":"Jaw Worm Horde","floor":48.0,"turns":4.0},{"damage":0,"enemies":"Donu and Deca","floor":50,"turns":9},{"damage":26,"enemies":"Shield and Spear","floor":54,"turns":7},{"damage":50,"enemies":"The Heart","floor":55,"turns":10}],"seed_played":"9161444610842214575","potions_obtained":[{"floor":5.0,"key":"PowerPotion"},{"floor":6.0,"key":"hexamod:SoulburnPotion"},{"floor":8.0,"key":"SteroidPotion"},{"floor":16.0,"key":"ColorlessPotion"},{"floor":22.0,"key":"BlessingOfTheForge"},{"floor":24.0,"key":"Weak Potion"},{"floor":31.0,"key":"Guardian:BlockOnCardUsePotion"}],"is_trial":false,"path_per_floor":["M","M","M","?","M","E","R","M","T","?","?","R","E","$","R","B",null,"M","?","?","?","M","E","M","E","T","E","R","$","M","E","R","B",null,"M","$","?","M","M","E","R","E","T","E","?","E","$","M","R","B",null,"R","$","E","B",null],"character_chosen":"CLOCKWORK","items_purchased":["Clockwork:RevUp+1","Madness+1","Singing Bowl","Panache+1","Clockwork:OccamsRazor+1","MerchantsRug","Clockwork:RevUp+1","Clockwork:CraftMomentumEngine+1","Clockwork:CraftVarja+1"],"campfire_rested":4,"item_purchase_floors":[14,14,14,29,47,53,53,53,53],"current_hp_per_floor":[63,57,57,57,57,57,57,57,57,50,50,50,38,38,63,19,85,83,83,83,75,68,30,44,50,50,51,51,51,48,50,50,47,91,83,83,83,86,68,74,95,90,97,101,101,102,102,98,104,104,104,104,101,75,29],"gold":68,"neow_bonus":"UPGRADE_CARD","is_daily":false,"chose_seed":false,"campfire_upgraded":3,"win_rate":0.0,"timestamp":1611886610,"path_taken":["M","M","M","?","M","E","R","?","T","?","?","R","E","$","R","BOSS","M","?","?","?","M","E","M","E","T","E","R","$","M","E","R","BOSS","M","$","?","?","M","E","R","E","T","E","?","E","$","M","R","BOSS","R","$","E","BOSS"],"items_purchased_type":["Card","Card","Relic","Card","Card","Relic","Card","Card","Card"],"build_version":"2020-12-22","purchased_purges":4,"victory":true,"max_hp_per_floor":[85,85,85,85,85,85,85,85,85,85,85,85,85,85,85,85,85,85,85,85,85,87,89,89,89,89,89,89,89,89,91,91,91,91,93,93,93,93,93,95,95,95,102,102,102,102,102,104,104,104,104,104,101,101,101],"card_choices":[{"not_picked":["Clockwork:Friction+1","Clockwork:ReserveSystems+1"],"picked":"Clockwork:StasisBreak+1","floor":1.0},{"not_picked":["Clockwork:CogBarrier+1","Clockwork:ReserveSystems+1"],"picked":"Clockwork:CraftSomewhatSmoothStone+1","floor":2.0},{"not_picked":["Clockwork:Friction+1","Clockwork:ReserveSystems+1"],"picked":"Clockwork:StasisBreak+1","floor":3.0},{"not_picked":["Clockwork:Minimalism+1","Clockwork:Enhance+1"],"picked":"Clockwork:SiegeStrike+1","floor":5.0},{"not_picked":["Clockwork:Minimalism+1","Clockwork:SnapKeep+1","Clockwork:Scour+1"],"picked":"SKIP","floor":6.0},{"not_picked":["Clockwork:Pluck+1","Clockwork:SmithsMallet+1"],"picked":"Clockwork:CraftBloodPhial+1","floor":8.0},{"not_picked":["Clockwork:CogBarrier+1","Clockwork:CogToss+1"],"picked":"Clockwork:CraftSomewhatSmoothStone+1","floor":13.0},{"not_picked":["Clockwork:UnlimitedCogworks+1","Clockwork:TimeWalk+1"],"picked":"Clockwork:ReactiveNanites+1","floor":16.0},{"not_picked":["Clockwork:MechanicalMass+1","Clockwork:CogToss+1"],"picked":"Clockwork:CogShield+1","floor":18.0},{"not_picked":["Clockwork:CogToss+1","Clockwork:AdaptiveShield+1","Clockwork:TestingEnvironment+1"],"picked":"Singing Bowl","floor":22.0},{"not_picked":["Clockwork:SystemScan+1","Clockwork:ElasticNanites+1","Clockwork:OccamsRazor+1"],"picked":"Singing Bowl","floor":23.0},{"not_picked":["Clockwork:StasisBreak+1","Clockwork:Pluck+1"],"picked":"Clockwork:CraftCopperScales+1","floor":24.0},{"not_picked":["Clockwork:CogToss+1","Clockwork:Redundancy+1"],"picked":"Clockwork:CraftMomentumEngine+1","floor":25.0},{"not_picked":["Clockwork:ForgeStrike+1","Clockwork:RitualDaggerMk0+1"],"picked":"Clockwork:CraftBloodPhial+1","floor":27.0},{"not_picked":["Clockwork:ChargingBlade+1","Clockwork:Minimalism+1"],"picked":"Clockwork:CogBarrier+1","floor":30.0},{"not_picked":["Clockwork:PerfectedShield+1","Clockwork:ElasticNanites+1","Clockwork:Selectivity+1"],"picked":"Singing Bowl","floor":31.0},{"not_picked":["Clockwork:TimeWalk+1","Clockwork:Strangle+1"],"picked":"Clockwork:UnlimitedCogworks+1","floor":33.0},{"not_picked":["Clockwork:Friction+1","Clockwork:Minimalism+1","Clockwork:ElasticNanites+1"],"picked":"Singing Bowl","floor":35.0},{"not_picked":["Clockwork:Friction+1","Clockwork:CogBarrier+1"],"picked":"Clockwork:Improve+1","floor":38.0},{"not_picked":["Clockwork:SystemScan+1","Clockwork:CogToss+1"],"picked":"Clockwork:Improve+1","floor":39.0},{"not_picked":["Clockwork:ElasticNanites+1","Clockwork:Friction+1","Clockwork:SystemScan+1"],"picked":"Singing Bowl","floor":40.0},{"not_picked":["Clockwork:CogBarrier+1","Clockwork:Pluck+1"],"picked":"Clockwork:ChargingShield+1","floor":42.0},{"not_picked":["Clockwork:CraftSomewhatSmoothStone+1","Clockwork:SiegeStrike+1"],"picked":"Clockwork:Improve+1","floor":44.0},{"not_picked":["Clockwork:RampUp+1","Clockwork:Pluck+1"],"picked":"Clockwork:Roundhouse+1","floor":46.0},{"not_picked":["Clockwork:Friction+1","Clockwork:ChargingShield+1","Clockwork:MechanicalMass+1"],"picked":"Singing Bowl","floor":48.0},{"not_picked":["Clockwork:CogBarrier","Clockwork:SpurOn+1","Clockwork:ReserveSystems"],"picked":"SKIP","floor":54}],"player_experience":715083,"relics_obtained":[{"floor":6.0,"key":"Bag of Preparation"},{"floor":9.0,"key":"Lantern"},{"floor":13.0,"key":"Oddly Smooth Stone"},{"floor":23.0,"key":"Meat on the Bone"},{"floor":25.0,"key":"Bag of Marbles"},{"floor":27.0,"key":"Anchor"},{"floor":31.0,"key":"construct:RocketBooster"},{"floor":40.0,"key":"Pen Nib"},{"floor":42.0,"key":"War Paint"},{"floor":43.0,"key":"Strawberry"},{"floor":44.0,"key":"Ice Cream"},{"floor":46.0,"key":"HornCleat"},{"floor":54,"key":"Nunchaku"}],"event_choices":[{"damage_healed":0.0,"max_hp_gain":0.0,"max_hp_loss":0.0,"gold_gain":100.0,"event_name":"Golden Shrine","player_choice":"Pray","floor":4.0,"gold_loss":0.0,"damage_taken":0.0},{"cards_removed":["Clockwork:Strike"],"damage_healed":0.0,"max_hp_gain":0.0,"max_hp_loss":0.0,"gold_gain":0.0,"event_name":"Golden Wing","player_choice":"Card Removal","floor":10.0,"gold_loss":0.0,"damage_taken":7.0},{"damage_healed":0.0,"max_hp_gain":0.0,"max_hp_loss":0.0,"gold_gain":175.0,"event_name":"Liars Game","player_choice":"AGREE","floor":11.0,"gold_loss":0.0,"damage_taken":0.0,"cards_obtained":["Doubt"]},{"cards_removed":["Doubt"],"damage_healed":0.0,"max_hp_gain":0.0,"max_hp_loss":0.0,"gold_gain":0.0,"event_name":"Back to Basics","player_choice":"Elegance","floor":20.0,"gold_loss":0.0,"damage_taken":0.0},{"damage_healed":0.0,"max_hp_gain":0.0,"max_hp_loss":0.0,"gold_gain":0.0,"event_name":"Wheel of Change","player_choice":"Damaged","floor":21.0,"gold_loss":0.0,"damage_taken":8.0},{"damage_healed":0.0,"max_hp_gain":0.0,"max_hp_loss":0.0,"gold_gain":0.0,"event_name":"Match and Keep!","player_choice":"0 cards matched","floor":37.0,"gold_loss":0.0,"damage_taken":0.0,"cards_obtained":[]},{"cards_removed":["Clockwork:UnlimitedCogworks"],"damage_healed":0.0,"max_hp_gain":0.0,"max_hp_loss":0.0,"gold_gain":0.0,"event_name":"Falling","player_choice":"Removed Power","floor":45.0,"gold_loss":0.0,"damage_taken":0.0}],"is_beta":false,"boss_relics":[{"not_picked":["Cursed Key","Empty Cage"],"picked":"construct:ClawGrip"},{"not_picked":["SlaversCollar","beaked:SacredDeck"],"picked":"Runic Dome"}],"items_purged_floors":[14,29,36,53],"is_endless":false,"potions_floor_spawned":[5,6,8,16,22,24,25,31,38,42,44],"ascension_level":1}}