{"host":"6rz02yiipefhcw4r","time":1611898272,"event":{"mods":["2.2 Compatiblity","BaseMod","Block Reminder","Colored Map","Curses Come First","DeckTracker","Googly Eyes","Minty Spire (QoL Compilation)","Quick Restart","Rare Cards Sparkle","StSLib"],"gold_per_floor":[118,129,147,147,167,196,196,226,226,13,13,49,64,97,97,214,214,244,244,169,204,16,42,42,42,42,42,42],"floor_reached":27,"language":"ENG","playtime":871,"items_purged":[],"score":486,"play_id":"ea10d80b-c25c-4700-aa2e-38f6bc242155","local_time":"20210129033112","is_ascension_mode":true,"campfire_choices":[{"data":"Mayhem","floor":7,"key":"SMITH"},{"floor":15,"key":"REST"}],"circlet_count":0,"master_deck":["AscendersBane","Strike_R+1","Strike_R+1","Strike_R+1","Strike_R+1","Defend_R+1","Defend_R+1","Defend_R+1","Defend_R+1","Bash","Mayhem+1","Cleave","Pommel Strike","Clothesline","Warcry","Uppercut","HandOfGreed","Iron Wave","Shrug It Off","Demon Form","Pommel Strike+1","Shrug It Off","Ghostly Armor"],"relics":["Burning Blood","Pocketwatch","Omamori","StrikeDummy","TungstenRod","Cursed Key","Anchor","Paper Frog"],"acts_visited":["Exordium","TheCity"],"potions_floor_usage":[6,16,21,27],"damage_taken":[{"damage":11.0,"enemies":"Jaw Worm","floor":1.0,"turns":5.0},{"damage":8.0,"enemies":"Small Slimes","floor":2.0,"turns":3.0},{"damage":6.0,"enemies":"Cultist","floor":3.0,"turns":3.0},{"damage":20.0,"enemies":"Exordium Wildlife","floor":5.0,"turns":4.0},{"damage":10,"enemies":"Lagavulin","floor":6,"turns":6},{"damage":36,"enemies":"Gremlin Nob","floor":8,"turns":4},{"damage":13,"enemies":"Blue Slaver","floor":12,"turns":4},{"damage":1,"enemies":"2 Fungi Beasts","floor":13,"turns":3},{"damage":2,"enemies":"Looter","floor":14,"turns":3},{"damage":15,"enemies":"Slime Boss","floor":16,"turns":10},{"damage":15,"enemies":"Shell Parasite","floor":18,"turns":6},{"damage":16,"enemies":"2 Thieves","floor":21,"turns":4},{"damage":28,"enemies":"Gremlin Leader","floor":23,"turns":5},{"damage":30,"enemies":"Slavers","floor":27,"turns":3}],"seed_played":"5544970674348501711","potions_obtained":[{"floor":3.0,"key":"CultistPotion"},{"floor":8,"key":"ElixirPotion"},{"floor":13,"key":"SteroidPotion"},{"floor":14,"key":"Weak Potion"},{"floor":16,"key":"SmokeBomb"},{"floor":18,"key":"Regen Potion"},{"floor":23,"key":"Strength Potion"}],"is_trial":false,"path_per_floor":["M","M","M","?","M","E","R","E","T","$","?","M","M","M","R","B",null,"M","?","?","M","$","E","?","?","T","E"],"character_chosen":"IRONCLAD","items_purchased":["HandOfGreed","Shrug It Off","Anchor"],"campfire_rested":1,"item_purchase_floors":[10,22,22],"current_hp_per_floor":[63,61,61,66,52,48,48,18,18,18,18,11,16,20,41,32,63,54,34,34,36,36,14,14,30,30,0,0],"gold":42,"neow_bonus":"RANDOM_COLORLESS_2","is_daily":false,"chose_seed":false,"campfire_upgraded":1,"win_rate":0.0,"timestamp":1611898272,"path_taken":["M","M","M","?","M","E","R","E","T","$","?","M","M","?","R","BOSS","M","?","?","M","$","E","?","?","T","E"],"items_purchased_type":["Card","Card","Relic"],"build_version":"2020-12-22","purchased_purges":0,"victory":false,"max_hp_per_floor":[68,68,68,73,73,73,73,73,73,73,73,73,73,73,73,73,73,73,78,78,78,78,78,78,78,78,78,78],"card_choices":[{"not_picked":["Violence","Metamorphosis"],"picked":"Mayhem","floor":0.0},{"not_picked":["Warcry","Pommel Strike"],"picked":"Cleave","floor":1.0},{"not_picked":["Dropkick","Sever Soul"],"picked":"Pommel Strike","floor":2.0},{"not_picked":["Pommel Strike","Rupture"],"picked":"Clothesline","floor":3.0},{"not_picked":["Dual Wield","Searing Blow"],"picked":"Warcry","floor":5.0},{"not_picked":["Cleave","Flex","Corruption"],"picked":"SKIP","floor":6},{"not_picked":["Cleave","Warcry"],"picked":"Uppercut","floor":8},{"not_picked":["Entrench","Clash"],"picked":"Iron Wave","floor":12},{"not_picked":["Double Tap","Pommel Strike"],"picked":"Shrug It Off","floor":13},{"not_picked":["Sentinel","True Grit","Flex"],"picked":"SKIP","floor":14},{"not_picked":["Offering","Exhume"],"picked":"Demon Form","floor":16},{"not_picked":["Body Slam","Intimidate"],"picked":"Pommel Strike+1","floor":18},{"not_picked":["Iron Wave","Rupture","Sentinel"],"picked":"SKIP","floor":21},{"not_picked":["Fire Breathing","Reckless Charge"],"picked":"Ghostly Armor","floor":23}],"player_experience":757113,"relics_obtained":[{"floor":6,"key":"Pocketwatch"},{"floor":8,"key":"Omamori"},{"floor":9,"key":"StrikeDummy"},{"floor":23,"key":"Paper Frog"}],"event_choices":[{"damage_healed":0.0,"max_hp_gain":5.0,"max_hp_loss":0.0,"gold_gain":0.0,"event_name":"Big Fish","player_choice":"Donut","floor":4.0,"gold_loss":0.0,"damage_taken":0.0},{"damage_healed":0,"gold_gain":0,"player_choice":"Gave Potion","damage_taken":0,"relics_obtained":["TungstenRod"],"max_hp_gain":0,"max_hp_loss":0,"event_name":"WeMeetAgain","floor":11,"gold_loss":0},{"damage_healed":0,"gold_gain":0,"player_choice":"Shed Blood","damage_taken":26,"max_hp_gain":5,"max_hp_loss":0,"event_name":"Forgotten Altar","floor":19,"gold_loss":0},{"cards_removed":["Strike_R"],"damage_healed":0,"gold_gain":0,"player_choice":"Gave Gold","damage_taken":0,"max_hp_gain":0,"max_hp_loss":0,"event_name":"Beggar","floor":20,"gold_loss":75},{"damage_healed":0,"gold_gain":0,"player_choice":"Simplicity","damage_taken":0,"max_hp_gain":0,"max_hp_loss":0,"event_name":"Back to Basics","floor":24,"gold_loss":0,"cards_upgraded":["Strike_R","Strike_R","Strike_R","Strike_R","Defend_R","Defend_R","Defend_R","Defend_R"]},{"damage_healed":16,"gold_gain":0,"player_choice":"Heal","damage_taken":0,"max_hp_gain":0,"max_hp_loss":0,"event_name":"The Library","floor":25,"gold_loss":0}],"is_beta":false,"boss_relics":[{"not_picked":["Ectoplasm","Mark of Pain"],"picked":"Cursed Key"}],"items_purged_floors":[],"is_endless":false,"potions_floor_spawned":[3,8,13,14,16,18,23],"killed_by":"Slavers","ascension_level":20}}