{"host":"zsnmfqgcm92hlreo","time":1611957225,"event":{"mods":["AchievementEnabler","BaseMod","Bestiary","Block Reminder","Colored Powertips","Minty Spire (QoL Compilation)","Permanent Neow","Quick Restart","Relic Stats","Weighted Paths"],"gold_per_floor":[118,128,278,293,308,341,357,389,389,354,193,223,223,238,238,311,311,322,26,26,26,42,70,100,0,0,0,0,0],"floor_reached":28,"language":"ENG","playtime":1150,"items_purged":["Doubt","Strike_G"],"score":602,"play_id":"b3278cb6-84ae-4b41-9aff-12f051cb8577","local_time":"20210129155345","is_ascension_mode":true,"campfire_choices":[{"floor":13.0,"key":"REST"},{"data":"Choke","floor":15.0,"key":"SMITH"}],"circlet_count":0,"master_deck":["AscendersBane","Strike_G","Defend_G","Defend_G","Defend_G","Defend_G","Defend_G","Survivor","Neutralize+1","Terror","Choke+1","Choke","Dagger Throw","Backflip","Blade Dance","Poisoned Stab","Leg Sweep","Infinite Blades+1","Backflip","After Image+1","Cloak And Dagger+1","Well Laid Plans+1","Malaise+1","Blade Dance","Envenom+1","Backflip","Accuracy+1","Decay","Blur"],"relics":["Philosopher\u0027s Stone","Mango","PreservedInsect","The Specimen","Frozen Egg 2","Astrolabe","Bag of Preparation","WingedGreaves","Boot","Blue Candle"],"acts_visited":["Exordium","TheCity"],"potions_floor_usage":[22],"damage_taken":[{"damage":9.0,"enemies":"Small Slimes","floor":1.0,"turns":4.0},{"damage":2.0,"enemies":"2 Louse","floor":2.0,"turns":4.0},{"damage":0.0,"enemies":"Jaw Worm","floor":4.0,"turns":2.0},{"damage":8.0,"enemies":"3 Louse","floor":5.0,"turns":4.0},{"damage":33.0,"enemies":"3 Sentries","floor":6.0,"turns":9.0},{"damage":4.0,"enemies":"Exordium Thugs","floor":7.0,"turns":4.0},{"damage":0.0,"enemies":"Gremlin Nob","floor":8.0,"turns":2.0},{"damage":12.0,"enemies":"Lagavulin","floor":12.0,"turns":5.0},{"damage":8.0,"enemies":"Lots of Slimes","floor":14.0,"turns":4.0},{"damage":30,"enemies":"The Guardian","floor":16,"turns":9},{"damage":5,"enemies":"Spheric Guardian","floor":18,"turns":5},{"damage":9,"enemies":"3 Byrds","floor":22,"turns":4},{"damage":16,"enemies":"Slavers","floor":23,"turns":4},{"damage":21,"enemies":"Book of Stabbing","floor":24,"turns":4},{"damage":17,"enemies":"Sentry and Sphere","floor":28,"turns":3}],"seed_played":"397063129554413675","potions_obtained":[{"floor":4.0,"key":"SpeedPotion"},{"floor":5.0,"key":"Dexterity Potion"},{"floor":7.0,"key":"DistilledChaos"},{"floor":8.0,"key":"SkillPotion"}],"is_trial":false,"path_per_floor":["M","M","?","M","M","E","M","E","T","?","$","E","R","M","R","B",null,"M","$","?","?","M","E","E","$","T","?","M"],"character_chosen":"THE_SILENT","items_purchased":["Leg Sweep","Envenom+1","Bag of Preparation","Backflip"],"campfire_rested":1,"item_purchase_floors":[11,19,19,19],"current_hp_per_floor":[50,48,48,48,40,21,17,17,17,37,37,25,49,41,41,11,63,58,58,58,58,49,33,12,12,12,12,0,0],"gold":0,"neow_bonus":"BOSS_RELIC","is_daily":false,"chose_seed":false,"campfire_upgraded":1,"win_rate":0.0,"timestamp":1611957225,"path_taken":["M","M","?","M","M","E","M","E","T","?","$","E","R","M","R","BOSS","M","$","?","?","M","E","E","?","T","?","?"],"items_purchased_type":["Card","Card","Relic","Card"],"build_version":"2020-12-22","purchased_purges":2,"victory":false,"max_hp_per_floor":[66,66,66,66,66,80,80,80,80,80,80,80,80,80,80,80,80,80,80,80,80,80,80,80,80,80,80,80,80],"relic_stats":{"counters":[15,67],"Astrolabe":["Cloak And Dagger","Well Laid Plans","Malaise"],"Blue Candle":[0],"PreservedInsect":114,"Bag of Preparation":[8],"Boot":[1],"obtain_stats":[{"The Specimen":9,"Astrolabe":17,"Blue Candle":26,"Philosopher\u0027s Stone":0,"Mango":6,"PreservedInsect":8,"WingedGreaves":23,"Bag of Preparation":19,"Frozen Egg 2":12,"Boot":24,"Ring of the Snake":0},{"The Specimen":7,"Astrolabe":10,"Blue Candle":14,"Philosopher\u0027s Stone":0,"Mango":5,"PreservedInsect":7,"WingedGreaves":13,"Bag of Preparation":11,"Frozen Egg 2":8,"Boot":14,"Ring of the Snake":0},{"The Specimen":29,"Astrolabe":47,"Blue Candle":64,"Philosopher\u0027s Stone":0,"Mango":23,"PreservedInsect":29,"WingedGreaves":60,"Bag of Preparation":52,"Frozen Egg 2":34,"Boot":64,"Ring of the Snake":0}]},"card_choices":[{"not_picked":["Dagger Throw","Heel Hook"],"picked":"Terror","floor":1.0},{"not_picked":["Quick Slash","Dagger Spray"],"picked":"Choke","floor":2.0},{"not_picked":["Accuracy","Slice"],"picked":"Choke","floor":4.0},{"not_picked":["Quick Slash","Doppelganger"],"picked":"Dagger Throw","floor":5.0},{"not_picked":["Catalyst","Acrobatics"],"picked":"Backflip","floor":6.0},{"not_picked":["Backflip","Deflect"],"picked":"Blade Dance","floor":7.0},{"not_picked":["Dodge and Roll","Slice"],"picked":"Poisoned Stab","floor":8.0},{"not_picked":["Cloak And Dagger","Masterful Stab"],"picked":"Infinite Blades+1","floor":12.0},{"not_picked":["Flying Knee","Catalyst"],"picked":"Backflip","floor":14.0},{"not_picked":["Malaise","Corpse Explosion"],"picked":"After Image+1","floor":16},{"not_picked":["Bane","All Out Attack"],"picked":"Blade Dance","floor":18},{"not_picked":["Deflect+1","Underhanded Strike","Expertise"],"picked":"SKIP","floor":22},{"not_picked":["Dagger Throw","Deadly Poison","Grand Finale"],"picked":"SKIP","floor":23},{"not_picked":["Riddle With Holes+1","Dagger Throw"],"picked":"Blur","floor":24}],"player_experience":941149,"relics_obtained":[{"floor":6.0,"key":"Mango"},{"floor":8.0,"key":"PreservedInsect"},{"floor":9.0,"key":"The Specimen"},{"floor":12.0,"key":"Frozen Egg 2"},{"floor":23,"key":"WingedGreaves"},{"floor":24,"key":"Boot"},{"floor":26,"key":"Blue Candle"}],"event_choices":[{"damage_healed":0.0,"max_hp_gain":0.0,"max_hp_loss":0.0,"gold_gain":150.0,"event_name":"Liars Game","player_choice":"AGREE","floor":3.0,"gold_loss":0.0,"damage_taken":0.0,"cards_obtained":["Doubt"]},{"damage_healed":20.0,"max_hp_gain":0.0,"max_hp_loss":0.0,"gold_gain":0.0,"event_name":"The Cleric","player_choice":"Healed","floor":10.0,"gold_loss":35.0,"damage_taken":0.0},{"damage_healed":0,"gold_gain":0,"player_choice":"Read","damage_taken":0,"max_hp_gain":0,"max_hp_loss":0,"event_name":"The Library","floor":20,"gold_loss":0,"cards_obtained":["Accuracy"]},{"damage_healed":0,"gold_gain":0,"player_choice":"Smashed Altar","damage_taken":0,"max_hp_gain":0,"max_hp_loss":0,"event_name":"Forgotten Altar","floor":21,"gold_loss":0,"cards_obtained":["Decay"]},{"damage_healed":0,"gold_gain":0,"player_choice":"Upgraded","damage_taken":0,"max_hp_gain":0,"max_hp_loss":0,"event_name":"Upgrade Shrine","floor":27,"gold_loss":0,"cards_upgraded":["Neutralize"]}],"is_beta":false,"boss_relics":[{"not_picked":["Runic Pyramid","Busted Crown"],"picked":"Astrolabe"}],"items_purged_floors":[11,25],"is_endless":false,"potions_floor_spawned":[4,5,7,8,16,18],"killed_by":"Sentry and Sphere","ascension_level":20}}