{"host":"e8qlq9m73szgw1mp","time":1611952010,"event":{"mods":["2.2 Compatiblity","AchievementEnabler","BaseMod","Colored Powertips","Downfall","Highlight Path","Minty Spire (QoL Compilation)","Quick Restart","StSLib"],"gold_per_floor":[99,117,135,135,19,19,19,19],"floor_reached":6,"language":"ENG","playtime":216,"items_purged":["Normality"],"score":36,"play_id":"4328bf49-e4a3-4579-af19-c66ec274541a","local_time":"20210129122650","is_ascension_mode":true,"campfire_choices":[{"data":"Slimebound:OneTwoCombo","floor":1,"key":"SMITH"}],"circlet_count":0,"master_deck":["Slimebound:Strike_Slimebound","Slimebound:Strike_Slimebound+1","Slimebound:Tackle","Slimebound:Defend_Slimebound","Slimebound:Defend_Slimebound","Slimebound:Defend_Slimebound","Slimebound:Split","Slimebound:CorrosiveSpit+1","Slimebound:OneTwoCombo+1","Slimebound:Chomp","Slimebound:SplitAcid+1","Slimebound:SplitLeeching","downfall:Malfunctioning","Slimebound:SplitBruiser","Slimebound:SplitMire"],"relics":["Slimebound:AbsorbEndCombat"],"acts_visited":["Exordium"],"potions_floor_usage":[],"damage_taken":[{"damage":1,"enemies":"Cultist","floor":2,"turns":3},{"damage":0,"enemies":"Small Slimes","floor":3,"turns":3},{"damage":8,"enemies":"downfall:FleeingMerchant","floor":5,"turns":4},{"damage":7,"enemies":"3 Sentries","floor":6,"turns":2}],"seed_played":"620950579392846543","potions_obtained":[{"floor":2,"key":"Weak Potion"},{"floor":3,"key":"BlessingOfTheForge"}],"is_trial":false,"path_per_floor":["R","M","M","?","$","E"],"character_chosen":"SLIMEBOUND","items_purchased":["Slimebound:SplitMire"],"campfire_rested":0,"item_purchase_floors":[5],"current_hp_per_floor":[65,65,65,65,57,50,50,50],"gold":19,"neow_bonus":"TRANSFORM_TWO_CARDS","is_daily":false,"chose_seed":false,"campfire_upgraded":1,"win_rate":0.0,"timestamp":1611952010,"path_taken":["R","M","?","?","$","E"],"items_purchased_type":["Card"],"build_version":"2020-12-22","purchased_purges":1,"victory":false,"max_hp_per_floor":[65,65,65,65,65,65,65,65],"card_choices":[{"not_picked":["Slimebound:LivingWall","Slimebound:ForwardTackle"],"picked":"Slimebound:SplitAcid","floor":2},{"not_picked":["Slimebound:SlimeTap","Slimebound:AcidTongue"],"picked":"Slimebound:SplitLeeching","floor":3},{"not_picked":["Slimebound:SamplingLick","Slimebound:FinishingTackle"],"picked":"Slimebound:SplitBruiser","floor":5}],"player_experience":1316237,"relics_obtained":[],"event_choices":[],"is_beta":false,"boss_relics":[],"items_purged_floors":[5],"is_endless":false,"potions_floor_spawned":[2,3],"killed_by":"3 Sentries","ascension_level":1}}