{"host":"lq2h7q9ca6uwu60x","time":1611902494,"event":{"mods":["Act Like it!","BaseMod","Gensokyo","Marisa£®ÏF”Í°°ƒß¿Ì…≥£©","Minty Spire (QoL Compilation)","SIMod","StSLib"],"gold_per_floor":[114,39,39,39,53,53,53,67,67,67,67,87,97,115,115,115,115],"floor_reached":16,"language":"ZHS","playtime":463,"items_purged":["Defend_TS"],"score":152,"play_id":"ef886c66-2f58-42e1-933d-9ac78d259724","local_time":"20210129144134","is_ascension_mode":true,"campfire_choices":[{"data":"ConcertedEfforts","floor":6.0,"key":"SMITH"},{"data":"HarmonyShield","floor":11.0,"key":"SMITH"},{"data":"AlloutStrike","floor":15,"key":"SMITH"}],"circlet_count":0,"master_deck":["AscendersBane","Strike_AJ","Strike_TS","Strike_RR","Strike_RD","Defend_PP","Defend_FS","Defend_AJ","ConcertedEfforts+1","HarmonyShield+1","Perfectionism","BatchProduction","AlloutStrike+1","Tornado","BigDeal"],"relics":["Velvet Choker","Gensokyo:PortableGap","Ice Cream"],"acts_visited":["Exordium"],"potions_floor_usage":[12,12],"damage_taken":[{"damage":0.0,"enemies":"Gensokyo:3_Fairies","floor":1.0,"turns":5.0},{"damage":4.0,"enemies":"Gensokyo:2_Kodama","floor":5.0,"turns":4.0},{"damage":3.0,"enemies":"Gensokyo:Gryphon","floor":8.0,"turns":3.0},{"damage":12,"enemies":"Gensokyo:3_Kodama","floor":12,"turns":3},{"damage":12,"enemies":"Gensokyo:2_Rabbits","floor":13,"turns":5},{"damage":0,"enemies":"Gensokyo:Kitsune","floor":14,"turns":2},{"damage":0,"enemies":"Gensokyo:Yukari","floor":16,"turns":3}],"seed_played":"-2810517653038899682","potions_obtained":[{"floor":5.0,"key":"ColorlessPotion"},{"floor":8.0,"key":"Fire Potion"},{"floor":14,"key":"Explosive Potion"}],"is_trial":false,"path_per_floor":["M","$","?","?","M","R","$","M","T","T","R","M","M","M","R","B"],"character_chosen":"TWI_CLASS","items_purchased":[],"campfire_rested":0,"item_purchase_floors":[],"current_hp_per_floor":[74,74,74,71,67,67,67,64,64,64,64,52,40,40,40,40,40],"gold":115,"neow_bonus":"BOSS_RELIC","is_daily":false,"chose_seed":false,"campfire_upgraded":3,"win_rate":0.0,"timestamp":1611902494,"path_taken":["M","?","?","?","?","R","?","?","T","?","R","?","?","M","R","BOSS"],"items_purchased_type":[],"build_version":"2020-12-22","purchased_purges":1,"victory":false,"max_hp_per_floor":[82,82,74,71,71,71,68,68,68,65,65,65,65,65,65,65,65],"card_choices":[{"not_picked":["ServeMeal","TenInstruments","RashStunts"],"picked":"SKIP","floor":1.0},{"not_picked":["FollowTherRainbow","Laughter"],"picked":"Perfectionism","floor":4.0},{"not_picked":["Louder","Return_To_Past","AppleFeast"],"picked":"SKIP","floor":5.0},{"not_picked":["Smile","Mischief"],"picked":"BatchProduction","floor":8.0},{"not_picked":["Magic_Beam","TasteRainbow"],"picked":"AlloutStrike","floor":12},{"not_picked":["Mischief","Magic_Beam"],"picked":"Tornado","floor":13},{"not_picked":["SwiftKick","GemstoneDetection"],"picked":"BigDeal","floor":14}],"player_experience":863598,"relics_obtained":[{"floor":10.0,"key":"Ice Cream"}],"event_choices":[],"is_beta":false,"boss_relics":[],"items_purged_floors":[2],"is_endless":false,"potions_floor_spawned":[5,8,14],"killed_by":"Gensokyo:Yukari","ascension_level":13}}