{"host":"Sylvester","time":1611901050,"event":{"mods":["BaseMod","Colored Map","Lobotomy","Minty Spire (QoL Compilation)","Replay The Spire","StSLib"],"gold_per_floor":[116,116,116,41,41,75,75,75,121,141,141,158,158,175,175,175,175],"floor_reached":16,"language":"ENG","playtime":381,"items_purged":["Normality"],"score":98,"play_id":"4b1bb521-87aa-4b99-bf45-dc77365176be","local_time":"20210128221730","is_ascension_mode":false,"campfire_choices":[{"data":"Bash","floor":8.0,"key":"SMITH"}],"circlet_count":0,"master_deck":["Strike_R","Strike_R","Strike_R","Defend_R","Defend_R+1","Defend_R","Bash+1","WallGazer","Run Through","ReplayReversal+1","Rudolta","OldLady","Headbutt","GreedKing","PunishingBird","Clothesline","Fiend Fire"],"relics":["Burning Blood","CogitoBucket","Ring of Misfortune","ReplayTheSpireMod:Ring of Collecting","Matryoshka","ReplayTheSpireMod:Ring of Exchange","Bronze Scales","Tiny Chest"],"acts_visited":["Exordium"],"potions_floor_usage":[16],"damage_taken":[{"damage":6.0,"enemies":"Jaw Worm","floor":1.0,"turns":3.0},{"damage":32.0,"enemies":"Gremlin Nob","floor":6.0,"turns":4.0},{"damage":9.0,"enemies":"2 Louse","floor":10.0,"turns":2.0},{"damage":2.0,"enemies":"Cultist","floor":12.0,"turns":3.0},{"damage":11.0,"enemies":"3 Louse","floor":14.0,"turns":3.0},{"damage":91,"enemies":"Slime Boss","floor":16,"turns":3}],"seed_played":"-8389970160503639286","potions_obtained":[{"floor":6.0,"key":"Elixir"},{"floor":10.0,"key":"PowerPotion"}],"is_trial":false,"path_per_floor":["M","?","?","$","?","E","$","R","T","M","?","M","?","M","R_BF","B"],"character_chosen":"IRONCLAD","items_purchased":[],"campfire_rested":0,"item_purchase_floors":[],"current_hp_per_floor":[80,80,80,80,80,54,54,54,54,51,51,55,48,43,43,0,0],"gold":175,"neow_bonus":"","is_daily":false,"chose_seed":false,"campfire_upgraded":1,"win_rate":0.0,"timestamp":1611901050,"path_taken":["M","?","?","$","?","E","$","R","T","M","?","?","?","M","R_BF","BOSS"],"items_purchased_type":[],"build_version":"2020-11-17","purchased_purges":1,"victory":false,"max_hp_per_floor":[80,80,80,80,80,80,80,80,80,80,80,80,80,80,80,80,80],"card_choices":[{"not_picked":["MHz","OldLady","UniverseFragment"],"picked":"Singing Bowl","floor":1.0},{"not_picked":["MHz","UniverseFragment"],"picked":"WallGazer","floor":1.0},{"not_picked":["True Grit","Reckless Charge"],"picked":"Run Through","floor":1.0},{"not_picked":["MeatLantern","SpiderBud"],"picked":"Rudolta","floor":6.0},{"not_picked":["Wild Strike","ReplayTheSpireMod:LeadingStrike","Sword Boomerang"],"picked":"SKIP","floor":6.0},{"not_picked":["Wellcheers","SpiderBud"],"picked":"OldLady","floor":10.0},{"not_picked":["Armaments","Wild Strike"],"picked":"Headbutt","floor":10.0},{"not_picked":["ShyLook","Alriune"],"picked":"GreedKing","floor":12.0},{"not_picked":["Headbutt","Defy Death","Sword Boomerang"],"picked":"SKIP","floor":12.0},{"not_picked":["Scorched","Wellcheers"],"picked":"PunishingBird","floor":14.0},{"not_picked":["Ghostly Armor","Rage"],"picked":"Clothesline","floor":14.0}],"player_experience":160860,"relics_obtained":[{"floor":2.0,"key":"Ring of Misfortune"},{"floor":2.0,"key":"ReplayTheSpireMod:Ring of Collecting"},{"floor":6.0,"key":"Matryoshka"},{"floor":9.0,"key":"ReplayTheSpireMod:Ring of Exchange"},{"floor":9.0,"key":"Bronze Scales"},{"floor":9.0,"key":"Tiny Chest"}],"event_choices":[{"damage_healed":0.0,"max_hp_gain":0.0,"max_hp_loss":0.0,"gold_gain":0.0,"event_name":"Match and Keep!","player_choice":"0 cards matched","floor":11.0,"gold_loss":0.0,"damage_taken":0.0,"cards_obtained":[]},{"cards_removed":["Strike_R"],"damage_healed":0.0,"max_hp_gain":0.0,"max_hp_loss":0.0,"gold_gain":0.0,"event_name":"Golden Wing","player_choice":"Card Removal","floor":13.0,"gold_loss":0.0,"damage_taken":7.0}],"is_beta":true,"boss_relics":[],"items_purged_floors":[4],"is_endless":false,"potions_floor_spawned":[6,10],"killed_by":"Slime Boss","ascension_level":0}}