{"host":"v9ordiuf4xzdpttp","time":1611888133,"event":{"mods":["AchievementEnabler","Act Like it!","AlwaysNeverKeys","BaseMod","Better Third Choice","Better Vampires","BetterRewards","CCEM2","Colored Map","Gold Saver","Halation","Infinite Spire","Jedi Mod","Marked Mod","Melee Mod","Minty Spire (QoL Compilation)","Pale of the Ancients","Remove Card Discount Mod","Shop Mod","Spicy Shops","StSLib","The Bug Knight","The Death Knight","The Runesmith"],"gold_per_floor":[469,3,0,0,0,0,87,87,165,255,255,297,393,486,486,771,771,801,801,885,990,490,892,892,985,985,1072,705,795,795,795,795,1080,1080,1110,1110,616,667,703,781,823,910,978,1068,980,1058,1058,1157,1157,1157,1217,1256,1304,1304,1304,1368,1368,892,892,905],"floor_reached":61,"language":"ENG","playtime":5393,"items_purged":["Strike_G","Strike_G","Defend_G","Strike_G","Strike_G","Pride","Defend_G","Defend_G","Defend_G","Pride","Parasite","Regret","Normality"],"score":1845,"play_id":"272bb001-7ac6-4cee-b1c5-2ecb2762b7c9","local_time":"20210128214213","daily_mods":["DeadlyEvents","Elite Swarm","Midas"],"is_ascension_mode":true,"campfire_choices":[{"floor":6.0,"key":"REST"},{"floor":8.0,"key":"REST"},{"floor":11.0,"key":"REST"},{"floor":15.0,"key":"REST"},{"floor":24.0,"key":"REST"},{"floor":30.0,"key":"REST"},{"floor":32.0,"key":"REST"},{"floor":36.0,"key":"REST"},{"floor":47,"key":"REST"},{"floor":49,"key":"REST"},{"floor":55,"key":"REST"},{"floor":57,"key":"REST"}],"circlet_count":0,"master_deck":["Strike_G","Defend_G","Survivor","Neutralize","Poisoned Stab","Flying Knee","Enlightenment","Apotheosis+1","infinitespire:Neurotoxin","After Image","Sucker Punch","Unload","After Image","After Image","Heel Hook+1","Corpse Explosion","jedi:brewingpoison","Dash","Deflect","Jack Of All Trades","jedi:studyshivs","jedi:rejectivetoxin","Outmaneuver","Slice","Caltrops","infinitespire:Fortify","Burst","Bandage Up","Footwork","Mayhem","Backflip","Amplify","theextravagant:Defy","Berserk","meleeMod_VCancel","Runesmith:LightningRod","Exhume","Caltrops","Coolheaded+1","Accuracy","Cloak And Dagger"],"relics":["Membership Card","Frozen Eye","MerchantsRug","Letter Opener","Gambling Chip","jedi:HeartOfTheCards","CCEMRelics:LagavulinClaw","infinitespire:Beetle Shell","Bronze Scales","Nloth\u0027s Gift","Darkstone Periapt","jedi:arcanewood","halation:PrussianBluePaint","HandDrill","Bag of Marbles","Blue Candle","halation:BottledLove","Old Coin","halation:BlackBeret","jedi:crownofsimplicity","Turnip","CCEMRelics:GlassOfMilk","Strawberry","Medical Kit","Tiny Chest","Cursed Key","jedi:kaleidoscope","halation:Prosthetics","Molten Egg 2","CCEMRelics:PocketTank","Sling","PrismaticShard","CCEMRelics:CocoNut","halation:Toothbrush","Pantograph","halation:SwordOfLegend","CCEMRelics:Pendulum","CCEMRelics:ImbuedSpirit","Akabeko","paleoftheancients:Timepiece","Mercury Hourglass","Spirit Poop","paleoftheancients:SoulOfTheShowman","halation:IllGainedPizza","CCEMRelics:LatexGloves","Centennial Puzzle","CCEMRelics:BiPhaseBiplane","Vajra","CCEMRelics:JestersCrown"],"acts_visited":["Exordium","TheCity","TheBeyond","paleoftheancients:PaleOfTheAncients"],"potions_floor_usage":[40,50,51,51,52,56,60,60,60],"damage_taken":[{"damage":4.0,"enemies":"2 Louse","floor":1.0,"turns":3.0},{"damage":8.0,"enemies":"HollowMod:MossKnight","floor":7.0,"turns":8.0},{"damage":13.0,"enemies":"Gremlin Nob","floor":10.0,"turns":5.0},{"damage":0.0,"enemies":"Jaw Worm","floor":12.0,"turns":3.0},{"damage":4.0,"enemies":"3 Sentries","floor":13.0,"turns":7.0},{"damage":2.0,"enemies":"Lagavulin","floor":14.0,"turns":4.0},{"damage":8.0,"enemies":"Hexaghost","floor":16.0,"turns":6.0},{"damage":2.0,"enemies":"3 Byrds","floor":18.0,"turns":4.0},{"damage":39.0,"enemies":"Slavers","floor":20.0,"turns":6.0},{"damage":3.0,"enemies":"HollowMod:Nosk","floor":21.0,"turns":6.0},{"damage":33.0,"enemies":"Slavers","floor":23.0,"turns":6.0},{"damage":0.0,"enemies":"HollowMod:Nosk","floor":25.0,"turns":6.0},{"damage":24.0,"enemies":"Slavers","floor":27.0,"turns":3.0},{"damage":0.0,"enemies":"Book of Stabbing","floor":29.0,"turns":5.0},{"damage":0.0,"enemies":"Automaton","floor":33.0,"turns":6.0},{"damage":0.0,"enemies":"Orb Walker","floor":35.0,"turns":1.0},{"damage":3.0,"enemies":"3 Shapes","floor":38.0,"turns":3.0},{"damage":0,"enemies":"Jaw Worm Horde","floor":39,"turns":1},{"damage":23,"enemies":"Reptomancer","floor":40,"turns":4},{"damage":0,"enemies":"Writhing Mass","floor":41,"turns":2},{"damage":29,"enemies":"Nemesis","floor":42,"turns":5},{"damage":1,"enemies":"HollowMod:StalkingDevout","floor":44,"turns":4},{"damage":0,"enemies":"Nemesis","floor":46,"turns":5},{"damage":7,"enemies":"Reptomancer","floor":48,"turns":4},{"damage":19,"enemies":"infinitespire:MassOfShapes","floor":50,"turns":3},{"damage":31,"enemies":"infinitespire:MassOfShapes","floor":51,"turns":4},{"damage":0,"enemies":"infinitespire:MassOfShapes","floor":52,"turns":9},{"damage":3,"enemies":"infinitespire:MassOfShapes","floor":56,"turns":7},{"damage":150,"enemies":"paleoftheancients:N","floor":60,"turns":6}],"seed_played":"-259953399892820433","potions_obtained":[{"floor":7.0,"key":"LiquidBronze"},{"floor":12.0,"key":"LiquidMemories"},{"floor":13.0,"key":"SpeedPotion"},{"floor":23.0,"key":"LiquidMemories"},{"floor":27.0,"key":"jedi:holywater"},{"floor":29.0,"key":"Strength Potion"},{"floor":33.0,"key":"SkillPotion"},{"floor":41,"key":"SteroidPotion"},{"floor":44,"key":"jedi:StrikingPotion"},{"floor":51,"key":"GhostInAJar"},{"floor":52,"key":"Fire Potion"}],"is_trial":true,"path_per_floor":["M","$","?","?","?","R","E","R","T","E","R","M","E","E","R","B",null,"M","?","E","E","$","E","R","E","T","E","$","E","R","AVR","R","B",null,"M","R","$","M","M","E","M","E","T","E","?","E","R","E","R","B","M","M","T","T","R","M","R","$","?","B",null],"character_chosen":"THE_SILENT","items_purchased":["Membership Card","Flying Knee","Frozen Eye","MerchantsRug","Letter Opener","halation:PrussianBluePaint","Dash","Deflect","HandDrill","Bag of Marbles","Blue Candle","halation:BottledLove","Jack Of All Trades","Outmaneuver","CCEMRelics:GlassOfMilk","Strawberry","Slice","Medical Kit","Regen Potion","Caltrops","Molten Egg 2","CCEMRelics:PocketTank","Sling","PrismaticShard","Bandage Up","Footwork","Mayhem","Backflip","Centennial Puzzle","CCEMRelics:BiPhaseBiplane","Vajra","jedi:holywater","Ancient Potion","Swift Potion","CCEMRelics:JestersCrown","Accuracy","Cloak And Dagger"],"campfire_rested":12,"item_purchase_floors":[2,2,2,2,2,22,22,22,22,22,22,22,22,28,28,28,28,28,28,28,37,37,37,37,37,37,37,37,58,58,58,58,58,58,58,58,58],"current_hp_per_floor":[66,66,72,72,72,76,68,76,76,63,76,76,72,70,76,68,76,74,74,35,32,38,5,29,33,33,9,16,34,60,60,86,86,54,54,54,60,60,60,42,42,21,27,30,30,40,60,57,71,71,60,71,77,83,83,83,83,89,89,59],"gold":905,"neow_bonus":"","is_daily":false,"chose_seed":false,"campfire_upgraded":0,"win_rate":0.0,"timestamp":1611888133,"path_taken":["M","$","?","?","?","R","E","R","T","E","R","M","E","?","R","BOSS","M","?","?","?","?","E","R","E","T","?","$","E","R","AVR","R","BOSS","M","?","$","M","M","E","M","E","T","E","?","?","R","E","R","BOSS","M","M","?","T","R","M","R","$","?","BOSS"],"items_purchased_type":["Relic","Card","Relic","Relic","Relic","Relic","Card","Card","Relic","Relic","Relic","Relic","Card","Card","Relic","Relic","Card","Relic","Potion","Card","Relic","Relic","Relic","Relic","Card","Card","Card","Card","Relic","Relic","Relic","Potion","Potion","Potion","Relic","Card","Card"],"build_version":"2020-12-22","purchased_purges":13,"victory":true,"max_hp_per_floor":[70,70,76,76,76,76,76,76,76,76,76,76,76,76,76,76,76,76,76,76,76,82,82,82,82,82,82,89,89,89,89,89,89,54,54,54,60,60,60,65,65,65,71,71,71,71,71,71,71,71,71,71,77,83,83,83,83,89,89,89],"card_choices":[{"not_picked":["Dagger Spray","jedi:pocketpoison"],"picked":"Poisoned Stab","floor":1.0},{"not_picked":["Bullet Time","A Thousand Cuts"],"picked":"infinitespire:Neurotoxin","floor":7.0},{"not_picked":["jedi:brewingpoison","Doppelganger"],"picked":"After Image","floor":10.0},{"not_picked":["Slice","Blade Dance"],"picked":"Sucker Punch","floor":12.0},{"not_picked":["jedi:studyshivs","Bullet Time"],"picked":"Unload","floor":13.0},{"not_picked":["Die Die Die","Wraith Form v2"],"picked":"After Image","floor":14.0},{"not_picked":["Grand Finale","A Thousand Cuts"],"picked":"After Image","floor":16.0},{"not_picked":["Bane","Deadly Poison"],"picked":"Heel Hook+1","floor":18.0},{"not_picked":["After Image","jedi:studyshivs"],"picked":"Corpse Explosion","floor":20.0},{"not_picked":["Bullet Time","Unload"],"picked":"jedi:brewingpoison","floor":21.0},{"not_picked":["jedi:brewingpoison","Night Terror"],"picked":"jedi:studyshivs","floor":23.0},{"not_picked":["Storm of Steel","Night Terror"],"picked":"jedi:rejectivetoxin","floor":25.0},{"not_picked":["Malaise","Storm of Steel","Glass Knife"],"picked":"SKIP","floor":27.0},{"not_picked":["Glass Knife","Die Die Die","Doppelganger"],"picked":"SKIP","floor":29.0},{"not_picked":["Envenom","jedi:brewingpoison"],"picked":"Burst","floor":33.0},{"not_picked":["Underhanded Strike+1","Backflip+1","PiercingWail"],"picked":"SKIP","floor":35.0},{"not_picked":["Runesmith:LastStand","Cloak And Dagger+1","Evaluate"],"picked":"SKIP","floor":38},{"not_picked":["meleeMod_ShieldPoke+1","Warcry","DeathKnight:RuneShock+1"],"picked":"SKIP","floor":39},{"not_picked":["DeathKnight:SindragosasBreath+1","DeathKnight:VampiricBlood"],"picked":"Amplify","floor":40},{"not_picked":["DeathKnight:BoneShield","meleeMod_Gentleman+1"],"picked":"theextravagant:Defy","floor":41},{"not_picked":["jedi:LeechingStrike","HollowMod:ZotesMagnificence+1"],"picked":"Berserk","floor":42},{"not_picked":["Runesmith:CraftMedicinae","Runesmith:MetallurgicalResearch"],"picked":"meleeMod_VCancel","floor":44},{"not_picked":["Ragnarok+1","Demon Form"],"picked":"Runesmith:LightningRod","floor":46},{"not_picked":["Runesmith:FissionHammer+1","HollowMod:VoidDash"],"picked":"Exhume","floor":48},{"not_picked":["HollowMod:TaintedHusks","infinitespire:Neurotoxin"],"picked":"Caltrops","floor":51},{"not_picked":["meleeMod_TeamAttackOn+1","SpiritShield"],"picked":"Coolheaded+1","floor":52},{"not_picked":["DeathKnight:ShatteringStrikes+1","DeathKnight:Ossuary","theextravagant:Flashback"],"picked":"SKIP","floor":56}],"player_experience":224937,"relics_obtained":[{"floor":7.0,"key":"Gambling Chip"},{"floor":9.0,"key":"jedi:HeartOfTheCards"},{"floor":10.0,"key":"CCEMRelics:LagavulinClaw"},{"floor":13.0,"key":"infinitespire:Beetle Shell"},{"floor":14.0,"key":"Bronze Scales"},{"floor":20.0,"key":"Darkstone Periapt"},{"floor":21.0,"key":"jedi:arcanewood"},{"floor":23.0,"key":"Old Coin"},{"floor":25.0,"key":"halation:BlackBeret"},{"floor":26.0,"key":"jedi:crownofsimplicity"},{"floor":27.0,"key":"Turnip"},{"floor":29.0,"key":"Tiny Chest"},{"floor":40,"key":"CCEMRelics:CocoNut"},{"floor":42,"key":"halation:Toothbrush"},{"floor":43,"key":"Pantograph"},{"floor":44,"key":"halation:SwordOfLegend"},{"floor":46,"key":"CCEMRelics:ImbuedSpirit"},{"floor":48,"key":"Akabeko"},{"floor":52,"key":"paleoftheancients:SoulOfTheShowman"},{"floor":53,"key":"halation:IllGainedPizza"},{"floor":54,"key":"CCEMRelics:LatexGloves"}],"event_choices":[{"damage_healed":0.0,"max_hp_gain":0.0,"max_hp_loss":0.0,"gold_gain":0.0,"event_name":"betterThird:BetterSerpent","player_choice":"RENOUNCE","floor":3.0,"gold_loss":3.0,"damage_taken":3.0,"cards_obtained":["Enlightenment"]},{"damage_healed":72.0,"max_hp_gain":0.0,"max_hp_loss":76.0,"gold_gain":0.0,"event_name":"betterThird:BetterShining","player_choice":"Embrace","floor":4.0,"gold_loss":0.0,"damage_taken":0.0},{"damage_healed":0.0,"max_hp_gain":0.0,"max_hp_loss":0.0,"gold_gain":0.0,"event_name":"betterThird:BetterGoop","player_choice":"Left","floor":5.0,"gold_loss":0.0,"damage_taken":0.0},{"damage_healed":0.0,"max_hp_gain":0.0,"max_hp_loss":0.0,"gold_gain":0.0,"event_name":"N\u0027loth","player_choice":"Traded Relic","floor":19.0,"relics_lost":["Ring of the Snake"],"gold_loss":0.0,"damage_taken":0.0,"relics_obtained":["Nloth\u0027s Gift"]},{"damage_healed":0,"gold_gain":0,"player_choice":"Paid Gold","damage_taken":0,"relics_obtained":["CCEMRelics:Pendulum"],"max_hp_gain":0,"max_hp_loss":0,"event_name":"WeMeetAgain","floor":45,"gold_loss":88}],"is_beta":false,"boss_relics":[{"not_picked":["CCEMRelics:ExpiredCReal","halation:SmartPhone","CCEMRelics:TransientCore"]},{"not_picked":["jedi:battlestandard","Runic Dome"],"picked":"halation:Prosthetics"}],"items_purged_floors":[2,2,2,2,22,28,28,28,31,37,58,58,58],"is_endless":false,"potions_floor_spawned":[7,12,13,23,27,29,33,35,41,44,46,51,52],"ascension_level":1}}