{"host":"osk2oboccoevp2u5","time":1611897334,"event":{"mods":["AchievementEnabler","Alarm Clock","BaseMod","Colored Powertips","Disable Question Mark Monsters","Displayed Cursed Tome","Hermit","Key Reminder","Minty Spire (QoL Compilation)","Potion Indicator Mod","Quick Restart","Rare Cards Sparkle","Reorder Act Four","StSLib","Useless Jewels Mod"],"gold_per_floor":[111,111,36,36,46,46,77,77,77,88,101,101,101,0,0,105,105,117,17,27,27,46,46,46,46,70,70,70,98,98,132,132,235,235,250,260,260,271,291,291,319,319,343,360,376,376,405,4,4,4],"floor_reached":51,"language":"ENG","playtime":4477,"items_purged":["hermit:Strike_Hermit","hermit:Strike_Hermit","hermit:Defend_Hermit","hermit:Defend_Hermit"],"score":852,"play_id":"49a3b59e-7d47-47ab-9c71-a1909bce576e","local_time":"20210129011534","is_ascension_mode":true,"campfire_choices":[{"floor":6,"key":"RECALL"},{"floor":13,"key":"REST"},{"floor":15,"key":"REST"},{"floor":23,"key":"REST"},{"floor":27,"key":"REST"},{"floor":30,"key":"REST"},{"floor":32,"key":"REST"},{"floor":40,"key":"REST"},{"floor":49,"key":"REST"}],"circlet_count":0,"master_deck":["hermit:Defend_Hermit","hermit:Snapshot","hermit:Covet","hermit:Coalescence","hermit:HoleUp","hermit:GhostlyPresence+1","hermit:Ricochet+1","hermit:Coalescence","hermit:Roughhouse+1","hermit:Determination+1","hermit:Snipe+1","hermit:EyeOfTheStorm+1","hermit:NoHoldsBarred+1","hermit:FlashPowder+1","Apotheosis+1"],"relics":["Fusion Hammer","keyreminder:keyreminder","Omamori","The Courier","Ancient Tea Set","Philosopher\u0027s Stone","Enchiridion","Smiling Mask","Whetstone","Pen Nib","Frozen Egg 2","Busted Crown","War Paint","Bronze Scales","Toxic Egg 2","Orichalcum","Bottled Flame"],"acts_visited":["Exordium","TheCity","TheBeyond"],"potions_floor_usage":[16,29,29,29,33,36,44,45,47,50],"damage_taken":[{"damage":2,"enemies":"Small Slimes","floor":1,"turns":2},{"damage":0,"enemies":"2 Louse","floor":5,"turns":3},{"damage":32,"enemies":"3 Sentries","floor":7,"turns":14},{"damage":0,"enemies":"Cultist","floor":10,"turns":6},{"damage":1,"enemies":"2 Fungi Beasts","floor":11,"turns":5},{"damage":203,"enemies":"Slime Boss","floor":16,"turns":56},{"damage":46,"enemies":"Chosen","floor":18,"turns":7},{"damage":9,"enemies":"Spheric Guardian","floor":20,"turns":4},{"damage":3,"enemies":"Chosen and Byrds","floor":22,"turns":6},{"damage":0,"enemies":"Slavers","floor":29,"turns":3},{"damage":0,"enemies":"Book of Stabbing","floor":31,"turns":7},{"damage":132,"enemies":"Champ","floor":33,"turns":22},{"damage":0,"enemies":"3 Shapes","floor":35,"turns":4},{"damage":1,"enemies":"3 Darklings","floor":36,"turns":6},{"damage":29,"enemies":"Transient","floor":38,"turns":5},{"damage":10,"enemies":"4 Shapes","floor":39,"turns":6},{"damage":43,"enemies":"Reptomancer","floor":41,"turns":5},{"damage":12,"enemies":"Jaw Worm Horde","floor":44,"turns":3},{"damage":0,"enemies":"3 Darklings","floor":45,"turns":10},{"damage":39,"enemies":"Giant Head","floor":47,"turns":8},{"damage":30,"enemies":"Awakened One","floor":50,"turns":11}],"seed_played":"-602206941349771850","potions_obtained":[{"floor":7,"key":"PowerPotion"},{"floor":10,"key":"SteroidPotion"},{"floor":16,"key":"LiquidBronze"},{"floor":18,"key":"DuplicationPotion"},{"floor":31,"key":"Swift Potion"},{"floor":33,"key":"EssenceOfSteel"},{"floor":38,"key":"SpeedPotion"},{"floor":41,"key":"GamblersBrew"},{"floor":44,"key":"SkillPotion"},{"floor":47,"key":"AttackPotion"}],"is_trial":false,"path_per_floor":["M","?","$","?","M","R","E","?","T","M","M","?","R","$","R","B",null,"M","$","M","?","M","R","?","?","T","R","?","E","R","E","R","B",null,"M","M","?","M","M","R","E","?","T","M","M","T","E","$","R","B",null],"character_chosen":"HERMIT","items_purchased":["hermit:Coalescence","Apotheosis+1","Bottled Flame"],"campfire_rested":8,"item_purchase_floors":[14,48,48],"current_hp_per_floor":[73,78,78,78,78,78,46,46,46,46,45,20,44,44,68,22,80,34,34,25,9,6,30,30,56,56,80,80,80,80,80,80,11,80,80,79,79,50,40,64,21,21,21,9,9,9,43,43,67,37],"gold":4,"neow_bonus":"BOSS_RELIC","is_daily":false,"chose_seed":false,"campfire_upgraded":0,"win_rate":0.0,"timestamp":1611897334,"path_taken":["M","?","$","?","?","R","E","?","T","M","M","?","R","$","R","BOSS","M","$","M","?","M","R","?","?","T","R","?","E","R","E","R","BOSS","M","M","?","M","M","R","E","?","T","M","M","?","E","$","R","BOSS"],"items_purchased_type":["Card","Card","Relic"],"build_version":"2020-12-22","purchased_purges":4,"victory":true,"max_hp_per_floor":[75,80,80,80,80,80,80,80,80,80,80,80,80,80,80,80,80,80,80,80,80,80,80,80,80,80,80,80,80,80,80,80,80,80,80,80,80,80,80,80,80,80,80,80,80,80,80,80,80,80],"card_choices":[{"not_picked":["hermit:Manifest","hermit:Roulette"],"picked":"hermit:Coalescence","floor":1},{"not_picked":["hermit:TrackingShot","hermit:DeadMansHand"],"picked":"hermit:HoleUp","floor":5},{"not_picked":["hermit:Headshot","hermit:Roulette"],"picked":"hermit:GhostlyPresence","floor":7},{"not_picked":["hermit:CalledShot","hermit:CursedWeapon"],"picked":"hermit:Ricochet","floor":10},{"not_picked":["hermit:BlackWind","hermit:HighCaliber","hermit:Roulette"],"picked":"SKIP","floor":11},{"not_picked":["hermit:RoundhouseKick","hermit:BlackWind"],"picked":"hermit:Roughhouse","floor":16},{"not_picked":["hermit:Combo+1","hermit:Manifest","hermit:Scavenge"],"picked":"SKIP","floor":18},{"not_picked":["hermit:Combo","hermit:DeadMansHand","hermit:Deadeye+1"],"picked":"SKIP","floor":20},{"not_picked":["hermit:TakeAim","hermit:SprayPray+1","hermit:Grudge"],"picked":"SKIP","floor":22},{"not_picked":["hermit:CalledShot+1","hermit:Quickdraw","hermit:PistolWhip"],"picked":"SKIP","floor":29},{"not_picked":["hermit:HoleUp","hermit:LoneWolf","hermit:HighNoon+1"],"picked":"SKIP","floor":31},{"not_picked":[],"picked":"hermit:Determination+1","floor":35},{"not_picked":["hermit:BodyArmor"],"picked":"SKIP","floor":36},{"not_picked":["hermit:HighCaliber+1"],"picked":"SKIP","floor":38},{"not_picked":[],"picked":"hermit:Snipe","floor":39},{"not_picked":[],"picked":"hermit:EyeOfTheStorm+1","floor":41},{"not_picked":["hermit:LuckOfTheDraw"],"picked":"SKIP","floor":44},{"not_picked":[],"picked":"hermit:NoHoldsBarred+1","floor":45},{"not_picked":[],"picked":"hermit:FlashPowder+1","floor":47}],"player_experience":961547,"relics_obtained":[{"floor":7,"key":"Omamori"},{"floor":9,"key":"The Courier"},{"floor":26,"key":"Whetstone"},{"floor":29,"key":"Pen Nib"},{"floor":31,"key":"Frozen Egg 2"},{"floor":41,"key":"War Paint"},{"floor":43,"key":"Bronze Scales"},{"floor":46,"key":"Toxic Egg 2"},{"floor":47,"key":"Orichalcum"}],"event_choices":[{"damage_healed":0,"gold_gain":0,"player_choice":"Donut","damage_taken":0,"max_hp_gain":5,"max_hp_loss":0,"event_name":"Big Fish","floor":2,"gold_loss":0},{"cards_removed":["hermit:Strike_Hermit"],"damage_healed":0,"gold_gain":0,"player_choice":"Purged","damage_taken":0,"max_hp_gain":0,"max_hp_loss":0,"event_name":"Purifier","floor":4,"gold_loss":0},{"cards_removed":["hermit:Strike_Hermit"],"damage_healed":0,"gold_gain":0,"player_choice":"Forget","damage_taken":0,"max_hp_gain":0,"max_hp_loss":0,"event_name":"Living Wall","floor":8,"gold_loss":0},{"damage_healed":0,"gold_gain":0,"player_choice":"Success","damage_taken":25,"relics_obtained":["Ancient Tea Set"],"max_hp_gain":0,"max_hp_loss":0,"event_name":"Scrap Ooze","floor":12,"gold_loss":0},{"damage_healed":0,"gold_gain":0,"player_choice":"Obtained Book","damage_taken":16,"max_hp_gain":0,"max_hp_loss":0,"event_name":"Cursed Tome","floor":21,"gold_loss":0},{"damage_healed":0,"gold_gain":0,"player_choice":"Stole Relic","damage_taken":0,"relics_obtained":["Smiling Mask"],"max_hp_gain":0,"max_hp_loss":0,"event_name":"Addict","floor":24,"gold_loss":0,"cards_obtained":["Shame"]},{"damage_healed":26,"gold_gain":0,"player_choice":"Heal","damage_taken":0,"max_hp_gain":0,"max_hp_loss":0,"event_name":"The Library","floor":25,"gold_loss":0},{"damage_healed":0,"gold_gain":0,"player_choice":"Ignored","damage_taken":0,"max_hp_gain":0,"max_hp_loss":0,"event_name":"Ghosts","floor":28,"gold_loss":0},{"cards_removed":["hermit:Defend_Hermit"],"damage_healed":0,"gold_gain":0,"player_choice":"Removed Skill","damage_taken":0,"max_hp_gain":0,"max_hp_loss":0,"event_name":"Falling","floor":37,"gold_loss":0},{"damage_healed":0,"gold_gain":0,"player_choice":"Ignored","damage_taken":0,"max_hp_gain":0,"max_hp_loss":0,"event_name":"Tomb of Lord Red Mask","floor":42,"gold_loss":0}],"is_beta":false,"boss_relics":[{"not_picked":["Sozu","Tiny House"],"picked":"Philosopher\u0027s Stone"},{"not_picked":["hermit:DentedPlate","Snecko Eye"],"picked":"Busted Crown"}],"items_purged_floors":[3,14,19,48],"is_endless":false,"potions_floor_spawned":[7,10,16,18,31,33,38,41,44,47],"ascension_level":3}}