{"host":"vx9g5eyuglzorf3u","time":1611910586,"event":{"mods":["2.2 Compatiblity","BaseMod","DeckTracker","Keyboard Shortcuts","Minty Spire (QoL Compilation)","Relic Stats","StSLib","SuperFastMode","everything is the same but u backflip on backflip"],"gold_per_floor":[114,114,131,131,144,144,144,160,183,206,206,225,225,240,240,240,240],"floor_reached":16,"language":"KOR","playtime":261,"items_purged":[],"score":184,"play_id":"bf61deab-ca9e-4f98-b48e-ece78ac57afa","local_time":"20210129175626","is_ascension_mode":true,"campfire_choices":[{"data":"Bouncing Flask","floor":6.0,"key":"SMITH"},{"data":"Tactician","floor":13,"key":"SMITH"},{"data":"Prepared","floor":15,"key":"SMITH"}],"circlet_count":0,"master_deck":["AscendersBane","Strike_G","Strike_G","Strike_G","Strike_G","Defend_G","Defend_G","Defend_G","Defend_G","Defend_G","Survivor","Neutralize","Bouncing Flask+1","Deadly Poison","Tactician+1","Acrobatics","Prepared+1"],"relics":["Ring of the Snake","NeowsBlessing","Ice Cream","Anchor","Boot","Golden Idol"],"acts_visited":["Exordium"],"potions_floor_usage":[],"damage_taken":[{"damage":0.0,"enemies":"Cultist","floor":1.0,"turns":1.0},{"damage":0.0,"enemies":"2 Louse","floor":3.0,"turns":1.0},{"damage":0.0,"enemies":"Jaw Worm","floor":5.0,"turns":1.0},{"damage":10.0,"enemies":"Large Slime","floor":8.0,"turns":7.0},{"damage":9.0,"enemies":"Exordium Thugs","floor":12.0,"turns":5.0},{"damage":4,"enemies":"Lots of Slimes","floor":14,"turns":4},{"damage":77,"enemies":"Slime Boss","floor":16,"turns":9}],"seed_played":"3612337837936254957","potions_obtained":[{"floor":1.0,"key":"FairyPotion"}],"is_trial":false,"path_per_floor":["M","T","M","?","M","R","?","M","T","T","?","M","R","M","R","B"],"character_chosen":"THE_SILENT","items_purchased":[],"campfire_rested":0,"item_purchase_floors":[],"current_hp_per_floor":[59,59,59,52,52,52,66,56,56,56,56,47,47,43,43,0,0],"gold":240,"neow_bonus":"THREE_ENEMY_KILL","is_daily":false,"chose_seed":false,"campfire_upgraded":3,"win_rate":0.0,"timestamp":1611910586,"path_taken":["M","?","M","?","M","R","?","?","T","?","?","?","R","M","R","BOSS"],"items_purchased_type":[],"build_version":"2020-12-22","purchased_purges":0,"victory":false,"max_hp_per_floor":[66,66,66,66,66,66,66,66,66,66,60,60,60,60,60,60,60],"relic_stats":{"counters":[7,28],"Golden Idol":11,"Boot":[20],"obtain_stats":[{"Ice Cream":2,"Anchor":9,"NeowsBlessing":0,"Golden Idol":11,"Boot":10,"Ring of the Snake":0},{"Ice Cream":1,"Anchor":4,"NeowsBlessing":0,"Golden Idol":4,"Boot":4,"Ring of the Snake":0},{"Ice Cream":1,"Anchor":10,"NeowsBlessing":0,"Golden Idol":10,"Boot":10,"Ring of the Snake":0}],"Ring of the Snake":[14]},"card_choices":[{"not_picked":["Dagger Spray","Poisoned Stab"],"picked":"Bouncing Flask","floor":1.0},{"not_picked":["Poisoned Stab","Slice"],"picked":"Deadly Poison","floor":3.0},{"not_picked":["Caltrops","Dagger Throw","Dodge and Roll"],"picked":"SKIP","floor":5.0},{"not_picked":["Setup","Choke"],"picked":"Tactician","floor":8.0},{"not_picked":["Crippling Poison","Bullet Time"],"picked":"Acrobatics","floor":12},{"not_picked":["Slice","Outmaneuver"],"picked":"Prepared","floor":14}],"player_experience":1505814,"relics_obtained":[{"floor":2.0,"key":"Ice Cream"},{"floor":9.0,"key":"Anchor"},{"floor":10.0,"key":"Boot"}],"event_choices":[{"cards_removed":["Strike_G"],"damage_healed":0.0,"max_hp_gain":0.0,"max_hp_loss":0.0,"gold_gain":0.0,"event_name":"Golden Wing","player_choice":"Card Removal","floor":4.0,"gold_loss":0.0,"damage_taken":7.0},{"damage_healed":14.0,"max_hp_gain":0.0,"max_hp_loss":0.0,"gold_gain":0.0,"event_name":"Wheel of Change","player_choice":"Full Heal","floor":7.0,"gold_loss":0.0,"damage_taken":0.0},{"damage_healed":0.0,"max_hp_gain":0.0,"max_hp_loss":6.0,"gold_gain":0.0,"event_name":"Golden Idol","player_choice":"Lose Max HP","floor":11.0,"gold_loss":0.0,"damage_taken":0.0,"relics_obtained":["Golden Idol"]}],"is_beta":false,"boss_relics":[],"items_purged_floors":[],"is_endless":false,"potions_floor_spawned":[1],"killed_by":"Slime Boss","ascension_level":20}}