{"host":"ndpbn7fqb3wjbd7p","time":1611903601,"event":{"mods":["AchievementEnabler","Act Like it!","AlwaysNeverKeys","BaseMod","Better Vampires","Block Reminder","Colored Powertips","DeckTracker","Defuse TimeMaze Blight","Friendly Minions","Hallownest","Hermit","Highlight Path","MarisaÅiñ∂âJÅ@ñÇóùçπÅj","Minty Spire (QoL Compilation)","Permanent Neow","Shade Mod","StSLib","SuperFastMode","Synergy Search","The Mystic","Unceasing Turn Reminder","Wandering Minibosses","egg"],"gold_per_floor":[112,112,127,127,127,127,52,66,66,80,80,137,165,179,179,283,283,293,309,58,58,78,78,78,78],"floor_reached":24,"language":"ENG","playtime":1373,"items_purged":["mysticmod:Defend_Mystic","mysticmod:Strike_Mystic"],"score":271,"play_id":"a8c7015c-fc98-4a26-99be-c35e93e8ef15","local_time":"20210129080001","is_ascension_mode":true,"campfire_choices":[{"data":"mysticmod:ArcaneDodge","floor":6,"key":"SMITH"},{"data":"mysticmod:Dedication","floor":11,"key":"SMITH"},{"data":"mysticmod:Feint","floor":15,"key":"SMITH"},{"data":"mysticmod:ComboCaster","floor":23,"key":"SMITH"}],"circlet_count":0,"master_deck":["mysticmod:Strike_Mystic","mysticmod:Strike_Mystic","mysticmod:Defend_Mystic+1","mysticmod:Defend_Mystic+1","mysticmod:ArcaneDodge+1","mysticmod:ShockingGrasp","mysticmod:ComboCaster+1","mysticmod:Dedication+1","mysticmod:EarthenWall","mysticmod:ObscuringMist","mysticmod:Feint+1","mysticmod:ObscuringMist","mysticmod:DiviningBlow","mysticmod:ComboCaster+1"],"relics":["Runic Pyramid","InkBottle","Pear","Ice Cream","Shuriken","Philosopher\u0027s Stone","Strange Spoon"],"acts_visited":["Exordium","TheCity"],"potions_floor_usage":[13,14,16,16],"damage_taken":[{"damage":1,"enemies":"Cultist","floor":1,"turns":4},{"damage":0,"enemies":"Small Slimes","floor":3,"turns":3},{"damage":0,"enemies":"Jaw Worm","floor":8,"turns":3},{"damage":0,"enemies":"Red Slaver","floor":10,"turns":5},{"damage":2,"enemies":"Lagavulin Event","floor":12,"turns":5},{"damage":9,"enemies":"3 Sentries","floor":13,"turns":6},{"damage":0,"enemies":"2 Fungi Beasts","floor":14,"turns":5},{"damage":0,"enemies":"Slime Boss","floor":16,"turns":8},{"damage":44,"enemies":"3 Byrds","floor":18,"turns":6},{"damage":14,"enemies":"2 Thieves","floor":19,"turns":5},{"damage":11,"enemies":"Snecko","floor":22,"turns":6},{"damage":25,"enemies":"Snake Plant","floor":24,"turns":2}],"seed_played":"-140452962638393227","potions_obtained":[{"floor":8,"key":"LiquidBronze"},{"floor":10,"key":"SpeedPotion"},{"floor":12,"key":"LiquidMemories"},{"floor":13,"key":"Block Potion"}],"is_trial":false,"path_per_floor":["M","?","M","?","T","R","$","M","T","M","R","?","E","M","R","B",null,"M","M","$","?","M","R","M"],"character_chosen":"MYSTIC_CLASS","items_purchased":["Strange Spoon"],"campfire_rested":0,"item_purchase_floors":[20],"current_hp_per_floor":[76,76,76,61,61,61,61,61,71,71,71,69,60,60,60,60,87,43,29,29,29,18,18,0,0],"gold":78,"neow_bonus":"BOSS_RELIC","is_daily":false,"chose_seed":false,"campfire_upgraded":4,"win_rate":0.0,"timestamp":1611903601,"path_taken":["M","?","?","?","?","R","$","M","T","?","R","?","E","M","R","BOSS","M","M","$","?","M","R","M"],"items_purchased_type":["Relic"],"build_version":"2020-12-22","purchased_purges":2,"victory":false,"max_hp_per_floor":[77,77,77,77,77,77,77,77,87,87,87,87,87,87,87,87,87,87,87,87,87,87,87,87,87],"card_choices":[{"not_picked":["mysticmod:TomeOfSpells","mysticmod:PreparedCaster"],"picked":"mysticmod:ComboCaster","floor":1},{"not_picked":["mysticmod:Snowball","mysticmod:Fly","mysticmod:HeavyStrike"],"picked":"SKIP","floor":3},{"not_picked":["mysticmod:HeavyStrike","mysticmod:DiviningBlow"],"picked":"mysticmod:Dedication","floor":8},{"not_picked":["mysticmod:LightningBolt","mysticmod:Disengage","mysticmod:BladedDash"],"picked":"SKIP","floor":10},{"not_picked":["mysticmod:Disengage","mysticmod:CorrosiveTouch"],"picked":"mysticmod:EarthenWall","floor":12},{"not_picked":["mysticmod:SuddenClarity","mysticmod:Disengage"],"picked":"mysticmod:ObscuringMist","floor":13},{"not_picked":["mysticmod:Riposte","mysticmod:PowerSlash"],"picked":"mysticmod:Feint","floor":14},{"not_picked":["mysticmod:Disintegrate","mysticmod:MirrorEntity"],"picked":"mysticmod:ObscuringMist","floor":16},{"not_picked":["mysticmod:Riposte+1","mysticmod:Probe","mysticmod:DiviningBlow+1"],"picked":"SKIP","floor":18},{"not_picked":["mysticmod:DiviningBlow","mysticmod:LightningBolt","mysticmod:Disintegrate"],"picked":"SKIP","floor":19},{"not_picked":["mysticmod:VorpalThrust","mysticmod:TomeOfSpells","mysticmod:Snowball"],"picked":"SKIP","floor":22}],"player_experience":1212487,"relics_obtained":[{"floor":5,"key":"InkBottle"},{"floor":9,"key":"Pear"},{"floor":12,"key":"Ice Cream"},{"floor":13,"key":"Shuriken"}],"event_choices":[{"damage_healed":0,"gold_gain":0,"player_choice":"Forge","damage_taken":0,"max_hp_gain":0,"max_hp_loss":0,"event_name":"Accursed Blacksmith","floor":2,"gold_loss":0,"cards_upgraded":["mysticmod:ComboCaster"]},{"damage_healed":0,"gold_gain":0,"player_choice":"Entered Light","damage_taken":15,"max_hp_gain":0,"max_hp_loss":0,"event_name":"Shining Light","floor":4,"gold_loss":0,"cards_upgraded":["mysticmod:Defend_Mystic","mysticmod:Defend_Mystic"]},{"damage_healed":0,"gold_gain":0,"player_choice":"Searched \u00272\u0027 times","damage_taken":0,"max_hp_gain":0,"max_hp_loss":0,"event_name":"Dead Adventurer","floor":12,"gold_loss":0},{"damage_healed":0,"gold_gain":0,"cards_transformed":["mysticmod:Defend_Mystic","mysticmod:Strike_Mystic"],"player_choice":"Became Test Subject","damage_taken":0,"max_hp_gain":0,"max_hp_loss":0,"event_name":"Drug Dealer","floor":21,"gold_loss":0,"cards_obtained":["mysticmod:DiviningBlow","mysticmod:ComboCaster"]}],"is_beta":false,"boss_relics":[{"not_picked":["Fusion Hammer","Calling Bell"],"picked":"Philosopher\u0027s Stone"}],"items_purged_floors":[7,20],"is_endless":false,"potions_floor_spawned":[8,10,12,13],"killed_by":"Snake Plant","ascension_level":2}}