{"host":"jumrmhf584hajrnz","time":1611958999,"event":{"mods":["BaseMod","Duelist Mod","GifTheSpireLib","Minty Spire (QoL Compilation)","Quick Restart","StSLib"],"gold_per_floor":[144,160,8,19,29,59,76,109,136,136,171,185,185,204,204,281,281,297,165,176,193,193,193,220,220,220,420,432,36,64,64,64],"floor_reached":31,"language":"ENG","playtime":2052,"items_purged":["theDuelist:SummoningCurse"],"score":583,"play_id":"c836619e-9bdf-4215-bb6a-5e15470635e2","local_time":"20210129232319","is_ascension_mode":true,"campfire_choices":[{"floor":10,"key":"REST"},{"floor":15,"key":"REST"},{"floor":23,"key":"REST"},{"floor":25,"key":"REST"}],"circlet_count":0,"master_deck":["AscendersBane","theDuelist:Biofalcon","theDuelist:CastleWalls","theDuelist:CastleWalls","theDuelist:Deskbot004","theDuelist:Deskbot004","theDuelist:Deskbot005","theDuelist:Deskbot005","theDuelist:GreenGadget","theDuelist:MagicSparks+1","theDuelist:Sparks+1","theDuelist:IronhammerGiant","theDuelist:Apoqliphort","theDuelist:MachineKing","theDuelist:BigFire+1","theDuelist:FrontlineObserver","theDuelist:CatapultTurtle","theDuelist:CyberRaider","theDuelist:MetalDragon","theDuelist:GearGigant","theDuelist:Shekhinaga","theDuelist:ArtifactIgnition+1","theDuelist:AncientGearChimera","theDuelist:DoubleTool+1","theDuelist:DoubleTool+2","theDuelist:CoreBlaster+1","theDuelist:GravityAxe","theDuelist:DoubleTool+1","theDuelist:RedGadget","theDuelist:AncientGearFist+1","theDuelist:ArtifactIgnition","theDuelist:OutriggerExtension+1","theDuelist:GreenGadget","theDuelist:Raigeki","theDuelist:ScrapBeast"],"relics":["theDuelist:MillenniumPuzzle","theDuelist:CardPoolRelic","theDuelist:CardPoolBasicRelic","theDuelist:BoosterPackPoolRelic","theDuelist:CardPoolAddRelic","theDuelist:CardPoolMinusRelic","theDuelist:CardPoolSaveRelic","theDuelist:CardPoolOptionsRelic","Dream Catcher","theDuelist:BoosterPackSpellEgg","Akabeko","theDuelist:DuelistOrichalcum","theDuelist:MillenniumPrayerbook","Busted Crown","Regal Pillow","theDuelist:KaibaToken","PreservedInsect"],"acts_visited":["Exordium","TheCity"],"potions_floor_usage":[8,8,16,21,24],"damage_taken":[{"damage":5,"enemies":"Cultist","floor":1,"turns":4},{"damage":0,"enemies":"Jaw Worm","floor":2,"turns":3},{"damage":0,"enemies":"Small Slimes","floor":4,"turns":3},{"damage":16,"enemies":"2 Fungi Beasts","floor":5,"turns":5},{"damage":8,"enemies":"Gremlin Nob","floor":6,"turns":3},{"damage":13,"enemies":"Gremlin Gang","floor":7,"turns":3},{"damage":19,"enemies":"Lagavulin","floor":8,"turns":5},{"damage":2,"enemies":"3 Sentries","floor":11,"turns":4},{"damage":0,"enemies":"3 Louse","floor":12,"turns":1},{"damage":7,"enemies":"Exordium Wildlife","floor":14,"turns":4},{"damage":21,"enemies":"Hexaghost","floor":16,"turns":8},{"damage":10,"enemies":"2 Thieves","floor":18,"turns":3},{"damage":0,"enemies":"Spheric Guardian","floor":20,"turns":3},{"damage":28,"enemies":"Centurion and Healer","floor":21,"turns":4},{"damage":11,"enemies":"Slavers","floor":24,"turns":4},{"damage":25,"enemies":"Snecko","floor":28,"turns":4},{"damage":22,"enemies":"3 Cultists","floor":30,"turns":6},{"damage":26,"enemies":"Chosen and Byrds","floor":31,"turns":5}],"seed_played":"-2397506048054203855","potions_obtained":[{"floor":2,"key":"theDuelist:DestructPotionPotB"},{"floor":5,"key":"ColorlessPotion"},{"floor":8,"key":"Block Potion"},{"floor":11,"key":"LiquidBronze"},{"floor":14,"key":"theDuelist:FireBottle"},{"floor":16,"key":"theDuelist:OrbBottle"},{"floor":24,"key":"theDuelist:VoidBottle"}],"is_trial":false,"path_per_floor":["M","M","$","M","M","E","M","E","T","R","E","M","?","M","R","B",null,"M","$","M","M","?","R","E","R","T","?","M","$","M","M"],"character_chosen":"THE_DUELIST","items_purchased":["theDuelist:MachineKing","theDuelist:DoubleTool","PreservedInsect","theDuelist:GreenGadget","theDuelist:Raigeki"],"campfire_rested":4,"item_purchase_floors":[3,19,29,29,29],"current_hp_per_floor":[58,58,58,58,42,34,21,2,2,23,21,21,21,14,35,14,56,46,46,46,18,18,39,28,64,64,64,39,39,17,0,0],"gold":64,"neow_bonus":"UPGRADE_CARD","is_daily":false,"chose_seed":false,"campfire_upgraded":0,"win_rate":0.0,"timestamp":1611958999,"path_taken":["M","M","$","M","M","E","M","E","T","R","E","M","?","M","R","BOSS","M","?","?","M","?","R","E","R","T","?","?","$","M","M"],"items_purchased_type":["Card","Card","Relic","Card","Card"],"build_version":"2020-12-22","purchased_purges":1,"victory":false,"max_hp_per_floor":[70,70,70,70,70,70,70,70,70,70,70,70,70,70,70,70,70,70,70,70,70,70,70,70,70,70,70,70,70,70,70,70],"card_choices":[{"not_picked":["theDuelist:TurretWarrior","theDuelist:SolemnWarning","theDuelist:PlatinumGadget","theDuelist:Overworked"],"picked":"theDuelist:IronhammerGiant","floor":1},{"not_picked":["theDuelist:RedGadget","theDuelist:Deskbot006"],"picked":"theDuelist:Apoqliphort","floor":2},{"not_picked":["theDuelist:LightningDarts","theDuelist:Sangan","theDuelist:PowerGiant","theDuelist:WormWarlord"],"picked":"theDuelist:BigFire","floor":4},{"not_picked":["theDuelist:GreenGadget","theDuelist:Deskbot001","theDuelist:StimPack","theDuelist:FrontlineObserver"],"picked":"theDuelist:CoreBlaster","floor":5},{"not_picked":["theDuelist:CannonSoldier","theDuelist:Deskbot005","theDuelist:AncientGearBox","theDuelist:SolarWindJammer"],"picked":"theDuelist:FrontlineObserver","floor":6},{"not_picked":["theDuelist:RevolvingSwitchyard","theDuelist:MachineFactory","theDuelist:ImperialOrder"],"picked":"theDuelist:GravityAxe","floor":7},{"not_picked":["theDuelist:WonderGarage","theDuelist:ShortCircuit+1","theDuelist:GravityAxe+1"],"picked":"theDuelist:CatapultTurtle","floor":8},{"not_picked":["theDuelist:AllyJustice","theDuelist:FrontlineObserver"],"picked":"theDuelist:CyberRaider","floor":10},{"not_picked":["theDuelist:CannonSoldier","theDuelist:Factory100Machines+1","theDuelist:AncientGearChimera","theDuelist:Deskbot001"],"picked":"theDuelist:DoubleTool+1","floor":11},{"not_picked":["theDuelist:SparkBlaster+1","theDuelist:GravityBlaster+1","theDuelist:AncientGearFist+1","theDuelist:PlatinumGadget"],"picked":"theDuelist:DoubleTool+1","floor":12},{"not_picked":["theDuelist:BarrelDragon","theDuelist:AncientGearReactorDragon","theDuelist:AncientGearGadjiltron","theDuelist:MegafleetDragon"],"picked":"theDuelist:MetalDragon","floor":14},{"not_picked":["theDuelist:BlindDestruction","theDuelist:CannonSoldier"],"picked":"theDuelist:GearGigant","floor":15},{"not_picked":["theDuelist:SwordsConcealing+1","theDuelist:SlotMachine","theDuelist:NightmareWheel","theDuelist:Deskbot007"],"picked":"theDuelist:Shekhinaga","floor":16},{"not_picked":["theDuelist:AncientGearExplosive+1","theDuelist:ShortCircuit+1"],"picked":"theDuelist:ArtifactIgnition+1","floor":18},{"not_picked":["theDuelist:CyberArchfiend+1","theDuelist:BlastAsmodian+1"],"picked":"theDuelist:AncientGearChimera","floor":20},{"not_picked":["theDuelist:FrontlineObserver","theDuelist:Deskbot004"],"picked":"theDuelist:RedGadget","floor":21},{"not_picked":["theDuelist:CyberArchfiend","theDuelist:BlastJuggler"],"picked":"theDuelist:AncientGearFist+1","floor":24},{"not_picked":[],"picked":"theDuelist:ArtifactIgnition","floor":25},{"not_picked":["theDuelist:WonderGarage","theDuelist:RevolvingSwitchyard+1","theDuelist:BlastingFuse"],"picked":"theDuelist:OutriggerExtension+1","floor":28},{"not_picked":["theDuelist:Geargiauger","theDuelist:AllySalvo"],"picked":"theDuelist:ScrapBeast","floor":30}],"player_experience":1629214,"relics_obtained":[{"floor":6,"key":"Dream Catcher"},{"floor":8,"key":"Akabeko"},{"floor":11,"key":"theDuelist:DuelistOrichalcum"},{"floor":24,"key":"Regal Pillow"},{"floor":26,"key":"theDuelist:KaibaToken"}],"event_choices":[{"damage_healed":0,"gold_gain":0,"player_choice":"Took item - Received: Millennium Prayerbook","duelist":true,"damage_taken":0,"max_hp_gain":0,"max_hp_loss":0,"event_name":"Millennium Items","floor":13,"gold_loss":0},{"damage_healed":0,"gold_gain":0,"player_choice":"Ignored","damage_taken":0,"max_hp_gain":0,"max_hp_loss":0,"event_name":"Ghosts","floor":22,"gold_loss":0},{"damage_healed":0,"gold_gain":250,"player_choice":"Bet on Owner","damage_taken":0,"max_hp_gain":0,"max_hp_loss":0,"event_name":"The Joust","floor":27,"gold_loss":50}],"is_beta":false,"boss_relics":[{"not_picked":["Coffee Dripper","Empty Cage"],"picked":"Busted Crown"}],"items_purged_floors":[19],"is_endless":false,"potions_floor_spawned":[2,5,8,11,14,16,20,24,30],"killed_by":"Chosen and Byrds","ascension_level":20}}