{"host":"Koishi","time":1611881258,"event":{"mods":["2.2 Compatiblity","AchievementEnabler","Act Like it!","BaseMod","Better Match","Better Note","Better Sensory Stone","Better Third Choice","Colored Powertips","Gensokyo","Hermit","Koishi","Lobotomy","LobotomyExtend","MarisaÅiñ∂âJÅ@ñÇóùçπÅj","Minty Spire (QoL Compilation)","Monster B Gone","Quick Restart","Rare Cards Sparkle","ReimuÅiîé??öÎÅj","Relic Filter Mod","Relic Stats","Spicy Shops","StSLib","The Construct","Åy?ï®?îvÅzREMEMod"],"gold_per_floor":[113,125,125,125,125,159,171,171,195,210,210,210,210,210],"floor_reached":13,"language":"ENG","playtime":614,"items_purged":[],"score":87,"play_id":"962e3cb0-bb5f-4f2a-86c8-b36667948804","local_time":"20210128194738","is_ascension_mode":true,"campfire_choices":[{"floor":12,"key":"REST"}],"circlet_count":0,"master_deck":["construct:Strike_Gold","construct:Strike_Gold","construct:Strike_Gold","construct:Strike_Gold","construct:Strike_Gold","construct:Defend_Gold","construct:Defend_Gold","construct:Defend_Gold","construct:Defend_Gold","construct:Defend_Gold","construct:AttackMode","construct:DefenseMode","Adoration","construct:SweepLaser","construct:Accumulate","UniverseFragment","REME_FirmDetermination","construct:Construct_Overclock+1","construct:Failsafe","construct:Overcharge"],"relics":["construct:ClockworkPhoenix","construct:Challenge1","REME_ComplimentaryCards","CogitoBucket","LetterFromLob","Oddly Smooth Stone","Gensokyo:LunaticRedEyes","MagicBullet_r","InspiredRelic"],"acts_visited":["Gensokyo:Gensokyo"],"potions_floor_usage":[6],"damage_taken":[{"damage":9,"enemies":"Gensokyo:2_Kodama","floor":1,"turns":5},{"damage":6,"enemies":"Gensokyo:Gryphon","floor":2,"turns":6},{"damage":43,"enemies":"Gensokyo:Cirno","floor":6,"turns":8},{"damage":8,"enemies":"Gensokyo:Python","floor":7,"turns":5},{"damage":16,"enemies":"Gensokyo:2_Rabbits","floor":10,"turns":5},{"damage":27,"enemies":"Gensokyo:Mamizou","floor":13,"turns":10}],"seed_played":"5315012833568030968","potions_obtained":[{"floor":2,"key":"Fire Potion"},{"floor":7,"key":"ZuzhouPotion:ReiMu"},{"floor":10,"key":"EssenceOfSteel"}],"is_trial":false,"path_per_floor":["M","M","?","?","?","E","M","?","T","M","M","R","E"],"character_chosen":"THE_CONSTRUCT_MOD","items_purchased":[],"campfire_rested":1,"item_purchase_floors":[],"current_hp_per_floor":[76,70,70,70,70,27,19,19,19,3,3,27,0,0],"gold":210,"neow_bonus":"","is_daily":false,"chose_seed":false,"campfire_upgraded":0,"win_rate":0.0,"timestamp":1611881258,"path_taken":["M","?","?","?","?","E","M","?","T","M","?","R","E"],"items_purchased_type":[],"build_version":"2020-12-18","purchased_purges":0,"victory":false,"max_hp_per_floor":[85,85,85,85,85,85,85,85,85,85,80,80,80,80],"relic_stats":{"counters":[6,39],"obtain_stats":[{"construct:Challenge1":0,"CogitoBucket":0,"MagicBullet_r":11,"Oddly Smooth Stone":6,"LetterFromLob":1,"construct:ClockworkPhoenix":0,"InspiredRelic":11,"Gensokyo:LunaticRedEyes":8,"REME_ComplimentaryCards":0},{"construct:Challenge1":0,"CogitoBucket":0,"MagicBullet_r":5,"Oddly Smooth Stone":3,"LetterFromLob":1,"construct:ClockworkPhoenix":0,"InspiredRelic":5,"Gensokyo:LunaticRedEyes":4,"REME_ComplimentaryCards":0},{"construct:Challenge1":0,"CogitoBucket":0,"MagicBullet_r":29,"Oddly Smooth Stone":19,"LetterFromLob":5,"construct:ClockworkPhoenix":0,"InspiredRelic":29,"Gensokyo:LunaticRedEyes":24,"REME_ComplimentaryCards":0}]},"card_choices":[{"not_picked":["construct:Construct_Overclock","construct:PowerUp"],"picked":"construct:SweepLaser","floor":1},{"not_picked":["VoidDream","GreedKing","LittlePrince"],"picked":"Singing Bowl","floor":1},{"not_picked":["construct:Versatility","construct:Analyze"],"picked":"construct:Accumulate","floor":2},{"not_picked":["Freischutz","Murderer"],"picked":"UniverseFragment","floor":2},{"not_picked":["Violence","Sadistic Nature"],"picked":"REME_FirmDetermination","floor":4},{"not_picked":["construct:Construct_Overclock","construct:HyperBeam"],"picked":"construct:Failsafe","floor":6},{"not_picked":["OldLady","WallGazer","Wellcheers"],"picked":"Singing Bowl","floor":6},{"not_picked":["construct:ShiftStrike","construct:FocusedBeam"],"picked":"construct:Overcharge","floor":7},{"not_picked":["Scorched","SpiderBud","Wellcheers"],"picked":"Singing Bowl","floor":7},{"not_picked":["BeautyBeast","FairyFestival","Rudolta"],"picked":"Singing Bowl","floor":10},{"not_picked":["construct:FocusedBeam","construct:Backfire","construct:Analyze"],"picked":"SKIP","floor":10}],"player_experience":217473,"relics_obtained":[{"floor":1,"key":"LetterFromLob"},{"floor":6,"key":"Oddly Smooth Stone"}],"event_choices":[{"damage_healed":0,"gold_gain":1,"player_choice":"1","damage_taken":0,"max_hp_gain":0,"max_hp_loss":0,"event_name":"betterStone:BetterStone","floor":4,"gold_loss":0}],"is_beta":true,"boss_relics":[],"items_purged_floors":[],"is_endless":false,"potions_floor_spawned":[2,7,10],"killed_by":"Gensokyo:Mamizou","ascension_level":1}}