{"host":"d30a110yzuqvj3hw","time":1611932378,"event":{"mods":["Alarm Clock","Aspiration","BaseMod","Downfall","Energized Spire","Highlight Path","Minty Spire (QoL Compilation)","Quick Restart","Reliquary","Spicy Shops","StSLib","The Jungle"],"gold_per_floor":[113,113,129,139,156,156,190,190,190,190,190],"floor_reached":10,"language":"ZHS","playtime":226,"items_purged":[],"score":161,"play_id":"9c517cec-9d88-491b-8f2a-52824a073b50","local_time":"20210129225938","daily_mods":["Vintage","Heirloom","Time Dilation","Flight","DeadlyEvents","Elite Swarm","downfall:ExchangeController"],"is_ascension_mode":true,"campfire_choices":[{"data":"Vigilance","floor":6,"key":"SMITH"},{"floor":8,"key":"REST"}],"circlet_count":25,"master_deck":["AscendersBane","Strike_P","Strike_P","Strike_P","Strike_P","Defend_P","Defend_P","Defend_P","Defend_P","Eruption+1","Vigilance+1","LessonLearned"],"relics":["PureWater","Circlet","downfall:NeowBlessing_Player","Du-Vu Doll","Tiny Chest","reliquary:TridentHead","aspiration:ChemicalBlood","reliquary:BallBearing","reliquary:WeakTea","reliquary:ExpiredCoupon"],"acts_visited":["Exordium"],"potions_floor_usage":[],"damage_taken":[{"damage":7,"enemies":"Small Slimes","floor":1,"turns":4},{"damage":0,"enemies":"Cultist","floor":3,"turns":2},{"damage":0,"enemies":"2 Louse","floor":4,"turns":1},{"damage":0,"enemies":"Gremlin Gang","floor":5,"turns":2},{"damage":64,"enemies":"Gremlin Nob","floor":7,"turns":4},{"damage":55,"enemies":"Lagavulin","floor":10,"turns":7}],"seed_played":"-563687883819137285","potions_obtained":[{"floor":1,"key":"LiquidBronze"}],"is_trial":true,"path_per_floor":["M","?","M","M","M","R","E","R","T","E"],"character_chosen":"WATCHER","items_purchased":[],"campfire_rested":1,"item_purchase_floors":[],"current_hp_per_floor":[83,83,83,83,83,83,19,46,46,0,0],"gold":190,"neow_bonus":"","is_daily":false,"chose_seed":false,"campfire_upgraded":1,"win_rate":0.0,"timestamp":1611932378,"path_taken":["M","?","M","?","M","R","E","R","T","E"],"items_purchased_type":[],"build_version":"2020-12-22","purchased_purges":0,"victory":false,"max_hp_per_floor":[90,90,90,90,90,90,90,90,90,90,90],"card_choices":[{"not_picked":["Alpha","MasterReality"],"picked":"LessonLearned","floor":7}],"player_experience":501120,"relics_obtained":[{"floor":1,"key":"Tiny Chest"},{"floor":3,"key":"reliquary:TridentHead"},{"floor":4,"key":"aspiration:ChemicalBlood"},{"floor":5,"key":"reliquary:BallBearing"},{"floor":7,"key":"reliquary:WeakTea"},{"floor":9,"key":"reliquary:ExpiredCoupon"}],"event_choices":[{"damage_healed":0,"gold_gain":0,"player_choice":"Upgraded","damage_taken":0,"max_hp_gain":0,"max_hp_loss":0,"event_name":"Upgrade Shrine","floor":2,"gold_loss":0,"cards_upgraded":["Eruption"]}],"is_beta":false,"boss_relics":[],"items_purged_floors":[],"is_endless":true,"potions_floor_spawned":[1],"killed_by":"Lagavulin","ascension_level":20}}