{"host":"6bsan6hkua32tfq7","time":1611894555,"event":{"mods":["BaseMod","Better Third Choice","Colored Map","Highlight Path","Minty Spire (QoL Compilation)","StSLib"],"gold_per_floor":[109,122,47,66,116,132,132,159,159,173,173,189,189,219,219,296,296,313,324,342,342,342,342,375,393,393,101,101,130,130,130,130,130,130],"floor_reached":33,"language":"ENG","playtime":1104,"items_purged":["Defend_P","Strike_P"],"score":640,"play_id":"d5d47e99-6226-40ee-8fbc-167b72ded7a5","local_time":"20210129052915","is_ascension_mode":true,"campfire_choices":[{"data":"Eruption","floor":7.0,"key":"SMITH"},{"floor":11,"key":"REST"},{"data":"WindmillStrike","floor":15,"key":"SMITH"},{"floor":23,"key":"REST"},{"floor":28,"key":"REST"},{"floor":30,"key":"REST"},{"data":"Perseverance","floor":32,"key":"SMITH"}],"circlet_count":0,"master_deck":["AscendersBane","Strike_P","Strike_P","Defend_P","Defend_P","Eruption+1","Vigilance","FlurryOfBlows","Consecrate","SashWhip+1","Protect","WindmillStrike+1","FlurryOfBlows","Protect","SandsOfTime","LessonLearned","Perseverance","TalkToTheHand","Evaluate+1","Perseverance+1","FlurryOfBlows","Tantrum","Decay"],"relics":["PureWater","Bottled Flame","Yang","Pear","Philosopher\u0027s Stone","MutagenicStrength","Mercury Hourglass","Happy Flower","OrangePellets","Centennial Puzzle"],"acts_visited":["Exordium","TheCity"],"potions_floor_usage":[12,14,19,20,25,33],"damage_taken":[{"damage":3.0,"enemies":"Cultist","floor":1.0,"turns":5.0},{"damage":2.0,"enemies":"Jaw Worm","floor":2.0,"turns":2.0},{"damage":10.0,"enemies":"2 Louse","floor":4.0,"turns":3.0},{"damage":0.0,"enemies":"2 Fungi Beasts","floor":6.0,"turns":2.0},{"damage":27.0,"enemies":"3 Sentries","floor":8.0,"turns":9.0},{"damage":10,"enemies":"Looter","floor":10,"turns":3},{"damage":5,"enemies":"Gremlin Gang","floor":12,"turns":4},{"damage":0,"enemies":"Gremlin Nob","floor":14,"turns":2},{"damage":26,"enemies":"Hexaghost","floor":16,"turns":6},{"damage":31,"enemies":"3 Byrds","floor":18,"turns":4},{"damage":22,"enemies":"Shell Parasite","floor":19,"turns":3},{"damage":6,"enemies":"Cultist and Chosen","floor":20,"turns":8},{"damage":29,"enemies":"Gremlin Leader","floor":24,"turns":7},{"damage":0,"enemies":"3 Cultists","floor":25,"turns":3},{"damage":8,"enemies":"Book of Stabbing","floor":29,"turns":7},{"damage":54,"enemies":"Collector","floor":33,"turns":6}],"seed_played":"96691283818500141","potions_obtained":[{"floor":4.0,"key":"Ancient Potion"},{"floor":10,"key":"Energy Potion"},{"floor":12,"key":"Strength Potion"},{"floor":19,"key":"EssenceOfSteel"},{"floor":24,"key":"SkillPotion"},{"floor":29,"key":"FearPotion"}],"is_trial":false,"path_per_floor":["M","M","$","M","?","M","R","E","T","M","R","M","?","E","R","B",null,"M","M","M","?","?","R","E","M","T","$","R","E","R","?","R","B"],"character_chosen":"WATCHER","items_purchased":["OrangePellets","FlurryOfBlows"],"campfire_rested":4,"item_purchase_floors":[27,27],"current_hp_per_floor":[58,56,56,46,46,46,46,19,19,9,27,22,42,52,52,26,61,30,8,2,16,16,37,8,8,8,8,29,21,42,42,42,0,0],"gold":130,"neow_bonus":"REMOVE_TWO","is_daily":false,"chose_seed":false,"campfire_upgraded":3,"win_rate":0.0,"timestamp":1611894555,"path_taken":["M","M","?","M","?","?","R","E","T","M","R","M","?","E","R","BOSS","M","M","M","?","?","R","E","M","T","$","R","E","R","?","R","BOSS"],"items_purchased_type":["Relic","Card"],"build_version":"2020-12-22","purchased_purges":2,"victory":false,"max_hp_per_floor":[62,62,62,62,62,62,62,62,62,62,62,62,62,72,72,72,72,72,72,72,72,72,72,72,72,72,72,72,72,72,72,72,72,72],"card_choices":[{"not_picked":["Protect","EmptyFist"],"picked":"FlurryOfBlows","floor":1.0},{"not_picked":["Prostrate","ThirdEye"],"picked":"Consecrate","floor":2.0},{"not_picked":["SpiritShield","InnerPeace"],"picked":"SashWhip","floor":4.0},{"not_picked":["Halt","WreathOfFlame"],"picked":"Protect","floor":6.0},{"not_picked":["DeusExMachina","InnerPeace"],"picked":"WindmillStrike","floor":8},{"not_picked":["JustLucky","SandsOfTime"],"picked":"FlurryOfBlows","floor":10},{"not_picked":["Prostrate","JustLucky"],"picked":"Protect","floor":12},{"not_picked":["Protect","Evaluate"],"picked":"SandsOfTime","floor":14},{"not_picked":["Omniscience","Brilliance"],"picked":"LessonLearned","floor":16},{"not_picked":["JustLucky+1","Weave"],"picked":"Perseverance","floor":18},{"not_picked":["CrushJoints","Crescendo+1"],"picked":"TalkToTheHand","floor":19},{"not_picked":["FlyingSleeves+1","Study"],"picked":"Evaluate+1","floor":20},{"not_picked":["Worship+1","SashWhip","ReachHeaven"],"picked":"SKIP","floor":24},{"not_picked":["ThirdEye","SpiritShield"],"picked":"Perseverance","floor":25},{"not_picked":["Prostrate","EmptyMind"],"picked":"Tantrum","floor":29}],"player_experience":5347994,"relics_obtained":[{"floor":8,"key":"Bottled Flame"},{"floor":9,"key":"Yang"},{"floor":14,"key":"Pear"},{"floor":24,"key":"Mercury Hourglass"},{"floor":26,"key":"Happy Flower"},{"floor":29,"key":"Centennial Puzzle"}],"event_choices":[{"damage_healed":0.0,"max_hp_gain":0.0,"max_hp_loss":0.0,"gold_gain":50.0,"event_name":"Golden Shrine","player_choice":"Pray","floor":5.0,"gold_loss":0.0,"damage_taken":0.0},{"damage_healed":20,"gold_gain":0,"player_choice":"Banana","damage_taken":0,"max_hp_gain":0,"max_hp_loss":0,"event_name":"Big Fish","floor":13,"gold_loss":0},{"damage_healed":14,"gold_gain":0,"player_choice":"Heal","damage_taken":0,"max_hp_gain":0,"max_hp_loss":0,"event_name":"The Library","floor":21,"gold_loss":0},{"damage_healed":0,"gold_gain":0,"player_choice":"Inject Mutagens","damage_taken":0,"relics_obtained":["MutagenicStrength"],"max_hp_gain":0,"max_hp_loss":0,"event_name":"Drug Dealer","floor":22,"gold_loss":0},{"damage_healed":0,"gold_gain":0,"player_choice":"Cursed","damage_taken":0,"max_hp_gain":0,"max_hp_loss":0,"event_name":"Wheel of Change","floor":31,"gold_loss":0,"cards_obtained":["Decay"]}],"is_beta":false,"boss_relics":[{"not_picked":["Runic Dome","Runic Pyramid"],"picked":"Philosopher\u0027s Stone"}],"items_purged_floors":[3,27],"is_endless":false,"potions_floor_spawned":[4,10,12,19,24,29],"killed_by":"Collector","ascension_level":20}}