{"host":"rs1c3lkx7vj3kohb","time":1611939503,"event":{"mods":["Act Like it!","BaseMod","BetterRewards","Chen","Colored Map","Colored Powertips","Downfall","Friendly Minions","Gensokyo","Gremlin Mod","Hermit","Hero for Fun","KinomotoSakuraMod(木之本樱)","Koishi","KomeijiMod","Luminous","Marisa（F雨　魔理沙）","Minty Spire (QoL Compilation)","Onozuka Komachi Mod","Prisma Mod","Quick Restart","Reimu（博丽灵梦）","Remilia（蕾米莉亚）","SOS（斯巴达之子）","Shop Mod","StSLib","The Administrix","The Alterego","The Cursed","The Senshi","The Servant 0.9.4","Waifu the Spire","WarShipGirlsR/战舰少女R mod","Yakumo Yukari mod","Yohane!","Youmu（魂魄妖梦）","Yuri Mod","Yuyuko"],"gold_per_floor":[114,114,189,206,9,9,35,35,35,35,35],"floor_reached":10,"language":"ZHS","playtime":826,"items_purged":["Chen:Strike"],"score":64,"play_id":"00204f37-b54a-47b0-b257-0a380fd62fe7","local_time":"20210130005823","is_ascension_mode":false,"campfire_choices":[{"floor":6,"key":"REST"}],"circlet_count":0,"master_deck":["Chen:Strike","Chen:Strike","Chen:Strike","Chen:Defend","Chen:Defend","Chen:Defend","Chen:PounceTurnTail","Chen:GlitterPoke","Chen:Frivolous","Chen:Instinct+1","Chen:Barrier+1","Chen:ResistTemptation+1","Chen:Excitement+1","Chen:Excitement+1","Chen:EvasiveFireShift+1","Chen:ResistTemptation+1","Chen:TauntHiss+1"],"relics":["Chen:Catnip","Unceasing Top","Toxic Egg 2","Sling","Orrery","Toy Ornithopter","CrazyTorch:ReiMu","Molten Egg 2"],"acts_visited":["Exordium"],"potions_floor_usage":[7],"damage_taken":[{"damage":0,"enemies":"Small Slimes","floor":1,"turns":3},{"damage":0,"enemies":"2 Louse","floor":4,"turns":1},{"damage":8,"enemies":"Lagavulin","floor":7,"turns":8},{"damage":21,"enemies":"3 Sentries","floor":10,"turns":4}],"seed_played":"2441207353206139832","potions_obtained":[{"floor":1,"key":"ColorlessPotion"}],"is_trial":false,"path_per_floor":["M","?","?","M","$","R","E","?","T","E"],"character_chosen":"CHEN","items_purchased":["Chen:Frivolous","Toxic Egg 2","Sling","Chen:Instinct+1","Orrery","Chen:TauntHiss+1"],"campfire_rested":1,"item_purchase_floors":[0,0,0,0,5,5],"current_hp_per_floor":[30,30,19,19,19,40,32,14,14,0,0],"gold":35,"neow_bonus":"","is_daily":false,"chose_seed":false,"campfire_upgraded":0,"win_rate":0.0,"timestamp":1611939503,"path_taken":["M","?","?","M","$","R","E","?","T","E"],"items_purchased_type":["Card","Relic","Relic","Card","Relic","Card"],"build_version":"2020-12-22","purchased_purges":1,"victory":false,"max_hp_per_floor":[70,70,70,70,70,70,70,70,70,70,70],"card_choices":[{"not_picked":["Chen:Panic+1","Chen:MisdirectSwipe+1"],"picked":"Chen:ResistTemptation+1","floor":1},{"not_picked":["Chen:SelfConfidence+1","Chen:Mixup","Chen:RecklessLeap"],"picked":"SKIP","floor":4},{"not_picked":["Chen:UnstableBoundary+1","Chen:SelfConfidence+1"],"picked":"Chen:Excitement+1","floor":5},{"not_picked":["Chen:CatPunch","Chen:Instinct+1"],"picked":"Chen:Excitement+1","floor":5},{"not_picked":["Chen:Exploit","Chen:RecklessLeap"],"picked":"Chen:EvasiveFireShift+1","floor":5},{"not_picked":["Chen:Shot","Chen:Adaptability+1"],"picked":"Chen:ResistTemptation+1","floor":5},{"not_picked":["Chen:CatPunch","Chen:RecklessLeap","Chen:Deceitful"],"picked":"SKIP","floor":7}],"player_experience":407781,"relics_obtained":[{"floor":7,"key":"Toy Ornithopter"},{"floor":9,"key":"Molten Egg 2"}],"event_choices":[{"cards_removed":["Chen:Defend"],"damage_healed":0,"gold_gain":0,"player_choice":"Forget","damage_taken":0,"max_hp_gain":0,"max_hp_loss":0,"event_name":"Living Wall","floor":2,"gold_loss":0},{"damage_healed":0,"gold_gain":75,"player_choice":"Gather Gold","damage_taken":11,"max_hp_gain":0,"max_hp_loss":0,"event_name":"World of Goop","floor":3,"gold_loss":0},{"damage_healed":0,"gold_gain":0,"player_choice":"Success","damage_taken":18,"relics_obtained":["CrazyTorch:ReiMu"],"max_hp_gain":0,"max_hp_loss":0,"event_name":"Scrap Ooze","floor":8,"gold_loss":0}],"is_beta":false,"boss_relics":[],"items_purged_floors":[0],"is_endless":false,"potions_floor_spawned":[1],"killed_by":"3 Sentries","ascension_level":0}}