{"host":"w3q5ijqu8eoknil3","time":1611936591,"event":{"mods":["AchievementEnabler","BaseMod","Block Reminder","Colored Map","Colored Powertips","Curses Come First","Dark Map","Minty Spire (QoL Compilation)","Quick Restart","Relic Stats","StSLib","ojb\u0027s Better Paths Mod","ojb\u0027s Info Mod","slay the spire mod where everything is the same but ironclad has a cowboy hat"],"gold_per_floor":[114,128,203,203,353,384,403,403,403,403,39,55,96,33,33,33,33],"floor_reached":16,"language":"ENG","playtime":269,"items_purged":["Doubt"],"score":259,"play_id":"3b575456-c2ef-4efc-876e-c3c3defb23f5","local_time":"20210129160951","is_ascension_mode":true,"campfire_choices":[{"data":"Dagger Spray","floor":8,"key":"SMITH"},{"data":"Deadly Poison","floor":10,"key":"SMITH"},{"data":"Apotheosis","floor":15,"key":"SMITH"}],"circlet_count":0,"master_deck":["AscendersBane","Strike_G","Strike_G","Strike_G","Strike_G","Strike_G","Defend_G","Defend_G","Defend_G","Defend_G","Defend_G","Survivor","Neutralize","Deadly Poison+1","PiercingWail","Dagger Spray+1","Outmaneuver","Apotheosis+1","Catalyst","Bullet Time","Choke"],"relics":["Ring of the Snake","NeowsBlessing","Golden Idol","The Courier","Question Card","ClockworkSouvenir","Pear"],"acts_visited":["Exordium"],"potions_floor_usage":[13,16],"damage_taken":[{"damage":0,"enemies":"Cultist","floor":1,"turns":1},{"damage":0,"enemies":"2 Louse","floor":2,"turns":1},{"damage":0,"enemies":"Lagavulin","floor":6,"turns":1},{"damage":3,"enemies":"Small Slimes","floor":7,"turns":4},{"damage":4,"enemies":"Blue Slaver","floor":12,"turns":4},{"damage":14,"enemies":"Gremlin Nob","floor":13,"turns":3},{"damage":37,"enemies":"The Guardian","floor":16,"turns":6}],"seed_played":"-5131412526613888726","potions_obtained":[{"floor":1,"key":"SteroidPotion"},{"floor":13,"key":"SpeedPotion"}],"is_trial":false,"path_per_floor":["M","M","?","?","?","E","M","R","T","R","$","M","E","$","R","B"],"character_chosen":"THE_SILENT","items_purchased":["ClockworkSouvenir","Apotheosis","Choke"],"campfire_rested":0,"item_purchase_floors":[11,11,14],"current_hp_per_floor":[59,59,48,48,48,48,45,45,45,45,45,41,37,37,37,0,0],"gold":33,"neow_bonus":"THREE_ENEMY_KILL","is_daily":false,"chose_seed":false,"campfire_upgraded":3,"win_rate":0.0,"timestamp":1611936591,"path_taken":["M","M","?","?","?","E","M","R","T","R","$","M","E","?","R","BOSS"],"items_purchased_type":["Relic","Card","Card"],"build_version":"2020-12-22","purchased_purges":1,"victory":false,"max_hp_per_floor":[66,66,66,60,60,60,60,60,60,60,60,60,70,70,70,70,70],"relic_stats":{"counters":[7,20],"Golden Idol":21,"Question Card":2,"obtain_stats":[{"Pear":13,"NeowsBlessing":0,"Golden Idol":4,"The Courier":6,"Question Card":9,"Ring of the Snake":0,"ClockworkSouvenir":11},{"Pear":6,"NeowsBlessing":0,"Golden Idol":2,"The Courier":3,"Question Card":4,"Ring of the Snake":0,"ClockworkSouvenir":4},{"Pear":14,"NeowsBlessing":0,"Golden Idol":2,"The Courier":3,"Question Card":7,"Ring of the Snake":0,"ClockworkSouvenir":7}],"Ring of the Snake":[14]},"card_choices":[{"not_picked":["Flechettes","Dodge and Roll"],"picked":"Deadly Poison","floor":1},{"not_picked":["Caltrops","Escape Plan"],"picked":"PiercingWail","floor":2},{"not_picked":["Deadly Poison","Outmaneuver"],"picked":"Dagger Spray","floor":6},{"not_picked":["Reflex","Endless Agony"],"picked":"Outmaneuver","floor":7},{"not_picked":["Deflect","Prepared","Outmaneuver"],"picked":"Catalyst","floor":12},{"not_picked":["Underhanded Strike","Flying Knee","Cloak And Dagger"],"picked":"Bullet Time","floor":13}],"player_experience":1021668,"relics_obtained":[{"floor":6,"key":"The Courier"},{"floor":9,"key":"Question Card"},{"floor":13,"key":"Pear"}],"event_choices":[{"damage_healed":0,"gold_gain":75,"player_choice":"Gather Gold","damage_taken":11,"max_hp_gain":0,"max_hp_loss":0,"event_name":"World of Goop","floor":3,"gold_loss":0},{"damage_healed":0,"gold_gain":0,"player_choice":"Lose Max HP","damage_taken":0,"relics_obtained":["Golden Idol"],"max_hp_gain":0,"max_hp_loss":6,"event_name":"Golden Idol","floor":4,"gold_loss":0},{"damage_healed":0,"gold_gain":150,"player_choice":"AGREE","damage_taken":0,"max_hp_gain":0,"max_hp_loss":0,"event_name":"Liars Game","floor":5,"gold_loss":0,"cards_obtained":["Doubt"]}],"is_beta":false,"boss_relics":[],"items_purged_floors":[11],"is_endless":false,"potions_floor_spawned":[1,13],"killed_by":"The Guardian","ascension_level":19}}