{"host":"rlwsj8oje50c4na7","time":1611881585,"event":{"mods":["2.2 Compatiblity","Act Like it!","Arknights The Spire","Aspiration","BaseMod","Beaked The Cultist","Bestiary","Better Altar","Better Skull","Better Third Choice","BetterRewards","Colored Map","Colored Powertips","Conspire","Defuse TimeMaze Blight","Energized Spire","Friendly Minions","Gensokyo","GifTheSpireLib","GungeonMod","Halation","Hallownest","Hermit","Highlight Path","Hubris","Infinite Spire","Jedi Mod","JesterMod","Jorbs\u0027s Wanderer Trilogy","Mad Scientist","Minty Spire (QoL Compilation)","Quick Restart","Random Character Button","Relic Stats","Reliquary","Reorder Act Four","Replay The Spire","Shade Mod","Shop Mod","Spicy Shops","StSLib","Stuff the Spire","The Administrix","The Blackbeard","The Bladedancer","The Blue Laboratory","The Bug Knight","The Clintock","The Construct","The Cursed","The Disciple","The Exalted","The Forsaken","The Hierophant","The IronCluck","The Judge","The Kombatant","The Marked","The Mystic","The Necromancer","The Runesmith","The Servant 0.9.4","TheSwordswoman","Waifu the Spire","everything is the same but u backflip on backflip","slay the spire mod where everything is the same but ironclad has a cowboy hat"],"gold_per_floor":[110,110,126,145,185,185,11,11,11,11,11,11,0,0,0,0,0,0,0,0,0,0,0,0,0,0,0,0,0,0,4,4,107,107,123,123,123,143,154,185,185,220,268,281,299,299,311,311,311,311,311,15,15,41,41],"floor_reached":56,"language":"ENG","playtime":10475,"items_purged":["theForsaken:PlagueCurse","blademaster:AspectOfLightning"],"score":1375,"play_id":"4f4cbe50-977c-4a8b-9a01-cc37fa2fedb6","local_time":"20210129025305","is_ascension_mode":false,"campfire_choices":[{"floor":10.0,"key":"REST"},{"floor":15.0,"key":"REST"},{"floor":24,"key":"RECALL"},{"floor":28,"key":"REST"},{"data":"blademaster:SharpBlades","floor":41,"key":"SMITH"},{"data":"blademaster:Flurry","floor":46,"key":"SMITH"},{"data":"blademaster:Stability","floor":49,"key":"SMITH"},{"data":"blademaster:BrainBloom","floor":53,"key":"SMITH"}],"circlet_count":0,"master_deck":["blademaster:Strike","blademaster:Strike","blademaster:Strike","blademaster:Strike","blademaster:Defend","blademaster:Defend","blademaster:Defend","blademaster:Defend","blademaster:RagingBlow","blademaster:HighVoltage","blademaster:LightningDraw","blademaster:FuriousStrike","blademaster:BrainBloom+1","blademaster:LeechingStrike","blademaster:DancingEdge","blademaster:ThunderSlash","blademaster:ParryingStrike","blademaster:Flurry+1","blademaster:SharpBlades+1","blademaster:Blindside+1","blademaster:Stability","blademaster:DeadlyDance+1","blademaster:RagingBlow","blademaster:BloodyBlow+1","blademaster:Stability","blademaster:Flash","StuffTheSpire:PlasmaPulse","StuffTheSpire:BrainWave","blademaster:Stability+1","blademaster:Stability","blademaster:SharpBlades+1","blademaster:SharpBlades+1","blademaster:EyeOfTheStorm+1","blademaster:UnrelentingWind","Panacea"],"relics":["blademaster:DancersAmulet","halation:EternalFortune","jedi:ominousloannote","ReplayTheSpireMod:Shallot","Blood Vial","Bag of Marbles","hubris:TinFlute","Ornamental Fan","MealTicket","aspiration:HummingbirdHeart","reliquary:WritOfMandamus","theForsaken:PlagueMask","Toy Ornithopter","Blue Candle","Bag of Preparation","energizedSpire:OgreHead","Replay:Bronze Core","halation:Toothbrush","jedi:shrinkray","halation:PrussianBluePaint","reliquary:Stiletto"],"acts_visited":["Exordium","TheCity","TheBeyond","TheEnding"],"potions_floor_usage":[21,23,35,38,39,50,55,55,55],"damage_taken":[{"damage":1.0,"enemies":"Cultist","floor":1.0,"turns":4.0},{"damage":0.0,"enemies":"Jaw Worm","floor":3.0,"turns":3.0},{"damage":0.0,"enemies":"Small Slimes","floor":4.0,"turns":4.0},{"damage":42.0,"enemies":"Gremlin Nob","floor":6.0,"turns":5.0},{"damage":6.0,"enemies":"Lagavulin","floor":8.0,"turns":4.0},{"damage":9.0,"enemies":"3 Sentries","floor":12.0,"turns":5.0},{"damage":4.0,"enemies":"Looter","floor":13.0,"turns":3.0},{"damage":0.0,"enemies":"Lagavulin","floor":14.0,"turns":4.0},{"damage":29.0,"enemies":"Fading Forest","floor":16.0,"turns":11.0},{"damage":1,"enemies":"Chosen","floor":18,"turns":2},{"damage":0,"enemies":"2 Thieves","floor":19,"turns":1},{"damage":35,"enemies":"Snecko","floor":21,"turns":6},{"damage":22,"enemies":"conspire:HollyBat","floor":22,"turns":6},{"damage":0,"enemies":"Book of Stabbing","floor":23,"turns":3},{"damage":0,"enemies":"HollowMod:Nosk","floor":25,"turns":4},{"damage":0,"enemies":"Chosen and Byrds","floor":31,"turns":2},{"damage":21,"enemies":"hubris:MusketHawk","floor":33,"turns":5},{"damage":3,"enemies":"3 Shapes","floor":35,"turns":2},{"damage":0,"enemies":"Orb Walker","floor":38,"turns":1},{"damage":0,"enemies":"4 Shapes","floor":39,"turns":1},{"damage":2,"enemies":"beaked:SuperParasite","floor":40,"turns":4},{"damage":11,"enemies":"Nemesis","floor":42,"turns":3},{"damage":0,"enemies":"3 Darklings","floor":44,"turns":2},{"damage":0,"enemies":"Spire Growth","floor":45,"turns":1},{"damage":3,"enemies":"HollowMod:SlobberingHusk","floor":47,"turns":5},{"damage":7,"enemies":"Time Eater","floor":50,"turns":4},{"damage":0,"enemies":"Shield and Spear","floor":54,"turns":2},{"damage":34,"enemies":"The Heart","floor":55,"turns":5}],"seed_played":"-3082030603980191367","potions_obtained":[{"floor":1.0,"key":"Weak Potion"},{"floor":8.0,"key":"PowerPotion"},{"floor":12.0,"key":"jedi:wingpotion"},{"floor":13.0,"key":"blueLaboratory:PyrophylliteBrew"},{"floor":16.0,"key":"PowerPotion"},{"floor":21,"key":"ColorlessPotion"},{"floor":25,"key":"LifebloodPotion"},{"floor":31,"key":"Block Potion"},{"floor":35,"key":"AttackPotion"},{"floor":38,"key":"PowerPotion"},{"floor":44,"key":"blueLaboratory:FruitPunch"},{"floor":54,"key":"LifebloodPotion"}],"is_trial":false,"path_per_floor":["M","?","M","M","$","E","$","E","T","R","?","E","M","E","R","B",null,"M","M","?","M","M","E","R","E","T","AVR","R","?","$","M","R_BF","B",null,"M","?","?","M","M","E","R","E","T","M","M","R","M","?","R","B",null,"$","R","E","B",null],"character_chosen":"THE_BLADEMASTER","items_purchased":["jedi:ominousloannote","ReplayTheSpireMod:Shallot","blademaster:LeechingStrike","blademaster:AspectOfLightning","blademaster:ThunderSlash","Bag of Marbles","blademaster:UnrelentingWind","Panacea"],"campfire_rested":3,"item_purchase_floors":[5,5,5,5,7,7,52,52],"current_hp_per_floor":[81,84,84,84,84,48,48,47,47,73,61,54,52,54,80,53,88,87,88,88,59,39,41,41,46,46,46,72,72,87,88,88,67,88,85,85,80,80,80,78,78,69,69,77,80,80,83,83,83,83,83,86,86,86,63],"gold":41,"neow_bonus":"TEN_PERCENT_HP_BONUS","is_daily":false,"chose_seed":false,"campfire_upgraded":4,"win_rate":0.0,"timestamp":1611881585,"path_taken":["M","?","M","M","?","E","$","E","T","R","?","E","M","E","R","BOSS","M","M","?","M","M","E","R","E","T","AVR","R","?","$","M","R_BF","BOSS","M","?","?","M","M","E","R","E","T","M","M","R","M","?","R","BOSS","$","R","E","BOSS"],"items_purchased_type":["Relic","Relic","Card","Card","Card","Relic","Card","Card"],"build_version":"2020-12-22","purchased_purges":2,"victory":true,"max_hp_per_floor":[82,85,85,85,85,88,88,88,88,88,88,88,88,88,88,88,88,88,88,88,88,88,88,88,88,88,88,88,88,88,88,88,88,88,88,88,80,80,80,80,80,80,80,80,80,80,83,83,83,83,83,86,86,86,88],"relic_stats":{"Blood Vial":24,"counters":[28,102],"Ornamental Fan":[232],"Blue Candle":[0],"MealTicket":15,"Bag of Preparation":[26],"obtain_stats":[{"blademaster:RandomStancePerk":14,"DemoMod:GlassGuonStoneRelic":1,"Bag of Preparation":26,"theForsaken:PlagueMask":20,"jedi:shrinkray":42,"Blood Vial":6,"halation:PrussianBluePaint":43,"Replay:Bronze Core":34,"MealTicket":12,"halation:Toothbrush":40,"blademaster:FinisherDrawCardPerk":25,"blademaster:ComboEveryTurnPerk":8,"hubris:TinFlute":8,"blademaster:StrongPerk":6,"Blue Candle":25,"aspiration:HummingbirdHeart":14,"blademaster:RandomBladePerk":23,"energizedSpire:OgreHead":27,"blademaster:OnAttackedChargePerk":40,"ReplayTheSpireMod:Shallot":5,"jedi:ominousloannote":5,"Ornamental Fan":11,"halation:EternalFortune":2,"blademaster:BleedingMoreDamagePerk":12,"reliquary:Stiletto":54,"Bag of Marbles":7,"blademaster:StanceHealPerk":42,"blademaster:DancersAmulet":0,"blademaster:WindChargePerk":54,"reliquary:WritOfMandamus":17,"Toy Ornithopter":23},{"blademaster:RandomStancePerk":8,"DemoMod:GlassGuonStoneRelic":1,"Bag of Preparation":15,"theForsaken:PlagueMask":11,"jedi:shrinkray":22,"Blood Vial":4,"halation:PrussianBluePaint":22,"Replay:Bronze Core":17,"MealTicket":6,"halation:Toothbrush":21,"blademaster:FinisherDrawCardPerk":15,"blademaster:ComboEveryTurnPerk":5,"hubris:TinFlute":5,"blademaster:StrongPerk":4,"Blue Candle":15,"aspiration:HummingbirdHeart":8,"blademaster:RandomBladePerk":14,"energizedSpire:OgreHead":15,"blademaster:OnAttackedChargePerk":21,"ReplayTheSpireMod:Shallot":3,"jedi:ominousloannote":3,"Ornamental Fan":5,"halation:EternalFortune":1,"blademaster:BleedingMoreDamagePerk":6,"reliquary:Stiletto":27,"Bag of Marbles":4,"blademaster:StanceHealPerk":22,"blademaster:DancersAmulet":0,"blademaster:WindChargePerk":27,"reliquary:WritOfMandamus":9,"Toy Ornithopter":14},{"blademaster:RandomStancePerk":32,"DemoMod:GlassGuonStoneRelic":4,"Bag of Preparation":65,"theForsaken:PlagueMask":46,"jedi:shrinkray":83,"Blood Vial":16,"halation:PrussianBluePaint":83,"Replay:Bronze Core":72,"MealTicket":25,"halation:Toothbrush":80,"blademaster:FinisherDrawCardPerk":65,"blademaster:ComboEveryTurnPerk":20,"hubris:TinFlute":20,"blademaster:StrongPerk":16,"Blue Candle":65,"aspiration:HummingbirdHeart":32,"blademaster:RandomBladePerk":61,"energizedSpire:OgreHead":65,"blademaster:OnAttackedChargePerk":80,"ReplayTheSpireMod:Shallot":11,"jedi:ominousloannote":11,"Ornamental Fan":20,"halation:EternalFortune":4,"blademaster:BleedingMoreDamagePerk":25,"reliquary:Stiletto":97,"Bag of Marbles":16,"blademaster:StanceHealPerk":83,"blademaster:DancersAmulet":0,"blademaster:WindChargePerk":97,"reliquary:WritOfMandamus":43,"Toy Ornithopter":61}],"Toy Ornithopter":0},"card_choices":[{"not_picked":["blademaster:Cut","blademaster:BrainBloom"],"picked":"blademaster:LightningDraw","floor":1.0},{"not_picked":["blademaster:Vortex","blademaster:BladeMastery"],"picked":"blademaster:FuriousStrike","floor":3.0},{"not_picked":["blademaster:BloodyBlow","blademaster:Stormstrike"],"picked":"blademaster:BrainBloom","floor":4.0},{"not_picked":["blademaster:EyeOfTheTornado","blademaster:IcyWind"],"picked":"blademaster:DancingEdge","floor":6.0},{"not_picked":["blademaster:Breeze","blademaster:AirSlash"],"picked":"blademaster:ParryingStrike","floor":8.0},{"not_picked":["blademaster:Rupture","blademaster:AncestralHealing","blademaster:BrainBloom"],"picked":"SKIP","floor":12.0},{"not_picked":["blademaster:Breeze","blademaster:Discharge"],"picked":"blademaster:Flurry","floor":13.0},{"not_picked":["blademaster:AspectOfLightning","blademaster:Thrust"],"picked":"blademaster:SharpBlades","floor":14.0},{"not_picked":["blademaster:ColdBlood","blademaster:Flash"],"picked":"blademaster:Blindside","floor":16.0},{"not_picked":["blademaster:Blockade","blademaster:Vortex"],"picked":"blademaster:Stability","floor":18},{"not_picked":["blademaster:LeechingStrike","blademaster:ThunderSlash","blademaster:Quickstep+1"],"picked":"SKIP","floor":19},{"not_picked":["blademaster:ThunderSlash","blademaster:Reversal"],"picked":"blademaster:DeadlyDance+1","floor":21},{"not_picked":["blademaster:Overcharge","blademaster:WindSlash+1","blademaster:FuriousStrike"],"picked":"SKIP","floor":22},{"not_picked":["blademaster:ChargingUp","blademaster:KiBarrier"],"picked":"blademaster:RagingBlow","floor":23},{"not_picked":["blademaster:WindSlash","blademaster:AirSlash"],"picked":"blademaster:BloodyBlow+1","floor":25},{"not_picked":["blademaster:FuriousStrike","blademaster:Sunder"],"picked":"blademaster:Stability","floor":31},{"not_picked":["blademaster:RollingTyphoon","blademaster:Blindside"],"picked":"blademaster:Flash","floor":33},{"not_picked":["blademaster:Safeguard+1","blademaster:Momentum+1","blademaster:Cut+1"],"picked":"SKIP","floor":35},{"not_picked":["Blind","StuffTheSpire:Recharge"],"picked":"StuffTheSpire:PlasmaPulse","floor":36},{"not_picked":["blademaster:Flurry","blademaster:Quickness+1"],"picked":"blademaster:Stability","floor":38},{"not_picked":["blademaster:DancingEdge","blademaster:Safeguard","blademaster:Frontflip+1"],"picked":"SKIP","floor":39},{"not_picked":["blademaster:Rupture+1","blademaster:IcyWind+1"],"picked":"blademaster:Stability","floor":40},{"not_picked":["blademaster:Overcharge+1","blademaster:ParryingStrike+1"],"picked":"blademaster:SharpBlades+1","floor":42},{"not_picked":["blademaster:Vortex+1","blademaster:AwakeningDefend"],"picked":"blademaster:SharpBlades+1","floor":44},{"not_picked":["blademaster:Sunder+1","blademaster:Cut","blademaster:SlyStabs"],"picked":"SKIP","floor":45},{"not_picked":["blademaster:Sunder","blademaster:AirSlash+1"],"picked":"blademaster:EyeOfTheStorm","floor":47},{"not_picked":["blademaster:DaggerAndCloak+1","blademaster:Stormstrike","blademaster:Frontflip"],"picked":"SKIP","floor":54}],"player_experience":848389,"relics_obtained":[{"floor":6.0,"key":"halation:EternalFortune"},{"floor":6.0,"key":"Blood Vial"},{"floor":6.0,"key":"blademaster:StrongPerk"},{"floor":8.0,"key":"hubris:TinFlute"},{"floor":8.0,"key":"blademaster:ComboEveryTurnPerk"},{"floor":12.0,"key":"MealTicket"},{"floor":12.0,"key":"blademaster:BleedingMoreDamagePerk"},{"floor":14.0,"key":"aspiration:HummingbirdHeart"},{"floor":14.0,"key":"blademaster:RandomStancePerk"},{"floor":23,"key":"Toy Ornithopter"},{"floor":23,"key":"blademaster:RandomBladePerk"},{"floor":25,"key":"blademaster:FinisherDrawCardPerk"},{"floor":25,"key":"Blue Candle"},{"floor":26,"key":"Bag of Preparation"},{"floor":40,"key":"halation:Toothbrush"},{"floor":40,"key":"blademaster:OnAttackedChargePerk"},{"floor":42,"key":"jedi:shrinkray"},{"floor":42,"key":"blademaster:StanceHealPerk"},{"floor":43,"key":"halation:PrussianBluePaint"},{"floor":47,"key":"halation:EternalFortune"},{"floor":54,"key":"reliquary:Stiletto"},{"floor":54,"key":"blademaster:WindChargePerk"}],"event_choices":[{"damage_healed":0.0,"max_hp_gain":0.0,"max_hp_loss":0.0,"gold_gain":0.0,"event_name":"betterThird:BetterScrap","player_choice":"Relic ","floor":11.0,"gold_loss":0.0,"damage_taken":12.0,"cards_obtained":["Lockon"]},{"damage_healed":0,"gold_gain":0,"player_choice":"Obtain Plague Curse","damage_taken":0,"max_hp_gain":0,"max_hp_loss":0,"event_name":"Plague Doctor","floor":20,"gold_loss":0,"cards_obtained":["theForsaken:PlagueCurse"]},{"damage_healed":0,"gold_gain":0,"player_choice":"Memory 1","damage_taken":0,"max_hp_gain":0,"max_hp_loss":0,"event_name":"SensoryStone","floor":36,"gold_loss":0},{"damage_healed":0,"gold_gain":0,"player_choice":"Upgraded","damage_taken":0,"max_hp_gain":0,"max_hp_loss":0,"event_name":"Upgrade Shrine","floor":48,"gold_loss":0,"cards_upgraded":["blademaster:EyeOfTheStorm"]}],"is_beta":false,"boss_relics":[{"not_picked":["halation:Prosthetics","hubris:GrandSneckoEye"],"picked":"reliquary:WritOfMandamus"},{"not_picked":["jesterMod:MachoBrace","Sozu"],"picked":"Replay:Bronze Core"}],"items_purged_floors":[27,52],"is_endless":false,"potions_floor_spawned":[1,8,12,13,16,21,25,31,33,35,38,44,47,54],"ascension_level":0}}