{"host":"rvofswtrkybk7ok8","time":1611936092,"event":{"mods":["ATMod(°¢èªMod)","BaseMod","Card Filter","Colored Map","Downfall","Minty Spire (QoL Compilation)","Quick Restart","StSLib"],"gold_per_floor":[99,112,128,146,42,142,166,207,207,269,294,351,351,351,388,509,559,559,66,102,38,38,38,38,90,185,310,414,119,119,119,297,577,604,404,498,525,1000,1148,815,815,815,862,862,204,423,323,490,594,719,719,879,720,720,845,970],"floor_reached":57,"language":"ZHS","playtime":2377,"items_purged":["bronze:Strike","bronze:Defend","bronze:Strike","bronze:Defend"],"score":2094,"play_id":"df88f19b-1742-4bb4-aac7-903ece4e7d4e","local_time":"20210130000132","is_ascension_mode":true,"campfire_choices":[{"data":"bronze:Goto","floor":1.0,"key":"SMITH"},{"data":"bronze:MaxOutput","floor":9,"key":"SMITH"},{"data":"bronze:Repulsor","floor":13,"key":"SMITH"},{"data":"bronze:Format","floor":18,"key":"SMITH"},{"data":"bronze:ItsAFeature","floor":23,"key":"SMITH"},{"floor":30,"key":"RECALL"},{"data":"bronze:Defend+1","floor":35,"key":"PURGE"},{"data":"bronze:Strike+1","floor":42,"key":"PURGE"},{"data":"bronze:Defend+1","floor":47,"key":"PURGE"},{"data":"1","floor":54,"key":"LIFT"}],"circlet_count":3,"master_deck":["bronze:Goto+1","AT_ChampionStep+1","bronze:MaxOutput+1","bronze:Constructor+1","bronze:Repulsor+1","bronze:BronzeOrb+1","bronze:BugBarrage+1","bronze:WhirlingStrike+1","bronze:Spike+1","bronze:Turbo+1","bronze:Branch+1","bronze:MaxOutput+1","bronze:Format+1","bronze:Separator+1","bronze:ItsAFeature+1","AT_ChampionStep+1","bronze:GetLatest+1","bronze:MaxOutput+1","bronze:ChildClass+1","bronze:Terminator+1","bronze:AlphaBuild+1","bronze:Mutator+1","bronze:Verify+1","bronze:ChosenStrike+1","expansioncontent:AwakenDeath+1","expansioncontent:AwakenDeath+1","expansioncontent:AwakenDeath+1","bronze:Optimize+1","bronze:MaxOutput+1","bronze:CleanCode+1","bronze:ItsAFeature+1","bronze:ItsAFeature+1","bronze:MaxOutput+1","Finesse+1","Sadistic Nature+1","AT_CelerityRune+1","bronze:MaxOutput+1","bronze:Repulsor+1","bronze:Mutator+1","bronze:ForLoop+1","bronze:Optimize+1","bronze:ClassDefault+1","bronze:Repulsor+1","bronze:MaxOutput+1"],"relics":["bronze:BronzeCore","AT_ATBox","Potion Belt","Molten Egg 2","Boot","AT_MibuBalloonWealth","Tiny Chest","Tiny House","AT_ChloranthyRing","Gambling Chip","DollysMirror","AT_SunfireAegis","Vajra","Toolbox","The Courier","Akabeko","White Beast Statue","Ancient Tea Set","Oddly Smooth Stone","Chemical X","AT_RedNoBalance","Orichalcum","Ornamental Fan","InkBottle","Turnip","Mummified Hand","Omamori","Toy Ornithopter","MealTicket","AT_BellowingDragoncrestRing","Darkstone Periapt","Mercury Hourglass","CeramicFish","Peace Pipe","HornCleat","AT_GuinsooRageblade","Toxic Egg 2","Guardian:PocketSentry","Happy Flower","bronze:ProtectiveGoggles","AT_RedTearstoneRing","Juzu Bracelet","Dream Catcher","Regal Pillow","AT_LudenTempest","Blue Candle","Thread and Needle","AT_EbonyIvory","War Paint","Art of War","Whetstone","AT_ArchangelStaff","Lantern","Bronze Scales","AT_RabadonDeathcap","Gremlin Horn","AT_Manta","Bird Faced Urn","Torii","Calipers","Unceasing Top","Matryoshka","AT_GoldPhoenixTree","Centennial Puzzle","AT_BladeRuinedKing","AT_SpeedBoots","Lizard Tail","Bottled Lightning","bronze:SilverBullet","AT_BellDemon","Mango","Pen Nib","Incense Burner","AT_Kusabimaru","Nunchaku","Shuriken","Bag of Marbles","AT_TheCollector","Blood Vial","Ice Cream","Anchor","Letter Opener","AT_ForceNature","bronze:CableSpool","AT_ImmortalShieldbow","TungstenRod","CaptainsWheel","Bottled Flame","Girya","AT_SilvercatRing","Ginger","StoneCalendar","Bottled Tornado","Kunai","WingedGreaves","Eternal Feather","Prayer Wheel","Frozen Egg 2","Singing Bowl","Question Card","Meat on the Bone","StrikeDummy","Pear","Astrolabe","downfall:HeartBlessingRed","downfall:HeartBlessingBlue","Old Coin","Sundial","AT_DeathDance","FossilizedHelix","bronze:BottledCode","ClockworkSouvenir","Circlet","downfall:HeartBlessingGreen"],"acts_visited":["Exordium","TheCity","TheBeyond","TheEnding"],"potions_floor_usage":[5,16,19,19,19,27,27],"damage_taken":[{"damage":1.0,"enemies":"Cultist","floor":2.0,"turns":4.0},{"damage":1.0,"enemies":"Jaw Worm","floor":3.0,"turns":2.0},{"damage":4,"enemies":"2 Louse","floor":4,"turns":3},{"damage":0,"enemies":"downfall:FleeingMerchant","floor":5,"turns":4},{"damage":0,"enemies":"Blue Slaver","floor":8,"turns":2},{"damage":0,"enemies":"Exordium Wildlife","floor":10,"turns":3},{"damage":2,"enemies":"Exordium Wildlife","floor":11,"turns":3},{"damage":4,"enemies":"Lagavulin","floor":12,"turns":3},{"damage":0,"enemies":"Red Slaver","floor":15,"turns":2},{"damage":9,"enemies":"WA_ARCHETYPE_RETAIN","floor":16,"turns":5},{"damage":0,"enemies":"downfall:FleeingMerchant","floor":19,"turns":4},{"damage":1,"enemies":"Chosen","floor":20,"turns":2},{"damage":15,"enemies":"Book of Stabbing","floor":25,"turns":4},{"damage":0,"enemies":"3 Byrds","floor":26,"turns":2},{"damage":0,"enemies":"downfall:LadyInBlue","floor":27,"turns":2},{"damage":0,"enemies":"Gremlin Leader","floor":28,"turns":2},{"damage":0,"enemies":"Sentry and Sphere","floor":32,"turns":1},{"damage":0,"enemies":"DF_ARCHETYPE_CLAW","floor":33,"turns":1},{"damage":0,"enemies":"3 Shapes","floor":36,"turns":1},{"damage":0,"enemies":"3 Shapes","floor":38,"turns":1},{"damage":0,"enemies":"3 Darklings","floor":39,"turns":1},{"damage":0,"enemies":"Reptomancer","floor":46,"turns":1},{"damage":0,"enemies":"Nemesis","floor":48,"turns":1},{"damage":0,"enemies":"Jaw Worm Horde","floor":49,"turns":1},{"damage":0,"enemies":"SI_POISON_ARCHETYPE","floor":50,"turns":1},{"damage":0,"enemies":"downfall:CharBossMerchant","floor":52,"turns":1},{"damage":0,"enemies":"downfall:NeowBoss","floor":55,"turns":3},{"damage":0,"enemies":"downfall:NeowBossFinal","floor":56,"turns":2}],"seed_played":"4496900456697482788","potions_obtained":[{"floor":2.0,"key":"Explosive Potion"},{"floor":4,"key":"Energy Potion"},{"floor":11,"key":"Fire Potion"},{"floor":15,"key":"Weak Potion"},{"floor":16,"key":"Swift Potion"},{"floor":17,"key":"Weak Potion"},{"floor":20,"key":"FearPotion"},{"floor":27,"key":"Energy Potion"},{"floor":27,"key":"ColorlessPotion"},{"floor":27,"key":"CultistPotion"},{"floor":27,"key":"FearPotion"},{"floor":32,"key":"EntropicBrew"}],"is_trial":false,"path_per_floor":["R","M","M","M","$","?","T","M","R","M","?","E","R","T","M","B",null,"R","$","M","$","?","R","T","E","M","?","E","$","R","T","M","B",null,"R","M","?","?","M","?","T","R","T","?","$","E","R","E","M","B",null,"E","$","R","B","B",null],"character_chosen":"THE_AUTOMATON","items_purchased":["Molten Egg 2","Boot","bronze:BronzeOrb+1","Fire Potion","AT_ChloranthyRing","Gambling Chip","bronze:ItsAFeature","DollysMirror","PowerPotion","AT_SunfireAegis","Vajra","Toolbox","Oddly Smooth Stone","Chemical X","AT_SilverBalance","Orichalcum","Ornamental Fan","InkBottle","Turnip","Mummified Hand","Omamori","Toy Ornithopter","MealTicket","AT_BellowingDragoncrestRing","Darkstone Periapt","Mercury Hourglass","CeramicFish","Peace Pipe","HornCleat","AT_GuinsooRageblade","Toxic Egg 2","Guardian:PocketSentry","Happy Flower","bronze:ProtectiveGoggles","AT_RedTearstoneRing","Juzu Bracelet","Dream Catcher","Regal Pillow","AT_LudenTempest","Blue Candle","Thread and Needle","AT_EbonyIvory","War Paint","Art of War","Whetstone","AT_ArchangelStaff","Lantern","Bronze Scales","AT_RabadonDeathcap","Gremlin Horn","AT_Manta","Bird Faced Urn","Torii","Calipers","Unceasing Top","Matryoshka","AT_GoldPhoenixTree","Centennial Puzzle","AT_BladeRuinedKing","AT_SpeedBoots","Lizard Tail","Bottled Lightning","bronze:SilverBullet","AT_BellDemon","Mango","Pen Nib","Incense Burner","AT_Kusabimaru","Nunchaku","Shuriken","Bag of Marbles","AT_TheCollector","Blood Vial","Ice Cream","Anchor","Letter Opener","AT_ForceNature","bronze:CableSpool","AT_ImmortalShieldbow","TungstenRod","CaptainsWheel","Bottled Flame","Girya","AT_SilvercatRing","Ginger","StoneCalendar","Bottled Tornado","Kunai","WingedGreaves","Eternal Feather","Prayer Wheel","Frozen Egg 2","Singing Bowl","Question Card","Meat on the Bone","ClockworkSouvenir","bronze:MaxOutput+1","bronze:CleanCode+1","bronze:ItsAFeature+1","bronze:ItsAFeature+1","bronze:MaxOutput+1","Finesse+1","Sadistic Nature+1","AT_CelerityRune+1","bronze:ClassDefault+1","bronze:Repulsor+1","bronze:MaxOutput+1"],"campfire_rested":0,"item_purchase_floors":[5,5,5,5,19,19,19,19,19,21,21,21,29,29,29,29,29,29,29,29,29,29,29,29,29,29,29,29,29,29,29,29,29,29,29,29,29,29,29,29,29,29,29,29,29,29,29,29,29,29,29,29,29,29,29,29,29,29,29,29,29,29,29,29,29,29,29,29,29,29,29,29,29,29,29,29,29,29,29,29,29,29,29,29,29,29,29,29,29,29,29,29,29,29,29,45,45,45,45,45,45,45,45,45,53,53,53],"current_hp_per_floor":[70,69,68,64,64,64,64,64,64,64,69,65,65,65,70,61,75,75,75,74,74,74,74,74,59,59,59,59,73,88,98,63,62,101,111,115,109,117,119,134,134,134,134,124,124,124,124,124,124,124,124,124,124,124,124,124],"gold":970,"neow_bonus":"RANDOM_COMMON_RELIC","is_daily":false,"chose_seed":false,"campfire_upgraded":5,"win_rate":0.0,"timestamp":1611936092,"path_taken":["R","M","?","M","$","?","T","M","R","?","?","E","R","?","M","BOSS","R","$","M","$","?","R","T","E","M","?","E","$","R","?","M","BOSS","R","M","?","?","M","?","T","R","?","?","$","E","R","E","M","BOSS","E","$","R","BOSS","BOSS"],"items_purchased_type":["Relic","Relic","Card","Potion","Relic","Relic","Card","Relic","Potion","Relic","Relic","Relic","Relic","Relic","Relic","Relic","Relic","Relic","Relic","Relic","Relic","Relic","Relic","Relic","Relic","Relic","Relic","Relic","Relic","Relic","Relic","Relic","Relic","Relic","Relic","Relic","Relic","Relic","Relic","Relic","Relic","Relic","Relic","Relic","Relic","Relic","Relic","Relic","Relic","Relic","Relic","Relic","Relic","Relic","Relic","Relic","Relic","Relic","Relic","Relic","Relic","Relic","Relic","Relic","Relic","Relic","Relic","Relic","Relic","Relic","Relic","Relic","Relic","Relic","Relic","Relic","Relic","Relic","Relic","Relic","Relic","Relic","Relic","Relic","Relic","Relic","Relic","Relic","Relic","Relic","Relic","Relic","Relic","Relic","Relic","Relic","Card","Card","Card","Card","Card","Card","Card","Card","Card","Card","Card"],"build_version":"2020-12-22","purchased_purges":4,"victory":true,"max_hp_per_floor":[70,70,70,70,70,70,70,70,70,70,70,70,70,70,70,70,75,75,75,75,75,75,75,75,75,75,75,75,89,89,99,101,101,101,111,115,115,117,119,134,134,134,134,124,124,124,124,124,124,124,124,124,124,124,124,124],"card_choices":[{"not_picked":["bronze:NullPointer","bronze:Terminator"],"picked":"bronze:MaxOutput","floor":2.0},{"not_picked":["bronze:CutThrough","bronze:Fortify"],"picked":"bronze:Constructor","floor":3.0},{"not_picked":["bronze:Safeguard","bronze:ForLoop"],"picked":"bronze:Repair","floor":4},{"not_picked":["bronze:Iterate","bronze:Backtrace"],"picked":"bronze:Repulsor","floor":5},{"not_picked":["bronze:Overload","bronze:DelayedGuard"],"picked":"bronze:BugBarrage+1","floor":8},{"not_picked":["bronze:OilSpill+1","bronze:Deprecate"],"picked":"bronze:WhirlingStrike+1","floor":10},{"not_picked":[],"picked":"bronze:Spike","floor":11},{"not_picked":["bronze:Iterate+1","bronze:Fortify+1"],"picked":"bronze:Turbo","floor":11},{"not_picked":["bronze:NullPointer+1","bronze:FineTuning"],"picked":"bronze:Branch+1","floor":12},{"not_picked":["bronze:OilSpill+1","bronze:Deprecate"],"picked":"bronze:MaxOutput","floor":15},{"not_picked":["bronze:BurnOut+1","bronze:Verify"],"picked":"bronze:Format","floor":16},{"not_picked":["bronze:Invalidate","bronze:Frontload"],"picked":"bronze:Separator+1","floor":17},{"not_picked":["bronze:Deprecate","bronze:Overheat+1","bronze:BuggyMess+1"],"picked":"SKIP","floor":19},{"not_picked":["bronze:Shield+1","bronze:Overheat+1","bronze:DigitalCarnage+1"],"picked":"SKIP","floor":20},{"not_picked":["bronze:Frontload","bronze:DelayedSlice+1"],"picked":"bronze:GetLatest+1","floor":25},{"not_picked":["bronze:Branch+1","bronze:Terminator"],"picked":"bronze:MaxOutput","floor":26},{"not_picked":["bronze:Virus+1","bronze:BitShift"],"picked":"bronze:ChildClass","floor":28},{"not_picked":["bronze:WildBeam+1","bronze:DelayedSlice+1","bronze:DelayedGuard+1"],"picked":"bronze:Terminator+1","floor":32},{"not_picked":["bronze:Overload+1","bronze:Safeguard+1","bronze:Invalidate+1","bronze:BugBarrage+1"],"picked":"Singing Bowl","floor":32},{"not_picked":["bronze:RecursiveStrike+1","bronze:ShipIt+1","bronze:HyperBeam+1"],"picked":"bronze:AlphaBuild+1","floor":33},{"not_picked":["bronze:Shell+1","bronze:WildBeam+1","bronze:Separator+1","bronze:Frontload+1"],"picked":"Singing Bowl","floor":36},{"not_picked":["bronze:DelayedGuard+1","bronze:Shell+1","bronze:Invalidate+1","bronze:WhirlingStrike+1"],"picked":"Singing Bowl","floor":36},{"not_picked":["expansioncontent:PrepareCrush","expansioncontent:GuardianWhirl"],"picked":"expansioncontent:AwakenDeath","floor":37},{"not_picked":["expansioncontent:InvincibleStrength","expansioncontent:DecaShield"],"picked":"expansioncontent:AwakenDeath","floor":37},{"not_picked":["expansioncontent:LastStand","expansioncontent:GuardianWhirl"],"picked":"expansioncontent:AwakenDeath","floor":37},{"not_picked":["bronze:ChosenStrike+1","bronze:OilSpill+1","bronze:BronzeOrb+1","bronze:Deprecate+1"],"picked":"Singing Bowl","floor":38},{"not_picked":["bronze:Safeguard+1","bronze:Separator+1","bronze:BronzeArmor+1","bronze:Invalidate+1"],"picked":"Singing Bowl","floor":39},{"not_picked":["bronze:SpaghettiCode+1","bronze:Frontload+1","bronze:Philosophize+1"],"picked":"bronze:Optimize+1","floor":39},{"not_picked":["bronze:Return+1","bronze:BuggyMess+1","bronze:Branch+1"],"picked":"bronze:MaxOutput+1","floor":46},{"not_picked":["bronze:CutThrough+1","bronze:Invalidate+1","bronze:DigitalCarnage+1"],"picked":"bronze:Repulsor+1","floor":48},{"not_picked":["bronze:ClassDefault+1","bronze:ForceShield+1","bronze:Overheat+1"],"picked":"bronze:Mutator+1","floor":49},{"not_picked":["bronze:Separator+1","bronze:ChildClass+1","bronze:Shield+1"],"picked":"bronze:ForLoop+1","floor":49},{"not_picked":["bronze:NullPointer+1","bronze:Invalidate+1","bronze:FineTuning+1"],"picked":"bronze:Optimize+1","floor":52}],"player_experience":734381,"relics_obtained":[{"floor":7,"key":"AT_MibuBalloonWealth"},{"floor":12,"key":"Tiny Chest"},{"floor":24,"key":"The Courier"},{"floor":25,"key":"Akabeko"},{"floor":27,"key":"White Beast Statue"},{"floor":28,"key":"Ancient Tea Set"},{"floor":31,"key":"StrikeDummy"},{"floor":31,"key":"Pear"},{"floor":38,"key":"Old Coin"},{"floor":41,"key":"Sundial"},{"floor":41,"key":"AT_DeathDance"},{"floor":43,"key":"FossilizedHelix"},{"floor":46,"key":"Circlet"},{"floor":48,"key":"Circlet"},{"floor":52,"key":"Circlet"}],"event_choices":[],"is_beta":false,"boss_relics":[{"not_picked":["Runic Dome","bronze:PlatinumCore"],"picked":"Tiny House"},{"not_picked":["SlaversCollar","Snecko Eye"],"picked":"Astrolabe"}],"items_purged_floors":[5,19,21,29],"is_endless":false,"potions_floor_spawned":[2,4,11,15,16,20,27,28,32,33,36,38,39,46,48,49,52],"ascension_level":1}}