{"host":"80ojs5zx0tu8i1zz","time":1611932882,"event":{"mods":["AchievementEnabler","Arknights The Spire","Aspiration","BaseMod","Better Altar","Better Match","Better Note","Better Sensory Stone","Better Skull","Better Third Choice","ChefMod","Colored Map","Colored Powertips","Hermit","Hubris","Infinite Spire","Jorbs\u0027s Wanderer Trilogy","Minty Spire (QoL Compilation)","Replay The Spire","Shade Mod","Shop Mod","StSLib","The Dragon Tamer","The Hayseed","The Hierophant","The Marked"],"gold_per_floor":[113,124,233,308,5,5,5,33,33,63,77,77,38,64,64,166,166,181,198,198,198,214,214,239,239,264,7,34,34,34],"floor_reached":29,"language":"ENG","playtime":1725,"items_purged":[],"score":327,"play_id":"db8c3443-f705-48de-bea5-3f2d5d34e998","local_time":"20210129170802","is_ascension_mode":false,"campfire_choices":[{"data":"Shade:SpectralStrikes","floor":6,"key":"SMITH"},{"floor":12,"key":"REST"},{"data":"Shade:Brains","floor":15,"key":"SMITH"},{"floor":23,"key":"REST"},{"floor":25,"key":"REST"}],"circlet_count":0,"master_deck":["Shade:Strike_Shade","Shade:Strike_Shade+1","Shade:Strike_Shade","Shade:Strike_Shade","Shade:Defend_Shade","Shade:Defend_Shade","Shade:Defend_Shade","Shade:Defend_Shade","Shade:AnimateDead","Shade:CarefulCut","Shade:FreshBones","Shade:AncientSpear+1","Shade:SpectralStrikes+1","Shade:Awaken","Shade:FingerOfDeath","Shade:SkeletonArmy","Shade:OpenGraves+1","Shade:Bite_Shade","Shade:Brains+1","Shade:Brains","Shade:Brains","Shade:Coordination+1","CurseOfTheBell","Shade:Trample","Shade:OpenGraves+1","Shade:GoDigging+1","Shade:FuneraryJewels","theMarked:ElectricStrings","Shade:CommandSoldier","Shade:Frenzy","Shade:FreshBones+1","Shade:CoffinDance","Replay:Bootleg Shield Generator","Shade:LyeBath","Shade:TouchOfTheGrave+1","Shade:Bonestorm"],"relics":["Shade:YorickSkull","NeowsBlessing","Pen Nib","Prayer Wheel","ReplayTheSpireMod:Lightbulb","Whetstone","Frozen Egg 2","WingedGreaves","Replay:Kaleidoscope","Calling Bell","Replay:Arrowhead","ReplayTheSpireMod:TigerMarble","hubris:BottledRain","infinitespire:Beetle Shell","Centennial Puzzle","Bag of Marbles"],"acts_visited":["Exordium","TheCity"],"potions_floor_usage":[10,14,16,22,28,28,29],"damage_taken":[{"damage":0,"enemies":"Small Slimes","floor":1,"turns":1},{"damage":0,"enemies":"Jaw Worm","floor":2,"turns":1},{"damage":0,"enemies":"Replay:BlueRogue","floor":8,"turns":1},{"damage":25,"enemies":"Lagavulin","floor":10,"turns":7},{"damage":0,"enemies":"Cultist","floor":11,"turns":3},{"damage":8,"enemies":"3 Sentries","floor":14,"turns":5},{"damage":9,"enemies":"Slime Boss","floor":16,"turns":10},{"damage":17,"enemies":"Chosen","floor":18,"turns":6},{"damage":39,"enemies":"3 Byrds","floor":19,"turns":5},{"damage":9,"enemies":"Snecko","floor":22,"turns":4},{"damage":21,"enemies":"Gremlin Leader","floor":24,"turns":6},{"damage":12,"enemies":"Slavers","floor":28,"turns":5},{"damage":13,"enemies":"Centurion and Healer","floor":29,"turns":1}],"seed_played":"5049392970110134600","potions_obtained":[{"floor":1,"key":"AttackPotion"},{"floor":8,"key":"Explosive Potion"},{"floor":11,"key":"SkillPotion"},{"floor":14,"key":"GamblersBrew"},{"floor":16,"key":"Milkshake"},{"floor":24,"key":"EssenceOfSteel"},{"floor":28,"key":"Languid Potion"}],"is_trial":false,"path_per_floor":["M","M","?","?","$","R","?","E","T","E","M","R","$","E","R","B",null,"M","M","?","?","M","R","E","R","T","$","E","M"],"character_chosen":"SHADE","items_purchased":["Prayer Wheel","Shade:Brains","Replay:Bootleg Shield Generator","Shade:LyeBath","Block Potion","Shade:TouchOfTheGrave+1"],"campfire_rested":3,"item_purchase_floors":[5,13,27,27,27,27],"current_hp_per_floor":[65,65,49,38,38,38,26,26,26,1,1,20,20,16,16,13,65,50,13,13,13,6,25,4,23,23,23,11,0,0],"gold":34,"neow_bonus":"THREE_ENEMY_KILL","is_daily":false,"chose_seed":false,"campfire_upgraded":2,"win_rate":0.0,"timestamp":1611932882,"path_taken":["M","M","?","?","$","R","?","E","T","E","M","R","$","E","R","BOSS","M","M","?","?","M","R","E","R","T","$","E","M"],"items_purchased_type":["Relic","Card","Card","Card","Potion","Card"],"build_version":"2020-12-22","purchased_purges":0,"victory":false,"max_hp_per_floor":[65,65,65,65,65,65,65,65,65,65,65,65,65,65,65,65,65,65,65,65,65,65,65,65,65,65,65,65,65,65],"card_choices":[{"not_picked":["Shade:FleshLikeOak","Shade:GraveStillness"],"picked":"Shade:FreshBones","floor":1},{"not_picked":["Shade:ExtraLimbs","Shade:FuneraryArmor"],"picked":"Shade:AncientSpear","floor":2},{"not_picked":["Shade:CoffinDance","Shade:GraveStillness"],"picked":"Shade:SpectralStrikes","floor":3},{"not_picked":["Shade:TouchOfTheGrave","Shade:Bite_Shade"],"picked":"Shade:Awaken","floor":3},{"not_picked":["Shade:AncientSpear","Shade:SensePrey"],"picked":"Shade:FingerOfDeath","floor":8},{"not_picked":["Shade:SoulPierce+1","Shade:FuneraryArmor"],"picked":"Shade:SkeletonArmy","floor":10},{"not_picked":["Shade:SkeletonHug","Shade:FingerOfDeath"],"picked":"Shade:OpenGraves+1","floor":11},{"not_picked":["Shade:Doomsay","Shade:Frenzy"],"picked":"Shade:Bite_Shade","floor":11},{"not_picked":["Shade:ExtraLimbs","Shade:SkeletonHug"],"picked":"Shade:Brains","floor":14},{"not_picked":["Shade:Consume","Shade:MadHubris"],"picked":"Shade:Coordination+1","floor":16},{"not_picked":["Shade:ClawBack","Shade:Frenzy"],"picked":"Shade:Trample","floor":18},{"not_picked":["Shade:SelfBurial","Shade:Excise"],"picked":"Shade:OpenGraves+1","floor":18},{"not_picked":["Shade:FuneraryArmor+1","Shade:ScuttlingHand"],"picked":"Shade:GoDigging+1","floor":19},{"not_picked":["Shade:GreyBargain","Shade:FeralStrike+1"],"picked":"Shade:FuneraryJewels","floor":19},{"not_picked":["Shade:FleshLikeOak+1","Shade:BoneShards"],"picked":"Shade:Frenzy","floor":22},{"not_picked":["Shade:CallWraith+1","Shade:Trample+1"],"picked":"Shade:FreshBones+1","floor":22},{"not_picked":["Shade:Haruspicy","Shade:WallOfFlesh"],"picked":"Shade:CoffinDance","floor":24},{"not_picked":["Shade:SoulPierce+1","Shade:FingerOfDeath"],"picked":"Shade:Bonestorm","floor":28}],"player_experience":223558,"relics_obtained":[{"floor":3,"key":"Pen Nib"},{"floor":8,"key":"Whetstone"},{"floor":9,"key":"Frozen Egg 2"},{"floor":10,"key":"WingedGreaves"},{"floor":14,"key":"Replay:Kaleidoscope"},{"floor":17,"key":"Replay:Arrowhead"},{"floor":17,"key":"ReplayTheSpireMod:TigerMarble"},{"floor":17,"key":"hubris:BottledRain"},{"floor":24,"key":"infinitespire:Beetle Shell"},{"floor":26,"key":"Centennial Puzzle"},{"floor":28,"key":"Bag of Marbles"}],"event_choices":[{"damage_healed":0,"gold_gain":75,"player_choice":"Gold","damage_taken":11,"max_hp_gain":0,"max_hp_loss":0,"event_name":"betterThird:BetterGoop","floor":4,"gold_loss":0},{"damage_healed":0,"gold_gain":0,"player_choice":"Relic ","damage_taken":12,"max_hp_gain":0,"max_hp_loss":0,"event_name":"betterThird:BetterScrap","floor":7,"gold_loss":0,"cards_obtained":["Aggregate"]},{"cards_removed":["Shade:AncientSpear"],"damage_healed":0,"gold_gain":0,"player_choice":"Take \u0026 Give","damage_taken":0,"max_hp_gain":0,"max_hp_loss":0,"event_name":"betterNote:BetterNote","floor":20,"gold_loss":0,"cards_obtained":["theMarked:ElectricStrings"]}],"is_beta":false,"boss_relics":[{"not_picked":["Replay:Wanted Poster","hubris:BlackHole"],"picked":"Calling Bell"}],"items_purged_floors":[],"is_endless":false,"potions_floor_spawned":[1,8,11,14,16,24,28],"killed_by":"Centurion and Healer","ascension_level":0}}