{"host":"oz0i1fpezyhy8r2h","time":1611903785,"event":{"mods":["ATMod(∞¢Ë™Mod)","Act Like it!","Arknights The Spire","BaseMod","KinomotoSakuraMod(ƒæ÷Æ±æ”£)","Minty Spire (QoL Compilation)","Reimu£®≤©¿ˆ¡È√Œ£©","Remilia£®¿Ÿ√◊¿Ú—«£©","StSLib","The Bug Knight","°æ“≈ŒÔø®≈∆°øREMEMod"],"gold_per_floor":[117,117,128,145,145,145,163,163,163,207,221,260,107,138,138,138,138],"floor_reached":16,"language":"ZHS","playtime":2889,"items_purged":["ats:Strike V"],"score":168,"play_id":"e9d39ef2-d772-4a17-9606-5fdf7f08257d","local_time":"20210129150305","is_ascension_mode":true,"campfire_choices":[{"data":"ats:Calcification","floor":6.0,"key":"SMITH"},{"data":"ats:Literary Storm","floor":8.0,"key":"SMITH"},{"data":"ats:Closed Bolt Burst Fire","floor":15,"key":"SMITH"}],"circlet_count":0,"master_deck":["ats:Strike C","ats:Strike G","ats:Strike S","ats:Armor Crushing Shot","ats:Defend","ats:Defend","ats:Defend","ats:Emotion Absorption","ats:Calcification+1","ats:Literary Storm+1","ats:Wolf Pack","ats:Closed Bolt Burst Fire+1","ats:Apocalypse","ats:Guard Mode"],"relics":["ats:Sanity","AT_ATBox","REME_ComplimentaryCards","Golden Idol","Mercury Hourglass","ats:Originium","ats:Industrial Water Cannon","WingedGreaves","Pear"],"acts_visited":["Exordium"],"potions_floor_usage":[10,12,16],"damage_taken":[{"damage":2.0,"enemies":"2 Louse","floor":1.0,"turns":6.0},{"damage":0.0,"enemies":"Small Slimes","floor":3.0,"turns":4.0},{"damage":2.0,"enemies":"Jaw Worm","floor":4.0,"turns":6.0},{"damage":3.0,"enemies":"2 Fungi Beasts","floor":7.0,"turns":5.0},{"damage":29,"enemies":"Gremlin Nob","floor":10,"turns":4},{"damage":5,"enemies":"Exordium Wildlife","floor":11,"turns":8},{"damage":24,"enemies":"HollowMod:MossKnight","floor":12,"turns":10},{"damage":2,"enemies":"Lagavulin","floor":14,"turns":12},{"damage":60,"enemies":"Hexaghost","floor":16,"turns":12}],"seed_played":"8777905745095681863","potions_obtained":[{"floor":3.0,"key":"SpeedPotion"},{"floor":4.0,"key":"LiquidMemories"},{"floor":11,"key":"ColorlessPotion"},{"floor":12,"key":"ats:Emergency Sanity Potion"},{"floor":14,"key":"BlessingOfTheForge"}],"is_trial":false,"path_per_floor":["M","?","M","M","?","R","M","R","T","E","M","E","$","E","R","B"],"character_chosen":"DOCTOR_CLASS","items_purchased":["ats:Apocalypse","ats:Guard Mode"],"campfire_rested":0,"item_purchase_floors":[13,13],"current_hp_per_floor":[66,66,68,68,50,50,49,49,49,21,20,12,12,39,39,0,0],"gold":138,"neow_bonus":"ONE_RANDOM_RARE_CARD","is_daily":false,"chose_seed":false,"campfire_upgraded":3,"win_rate":0.0,"timestamp":1611903785,"path_taken":["M","?","M","M","?","R","M","R","T","E","M","E","$","E","R","BOSS"],"items_purchased_type":["Card","Card"],"build_version":"2020-12-22","purchased_purges":1,"victory":false,"max_hp_per_floor":[72,72,72,72,72,72,72,72,72,72,72,72,72,82,82,82,82],"card_choices":[{"not_picked":["ats:Closed Bolt Burst Fire","ats:Hammer On","ats:Cat Scratch"],"picked":"SKIP","floor":1.0},{"not_picked":["ats:Leaping Hammer","ats:Very Hot Blade","ats:Absolute Focus"],"picked":"SKIP","floor":3.0},{"not_picked":["ats:Thorns","ats:Curse Doll","ats:Collapsing Strike"],"picked":"SKIP","floor":4.0},{"not_picked":["ats:Directed Diagnosis","ats:Roar Of Ursus"],"picked":"ats:Literary Storm","floor":7.0},{"not_picked":["ats:Support Order","ats:Consecutive Shot Auto"],"picked":"ats:Wolf Pack","floor":10},{"not_picked":["ats:Explosion Area Strengthen","ats:Flexible Camouflage"],"picked":"ats:Closed Bolt Burst Fire","floor":11},{"not_picked":["ats:Cat Scratch","ats:Support Order","ats:Burning Ground"],"picked":"SKIP","floor":12},{"not_picked":["ats:Healing Drone","ats:Directed Diagnosis","ats:Sunburst"],"picked":"SKIP","floor":14}],"player_experience":188206,"relics_obtained":[{"floor":9.0,"key":"Mercury Hourglass"},{"floor":10,"key":"ats:Originium"},{"floor":10,"key":"ats:Industrial Water Cannon"},{"floor":12,"key":"ats:Originium"},{"floor":12,"key":"WingedGreaves"},{"floor":14,"key":"ats:Originium"},{"floor":14,"key":"Pear"}],"event_choices":[{"cards_removed":["ats:Defend"],"damage_healed":0.0,"max_hp_gain":0.0,"max_hp_loss":0.0,"gold_gain":0.0,"event_name":"Living Wall","player_choice":"Forget","floor":2.0,"gold_loss":0.0,"damage_taken":0.0},{"damage_healed":0.0,"max_hp_gain":0.0,"max_hp_loss":0.0,"gold_gain":0.0,"event_name":"Golden Idol","player_choice":"Take Damage","floor":5.0,"gold_loss":0.0,"damage_taken":18.0,"relics_obtained":["Golden Idol"]}],"is_beta":false,"boss_relics":[],"items_purged_floors":[13],"is_endless":false,"potions_floor_spawned":[3,4,11,12,14],"killed_by":"Hexaghost","ascension_level":8}}