{"host":"snjtcuf7krqplf70","time":1611958196,"event":{"mods":["AchievementEnabler","BaseMod","Colored Map","Colored Powertips","Minty Spire (QoL Compilation)","StSLib"],"gold_per_floor":[115,125,125,143,0,35,53,53,77,110,110,110,129,145,145,241,241,259,155,80,99,99,131,31,31,31,50,64,93,108,108,108,211,211,224,234,234,234,252,284,284,296,296,296,87,87,87],"floor_reached":46,"language":"ENG","playtime":2265,"items_purged":["Strike_P","Strike_P","Strike_P"],"score":578,"play_id":"8fb7b7c7-8e2f-4441-bfec-a6e4c6bbd264","local_time":"20210129140956","is_ascension_mode":true,"campfire_choices":[{"data":"Vault","floor":8,"key":"SMITH"},{"data":"PathToVictory","floor":12,"key":"SMITH"},{"floor":15,"key":"REST"},{"data":"PathToVictory","floor":25,"key":"SMITH"},{"data":"PathToVictory","floor":32,"key":"SMITH"},{"floor":41,"key":"RECALL"},{"floor":44,"key":"DIG"}],"circlet_count":0,"master_deck":["Defend_P","Defend_P","Eruption","Vigilance","PathToVictory+1","Evaluate","EmptyBody","PathToVictory+1","EmptyMind","Vault+1","Sanctity","ThirdEye","PathToVictory+1","JustLucky+1","Sanctity+1","Madness","Madness","WaveOfTheHand+1","Flash of Steel"],"relics":["PureWater","NeowsBlessing","Blood Vial","DollysMirror","Bag of Preparation","Mercury Hourglass","SlaversCollar","MealTicket","Anchor","Potion Belt","Yang","Runic Dome","WingedGreaves","Shovel","Omamori"],"acts_visited":["Exordium","TheCity","TheBeyond"],"potions_floor_usage":[6,10,13,16,18,33,40,40,42],"damage_taken":[{"damage":0,"enemies":"Cultist","floor":1,"turns":1},{"damage":0,"enemies":"2 Louse","floor":2,"turns":1},{"damage":0,"enemies":"Small Slimes","floor":4,"turns":1},{"damage":13,"enemies":"Lagavulin","floor":6,"turns":5},{"damage":7,"enemies":"Exordium Thugs","floor":7,"turns":4},{"damage":12,"enemies":"Gremlin Nob","floor":10,"turns":4},{"damage":16,"enemies":"Red Slaver","floor":13,"turns":4},{"damage":0,"enemies":"Blue Slaver","floor":14,"turns":3},{"damage":0,"enemies":"The Guardian","floor":16,"turns":7},{"damage":13,"enemies":"Spheric Guardian","floor":18,"turns":5},{"damage":0,"enemies":"3 Byrds","floor":21,"turns":4},{"damage":11,"enemies":"Slavers","floor":23,"turns":7},{"damage":0,"enemies":"Cultist and Chosen","floor":27,"turns":5},{"damage":0,"enemies":"Shelled Parasite and Fungi","floor":28,"turns":3},{"damage":6,"enemies":"Book of Stabbing","floor":29,"turns":4},{"damage":7,"enemies":"Centurion and Healer","floor":30,"turns":3},{"damage":1,"enemies":"Champ","floor":33,"turns":7},{"damage":1,"enemies":"3 Darklings","floor":35,"turns":4},{"damage":2,"enemies":"3 Shapes","floor":36,"turns":4},{"damage":0,"enemies":"3 Darklings","floor":39,"turns":3},{"damage":27,"enemies":"Nemesis","floor":40,"turns":6},{"damage":8,"enemies":"Maw","floor":42,"turns":5},{"damage":49,"enemies":"Reptomancer","floor":46,"turns":2}],"seed_played":"-1888077928115165931","potions_obtained":[{"floor":4,"key":"Explosive Potion"},{"floor":7,"key":"DuplicationPotion"},{"floor":10,"key":"ColorlessPotion"},{"floor":13,"key":"Weak Potion"},{"floor":16,"key":"ColorlessPotion"},{"floor":23,"key":"AttackPotion"},{"floor":29,"key":"BottledMiracle"},{"floor":30,"key":"ColorlessPotion"},{"floor":33,"key":"BlessingOfTheForge"},{"floor":36,"key":"Dexterity Potion"}],"is_trial":false,"path_per_floor":["M","M","?","M","$","E","M","R","T","E","?","R","M","M","R","B",null,"M","?","$","M","?","E","$","R","T","M","M","E","M","$","R","B",null,"M","M","?","?","M","E","R","M","T","R","$","E"],"character_chosen":"WATCHER","items_purchased":["DollysMirror","Flash of Steel"],"campfire_rested":1,"item_purchase_floors":[5,45],"current_hp_per_floor":[72,72,47,49,49,38,33,33,33,23,23,23,9,11,32,34,72,59,59,72,72,72,61,72,72,72,72,72,66,61,72,72,71,72,71,70,61,61,63,38,38,32,32,32,47,0,0],"gold":87,"neow_bonus":"THREE_ENEMY_KILL","is_daily":false,"chose_seed":false,"campfire_upgraded":4,"win_rate":0.0,"timestamp":1611958196,"path_taken":["M","?","?","M","$","E","M","R","T","E","?","R","?","M","R","BOSS","M","?","?","M","?","E","$","R","T","M","?","E","M","?","R","BOSS","M","M","?","?","M","E","R","?","T","R","$","E"],"items_purchased_type":["Relic","Card"],"build_version":"2020-12-22","purchased_purges":3,"victory":false,"max_hp_per_floor":[72,72,72,72,72,72,72,72,72,72,72,72,72,72,72,72,72,72,72,72,72,72,72,72,72,72,72,72,72,72,72,72,72,72,72,72,72,72,72,72,72,72,72,72,72,72,72],"card_choices":[{"not_picked":["JustLucky","MentalFortress"],"picked":"PathToVictory","floor":1},{"not_picked":["FlurryOfBlows","Halt"],"picked":"Evaluate","floor":2},{"not_picked":["EmptyFist","FearNoEvil"],"picked":"EmptyBody","floor":4},{"not_picked":["FollowUp","ClearTheMind"],"picked":"EmptyMind","floor":6},{"not_picked":["Indignation","FlurryOfBlows"],"picked":"Vault","floor":7},{"not_picked":["ThirdEye","ClearTheMind"],"picked":"Sanctity","floor":10},{"not_picked":["FollowUp","Worship","EmptyMind"],"picked":"SKIP","floor":13},{"not_picked":["Adaptation","SashWhip","Halt"],"picked":"SKIP","floor":14},{"not_picked":["FollowUp","JustLucky","Prostrate"],"picked":"SKIP","floor":18},{"not_picked":["ReachHeaven","SashWhip"],"picked":"ThirdEye","floor":21},{"not_picked":["CutThroughFate","EmptyFist","Crescendo"],"picked":"SKIP","floor":23},{"not_picked":["Crescendo+1","FollowUp"],"picked":"PathToVictory","floor":27},{"not_picked":["BowlingBash+1","EmptyFist","FollowUp"],"picked":"SKIP","floor":28},{"not_picked":["Consecrate","Indignation","ClearTheMind"],"picked":"SKIP","floor":29},{"not_picked":["Prostrate","MasterReality"],"picked":"JustLucky+1","floor":30},{"not_picked":["FearNoEvil+1","Consecrate","WheelKick+1"],"picked":"SKIP","floor":35},{"not_picked":["ClearTheMind+1","Crescendo"],"picked":"Sanctity+1","floor":36},{"not_picked":["SashWhip","BowlingBash+1","Crescendo+1"],"picked":"SKIP","floor":39},{"not_picked":["Vengeance+1","FearNoEvil+1"],"picked":"WaveOfTheHand+1","floor":40},{"not_picked":["Prostrate+1","CutThroughFate","EmptyBody"],"picked":"SKIP","floor":42}],"player_experience":148183,"relics_obtained":[{"floor":6,"key":"Bag of Preparation"},{"floor":10,"key":"Mercury Hourglass"},{"floor":23,"key":"Anchor"},{"floor":26,"key":"Potion Belt"},{"floor":29,"key":"Yang"},{"floor":40,"key":"WingedGreaves"},{"floor":43,"key":"Shovel"},{"floor":44,"key":"Omamori"}],"event_choices":[{"damage_healed":0,"gold_gain":0,"player_choice":"Success","damage_taken":25,"relics_obtained":["Blood Vial"],"max_hp_gain":0,"max_hp_loss":0,"event_name":"Scrap Ooze","floor":3,"gold_loss":0},{"cards_removed":["Defend_P"],"damage_healed":0,"gold_gain":0,"player_choice":"Purged","damage_taken":0,"max_hp_gain":0,"max_hp_loss":0,"event_name":"Purifier","floor":11,"gold_loss":0},{"damage_healed":0,"gold_gain":0,"player_choice":"Paid Gold","damage_taken":0,"relics_obtained":["MealTicket"],"max_hp_gain":0,"max_hp_loss":0,"event_name":"WeMeetAgain","floor":19,"gold_loss":104},{"cards_removed":["Strike_P"],"damage_healed":0,"gold_gain":0,"player_choice":"Elegance","damage_taken":0,"max_hp_gain":0,"max_hp_loss":0,"event_name":"Back to Basics","floor":22,"gold_loss":0},{"damage_healed":0,"gold_gain":0,"player_choice":"Embrace Madness","damage_taken":9,"max_hp_gain":0,"max_hp_loss":0,"event_name":"Winding Halls","floor":37,"gold_loss":0,"cards_obtained":["Madness","Madness"]},{"cards_removed":["Defend_P"],"damage_healed":0,"gold_gain":0,"player_choice":"Purged","damage_taken":0,"max_hp_gain":0,"max_hp_loss":0,"event_name":"Purifier","floor":38,"gold_loss":0}],"is_beta":false,"boss_relics":[{"not_picked":["Busted Crown","Fusion Hammer"],"picked":"SlaversCollar"},{"not_picked":["Coffee Dripper","Cursed Key"],"picked":"Runic Dome"}],"items_purged_floors":[20,24,45],"is_endless":false,"potions_floor_spawned":[4,7,10,13,16,23,29,30,33,36],"killed_by":"Reptomancer","ascension_level":1}}