{"host":"0fmi5fguj5lvt8pf","time":1611913557,"event":{"mods":["BaseMod","Colored Map","Curses Come First","Downfall","Minty Spire (QoL Compilation)","Permanent Neow","StSLib"],"gold_per_floor":[99,99,549,549,649,649,649,664,693,693,257,283,298,398,416,416,416],"floor_reached":16,"language":"ENG","playtime":860,"items_purged":["downfall:Malfunctioning"],"score":106,"play_id":"9a6ea644-e816-414d-a381-64c371111a5a","local_time":"20210129014557","is_ascension_mode":false,"campfire_choices":[{"data":"champ:Taunt","floor":1.0,"key":"SMITH"}],"circlet_count":0,"master_deck":["champ:Strike+1","champ:Strike","champ:Strike+1","champ:Strike","champ:Defend","champ:Defend+1","champ:Defend","champ:Execute","champ:Taunt+1","champ:Backstep","downfall:Icky","downfall:Icky","downfall:Icky","champ:FancyFootwork","champ:FanOfKnives+1","champ:FanOfKnives","champ:CalledShot","champ:RisingSlash","champ:ViciousMockery","champ:BerserkerStyle"],"relics":["champ:ChampionCrown","downfall:HeartsMalice","downfall:ShatteredFragment","Potion Belt","Darkstone Periapt","Matryoshka","Peace Pipe","champ:GladiatorsBookOfMartialProwess"],"acts_visited":["Exordium"],"potions_floor_usage":[14,14,16,16],"damage_taken":[{"damage":0.0,"enemies":"Small Slimes","floor":2.0,"turns":1.0},{"damage":0.0,"enemies":"downfall:LadyInBlue","floor":5.0,"turns":1.0},{"damage":0.0,"enemies":"Jaw Worm","floor":6.0,"turns":1.0},{"damage":30.0,"enemies":"Cultist","floor":8.0,"turns":2.0},{"damage":35.0,"enemies":"Lagavulin","floor":9.0,"turns":7.0},{"damage":20.0,"enemies":"downfall:FleeingMerchant","floor":11.0,"turns":4.0},{"damage":26,"enemies":"Gremlin Nob","floor":12,"turns":3},{"damage":15,"enemies":"Large Slime","floor":13,"turns":5},{"damage":26,"enemies":"downfall:Heads","floor":14,"turns":3},{"damage":30,"enemies":"Exordium Thugs","floor":15,"turns":3},{"damage":16,"enemies":"SI_SHIV_ARCHETYPE","floor":16,"turns":3}],"seed_played":"-692756041865396470","potions_obtained":[{"floor":5.0,"key":"Slimebound:ThreeZeroPotion"},{"floor":5.0,"key":"SmokeBomb"},{"floor":5.0,"key":"Slimebound:ThreeZeroPotion"},{"floor":12,"key":"Explosive Potion"},{"floor":13,"key":"Slimebound:ThreeZeroPotion"},{"floor":14,"key":"hexamod:SoulburnPotion"},{"floor":15,"key":"bronze:BurnAndBuffPotion"}],"is_trial":false,"path_per_floor":["R","M","?","?","?","M","T","M","E","?","$","E","M","?","M","B"],"character_chosen":"THE_CHAMP","items_purchased":["Peace Pipe","champ:RisingSlash"],"campfire_rested":0,"item_purchase_floors":[11,11],"current_hp_per_floor":[90,90,90,63,63,63,63,63,58,64,54,48,48,42,37,21,21,21],"gold":416,"neow_bonus":"THREE_ENEMY_KILL","is_daily":false,"chose_seed":false,"campfire_upgraded":1,"win_rate":0.0,"timestamp":1611913557,"path_taken":["R","M","?","?","?","M","T","?","E","?","$","E","M","?","M","BOSS"],"items_purchased_type":["Relic","Card"],"build_version":"2020-12-22","purchased_purges":1,"victory":false,"max_hp_per_floor":[90,90,90,90,90,90,90,90,90,96,96,96,96,96,96,96,96,96],"card_choices":[{"not_picked":["champ:HeartStrike","champ:StanceDance"],"picked":"champ:Backstep","floor":2.0},{"not_picked":["champ:CalledShot","champ:DeathBlow"],"picked":"champ:FancyFootwork","floor":5.0},{"not_picked":["champ:BerserkersShout","champ:PerfectedStrike","champ:CrownThrow"],"picked":"SKIP","floor":6.0},{"not_picked":["champ:DefensiveShout","champ:ShieldSigil"],"picked":"champ:FanOfKnives","floor":8.0},{"not_picked":["champ:ShieldSigil","champ:Devastate"],"picked":"champ:FanOfKnives","floor":9.0},{"not_picked":["champ:BerserkersShout","champ:BladeFlurry"],"picked":"champ:CalledShot","floor":11.0},{"not_picked":["champ:HeavySlash","champ:DefensiveShout","champ:TornadoPunch"],"picked":"SKIP","floor":12},{"not_picked":["champ:PreemptiveStrike","champ:Parry","champ:PreciseThrust"],"picked":"SKIP","floor":13},{"not_picked":["champ:Shatter","champ:Lariat"],"picked":"champ:ViciousMockery","floor":14},{"not_picked":["champ:HeartStrike","champ:TornadoPunch"],"picked":"champ:BerserkerStyle","floor":15}],"player_experience":1446765,"relics_obtained":[{"floor":5.0,"key":"Potion Belt"},{"floor":7.0,"key":"Darkstone Periapt"},{"floor":9.0,"key":"Matryoshka"},{"floor":12,"key":"champ:GladiatorsBookOfMartialProwess"}],"event_choices":[],"is_beta":false,"boss_relics":[],"items_purged_floors":[11],"is_endless":false,"potions_floor_spawned":[12,13,14,15],"killed_by":"SI_SHIV_ARCHETYPE","ascension_level":0}}