{"host":"otdcrrn8ri3oipri","time":1611897957,"event":{"mods":["BaseMod","Downfall","Hermit","Marisa????????","Minty Spire (QoL Compilation)","StSLib","The Cursed"],"gold_per_floor":[113,125,50,50,61,94,109,109,134,150,150,162,187,203,203,302,352,362,362,372,69,69,69,69],"floor_reached":23,"language":"ENG","playtime":1541,"items_purged":["hermit:Strike_Hermit","hermit:Defend_Hermit"],"score":280,"play_id":"ea3f7ed4-57be-403c-8463-f5d547253bca","local_time":"20210128232557","is_ascension_mode":false,"campfire_choices":[{"floor":8,"key":"REST"},{"data":"hermit:ShadowCloak","floor":15,"key":"SMITH"}],"circlet_count":0,"master_deck":["hermit:Strike_Hermit","hermit:Strike_Hermit","hermit:Strike_Hermit+1","hermit:Defend_Hermit+1","hermit:Defend_Hermit","hermit:Snapshot","hermit:Covet+1","hermit:SprayPray","hermit:ItchyTrigger","hermit:FinalCanter","hermit:Shortfuse","hermit:DeadMansHand","hermit:Misfire","hermit:Malice","hermit:Midnight","hermit:ShadowCloak+1","hermit:Cheat","hermit:Reprieve","hermit:Quickdraw","hermit:CursedWeapon","hermit:Adapt"],"relics":["hermit:Momento","PreservedInsect","Blood Vial","hermit:RyeStalk","Tiny House","Bag of Preparation"],"acts_visited":["Exordium","TheCity"],"potions_floor_usage":[6,16,16,18,20,22,22,23],"damage_taken":[{"damage":6,"enemies":"Jaw Worm","floor":1,"turns":5},{"damage":0,"enemies":"2 Louse","floor":2,"turns":2},{"damage":1,"enemies":"Cultist","floor":5,"turns":3},{"damage":19,"enemies":"3 Sentries","floor":6,"turns":8},{"damage":11,"enemies":"Large Slime","floor":7,"turns":3},{"damage":7,"enemies":"Blue Slaver","floor":10,"turns":2},{"damage":8,"enemies":"Lots of Slimes","floor":12,"turns":4},{"damage":0,"enemies":"Gremlin Nob","floor":13,"turns":2},{"damage":0,"enemies":"Large Slime","floor":14,"turns":5},{"damage":0,"enemies":"Slime Boss","floor":16,"turns":5},{"damage":17,"enemies":"Shell Parasite","floor":18,"turns":5},{"damage":31,"enemies":"Spheric Guardian","floor":20,"turns":6},{"damage":3,"enemies":"3 Cultists","floor":22,"turns":4},{"damage":6,"enemies":"Gremlin Leader","floor":23,"turns":4}],"seed_played":"-8437958082282386067","potions_obtained":[{"floor":2,"key":"hermit:BlackBile"},{"floor":5,"key":"Guardian:BlockOnCardUsePotion"},{"floor":12,"key":"FearPotion"},{"floor":14,"key":"Energy Potion"},{"floor":17,"key":"SmokeBomb"},{"floor":18,"key":"Energy Potion"},{"floor":20,"key":"SkillPotion"}],"is_trial":false,"path_per_floor":["M","M","$","?","M","E","M","R","T","M","?","M","E","M","R","B",null,"M","?","M","$","M","E"],"character_chosen":"HERMIT","items_purchased":["Bag of Preparation","PowerPotion"],"campfire_rested":1,"item_purchase_floors":[21,21],"current_hp_per_floor":[76,76,76,60,59,40,29,53,53,48,48,42,44,46,46,48,87,70,87,56,56,55,51,51],"gold":69,"neow_bonus":"TEN_PERCENT_HP_BONUS","is_daily":false,"chose_seed":false,"campfire_upgraded":1,"win_rate":0.0,"timestamp":1611897957,"path_taken":["M","M","$","?","M","E","M","R","T","M","?","M","E","?","R","BOSS","M","?","M","$","M","E"],"items_purchased_type":["Relic","Potion"],"build_version":"2020-12-22","purchased_purges":2,"victory":false,"max_hp_per_floor":[82,82,82,82,82,82,82,82,82,82,82,82,82,82,82,82,87,87,87,87,87,87,87,87],"card_choices":[{"not_picked":["hermit:HighCaliber","hermit:Glare"],"picked":"hermit:SprayPray","floor":1},{"not_picked":["hermit:CalledShot","hermit:Manifest"],"picked":"hermit:ItchyTrigger","floor":2},{"not_picked":["hermit:WideOpen","hermit:Dive"],"picked":"hermit:FinalCanter","floor":5},{"not_picked":["hermit:BigShot","hermit:Desperado"],"picked":"hermit:Shortfuse","floor":6},{"not_picked":["hermit:Spite","hermit:TakeAim"],"picked":"hermit:DeadMansHand","floor":7},{"not_picked":["hermit:HoleUp","hermit:CalledShot"],"picked":"hermit:Misfire","floor":10},{"not_picked":["hermit:PistolWhip","hermit:LowProfile"],"picked":"hermit:Midnight","floor":12},{"not_picked":["hermit:Coalescence","hermit:Dive"],"picked":"hermit:ShadowCloak","floor":13},{"not_picked":["hermit:Horror","hermit:Desperado"],"picked":"hermit:Cheat","floor":14},{"not_picked":["hermit:EternalForm","hermit:Purgatory"],"picked":"hermit:Reprieve","floor":16},{"not_picked":["hermit:Malice","hermit:SprayPray"],"picked":"hermit:Quickdraw","floor":17},{"not_picked":["hermit:HoleUp+1","hermit:Shortfuse"],"picked":"hermit:CursedWeapon","floor":18},{"not_picked":["hermit:Glare","hermit:ItchyTrigger"],"picked":"hermit:Adapt","floor":20}],"player_experience":50805,"relics_obtained":[{"floor":6,"key":"PreservedInsect"},{"floor":9,"key":"Blood Vial"},{"floor":13,"key":"hermit:RyeStalk"}],"event_choices":[{"damage_healed":0,"gold_gain":0,"player_choice":"Entered Light","damage_taken":16,"max_hp_gain":0,"max_hp_loss":0,"event_name":"Shining Light","floor":4,"gold_loss":0,"cards_upgraded":["hermit:Strike_Hermit","hermit:Defend_Hermit"]},{"damage_healed":0,"gold_gain":0,"cards_transformed":["hermit:Defend_Hermit"],"player_choice":"Transformed","damage_taken":0,"max_hp_gain":0,"max_hp_loss":0,"event_name":"Transmorgrifier","floor":11,"gold_loss":0,"cards_obtained":["hermit:Malice"]},{"damage_healed":29,"gold_gain":0,"player_choice":"Heal","damage_taken":0,"max_hp_gain":0,"max_hp_loss":0,"event_name":"The Library","floor":19,"gold_loss":0}],"is_beta":false,"boss_relics":[{"not_picked":["Runic Dome","Fusion Hammer"],"picked":"Tiny House"}],"items_purged_floors":[3,21],"is_endless":false,"potions_floor_spawned":[2,5,12,14,18,20,22],"killed_by":"Gremlin Leader","ascension_level":0}}