{"host":"hn99riirbf0lv0ml","time":1611963082,"event":{"mods":["AchievementEnabler","Act Like it!","Bard","BaseMod","Beaked The Cultist","Colored Map","Colored Powertips","Conspire","Curses Come First","Downfall","Duelist Mod","Friendly Minions","Gensokyo","GifTheSpireLib","Glutton Mod","Halation","Jorbs\u0027s Wanderer Trilogy","Mad Scientist","Marisa????????","Minty Spire (QoL Compilation)","Rare Cards Sparkle","Replay The Spire","StSLib","The Blackbeard","The Bug Knight","The Construct","The Cursed","The Disciple","The Mystic","The Runesmith","The Servant 0.9.4","The Witch"],"gold_per_floor":[119,119,44,44,59,59,76,76,76,76,76,88,88,2,2,105,105,115,75,394,202,202,202,218,218,291,302,302,317,317,331,331,433,433,451,469,482,501,501,501,501,145,145,159,200,411,411,411,411,411],"floor_reached":51,"language":"ENG","playtime":24235,"items_purged":["Glutton:Strike","Glutton:Strike"],"score":662,"play_id":"264ebb27-a8fb-4c42-9194-7f8526e95ad3","local_time":"20210129183122","is_ascension_mode":false,"campfire_choices":[{"floor":6,"key":"REST"},{"data":"Glutton:SelfFlagellate","floor":8,"key":"SMITH"},{"floor":15,"key":"REST"},{"floor":23,"key":"REST"},{"data":"Glutton:Salivate","floor":25,"key":"SMITH"},{"floor":32,"key":"REST"},{"data":"Glutton:Revivification","floor":40,"key":"SMITH"},{"floor":47,"key":"REST"},{"data":"Glutton:Retaliation","floor":49,"key":"SMITH"}],"circlet_count":0,"master_deck":["Glutton:Strike","Glutton:Strike","Glutton:Strike","Glutton:Defend","Glutton:Defend","Glutton:Defend","Glutton:LashOut+1","Glutton:Bite","Glutton:SelfFlagellate+1","Glutton:Dispepsia","Glutton:Malignancy+1","Glutton:Retaliation+1","Glutton:Slam","Glutton:Salivate+1","Glutton:KneeJerk","Glutton:Revivification+1","Glutton:Tantrum","Glutton:StarvationMode","Glutton:Yearn+1","Glutton:Brace+1","Glutton:Inversion","Glutton:Masochism+1","Glutton:Slam+1","Glutton:KneeJerk+1","Glutton:SelfFlagellate","Gensokyo:Kunekune","Gensokyo:ReactiveArmor","Gensokyo:LockedMedkit","Glutton:Borborygmi+1","Glutton:Autotomy+1","Glutton:Dispepsia+1","Glutton:DistilledAgony","Gensokyo:BrilliantDragonBullet"],"relics":["Glutton:EternalHunger","Strawberry","Ancient Tea Set","Happy Flower","Iron Hammer","Gensokyo:CelestialsFlawlessClothing","halation:EternalFortune","halation:PinkAlligatorPlush","Replay:Bottled Flurry","Replay:Bottled Snecko","Blood Vial","ReplayTheSpireMod:Shallot","Gambling Chip"],"acts_visited":["Gensokyo:Gensokyo","Gensokyo:Gensokyoer","Gensokyo:Gensokyoest"],"potions_floor_usage":[16,29,35,37,45,50,50],"damage_taken":[{"damage":12,"enemies":"Gensokyo:Python","floor":1,"turns":3},{"damage":7,"enemies":"Gensokyo:2_Kodama","floor":5,"turns":3},{"damage":3,"enemies":"Gensokyo:3_Fairies","floor":7,"turns":3},{"damage":5,"enemies":"Gensokyo:LivingMonolith","floor":12,"turns":2},{"damage":71,"enemies":"Gensokyo:Reimu","floor":16,"turns":11},{"damage":57,"enemies":"Gensokyo:CosmicMonolith","floor":18,"turns":5},{"damage":27,"enemies":"Gensokyo:2_Gloops","floor":20,"turns":5},{"damage":40,"enemies":"Gensokyo:Wraith","floor":24,"turns":5},{"damage":13,"enemies":"Gensokyo:Slime_Group","floor":27,"turns":3},{"damage":49,"enemies":"Gensokyo:Monolith_and_Dog","floor":29,"turns":4},{"damage":14,"enemies":"Gensokyo:Swordslinger","floor":31,"turns":3},{"damage":71,"enemies":"Gensokyo:Eternal_Rivals","floor":33,"turns":7},{"damage":34,"enemies":"Gensokyo:AncientGuardian","floor":35,"turns":7},{"damage":43,"enemies":"Gensokyo:3_Boulders","floor":36,"turns":6},{"damage":24,"enemies":"Gensokyo:4_Bats","floor":37,"turns":4},{"damage":82,"enemies":"Gensokyo:AtlasGolem","floor":38,"turns":9},{"damage":40,"enemies":"Gensokyo:SeedOfUnknown","floor":44,"turns":7},{"damage":163,"enemies":"conspire:MimicChest","floor":45,"turns":15},{"damage":22,"enemies":"Gensokyo:Dusk_and_Dawn","floor":46,"turns":6},{"damage":48,"enemies":"Gensokyo:Yuyuko","floor":50,"turns":8}],"seed_played":"-1000214929726076832","potions_obtained":[{"floor":1,"key":"Dexterity Potion"},{"floor":12,"key":"FairyPotion"},{"floor":16,"key":"FearPotion"},{"floor":18,"key":"Slimebound:ThreeZeroPotion"},{"floor":31,"key":"DuplicationPotion"},{"floor":33,"key":"Fire Potion"},{"floor":38,"key":"ColorlessPotion"},{"floor":44,"key":"FairyPotion"},{"floor":45,"key":"LiquidBronze"}],"is_trial":false,"path_per_floor":["M","?","$","?","M","R","M","R","T","$","?","M","?","COS","R","B",null,"M","?","M","$","?","R","M","R","T","M","?","M","?","M","R","B",null,"M","M","M","M","?","R","T","COS","T","M","?","M","R","?","R","B",null],"character_chosen":"GLUTTON","items_purchased":["Glutton:KneeJerk","Glutton:Revivification"],"campfire_rested":5,"item_purchase_floors":[21,21],"current_hp_per_floor":[105,80,80,80,73,111,112,112,112,112,81,78,81,81,120,64,130,82,82,57,57,57,96,61,61,61,50,50,4,4,28,64,123,123,94,56,34,86,86,86,86,86,86,50,77,60,97,97,97,97],"gold":411,"neow_bonus":"RANDOM_EVENT","is_daily":false,"chose_seed":false,"campfire_upgraded":4,"win_rate":0.0,"timestamp":1611963082,"path_taken":["M","?","$","?","M","R","?","R","T","?","?","M","?","COS","R","BOSS","M","?","M","$","?","R","M","R","T","M","?","M","?","?","R","BOSS","M","?","M","M","?","R","?","COS","T","M","?","?","R","?","R","BOSS"],"items_purchased_type":["Card","Card"],"build_version":"2020-12-22","purchased_purges":2,"victory":true,"max_hp_per_floor":[127,127,127,127,127,127,127,127,127,127,127,127,130,130,130,130,130,130,130,130,130,130,130,130,130,130,130,130,130,120,120,120,123,123,123,126,126,126,126,126,126,126,126,126,126,126,126,126,126,127],"card_choices":[{"not_picked":["Glutton:Scab","Glutton:Treat"],"picked":"Glutton:LashOut","floor":1},{"not_picked":["Glutton:Scab","Glutton:LashOut"],"picked":"Glutton:Bite","floor":5},{"not_picked":["Glutton:Profligacy","Glutton:Salivate"],"picked":"Glutton:SelfFlagellate","floor":7},{"not_picked":["Glutton:GnawingHunger","Glutton:Demolish"],"picked":"Glutton:Dispepsia","floor":12},{"not_picked":["Glutton:Nostalgia+1","Glutton:EatAlive+1"],"picked":"Glutton:Malignancy+1","floor":16},{"not_picked":["Glutton:Fast","Glutton:Avarice"],"picked":"Glutton:Retaliation","floor":16},{"not_picked":["Glutton:Tantrum","Glutton:Borborygmi"],"picked":"Glutton:Slam","floor":18},{"not_picked":["Glutton:Fever","Glutton:LashOut+1"],"picked":"Glutton:Salivate","floor":20},{"not_picked":["Glutton:Thrombosis","Glutton:Rest"],"picked":"Glutton:Tantrum","floor":24},{"not_picked":["Glutton:GnawingHunger","Glutton:Brace"],"picked":"Glutton:StarvationMode","floor":27},{"not_picked":["Glutton:Tantrum","Glutton:Demolish"],"picked":"Glutton:Yearn+1","floor":29},{"not_picked":["Glutton:Tumor","Glutton:Dispepsia"],"picked":"Glutton:Brace+1","floor":31},{"not_picked":["Glutton:Enfeeblement","Glutton:Retaliation"],"picked":"Glutton:Inversion","floor":33},{"not_picked":["Glutton:GnawingHunger+1","Glutton:Feed+1"],"picked":"Glutton:Masochism+1","floor":35},{"not_picked":["Glutton:Overreach","Glutton:Feed"],"picked":"Glutton:Slam+1","floor":36},{"not_picked":["Glutton:Thrombosis","Glutton:Migraine"],"picked":"Glutton:KneeJerk+1","floor":37},{"not_picked":["Glutton:Loot+1","Glutton:GnawingHunger+1"],"picked":"Glutton:SelfFlagellate","floor":38},{"not_picked":["Glutton:Slam+1","Glutton:BloodyKnuckle+1"],"picked":"Glutton:Borborygmi+1","floor":44},{"not_picked":["Glutton:Toxicity","Glutton:Tumor+1"],"picked":"Glutton:Autotomy+1","floor":44},{"not_picked":["Glutton:Yearn+1","Glutton:Fast"],"picked":"Glutton:Dispepsia+1","floor":45},{"not_picked":["Glutton:Scab","Glutton:Yearn"],"picked":"Glutton:DistilledAgony","floor":46},{"not_picked":["Gensokyo:NewMoon","Gensokyo:MorningMist"],"picked":"Gensokyo:BrilliantDragonBullet","floor":48}],"player_experience":303819,"relics_obtained":[{"floor":9,"key":"Iron Hammer"},{"floor":26,"key":"Replay:Bottled Flurry"},{"floor":33,"key":"halation:EternalFortune"},{"floor":36,"key":"halation:EternalFortune"},{"floor":41,"key":"Blood Vial"},{"floor":43,"key":"ReplayTheSpireMod:Shallot"},{"floor":45,"key":"Gambling Chip"}],"event_choices":[],"is_beta":false,"boss_relics":[{"not_picked":["Glutton:InfiniteFamine","halation:SmartPhone"],"picked":"halation:PinkAlligatorPlush"},{"not_picked":["Velvet Choker","conspire:RunicOctahedron","Runic Dome"]}],"items_purged_floors":[3,21],"is_endless":false,"potions_floor_spawned":[1,12,16,18,24,31,33,38,44,45],"ascension_level":0}}