{"host":"pgm1p3lvdjflie30","time":1611901759,"event":{"mods":["100% Spire Juice","ATMod(阿瑾Mod)","AchievementEnabler","Alarm Clock","Aspiration","BaseMod","Colored Map","Colored Powertips","Conspire","Dark Map","Dota2Spire","Downfall","Energized Spire","Gremlin Mod","Hermit","Highlight Path","Minty Spire (QoL Compilation)","MostiFishMod","Quarter Circle Forward PUNCH!","Quick Restart","Relic Stats","Replay The Spire","Spicy Shops","StSLib","TestMod","The IronCluck","The Jungle","Waifu the Spire","【?物卡牌】REMEMod","?留之物","篝火指南"],"gold_per_floor":[113,124,124,52,66,79,107,123,149,149,179,4,19,33,33,33,33],"floor_reached":16,"language":"ZHS","playtime":638,"items_purged":["PlaceholderMod:BaseDefend","PlaceholderMod:BaseDefend"],"score":114,"play_id":"018bf8eb-efd5-40d0-ab5d-a3569603a384","local_time":"20210129142919","is_ascension_mode":false,"campfire_choices":[{"floor":10,"key":"RECALL"},{"data":"PlaceholderMod:BaseDefend","floor":15,"key":"PURGE"}],"circlet_count":0,"master_deck":["PlaceholderMod:BaseStrike","PlaceholderMod:BaseStrike","PlaceholderMod:BaseStrike","PlaceholderMod:BaseStrike","PlaceholderMod:BaseStrike","PlaceholderMod:BaseDefend","PlaceholderMod:BaseDefend","PlaceholderMod:Crystal","PlaceholderMod:PoisonWhip","Barricade","AT_DrawKnifeCut","PlaceholderMod:EvolutionSpray","PlaceholderMod:ThreeBenzyolStart","AT_CelerityRune","PlaceholderMod:Internalization","PlaceholderMod:Sweep","PlaceholderMod:OHStrongAttack","PlaceholderMod:StressReaction","PlaceholderMod:SeverePoisonStrike","PlaceholderMod:ProliferateStrike","PlaceholderMod:SprayAttack","PlaceholderMod:CrystallizationStrike"],"relics":["PlaceholderMod:Tancle","AT_ATBox","DaveBox","testmod-TestBox","REME_ComplimentaryCards","testmod-HeartOfStrike","Transparent","NeowsBlessing","SynthV:TestCard","Dota2Spire:UrnOfShadows","Blue Doll","qcfpunch:Chain_With_Nametags"],"acts_visited":["Exordium"],"potions_floor_usage":[13,16,16],"damage_taken":[{"damage":15,"enemies":"Cultist","floor":1,"turns":1},{"damage":15,"enemies":"2 Louse","floor":2,"turns":1},{"damage":15,"enemies":"Small Slimes","floor":5,"turns":1},{"damage":32,"enemies":"Red Slaver","floor":6,"turns":2},{"damage":69,"enemies":"3 Sentries","floor":7,"turns":4},{"damage":30,"enemies":"Lots of Slimes","floor":8,"turns":2},{"damage":49,"enemies":"Lagavulin","floor":11,"turns":3},{"damage":15,"enemies":"Looter","floor":13,"turns":1},{"damage":30,"enemies":"Exordium Thugs","floor":14,"turns":2},{"damage":79,"enemies":"The Guardian","floor":16,"turns":3}],"seed_played":"8698589418188508656","potions_obtained":[{"floor":2,"key":"Dota2Spire:HealingSalve"},{"floor":7,"key":"Toxic Potion"},{"floor":11,"key":"testmod-SpacePotion"},{"floor":13,"key":"BlessingOfTheForge"}],"is_trial":false,"path_per_floor":["M","M","?","$","M","M","E","M","T","R","E","$","M","M","R_BF","B"],"character_chosen":"THE_PLACEHOLDER","items_purchased":["Dota2Spire:UrnOfShadows"],"campfire_rested":0,"item_purchase_floors":[4],"current_hp_per_floor":[78,78,78,78,78,78,55,71,71,71,68,68,78,78,78,0,0],"gold":33,"neow_bonus":"THREE_ENEMY_KILL","is_daily":false,"chose_seed":false,"campfire_upgraded":0,"win_rate":0.0,"timestamp":1611901759,"path_taken":["M","?","?","$","?","M","E","?","T","R","E","?","M","M","R_BF","BOSS"],"items_purchased_type":["Relic"],"build_version":"2020-12-22","purchased_purges":2,"victory":false,"max_hp_per_floor":[78,78,78,78,78,78,78,78,78,78,78,78,78,78,78,78,78],"relic_stats":{"counters":[10,20],"obtain_stats":[{"PlaceholderMod:Tancle":0,"testmod-HeartOfStrike":0,"AT_ATBox":0,"testmod-TestBox":0,"SynthV:TestCard":1,"Dota2Spire:UrnOfShadows":4,"DaveBox":0,"Transparent":0,"NeowsBlessing":0,"Blue Doll":7,"qcfpunch:Chain_With_Nametags":11,"REME_ComplimentaryCards":0},{"PlaceholderMod:Tancle":0,"testmod-HeartOfStrike":0,"AT_ATBox":0,"testmod-TestBox":0,"SynthV:TestCard":1,"Dota2Spire:UrnOfShadows":2,"DaveBox":0,"Transparent":0,"NeowsBlessing":0,"Blue Doll":5,"qcfpunch:Chain_With_Nametags":7,"REME_ComplimentaryCards":0},{"PlaceholderMod:Tancle":0,"testmod-HeartOfStrike":0,"AT_ATBox":0,"testmod-TestBox":0,"SynthV:TestCard":1,"Dota2Spire:UrnOfShadows":2,"DaveBox":0,"Transparent":0,"NeowsBlessing":0,"Blue Doll":9,"qcfpunch:Chain_With_Nametags":14,"REME_ComplimentaryCards":0}]},"card_choices":[{"not_picked":["PlaceholderMod:OHStrongAttack","PlaceholderMod:Hard"],"picked":"PlaceholderMod:EvolutionSpray","floor":1},{"not_picked":["PlaceholderMod:StrongAcid","PlaceholderMod:RadicalHit","PlaceholderMod:PoisonBlast","PlaceholderMod:SprayAttack"],"picked":"PlaceholderMod:ThreeBenzyolStart","floor":2},{"not_picked":["PlaceholderMod:Stable","PlaceholderMod:Crystallization","PlaceholderMod:HardStinger","PlaceholderMod:DissolvingSpikes"],"picked":"PlaceholderMod:Sweep","floor":5},{"not_picked":["PlaceholderMod:DissolvingSpikes","PlaceholderMod:Turn","PlaceholderMod:PoisonAbsorb","PlaceholderMod:HornyBlast"],"picked":"PlaceholderMod:OHStrongAttack","floor":6},{"not_picked":["PlaceholderMod:StrongAcid","PlaceholderMod:Polyp","PlaceholderMod:SubstitutionNucleophilic1","PlaceholderMod:QualitativeChange"],"picked":"PlaceholderMod:StressReaction","floor":7},{"not_picked":["PlaceholderMod:ProliferateStrike","PlaceholderMod:DiffusionChemical","PlaceholderMod:NearChange","PlaceholderMod:HealingAttack"],"picked":"PlaceholderMod:SeverePoisonStrike","floor":8},{"not_picked":["PlaceholderMod:HornyBlast","PlaceholderMod:Eat","PlaceholderMod:ContinueSpray","PlaceholderMod:ConsolidateHit"],"picked":"PlaceholderMod:ProliferateStrike","floor":11},{"not_picked":["PlaceholderMod:DissolvingSpikes","PlaceholderMod:HornyBlast","PlaceholderMod:ConsolidateHit","PlaceholderMod:Corrosion"],"picked":"PlaceholderMod:SprayAttack","floor":13},{"not_picked":["PlaceholderMod:ParasiteChange","PlaceholderMod:PoisonBlast","PlaceholderMod:SprayAttack","PlaceholderMod:Colorful"],"picked":"PlaceholderMod:CrystallizationStrike","floor":14}],"player_experience":259314,"relics_obtained":[{"floor":1,"key":"SynthV:TestCard"},{"floor":7,"key":"Blue Doll"},{"floor":11,"key":"qcfpunch:Chain_With_Nametags"}],"event_choices":[{"damage_healed":0,"gold_gain":0,"player_choice":"2 cards matched","damage_taken":0,"max_hp_gain":0,"max_hp_loss":0,"event_name":"Match and Keep!","floor":3,"gold_loss":0,"cards_obtained":["AT_CelerityRune","PlaceholderMod:Internalization"]}],"is_beta":false,"boss_relics":[],"items_purged_floors":[12,12],"is_endless":false,"potions_floor_spawned":[2,7,11,13],"killed_by":"The Guardian","ascension_level":0}}