{"host":"Sylvester","time":1611889063,"event":{"mods":["BaseMod","Colored Map","Minty Spire (QoL Compilation)","Replay The Spire","StSLib","The Animator"],"gold_per_floor":[118,118,134,134,152,152,166,191,191,223,55,68,68,82,82,177,277,295,295,312,332,345,371,371,384,384,384,384,384,384,384,384,384,384],"floor_reached":33,"language":"ENG","playtime":1422,"items_purged":[],"score":302,"play_id":"d69644e2-9476-4968-a90e-30a07ab2d4dd","local_time":"20210128185743","is_ascension_mode":false,"campfire_choices":[{"data":"BowlingBash","floor":6.0,"key":"SMITH"},{"data":"Replay:Anticipation","floor":13.0,"key":"SMITH"},{"data":"Judgement","floor":15,"key":"SMITH"},{"data":"ForeignInfluence","floor":24,"key":"SMITH"},{"floor":27,"key":"REST"},{"data":"TalkToTheHand","floor":30,"key":"SMITH"},{"data":"Protect","floor":32,"key":"SMITH"}],"circlet_count":0,"master_deck":["Strike_P","Strike_P","Strike_P","Defend_P","Defend_P","Defend_P+1","Defend_P","Eruption+1","Vigilance","ClearTheMind","BowlingBash+1","FlyingSleeves","CutThroughFate","Crescendo","Judgement+1","EmptyFist","ReachHeaven","Replay:Anticipation+1","ThirdEye","Protect","FearNoEvil","ForeignInfluence+1","TalkToTheHand+1","Evaluate","Protect+1","ReplayTheSpireMod:Faulty Equipment"],"relics":["SlaversCollar","Orichalcum","Garlic","Letter Opener","Replay:Wanted Poster","Calipers","Happy Flower","Replay:Kaleidoscope"],"acts_visited":["Exordium","TheCity"],"potions_floor_usage":[16],"damage_taken":[{"damage":7.0,"enemies":"Jaw Worm","floor":1.0,"turns":4.0},{"damage":7.0,"enemies":"2 Louse","floor":3.0,"turns":3.0},{"damage":1.0,"enemies":"Cultist","floor":5.0,"turns":4.0},{"damage":4.0,"enemies":"Blue Slaver","floor":7.0,"turns":3.0},{"damage":0.0,"enemies":"Gremlin Nob","floor":8.0,"turns":2.0},{"damage":4.0,"enemies":"3 Sentries","floor":10.0,"turns":5.0},{"damage":6.0,"enemies":"Exordium Wildlife","floor":12.0,"turns":3.0},{"damage":2,"enemies":"Looter","floor":14,"turns":2},{"damage":19,"enemies":"The Guardian","floor":16,"turns":9},{"damage":0,"enemies":"Chosen","floor":18,"turns":3},{"damage":8,"enemies":"2 Thieves","floor":20,"turns":4},{"damage":1,"enemies":"Snake Plant","floor":21,"turns":6},{"damage":0,"enemies":"3 Cultists","floor":22,"turns":4},{"damage":21,"enemies":"Book of Stabbing","floor":23,"turns":5},{"damage":29,"enemies":"Snecko","floor":25,"turns":11},{"damage":37,"enemies":"Pondfish","floor":33,"turns":17}],"seed_played":"-3529408288436959545","potions_obtained":[{"floor":1.0,"key":"Weak Potion"},{"floor":10.0,"key":"Ambrosia"},{"floor":12.0,"key":"CultistPotion"},{"floor":14,"key":"PowerPotion"},{"floor":16,"key":"Languid Potion"}],"is_trial":false,"path_per_floor":["M","?","M","?","M","R","M","E","T","E","$","M","R","M","R","B",null,"M","?","M","M","M","E","R","M","T","R","?","$","R","?","R","B"],"character_chosen":"WATCHER","items_purchased":["EmptyFist","ReachHeaven","Replay:Anticipation"],"campfire_rested":1,"item_purchase_floors":[11,11,11],"current_hp_per_floor":[65,65,58,44,43,43,39,39,39,35,35,29,29,27,27,8,72,72,72,64,63,63,42,42,13,13,34,34,34,34,34,34,0,0],"gold":384,"neow_bonus":"BOSS_RELIC","is_daily":false,"chose_seed":false,"campfire_upgraded":6,"win_rate":0.0,"timestamp":1611889063,"path_taken":["M","?","M","?","M","R","M","E","T","E","$","M","R","M","R","BOSS","M","?","?","M","M","E","R","M","T","R","?","?","R","?","R","BOSS"],"items_purchased_type":["Card","Card","Card"],"build_version":"2020-11-17","purchased_purges":0,"victory":false,"max_hp_per_floor":[72,72,72,72,72,72,72,72,72,72,72,72,72,72,72,72,72,72,72,72,72,72,72,72,72,72,72,72,72,72,72,72,72,72],"card_choices":[{"not_picked":["Swivel","Prostrate"],"picked":"ClearTheMind","floor":1.0},{"not_picked":["Replay:ManipulateFuture","FlyingSleeves"],"picked":"BowlingBash","floor":3.0},{"not_picked":["PathToVictory","SashWhip"],"picked":"FlyingSleeves","floor":5.0},{"not_picked":["FlyingSleeves","Prostrate"],"picked":"CutThroughFate","floor":7.0},{"not_picked":["Worship","Evaluate"],"picked":"Crescendo","floor":8.0},{"not_picked":["FlyingSleeves","SignatureMove"],"picked":"Judgement","floor":10.0},{"not_picked":["FlurryOfBlows","CrushJoints","BowlingBash"],"picked":"SKIP","floor":12.0},{"not_picked":["Swivel","Crescendo"],"picked":"ThirdEye","floor":14},{"not_picked":["CutThroughFate","Consecrate"],"picked":"Protect","floor":18},{"not_picked":["PathToVictory","EmptyBody+1"],"picked":"FearNoEvil","floor":20},{"not_picked":["Consecrate","FlyingSleeves"],"picked":"ForeignInfluence","floor":21},{"not_picked":["Alpha","Replay:AtTheReady"],"picked":"TalkToTheHand","floor":22},{"not_picked":["EmptyBody","Replay:AtTheReady"],"picked":"Evaluate","floor":23},{"not_picked":["Indignation+1","SashWhip"],"picked":"Protect","floor":25}],"player_experience":156503,"relics_obtained":[{"floor":8.0,"key":"Orichalcum"},{"floor":9.0,"key":"Garlic"},{"floor":10.0,"key":"Letter Opener"},{"floor":23,"key":"Calipers"},{"floor":26,"key":"Happy Flower"}],"event_choices":[{"damage_healed":0.0,"max_hp_gain":0.0,"max_hp_loss":0.0,"gold_gain":0.0,"event_name":"Liars Game","player_choice":"Ignored","floor":2.0,"gold_loss":0.0,"damage_taken":0.0},{"damage_healed":0.0,"max_hp_gain":0.0,"max_hp_loss":0.0,"gold_gain":0.0,"event_name":"Shining Light","player_choice":"Entered Light","floor":4.0,"gold_loss":0.0,"damage_taken":14.0,"cards_upgraded":["Defend_P","Eruption"]},{"cards_removed":["Strike_P"],"damage_healed":0,"gold_gain":0,"player_choice":"Purged","damage_taken":0,"max_hp_gain":0,"max_hp_loss":0,"event_name":"Purifier","floor":19,"gold_loss":0},{"damage_healed":0,"gold_gain":0,"player_choice":"Ignored","damage_taken":0,"max_hp_gain":0,"max_hp_loss":0,"event_name":"Vampires","floor":28,"gold_loss":0}],"is_beta":true,"boss_relics":[{"not_picked":["Coffee Dripper","Replay:Drink Me"],"picked":"Replay:Wanted Poster"}],"items_purged_floors":[],"is_endless":false,"potions_floor_spawned":[1,10,12,14,16,20,22],"killed_by":"Pondfish","ascension_level":0}}