{"host":"ow66nzv2xecjoor3","time":1611908338,"event":{"mods":["BaseMod","Bestiary","Block Reminder","Colored Powertips","Curses Come First","Highlight Path","Keyboard Shortcuts","Minty Spire (QoL Compilation)","Permanent Neow","Relic Stats","StSLib","UnlockEverythingMod"],"gold_per_floor":[213,46,46,63,63,89,32,66,111,186,186,186,199,239,239,334,397,411,391,35,53,66,116,144,144,144,173,197,197,24,69,69,69,69],"floor_reached":33,"language":"ENG","playtime":1515,"items_purged":[],"score":656,"play_id":"2c7e35b6-3741-4e32-86c0-b3ac0d1cf2ef","local_time":"20210129021858","is_ascension_mode":true,"campfire_choices":[{"floor":12,"key":"REST"},{"data":"Noxious Fumes","floor":15,"key":"SMITH"},{"floor":25,"key":"REST"},{"floor":29,"key":"REST"},{"floor":32,"key":"REST"}],"circlet_count":0,"master_deck":["AscendersBane","Strike_G","Strike_G","Strike_G","Strike_G","Strike_G","Defend_G","Defend_G","Defend_G","Defend_G","Defend_G","Survivor+1","Neutralize","Footwork","Noxious Fumes+1","Leg Sweep","Dash","Dash","Deflect","Burst","Bane","PiercingWail","Corpse Explosion","Caltrops","Heel Hook+1","Predator","PiercingWail","Wraith Form v2","Well Laid Plans","Heel Hook","Caltrops+1","Slice"],"relics":["Ring of the Snake","Orrery","Letter Opener","Anchor","Ninja Scroll","Omamori","Golden Idol","Happy Flower","Tiny House","FossilizedHelix","CeramicFish","Snake Skull","Kunai"],"acts_visited":["Exordium","TheCity"],"potions_floor_usage":[6,14,14,16,21,22,23,31,33],"damage_taken":[{"damage":5,"enemies":"Jaw Worm","floor":1,"turns":6},{"damage":1,"enemies":"Cultist","floor":4,"turns":5},{"damage":10,"enemies":"Lagavulin","floor":6,"turns":12},{"damage":20,"enemies":"3 Sentries","floor":8,"turns":8},{"damage":0,"enemies":"Small Slimes","floor":13,"turns":3},{"damage":1,"enemies":"Gremlin Nob","floor":14,"turns":3},{"damage":2,"enemies":"The Guardian","floor":16,"turns":12},{"damage":10,"enemies":"2 Thieves","floor":18,"turns":3},{"damage":15,"enemies":"Spheric Guardian","floor":21,"turns":6},{"damage":0,"enemies":"Centurion and Healer","floor":22,"turns":8},{"damage":28,"enemies":"Slavers","floor":23,"turns":5},{"damage":17,"enemies":"Chosen and Byrds","floor":24,"turns":9},{"damage":0,"enemies":"3 Cultists","floor":27,"turns":3},{"damage":3,"enemies":"Snake Plant","floor":28,"turns":6},{"damage":23,"enemies":"Book of Stabbing","floor":31,"turns":5},{"damage":76,"enemies":"Collector","floor":33,"turns":6}],"seed_played":"3719001731424872385","potions_obtained":[{"floor":1,"key":"Ancient Potion"},{"floor":4,"key":"Energy Potion"},{"floor":13,"key":"Strength Potion"},{"floor":14,"key":"SteroidPotion"},{"floor":16,"key":"Regen Potion"},{"floor":17,"key":"SpeedPotion"},{"floor":21,"key":"SkillPotion"},{"floor":27,"key":"FearPotion"},{"floor":31,"key":"SkillPotion"}],"is_trial":false,"path_per_floor":["M","$","?","M","T","E","$","E","T","?","?","R","M","E","R","B",null,"M","?","$","M","M","E","M","R","T","M","M","R","$","E","R","B"],"character_chosen":"THE_SILENT","items_purchased":["Orrery","FearPotion","FossilizedHelix","Predator","Snake Skull"],"campfire_rested":4,"item_purchase_floors":[2,7,20,20,30],"current_hp_per_floor":[54,54,54,53,53,43,43,23,23,12,12,31,31,30,30,28,62,52,52,52,51,51,23,6,27,27,27,24,45,45,22,43,0,0],"gold":69,"neow_bonus":"HUNDRED_GOLD","is_daily":false,"chose_seed":false,"campfire_upgraded":1,"win_rate":0.0,"timestamp":1611908338,"path_taken":["M","$","?","?","?","E","?","E","T","?","?","R","?","E","R","BOSS","M","?","$","M","M","E","?","R","T","M","M","R","$","E","R","BOSS"],"items_purchased_type":["Relic","Potion","Relic","Card","Relic"],"build_version":"2020-12-22","purchased_purges":0,"victory":false,"max_hp_per_floor":[66,66,66,66,66,66,66,66,66,66,66,66,66,66,66,66,71,71,71,71,71,71,71,71,71,71,71,71,71,71,71,71,71,71],"relic_stats":{"Happy Flower":[21],"counters":[16,100],"Golden Idol":79,"CeramicFish":45,"Snake Skull":[6],"Letter Opener":[108],"Kunai":[2],"obtain_stats":[{"Tiny House":17,"Happy Flower":14,"Golden Idol":11,"CeramicFish":23,"Snake Skull":30,"Omamori":9,"Letter Opener":5,"Anchor":6,"Ninja Scroll":8,"Orrery":2,"Kunai":31,"FossilizedHelix":20,"Ring of the Snake":0},{"Tiny House":7,"Happy Flower":6,"Golden Idol":4,"CeramicFish":11,"Snake Skull":14,"Omamori":4,"Letter Opener":2,"Anchor":3,"Ninja Scroll":4,"Orrery":1,"Kunai":15,"FossilizedHelix":8,"Ring of the Snake":0},{"Tiny House":49,"Happy Flower":37,"Golden Idol":31,"CeramicFish":71,"Snake Skull":89,"Omamori":31,"Letter Opener":11,"Anchor":23,"Ninja Scroll":31,"Orrery":6,"Kunai":94,"FossilizedHelix":52,"Ring of the Snake":0}],"Ring of the Snake":[32]},"card_choices":[{"not_picked":["Bane","Reflex"],"picked":"Footwork","floor":1},{"not_picked":["Cloak And Dagger","Dodge and Roll"],"picked":"Noxious Fumes","floor":2},{"not_picked":["Bane","Predator"],"picked":"Leg Sweep","floor":2},{"not_picked":["Cloak And Dagger","Eviscerate"],"picked":"Dash","floor":2},{"not_picked":["Infinite Blades","PiercingWail"],"picked":"Dash","floor":2},{"not_picked":["Bane","Tools of the Trade"],"picked":"Deflect","floor":4},{"not_picked":["PiercingWail","Prepared"],"picked":"Burst","floor":6},{"not_picked":["Setup","Deflect"],"picked":"Bane","floor":8},{"not_picked":["Blade Dance","Endless Agony"],"picked":"PiercingWail","floor":13},{"not_picked":["Bane","Prepared","Eviscerate"],"picked":"SKIP","floor":14},{"not_picked":["Venomology","Wraith Form v2"],"picked":"Corpse Explosion","floor":16},{"not_picked":["Bouncing Flask","Dagger Spray"],"picked":"Caltrops","floor":17},{"not_picked":["Leg Sweep","Outmaneuver"],"picked":"Heel Hook+1","floor":18},{"not_picked":["Blade Dance","Prepared","Expertise"],"picked":"SKIP","floor":21},{"not_picked":["Deflect","Blade Dance"],"picked":"PiercingWail","floor":22},{"not_picked":["Underhanded Strike+1","Choke"],"picked":"Wraith Form v2","floor":23},{"not_picked":["Setup","Flying Knee+1"],"picked":"Well Laid Plans","floor":24},{"not_picked":["Infinite Blades+1","Slice"],"picked":"Heel Hook","floor":27},{"not_picked":["Well Laid Plans","Calculated Gamble"],"picked":"Caltrops+1","floor":28},{"not_picked":["Calculated Gamble","Slice","Skewer"],"picked":"SKIP","floor":31},{"not_picked":["Calculated Gamble","Skewer"],"picked":"Slice","floor":31}],"player_experience":2761972,"relics_obtained":[{"floor":5,"key":"Letter Opener"},{"floor":6,"key":"Anchor"},{"floor":8,"key":"Ninja Scroll"},{"floor":9,"key":"Omamori"},{"floor":14,"key":"Happy Flower"},{"floor":23,"key":"CeramicFish"},{"floor":31,"key":"Kunai"}],"event_choices":[{"damage_healed":0,"gold_gain":0,"player_choice":"0 cards matched","damage_taken":0,"max_hp_gain":0,"max_hp_loss":0,"event_name":"Match and Keep!","floor":3,"gold_loss":0,"cards_obtained":[]},{"damage_healed":0,"gold_gain":75,"player_choice":"Gather Gold","damage_taken":11,"max_hp_gain":0,"max_hp_loss":0,"event_name":"World of Goop","floor":10,"gold_loss":0},{"damage_healed":0,"gold_gain":0,"player_choice":"Take Wound","damage_taken":0,"relics_obtained":["Golden Idol"],"max_hp_gain":0,"max_hp_loss":0,"event_name":"Golden Idol","floor":11,"gold_loss":0,"cards_obtained":["Injury"]},{"damage_healed":0,"gold_gain":0,"player_choice":"Bought 1 Potion","damage_taken":0,"max_hp_gain":0,"max_hp_loss":0,"event_name":"The Woman in Blue","floor":19,"gold_loss":0}],"is_beta":false,"boss_relics":[{"not_picked":["WristBlade","HoveringKite"],"picked":"Tiny House"}],"items_purged_floors":[],"is_endless":false,"potions_floor_spawned":[1,4,13,14,16,21,27,31],"killed_by":"Collector","ascension_level":20}}