{"host":"l2dnabsh5e0fsksb","time":1611882010,"event":{"mods":["2.2 Compatiblity","BaseMod","Downfall","Minty Spire (QoL Compilation)","Quick Restart","StSLib"],"gold_per_floor":[99,99,99,199,199,199,199,99,99,24,35,35,35,60,80,175,175,75,175,202,218,230,230,309,43,43,43,43,78,78,105,125,220,220,120,137,150,200,200,28,109,6,6,6,29,58,58,89,106,106,106,106,106,106],"floor_reached":52,"language":"ENG","playtime":2156,"items_purged":["bronze:Goto","bronze:Strike","bronze:Strike"],"score":1357,"play_id":"5ccfa6ae-b4be-4a3a-9ee4-540eb8013153","local_time":"20210129113010","is_ascension_mode":true,"campfire_choices":[{"floor":1.0,"key":"RECALL"},{"data":"bronze:BronzeOrb","floor":8.0,"key":"SMITH"},{"data":"bronze:Constructor","floor":13.0,"key":"SMITH"},{"data":"bronze:ChosenStrike","floor":18.0,"key":"SMITH"},{"data":"bronze:ForceShield","floor":28.0,"key":"SMITH"},{"data":"bronze:Boost","floor":35.0,"key":"SMITH"},{"data":"expansioncontent:StudyTheSpire","floor":43,"key":"SMITH"},{"data":"bronze:Flail","floor":47,"key":"SMITH"}],"circlet_count":0,"master_deck":["AscendersBane","bronze:Defend","bronze:Defend","bronze:Replicate","bronze:ChosenStrike+1","bronze:BronzeOrb+1","bronze:DigitalCarnage","bronze:Constructor+1","bronze:Verify+1","bronze:BronzeArmor","bronze:ForceShield+1","bronze:RecursiveStrike","bronze:Backtrace+1","bronze:Branch+1","bronze:Backtrace+1","bronze:Repair","bronze:BitShift","bronze:Shell","bronze:Boost+1","bronze:InfiniteLoop","bronze:Deprecate+1","bronze:Iterate+1","expansioncontent:YouAreMine","expansioncontent:YouAreMine","expansioncontent:StudyTheSpire+1","bronze:Flail+1","bronze:Shell","bronze:Iterate+1","bronze:SpaghettiCode","bronze:ForceShield+1"],"relics":["bronze:BronzeCore","downfall:HeartsMalice","Vajra","Tiny Chest","Gremlin Horn","downfall:HeartBlessingRed","Bottled Flame","Astrolabe","downfall:HeartBlessingGreen","downfall:GremlinWheel","bronze:DecasWashers","bronze:BronzeIdol","hexamod:Sixitude","Incense Burner","Kunai","Ice Cream","SlaversCollar","downfall:HeartBlessingBlue","Thread and Needle","Lantern","Letter Opener","Bird Faced Urn","Bag of Marbles","bronze:SilverBullet","Pantograph"],"acts_visited":["Exordium","TheCity","TheBeyond","TheEnding"],"potions_floor_usage":[52],"damage_taken":[{"damage":0.0,"enemies":"Jaw Worm","floor":2.0,"turns":1.0},{"damage":0.0,"enemies":"2 Louse","floor":3.0,"turns":1.0},{"damage":0.0,"enemies":"downfall:FleeingMerchant","floor":10.0,"turns":1.0},{"damage":0.0,"enemies":"Small Slimes","floor":11.0,"turns":2.0},{"damage":11.0,"enemies":"Lagavulin","floor":14.0,"turns":8.0},{"damage":0.0,"enemies":"3 Louse","floor":15.0,"turns":1.0},{"damage":40.0,"enemies":"DF_ARCHETYPE_STREAMLINE","floor":16.0,"turns":12.0},{"damage":0.0,"enemies":"DF_ARCHETYPE_STREAMLINE","floor":19.0,"turns":2.0},{"damage":0.0,"enemies":"Chosen","floor":21.0,"turns":2.0},{"damage":0.0,"enemies":"Shell Parasite","floor":22.0,"turns":2.0},{"damage":0.0,"enemies":"downfall:FleeingMerchant","floor":25.0,"turns":4.0},{"damage":10.0,"enemies":"Book of Stabbing","floor":29.0,"turns":3.0},{"damage":0.0,"enemies":"Gremlin Leader","floor":31.0,"turns":7.0},{"damage":3.0,"enemies":"Snecko","floor":32.0,"turns":4.0},{"damage":0.0,"enemies":"SI_MIRROR_ARCHETYPE","floor":33.0,"turns":6.0},{"damage":0,"enemies":"Orb Walker","floor":36,"turns":1},{"damage":0,"enemies":"3 Darklings","floor":37,"turns":4},{"damage":16,"enemies":"3 Darklings","floor":38,"turns":5},{"damage":0,"enemies":"downfall:FleeingMerchant","floor":40,"turns":4},{"damage":0,"enemies":"downfall:FleeingMerchant","floor":42,"turns":1},{"damage":0,"enemies":"Reptomancer","floor":46,"turns":3},{"damage":0,"enemies":"Giant Head","floor":48,"turns":6},{"damage":0,"enemies":"Spire Growth","floor":49,"turns":1},{"damage":26,"enemies":"WA_ARCHETYPE_DIVINITY","floor":50,"turns":9},{"damage":99,"enemies":"downfall:CharBossMerchant","floor":52,"turns":8}],"seed_played":"5896592539849176707","potions_obtained":[{"floor":14.0,"key":"Strength Potion"},{"floor":15.0,"key":"DuplicationPotion"},{"floor":16.0,"key":"DistilledChaos"},{"floor":21.0,"key":"hexamod:SoulburnPotion"},{"floor":26.0,"key":"CultistPotion"},{"floor":36,"key":"AttackPotion"},{"floor":37,"key":"bronze:BurnAndBuffPotion"}],"is_trial":false,"path_per_floor":["R","M","M","?","?","?","T","R","?","$","M","?","R","E","M","B",null,"R","?","T","M","M","?","T","$","?","?","R","E","T","E","M","B",null,"R","M","M","?","?","$","T","$","R","$","T","E","R","E","M","B",null,"E"],"character_chosen":"THE_AUTOMATON","items_purchased":["bronze:BronzeIdol","Lantern","Bird Faced Urn"],"campfire_rested":0,"item_purchase_floors":[25,40,42],"current_hp_per_floor":[63,63,63,63,63,56,56,56,56,56,56,56,56,45,45,5,54,54,54,54,54,61,61,61,68,68,68,68,58,58,65,67,70,70,80,80,80,66,56,63,63,63,63,63,63,74,74,80,80,61,75,0,0,0],"gold":106,"neow_bonus":"THREE_ENEMY_KILL","is_daily":false,"chose_seed":false,"campfire_upgraded":7,"win_rate":0.0,"timestamp":1611882010,"path_taken":["R","M","M","?","?","?","T","R","?","$","M","?","R","E","M","BOSS","R","?","?","M","M","?","T","$","?","?","R","E","?","E","M","BOSS","R","M","M","?","?","$","T","$","R","?","?","E","R","E","M","BOSS","E"],"items_purchased_type":["Relic","Relic","Relic"],"build_version":"2020-12-22","purchased_purges":3,"victory":false,"max_hp_per_floor":[70,70,70,70,70,70,70,70,70,70,70,70,70,70,70,70,70,70,70,70,70,70,70,70,70,70,70,70,70,70,70,70,70,70,80,80,80,80,80,80,80,80,80,80,80,80,80,80,80,80,80,80,80,80],"card_choices":[{"not_picked":["bronze:BuggyMess","bronze:Branch"],"picked":"bronze:ChosenStrike","floor":2.0},{"not_picked":["bronze:Deprecate","bronze:Invalidate"],"picked":"bronze:BronzeOrb","floor":3.0},{"not_picked":["bronze:ClassDefault","bronze:CutThrough"],"picked":"bronze:Constructor","floor":10.0},{"not_picked":["bronze:WildBeam","bronze:Iterate"],"picked":"bronze:Verify","floor":11.0},{"not_picked":["bronze:NullPointer","bronze:Frontload"],"picked":"bronze:BronzeArmor","floor":14.0},{"not_picked":["bronze:ClassDefault","bronze:Fortify"],"picked":"bronze:ForceShield","floor":15.0},{"not_picked":["bronze:BurnOut","bronze:Break"],"picked":"bronze:RecursiveStrike","floor":16.0},{"not_picked":["bronze:BitShift+1","bronze:Constructor"],"picked":"bronze:Repair","floor":21.0},{"not_picked":["bronze:OilSpill","bronze:Branch+1"],"picked":"bronze:BitShift","floor":22.0},{"not_picked":["bronze:Backtrace","bronze:Frontload","bronze:Constructor"],"picked":"SKIP","floor":25.0},{"not_picked":["bronze:Shield","bronze:ForLoop"],"picked":"bronze:Shell","floor":29.0},{"not_picked":["bronze:BugBarrage+1","bronze:Frontload","bronze:Repulsor"],"picked":"SKIP","floor":31.0},{"not_picked":["bronze:BitShift","bronze:Turbo"],"picked":"bronze:Boost","floor":32.0},{"not_picked":["bronze:Hardcode","bronze:Assembly"],"picked":"bronze:InfiniteLoop","floor":33.0},{"not_picked":["bronze:Branch+1","bronze:Backtrace"],"picked":"bronze:Deprecate+1","floor":36},{"not_picked":["bronze:CloningBeam+1","bronze:BugBarrage+1","bronze:Branch"],"picked":"SKIP","floor":37},{"not_picked":["bronze:BitShift+1","bronze:Constructor"],"picked":"bronze:Iterate+1","floor":38},{"not_picked":["expansioncontent:DashGenerateEvil","expansioncontent:QuickStudy"],"picked":"expansioncontent:YouAreMine","floor":39},{"not_picked":["expansioncontent:Hexaburn","expansioncontent:DashGenerateEvil"],"picked":"expansioncontent:YouAreMine","floor":39},{"not_picked":["expansioncontent:GuardianWhirl","expansioncontent:DecaShield"],"picked":"expansioncontent:StudyTheSpire","floor":39},{"not_picked":["bronze:Deprecate+1","bronze:BronzeOrb"],"picked":"bronze:Flail","floor":40},{"not_picked":["bronze:Separator","bronze:ChosenStrike+1"],"picked":"bronze:Shell","floor":42},{"not_picked":["bronze:Constructor","bronze:ForLoop"],"picked":"bronze:Iterate+1","floor":46},{"not_picked":["bronze:Branch","bronze:Invalidate+1"],"picked":"bronze:SpaghettiCode","floor":48},{"not_picked":["bronze:Frontload+1","bronze:Separator"],"picked":"bronze:ForceShield+1","floor":49}],"player_experience":1854819,"relics_obtained":[{"floor":7.0,"key":"Gremlin Horn"},{"floor":14.0,"key":"Bottled Flame"},{"floor":19.0,"key":"downfall:GremlinWheel"},{"floor":24.0,"key":"bronze:DecasWashers"},{"floor":29.0,"key":"Incense Burner"},{"floor":30.0,"key":"Kunai"},{"floor":31.0,"key":"Ice Cream"},{"floor":38,"key":"Thread and Needle"},{"floor":41,"key":"Letter Opener"},{"floor":45,"key":"Bag of Marbles"},{"floor":46,"key":"bronze:SilverBullet"},{"floor":48,"key":"Pantograph"}],"event_choices":[{"damage_healed":0.0,"max_hp_gain":0.0,"max_hp_loss":0.0,"gold_gain":0.0,"event_name":"Big Fish","player_choice":"Box","floor":5.0,"gold_loss":0.0,"damage_taken":0.0,"relics_obtained":["Vajra"],"cards_obtained":["Regret"]},{"damage_healed":0.0,"max_hp_gain":0.0,"max_hp_loss":0.0,"gold_gain":0.0,"event_name":"Scrap Ooze","player_choice":"Success","floor":6.0,"gold_loss":0.0,"damage_taken":7.0,"relics_obtained":["Tiny Chest"]},{"damage_healed":0.0,"max_hp_gain":0.0,"max_hp_loss":0.0,"gold_gain":0.0,"event_name":"Living Wall","player_choice":"Grow","floor":12.0,"gold_loss":0.0,"damage_taken":0.0,"cards_upgraded":["bronze:Verify"]},{"cards_removed":["bronze:Defend"],"damage_healed":0,"gold_gain":0,"player_choice":"Card Removal","damage_taken":0,"max_hp_gain":0,"max_hp_loss":0,"event_name":"Wheel of Change","floor":43,"gold_loss":0}],"is_beta":false,"boss_relics":[{"not_picked":["Empty Cage","Snecko Eye"],"picked":"Astrolabe"},{"not_picked":["Pandora\u0027s Box","Cursed Key"],"picked":"SlaversCollar"}],"items_purged_floors":[10,25,42],"is_endless":false,"potions_floor_spawned":[14,15,16,21,22,32,36,37,48,49],"killed_by":"downfall:CharBossMerchant","ascension_level":11}}