{"host":"eaiphzh066bwqdh7","time":1611883344,"event":{"mods":["BaseMod","Better Note","Halation","Hubris","Minty Spire (QoL Compilation)","Reliquary","Replay The Spire","StSLib"],"gold_per_floor":[112,112,112,37,37,37,123,123,123,161,175,175,210,224,224,350,350,364,264,264,279,279,279,303,337,362,56,56,56,56,56,56,177,177,202,202,202,225,225,225],"floor_reached":39,"language":"ENG","playtime":1124,"items_purged":["Strike_B","Defend_B"],"score":647,"play_id":"afbb99c7-031c-46ee-af8c-15061f5c52d7","local_time":"20210128202224","is_ascension_mode":true,"campfire_choices":[{"floor":6,"key":"REST"},{"data":"Scrape","floor":12,"key":"SMITH"},{"floor":15,"key":"REST"},{"data":"All For One","floor":23,"key":"SMITH"},{"floor":30,"key":"REST"},{"floor":32,"key":"REST"}],"circlet_count":0,"master_deck":["Zap","Dualcast","Scrape+1","CommonCold","FTL","Steam","Beam Cell","All For One+1","Steam","Double Energy+1","Time Bomb","Electrodynamics","Barrage","Reprogram","hubris:PowerSurge","Streamline"],"relics":["Cracked Core","NeowsBlessing","Golden Idol","Ring of Fury","ReplayTheSpireMod:Ring of Challenge","Mercury Hourglass","Shuriken","Boot","Vajra","reliquary:Ember","hubris:BallOfYels","reliquary:Knoch","Bronze Scales","Orichalcum","Pandora\u0027s Box","halation:EternalFortune","halation:PapillonHeart"],"acts_visited":["Exordium","TheCity","TheBeyond"],"potions_floor_usage":[16,16,22,24],"damage_taken":[{"damage":0,"enemies":"Cultist","floor":1,"turns":1},{"damage":2,"enemies":"Replay:BlueRogue","floor":7,"turns":1},{"damage":0,"enemies":"Gremlin Nob","floor":10,"turns":1},{"damage":3,"enemies":"Jaw Worm","floor":11,"turns":2},{"damage":5,"enemies":"3 Sentries","floor":13,"turns":4},{"damage":0,"enemies":"Small Slimes","floor":14,"turns":1},{"damage":36,"enemies":"The Guardian","floor":16,"turns":7},{"damage":0,"enemies":"Spheric Guardian","floor":18,"turns":3},{"damage":13,"enemies":"2 Thieves","floor":21,"turns":3},{"damage":0,"enemies":"Snake Plant","floor":22,"turns":1},{"damage":41,"enemies":"Shelled Parasite and Fungi","floor":24,"turns":4},{"damage":11,"enemies":"Gremlin Leader","floor":25,"turns":5},{"damage":45,"enemies":"Pondfish","floor":33,"turns":9},{"damage":19,"enemies":"3 Shapes","floor":35,"turns":2},{"damage":30,"enemies":"3 Darklings","floor":38,"turns":3},{"damage":30,"enemies":"4 Shapes","floor":39,"turns":2}],"seed_played":"4645520797218879288","potions_obtained":[{"floor":11,"key":"FocusPotion"},{"floor":13,"key":"Dexterity Potion"},{"floor":18,"key":"SmokeBomb"},{"floor":21,"key":"Flashbang"},{"floor":38,"key":"FearPotion"}],"is_trial":false,"path_per_floor":["M","?","?","$","?","R","E","?","T","E","M","R","E","M","R","B",null,"M","$","?","M","M","R","M","E","T","$","?","$","R","?","R","B",null,"M","?","?","M","M"],"character_chosen":"DEFECT","items_purchased":["Bronze Scales","Orichalcum"],"campfire_rested":4,"item_purchase_floors":[27,27],"current_hp_per_floor":[75,75,57,57,57,75,73,66,66,66,63,63,58,58,75,39,75,75,75,75,62,62,62,21,10,10,10,10,10,32,32,54,9,75,56,59,59,29,0,0],"gold":225,"neow_bonus":"THREE_ENEMY_KILL","is_daily":false,"chose_seed":false,"campfire_upgraded":2,"win_rate":0.0,"timestamp":1611883344,"path_taken":["M","?","?","$","?","R","E","?","T","E","M","R","E","M","R","BOSS","M","$","?","M","?","R","M","E","T","?","?","$","R","?","R","BOSS","M","?","?","M","M"],"items_purchased_type":["Relic","Relic"],"build_version":"2020-12-22","purchased_purges":2,"victory":false,"max_hp_per_floor":[75,75,75,75,75,75,75,75,75,75,75,75,75,75,75,75,75,75,75,75,75,75,75,75,75,75,75,75,75,75,75,75,75,75,75,78,74,74,74,74],"card_choices":[{"not_picked":["Sweeping Beam","Double Energy"],"picked":"Scrape","floor":1},{"not_picked":["Sweeping Beam","Ball Lightning"],"picked":"FTL","floor":7},{"not_picked":["Ball Lightning","Time Bomb"],"picked":"Steam","floor":10},{"not_picked":["Coolheaded","Cold Snap","Crystallizer"],"picked":"SKIP","floor":11},{"not_picked":["Chaos","Thunder Strike"],"picked":"Beam Cell","floor":13},{"not_picked":["Ball Lightning","FIFO Queue","Rebound"],"picked":"SKIP","floor":14},{"not_picked":["ReplayTheSpireMod:Omega Cannon","Machine Learning"],"picked":"All For One","floor":16},{"not_picked":["Conserve Battery","ReplayGash+1"],"picked":"Steam","floor":18},{"not_picked":["Defragment","Go for the Eyes"],"picked":"Double Energy+1","floor":21},{"not_picked":["Barrage+1","Compile Driver","Loop"],"picked":"SKIP","floor":24},{"not_picked":["Leap","Redo","Sweeping Beam"],"picked":"SKIP","floor":25},{"not_picked":["Biased Cognition","ReplayRNGCard"],"picked":"Electrodynamics","floor":33},{"not_picked":["ReplaySolidLightProjector+1","Ball Lightning","Turbo+1"],"picked":"SKIP","floor":35},{"not_picked":["Storm+1","Heatsinks"],"picked":"Streamline","floor":38}],"player_experience":204369,"relics_obtained":[{"floor":5,"key":"Ring of Fury"},{"floor":5,"key":"ReplayTheSpireMod:Ring of Challenge"},{"floor":7,"key":"Mercury Hourglass"},{"floor":9,"key":"Shuriken"},{"floor":10,"key":"Boot"},{"floor":13,"key":"Vajra"},{"floor":25,"key":"hubris:BallOfYels"},{"floor":26,"key":"reliquary:Knoch"}],"event_choices":[{"damage_healed":0,"gold_gain":0,"player_choice":"Take Damage","damage_taken":18,"relics_obtained":["Golden Idol"],"max_hp_gain":0,"max_hp_loss":0,"event_name":"Golden Idol","floor":3,"gold_loss":0},{"cards_removed":["Strike_B"],"damage_healed":0,"gold_gain":0,"player_choice":"Card Removal","damage_taken":7,"max_hp_gain":0,"max_hp_loss":0,"event_name":"Golden Wing","floor":8,"gold_loss":0},{"damage_healed":0,"gold_gain":0,"player_choice":"Full Heal","damage_taken":0,"max_hp_gain":0,"max_hp_loss":0,"event_name":"Wheel of Change","floor":20,"gold_loss":0},{"damage_healed":0,"gold_gain":0,"player_choice":"Ignored","damage_taken":0,"max_hp_gain":0,"max_hp_loss":0,"event_name":"Vampires","floor":28,"gold_loss":0},{"damage_healed":0,"gold_gain":0,"cards_transformed":["Defend_B"],"player_choice":"Transformed","damage_taken":0,"max_hp_gain":0,"max_hp_loss":0,"event_name":"Transmorgrifier","floor":31,"gold_loss":0,"cards_obtained":["Time Bomb"]}],"is_beta":false,"boss_relics":[{"not_picked":["halation:Yufonium","hubris:Stopwatch"],"picked":"reliquary:Ember"},{"not_picked":["ReplayTheSpireMod:DimensionalGlitch","hubris:TerracottaHorce"],"picked":"Pandora\u0027s Box"}],"items_purged_floors":[4,19],"is_endless":false,"potions_floor_spawned":[11,13,18,21,22,38],"killed_by":"4 Shapes","ascension_level":2}}