{"host":"jumrmhf584hajrnz","time":1611956917,"event":{"mods":["BaseMod","Duelist Mod","GifTheSpireLib","Minty Spire (QoL Compilation)","Quick Restart","StSLib"],"gold_per_floor":[136,136,136,60,60,88,99,109,134,107,24,24,41,59,59,137,137,148,148,92,92,0,0,11,11,11],"floor_reached":25,"language":"ENG","playtime":1364,"items_purged":[],"score":402,"play_id":"6ffefa55-0d04-4908-8eee-591b6d7f8604","local_time":"20210129224837","is_ascension_mode":true,"campfire_choices":[{"floor":12,"key":"REST"},{"floor":15,"key":"REST"},{"floor":23,"key":"RECALL"}],"circlet_count":0,"master_deck":["AscendersBane","theDuelist:CastleWalls+1","theDuelist:CastleWalls","theDuelist:CastleWalls","theDuelist:NaturiaCliff","theDuelist:NaturiaRock+1","theDuelist:NaturiaTulip","theDuelist:Sparks","theDuelist:Sparks","theDuelist:MagicHoleGolem","theDuelist:DeltaMagnet","theDuelist:ConvulsionNature","theDuelist:NaturiaRock","theDuelist:ConvulsionNature","theDuelist:NaturiaRosewhip","theDuelist:NaturiaExterio","theDuelist:NaturiaGaiastrio","theDuelist:SummoningSwarm","theDuelist:Canyon","theDuelist:SphereKuriboh","theDuelist:NaturiaSacredTree","theDuelist:GraniteLoyalist"],"relics":["theDuelist:MillenniumPuzzle","theDuelist:CardPoolRelic","theDuelist:CardPoolBasicRelic","theDuelist:BoosterPackPoolRelic","theDuelist:CardPoolAddRelic","theDuelist:CardPoolMinusRelic","theDuelist:CardPoolSaveRelic","theDuelist:CardPoolOptionsRelic","War Paint","Smiling Mask","Empty Cage","theDuelist:NamelessPowerRelicB","theDuelist:ShopToken"],"acts_visited":["Exordium","TheCity"],"potions_floor_usage":[6,16,16],"damage_taken":[{"damage":10,"enemies":"Small Slimes","floor":1,"turns":4},{"damage":45,"enemies":"Gremlin Nob","floor":6,"turns":5},{"damage":0,"enemies":"Jaw Worm","floor":7,"turns":5},{"damage":0,"enemies":"2 Louse","floor":8,"turns":5},{"damage":6,"enemies":"Exordium Thugs","floor":10,"turns":4},{"damage":7,"enemies":"Red Slaver","floor":13,"turns":5},{"damage":6,"enemies":"Large Slime","floor":14,"turns":5},{"damage":32,"enemies":"Slime Boss","floor":16,"turns":6},{"damage":1,"enemies":"Chosen","floor":18,"turns":8},{"damage":15,"enemies":"2 Thieves","floor":22,"turns":5},{"damage":42,"enemies":"3 Cultists","floor":24,"turns":5},{"damage":12,"enemies":"Book of Stabbing","floor":25,"turns":1}],"seed_played":"3673768843235217180","potions_obtained":[{"floor":1,"key":"theDuelist:ElectricBrew"},{"floor":6,"key":"theDuelist:LavaBottle"},{"floor":10,"key":"theDuelist:FireBottle"},{"floor":16,"key":"theDuelist:ExtraOrbsBottle"}],"is_trial":false,"path_per_floor":["M","?","?","$","?","E","M","M","T","M","$","R","M","M","R","B",null,"M","?","$","?","M","R","M","E"],"character_chosen":"THE_DUELIST","items_purchased":["theDuelist:ConvulsionNature","theDuelist:NaturiaGaiastrio","theDuelist:ShopToken"],"campfire_rested":2,"item_purchase_floors":[4,11,20],"current_hp_per_floor":[53,58,58,58,58,15,15,15,15,9,9,32,25,19,42,10,60,59,67,67,67,52,52,10,0,0],"gold":11,"neow_bonus":"RANDOM_COMMON_RELIC","is_daily":false,"chose_seed":false,"campfire_upgraded":0,"win_rate":0.0,"timestamp":1611956917,"path_taken":["M","?","?","$","?","E","?","M","T","M","?","R","M","M","R","BOSS","M","?","$","?","?","R","M","E"],"items_purchased_type":["Card","Card","Relic"],"build_version":"2020-12-22","purchased_purges":0,"victory":false,"max_hp_per_floor":[70,75,75,75,75,77,77,77,77,77,77,77,77,77,77,77,77,77,81,81,81,81,81,81,81,81],"card_choices":[{"not_picked":["theDuelist:Mudora","theDuelist:GraniteLoyalist","theDuelist:FluteKuriboh","theDuelist:WingedKuriboh"],"picked":"theDuelist:MagicHoleGolem","floor":1},{"not_picked":["theDuelist:NaturiaSpiderfang","theDuelist:DigitalBug","theDuelist:SpacetimeTranscendence","theDuelist:NaturiaLeodrake"],"picked":"theDuelist:NaturiaRock","floor":6},{"not_picked":["theDuelist:NaturiaLeodrake","theDuelist:LairWire","theDuelist:NaturiaSacredTree","theDuelist:HeartUnderdog"],"picked":"theDuelist:ConvulsionNature","floor":7},{"not_picked":["theDuelist:NaturiaEggplant","theDuelist:NaturiaDragonfly","theDuelist:NaturiaStinkbug","theDuelist:NaturiaMarron"],"picked":"theDuelist:NaturiaRosewhip","floor":8},{"not_picked":["theDuelist:NaturiaDragonfly","theDuelist:SummoningSwarm","theDuelist:NaturiaMarron","theDuelist:NaturiaAntjaw"],"picked":"theDuelist:NaturiaExterio","floor":10},{"not_picked":["theDuelist:NaturiaHydrangea","theDuelist:NaturiaRagweed","theDuelist:NaturiaStinkbug","theDuelist:NaturiaMantis","theDuelist:SpacetimeTranscendence"],"picked":"SKIP","floor":13},{"not_picked":["theDuelist:NaturiaHydrangea","theDuelist:NaturiaTulip","theDuelist:NaturiaRagweed","theDuelist:FossilDig"],"picked":"theDuelist:SummoningSwarm","floor":14},{"not_picked":["theDuelist:NaturiaForest","theDuelist:NaturiaBarkion","theDuelist:ClosedForest","theDuelist:MultiplicationOfAnts"],"picked":"theDuelist:Canyon","floor":16},{"not_picked":["theDuelist:FuryFire+1","theDuelist:Wiretap","theDuelist:Cloning","theDuelist:Wiretap"],"picked":"theDuelist:SphereKuriboh","floor":18},{"not_picked":["theDuelist:WildNatureRelease","theDuelist:BarkionBark","theDuelist:LeodrakeMane","theDuelist:LuminousMoss"],"picked":"theDuelist:NaturiaSacredTree","floor":22},{"not_picked":["theDuelist:Wiretap","theDuelist:MagicCylinder","theDuelist:SliferSky","theDuelist:TheCreator"],"picked":"theDuelist:GraniteLoyalist","floor":24}],"player_experience":1625863,"relics_obtained":[{"floor":6,"key":"Smiling Mask"}],"event_choices":[{"damage_healed":0,"gold_gain":0,"player_choice":"Donut","damage_taken":0,"max_hp_gain":5,"max_hp_loss":0,"event_name":"Big Fish","floor":2,"gold_loss":0},{"damage_healed":0,"gold_gain":0,"player_choice":"Delta Electro","duelist":true,"damage_taken":0,"max_hp_gain":0,"max_hp_loss":0,"event_name":"Egyptian Village","floor":3,"gold_loss":0,"cards_obtained":["Delta Electromagnet Warrior"]},{"damage_healed":0,"gold_gain":0,"player_choice":"Leave","duelist":true,"damage_taken":0,"max_hp_gain":0,"max_hp_loss":0,"event_name":"Tomb of the Nameless","floor":5,"gold_loss":0},{"power_reward":3,"total_magic_score":43,"gold_gain":0,"duelist":true,"damage_taken":0,"relics_obtained":["theDuelist:NamelessPowerRelicB"],"points":7,"max_hp_gain":8,"max_hp_loss":4,"spent_points":{"magic":0,"greed":0,"war":0,"power":3,"hunger":4},"event_name":"Nameless Tomb","hunger_reward":4,"floor":19,"gold_loss":0,"cards_obtained":[]},{"damage_healed":0,"gold_gain":0,"player_choice":"Leave","duelist":true,"damage_taken":0,"max_hp_gain":0,"max_hp_loss":0,"event_name":"Visit from Anubis","floor":21,"gold_loss":0}],"is_beta":false,"boss_relics":[{"not_picked":["Inserter","Coffee Dripper"],"picked":"Empty Cage"}],"items_purged_floors":[],"is_endless":false,"potions_floor_spawned":[1,6,10,16],"killed_by":"Book of Stabbing","ascension_level":20}}