{"host":"qheym18ww6mhskxf","time":1611929677,"event":{"mods":["100% Spire Juice","BaseMod","CapriCore","Friendly Minions","GungeonMod","KOR Keyword Fix","Kiyohime£¨?ýï£©","Minty Spire (QoL Compilation)","Prisma Mod","Quick Restart","RRrroohrrRGHHhhh!!","Rare Cards Sparkle","Shop Mod","Spicy Shops","StSLib","Td1madao Mod","The Dragon Tamer","Username Fix"],"gold_per_floor":[119,130,47,74,146,164,10,27,27,41,76,76,96,107,107,206,206,221,221,238,254,50,50,80,108,108,139,14,41,41,56,56,157,157,177,177,177,192,211,221,84,116,165,165,165],"floor_reached":44,"language":"KOR","playtime":1507,"items_purged":["Strike_B","Strike_B"],"score":968,"play_id":"1d6fd0fa-dbd5-4252-9cf2-b0d9e0424326","local_time":"20210129231437","daily_mods":["Heirloom","Time Dilation","DeadlyEvents","Elite Swarm"],"is_ascension_mode":true,"campfire_choices":[{"data":"PrismaMod:ChloeCaladbolg","floor":12.0,"key":"SMITH"},{"data":"Zap","floor":15.0,"key":"SMITH"},{"data":"Dualcast","floor":23.0,"key":"SMITH"},{"floor":30.0,"key":"REST"},{"data":"rorgmod:Storm","floor":32.0,"key":"SMITH"}],"circlet_count":0,"master_deck":["Strike_B","Strike_B+1","Defend_B","Defend_B","Defend_B","Defend_B","Dualcast+1","PrismaMod:ChloeGaeBolg+1","Good Instincts","PrismaMod:ChloeCaladbolg+1","Streamline","PrismaMod:ChloeCarnivalAttack","rorgmod:Storm+1","rorgmod:Leap"],"relics":["Cracked Core","Torii","Happy Flower","DataDisk","Runic Pyramid","Cables","MerchantsRug","Blood Vial","Red Mask","Anchor","Shuriken","Calipers","DemoMod:GundromedaStrain","Regal Pillow","Runic Capacitor","StrikeDummy","Bronze Scales"],"acts_visited":["Exordium","TheCity","TheBeyond"],"potions_floor_usage":[44],"damage_taken":[{"damage":1.0,"enemies":"Cultist","floor":1.0,"turns":3.0},{"damage":2.0,"enemies":"Jaw Worm","floor":2.0,"turns":3.0},{"damage":0.0,"enemies":"Small Slimes","floor":6.0,"turns":3.0},{"damage":18.0,"enemies":"Exordium Wildlife","floor":8.0,"turns":4.0},{"damage":21.0,"enemies":"Gremlin Gang","floor":10.0,"turns":4.0},{"damage":2.0,"enemies":"3 Sentries","floor":11.0,"turns":4.0},{"damage":0.0,"enemies":"Red Slaver","floor":13.0,"turns":2.0},{"damage":0.0,"enemies":"Looter","floor":14.0,"turns":2.0},{"damage":11.0,"enemies":"The Guardian","floor":16.0,"turns":8.0},{"damage":0.0,"enemies":"3 Byrds","floor":18.0,"turns":3.0},{"damage":17.0,"enemies":"2 Thieves","floor":20.0,"turns":3.0},{"damage":12.0,"enemies":"Shelled Parasite and Fungi","floor":21.0,"turns":3.0},{"damage":8.0,"enemies":"Masked Bandits","floor":24.0,"turns":3.0},{"damage":10.0,"enemies":"Book of Stabbing","floor":25.0,"turns":4.0},{"damage":9.0,"enemies":"Slavers","floor":27.0,"turns":2.0},{"damage":9.0,"enemies":"Gremlin Leader","floor":29.0,"turns":4.0},{"damage":0.0,"enemies":"Snake Plant","floor":31.0,"turns":2.0},{"damage":52.0,"enemies":"Automaton","floor":33.0,"turns":7.0},{"damage":0.0,"enemies":"3 Darklings","floor":35.0,"turns":2.0},{"damage":8.0,"enemies":"3 Shapes","floor":38.0,"turns":2.0},{"damage":35.0,"enemies":"Sphere and 2 Shapes","floor":39.0,"turns":4.0},{"damage":0.0,"enemies":"Spire Growth","floor":40.0,"turns":3.0},{"damage":19,"enemies":"Nemesis","floor":42,"turns":4},{"damage":18,"enemies":"Giant Head","floor":44,"turns":6}],"seed_played":"4323731938450139221","potions_obtained":[{"floor":8.0,"key":"Block Potion"},{"floor":10.0,"key":"FocusPotion"},{"floor":13.0,"key":"LiquidMemories"},{"floor":16.0,"key":"GamblersBrew"},{"floor":21.0,"key":"DuplicationPotion"},{"floor":24.0,"key":"Explosive Potion"},{"floor":25.0,"key":"FearPotion"},{"floor":27.0,"key":"Weak Potion"},{"floor":29.0,"key":"SpeedPotion"},{"floor":42,"key":"BlessingOfTheForge"}],"is_trial":true,"path_per_floor":["M","M","$","T","T","M","$","M","T","M","E","R","M","M","R","B",null,"M","T","M","M","$","R","?","E","T","E","$","E","R","M","R","B",null,"M","?","?","M","M","M","$","E","T","E"],"character_chosen":"DEFECT","items_purchased":["Good Instincts","PrismaMod:ChloeCaladbolg","MerchantsRug","Blood Vial","DemoMod:GundromedaStrain","Streamline","Runic Capacitor"],"campfire_rested":1,"item_purchase_floors":[3,7,22,22,28,28,41],"current_hp_per_floor":[67,65,65,65,75,75,75,57,57,36,34,34,34,34,34,23,70,70,70,53,41,41,41,35,27,27,20,20,13,53,55,55,5,65,67,67,67,61,28,30,30,13,13,0,0],"gold":165,"neow_bonus":"","is_daily":false,"chose_seed":false,"campfire_upgraded":4,"win_rate":0.0,"timestamp":1611929677,"path_taken":["M","?","$","?","?","M","$","M","T","M","?","R","?","M","R","BOSS","M","?","M","M","$","R","?","E","T","?","$","?","R","?","R","BOSS","M","?","?","M","?","M","$","E","T","E"],"items_purchased_type":["Card","Card","Relic","Relic","Relic","Card","Relic"],"build_version":"2020-12-22","purchased_purges":2,"victory":false,"max_hp_per_floor":[75,75,75,75,85,85,85,85,85,85,85,85,85,85,85,85,85,85,85,85,85,85,85,85,85,85,85,85,85,85,85,85,85,85,85,85,85,85,85,85,85,85,85,85,85],"card_choices":[{"not_picked":["Redo","Capacitor"],"picked":"PrismaMod:ChloeGaeBolg","floor":1.0},{"not_picked":["Compile Driver","rorgmod:Refrigerate","PrismaMod:ChloeRuleBreaker"],"picked":"SKIP","floor":2.0},{"not_picked":["Barrage","rorgmod:LRU Cache","Streamline"],"picked":"SKIP","floor":6.0},{"not_picked":["PrismaMod:ChloeExhaustTwo","rorgmod:SQL Injection","PrismaMod:ChloeUnlimitedBladeWorks"],"picked":"SKIP","floor":8.0},{"not_picked":["Redo","rorgmod:Refrigerate","Hologram"],"picked":"SKIP","floor":10.0},{"not_picked":["rorgmod:Volatility","PrismaMod:ChloeReshuffleDiscard","rorgmod:Biased Cognition"],"picked":"SKIP","floor":11.0},{"not_picked":["Redo","Static Discharge","PrismaMod:ChloeExhaustOne"],"picked":"SKIP","floor":13.0},{"not_picked":["Steam Power","PrismaMod:ChloeUncommonDefend","rorgmod:Fuse Blower"],"picked":"SKIP","floor":14.0},{"not_picked":["PrismaMod:ChloeDiscardRecovery","rorgmod:Malware","rorgmod:SQL Injection"],"picked":"SKIP","floor":18.0},{"not_picked":["Chill","PrismaMod:ChloeRuleBreaker","Double Energy"],"picked":"SKIP","floor":20.0},{"not_picked":["rorgmod:LRU Cache","PrismaMod:ChloeCheapDefendTwo","rorgmod:Antivirus"],"picked":"SKIP","floor":21.0},{"not_picked":["PrismaMod:ChloeAnyPowerTrace","PrismaMod:ChloeAnySkillTrace","rorgmod:Black Ice"],"picked":"SKIP","floor":25.0},{"not_picked":["rorgmod:Black Ice","PrismaMod:ChloeReshuffleDiscard","Echo Form"],"picked":"SKIP","floor":27.0},{"not_picked":["PrismaMod:ChloeDoubleRelicSpeed","rorgmod:Volatility"],"picked":"PrismaMod:ChloeCarnivalAttack","floor":29.0},{"not_picked":["PrismaMod:ChloeCommonAOEAttack","PrismaMod:ChloeUncommonAttack"],"picked":"rorgmod:Storm","floor":31.0},{"not_picked":["Sweeping Beam","Conserve Battery"],"picked":"rorgmod:Leap","floor":35.0},{"not_picked":["Cold Snap","PrismaMod:ChloeMaid+1","rorgmod:Fragmentation"],"picked":"SKIP","floor":38.0},{"not_picked":["rorgmod:Antivirus","PrismaMod:ChloeDiscardRecovery+1","Hologram+1"],"picked":"SKIP","floor":39.0},{"not_picked":["Conserve Battery","Turbo","Hello World"],"picked":"SKIP","floor":40.0},{"not_picked":["Buffer","PrismaMod:ChloeExhaustThree","rorgmod:Biased Cognition"],"picked":"SKIP","floor":42}],"player_experience":461062,"relics_obtained":[{"floor":4.0,"key":"DemoMod:WeirdEgg"},{"floor":5.0,"key":"Pear"},{"floor":9.0,"key":"DataDisk"},{"floor":11.0,"key":"Whetstone"},{"floor":19.0,"key":"Cables"},{"floor":24.0,"key":"Red Mask"},{"floor":25.0,"key":"Anchor"},{"floor":26.0,"key":"Shuriken"},{"floor":27.0,"key":"Calipers"},{"floor":29.0,"key":"Regal Pillow"},{"floor":42,"key":"StrikeDummy"},{"floor":43,"key":"Bronze Scales"}],"event_choices":[{"damage_healed":0.0,"max_hp_gain":0.0,"max_hp_loss":0.0,"gold_gain":0.0,"event_name":"Masked Bandits","player_choice":"Fought Bandits","floor":24.0,"gold_loss":0.0,"damage_taken":0.0},{"cards_removed":["Zap"],"damage_healed":0.0,"max_hp_gain":0.0,"max_hp_loss":0.0,"gold_gain":0.0,"event_name":"Falling","player_choice":"Removed Skill","floor":36.0,"gold_loss":0.0,"damage_taken":0.0}],"is_beta":false,"boss_relics":[{"not_picked":["Cursed Key","FrozenCore"],"picked":"Runic Pyramid"},{"not_picked":["Fusion Hammer","Busted Crown"],"picked":"Sozu"}],"items_purged_floors":[7,41],"is_endless":true,"potions_floor_spawned":[8,10,13,16,21,24,25,27,29,38,40,42],"killed_by":"Giant Head","ascension_level":9}}