{"host":"6jrnojxwearbrjzo","time":1611927204,"event":{"mods":["BaseMod","Conspire","Highlight Path","Marisa（F雨　魔理沙）","Minty Spire (QoL Compilation)","MostiFishMod","Quick Restart","Random Character Button","Shop Mod","Spicy Shops","StSLib","The Construct","The Servant 0.9.4","[功能]功能增强和修复MOD","篝火指南"],"gold_per_floor":[114,15,10,10,10,10,45,59,59,85,3,28,103,103,103,177,177,196,196,26,26,26,59,3,49,88,100,35,63,63,5,5,78,78,95,71,71,71,51,85,85,85,85,419,444,479,416,441,297,297],"floor_reached":51,"language":"ZHS","playtime":1403,"items_purged":["Strike_G","Defend_G","Strike_G","Defend_G","Strike_G","Strike_G","Strike_G","Defend_G","Defend_G","Defend_G","Normality","Writhe","CutThroughFate","Clumsy","MostiFishMod:SpreadingSpore"],"score":2496,"play_id":"ad47e520-c603-4564-b149-31e575a23d55","local_time":"20210129213324","is_ascension_mode":true,"campfire_choices":[{"floor":15,"key":"REST"},{"floor":27,"key":"REST"},{"floor":32,"key":"REST"}],"circlet_count":0,"master_deck":["AscendersBane","Survivor+1","Neutralize","conspire:DoublingDagger","Accuracy+1","Adrenaline","Choke+1","SporeBomb","Cloak And Dagger+1","Crescendo","Gouge","PropBag"],"relics":["DaveBox","Fusion Hammer","BirthdayGift-Icosahedron","SynthV:TestCard","ChiLing","Chi","Ling","InkBottle","Ancient Tea Set","DianPoetry","Smiling Mask","MerchantsRug","Shuriken","OriginationStaff","Tiny Chest","Orichalcum","construct:WeddingRing","PrismaticShard","Potion Belt","Frozen Egg 2","Dream Catcher","Bronze Scales","PreservedInsect","Anchor","conspire:DeflatedDodgeball","MawBank","Membership Card","TungstenRod","Akabeko","Art of War","Vajra","Strawberry","Centennial Puzzle","TheAbacus","Bottled Flame","Nilry\u0027s Codex","MostiFishMod:AdaptiveDefenses","Sundial","Blood Vial","ChiXiaoBlade","Nunchaku","Happy Flower","Turnip","Juzu Bracelet","Calipers","construct:RocketBooster","Old Coin","Unceasing Top","Bag of Preparation","conspire:Dentures","Letter Opener","Orrery","Ice Cream","Mummified Hand","Dead Branch","conspire:GlowingRock","Ying","Dodecahedron","conspire:DecoderRing"],"acts_visited":["Exordium","TheCity","TheBeyond"],"potions_floor_usage":[50],"damage_taken":[{"damage":0,"enemies":"Cultist","floor":1,"turns":2},{"damage":2,"enemies":"Lagavulin","floor":7,"turns":1},{"damage":0,"enemies":"2 Louse","floor":8,"turns":1},{"damage":2,"enemies":"Gremlin Nob","floor":10,"turns":1},{"damage":2,"enemies":"Lagavulin","floor":12,"turns":1},{"damage":2,"enemies":"The Guardian","floor":16,"turns":3},{"damage":2,"enemies":"2 Thieves","floor":18,"turns":1},{"damage":1,"enemies":"Slavers","floor":23,"turns":1},{"damage":2,"enemies":"Book of Stabbing","floor":25,"turns":1},{"damage":0,"enemies":"Slavers","floor":29,"turns":1},{"damage":0,"enemies":"Automaton","floor":33,"turns":2},{"damage":0,"enemies":"3 Darklings","floor":35,"turns":1},{"damage":0,"enemies":"Nemesis","floor":40,"turns":1},{"damage":0,"enemies":"Reptomancer","floor":44,"turns":1},{"damage":0,"enemies":"Mind Bloom Boss Battle","floor":45,"turns":1},{"damage":0,"enemies":"Nemesis","floor":46,"turns":1},{"damage":0,"enemies":"Giant Head","floor":48,"turns":1},{"damage":0,"enemies":"conspire:OrnateMirror","floor":50,"turns":1}],"seed_played":"-650369728522893182","potions_obtained":[{"floor":1,"key":"LiquidBronze"},{"floor":7,"key":"ColorlessPotion"},{"floor":8,"key":"AttackPotion"},{"floor":12,"key":"ColorlessPotion"},{"floor":25,"key":"Dexterity Potion"},{"floor":29,"key":"GhostInAJar"},{"floor":39,"key":"Fire Potion"},{"floor":46,"key":"DistilledChaos"}],"is_trial":false,"path_per_floor":["M","$","$","?","?","?","E","M","T","E","R","E","?","?","R","B",null,"M","?","$","T","?","E","R","E","T","R","$","E","?","$","R","B",null,"M","$","T","?","?","E","?","T","T","E","?","E","R","E","R","B",null],"character_chosen":"THE_SILENT","items_purchased":["ChiLing","Accuracy","Blade Dance","MerchantsRug","Shuriken","OriginationStaff","Tiny Chest","PrismaticShard","Potion Belt","Frozen Egg 2","Dream Catcher","Bronze Scales","MawBank","Membership Card","Art of War","Vajra","Strawberry","Centennial Puzzle","TheAbacus","MostiFishMod:AdaptiveDefenses","Sundial","Blood Vial","Nunchaku","Happy Flower","EntropicBrew","conspire:Dentures","Letter Opener","Orrery","Mummified Hand","Dead Branch","conspire:GlowingRock","Ying","Dodecahedron","conspire:DecoderRing"],"campfire_rested":3,"item_purchase_floors":[2,2,3,11,11,11,11,20,20,20,20,20,24,24,28,28,28,28,28,31,31,31,36,36,36,47,47,47,49,49,49,49,49,49],"current_hp_per_floor":[60,60,60,42,38,38,37,38,38,37,37,36,25,25,44,43,60,59,59,59,59,59,59,59,58,58,66,73,73,56,56,73,73,73,73,73,73,73,73,73,73,73,73,73,73,73,73,73,73,73],"gold":297,"neow_bonus":"BOSS_RELIC","is_daily":false,"chose_seed":false,"campfire_upgraded":0,"win_rate":0.0,"timestamp":1611927204,"path_taken":["M","?","$","?","?","?","E","?","T","E","R","E","?","?","R","BOSS","M","?","$","?","?","E","R","E","T","R","$","E","?","?","R","BOSS","M","$","?","?","?","E","?","?","T","E","?","E","R","E","R","BOSS"],"items_purchased_type":["Relic","Card","Card","Relic","Relic","Relic","Relic","Relic","Relic","Relic","Relic","Relic","Relic","Relic","Relic","Relic","Relic","Relic","Relic","Relic","Relic","Relic","Relic","Relic","Potion","Relic","Relic","Relic","Relic","Relic","Relic","Relic","Relic","Relic"],"build_version":"2020-12-22","purchased_purges":15,"victory":true,"max_hp_per_floor":[66,66,66,66,66,66,66,66,66,66,66,66,66,66,66,66,66,66,66,66,66,66,66,66,66,66,66,73,73,73,73,73,73,73,73,73,73,73,73,73,73,73,73,73,73,73,73,73,73,73],"card_choices":[{"not_picked":["Footwork","Acrobatics"],"picked":"conspire:DoublingDagger","floor":1},{"not_picked":["Setup","Blade Dance","Unload","Leg Sweep","Deflect"],"picked":"SKIP","floor":7},{"not_picked":["MostiFishMod:PoisonShield","Backflip","Flechettes","Dagger Spray","Dodge and Roll"],"picked":"SKIP","floor":8},{"not_picked":["Poisoned Stab","Escape Plan","Quick Slash","Flying Knee","Outmaneuver"],"picked":"SKIP","floor":10},{"not_picked":["Blur","All Out Attack","PiercingWail","Dagger Spray","Deflect"],"picked":"SKIP","floor":12},{"not_picked":["Glass Knife","Phantasmal Killer","Venomology","Corpse Explosion"],"picked":"Adrenaline","floor":16},{"not_picked":["MostiFishMod:PerfectParry","Prepared","Underhanded Strike","Infinite Blades+1"],"picked":"Choke","floor":18},{"not_picked":["SashWhip+1","Protect","Deadly Poison+1","construct:PowerUp"],"picked":"CutThroughFate","floor":23},{"not_picked":["Snipe","construct:ShiftGuard","MostiFishMod:PoisonShield","Gouge+1","FloweringNight+1"],"picked":"SKIP","floor":25},{"not_picked":["NonDirectionalLaser","Cleave+1","Bandage Up","GalacticHalo"],"picked":"SporeBomb","floor":29},{"not_picked":["Heatsinks+1","Dagger Throw+1","Pommel Strike","BowlingBash","Perfected Strike"],"picked":"SKIP","floor":35},{"not_picked":["Potential","Alleviate","Heatsinks+1","construct:VentSteam+1"],"picked":"Cloak And Dagger+1","floor":40},{"not_picked":["Sweeping Beam","Contraction+1","ThirdEye+1","CutThroughFate+1","Perseverance"],"picked":"SKIP","floor":44},{"not_picked":["HandOfGreedExtend","Vengeance+1","Streamline","construct:FierceBash+1"],"picked":"Crescendo","floor":45},{"not_picked":["BlazingStar","Ricochet+1","Underhanded Strike","construct:VentSteam+1","Misdirection"],"picked":"SKIP","floor":46},{"not_picked":["MilkyWay","Spin","Acceleration","DarkSpark"],"picked":"Gouge","floor":47},{"not_picked":["Comet+1","Pummel+1","Cold Snap","MostiFishMod:KamiSmash"],"picked":"PropBag","floor":47},{"not_picked":["construct:FlakBarrage","construct:CriticalHit","MostiFishMod:PerfectParry","Backstab","Feel No Pain+1"],"picked":"SKIP","floor":48}],"player_experience":121896,"relics_obtained":[{"floor":1,"key":"SynthV:TestCard"},{"floor":7,"key":"Ancient Tea Set"},{"floor":9,"key":"DianPoetry"},{"floor":10,"key":"Smiling Mask"},{"floor":12,"key":"Orichalcum"},{"floor":21,"key":"PreservedInsect"},{"floor":23,"key":"conspire:DeflatedDodgeball"},{"floor":25,"key":"TungstenRod"},{"floor":26,"key":"Akabeko"},{"floor":29,"key":"Bottled Flame"},{"floor":30,"key":"Nilry\u0027s Codex"},{"floor":37,"key":"Turnip"},{"floor":40,"key":"Juzu Bracelet"},{"floor":42,"key":"Calipers"},{"floor":43,"key":"construct:RocketBooster"},{"floor":44,"key":"Old Coin"},{"floor":45,"key":"Unceasing Top"},{"floor":46,"key":"Bag of Preparation"},{"floor":48,"key":"Ice Cream"}],"event_choices":[{"damage_healed":0,"gold_gain":0,"player_choice":"Success","damage_taken":18,"relics_obtained":["InkBottle"],"max_hp_gain":0,"max_hp_loss":0,"event_name":"Scrap Ooze","floor":4,"gold_loss":0},{"damage_healed":0,"gold_gain":0,"player_choice":"Leave","damage_taken":0,"max_hp_gain":0,"max_hp_loss":0,"event_name":"conspire:Investor","floor":5,"gold_loss":0},{"damage_healed":0,"gold_gain":0,"player_choice":"Ignored","damage_taken":0,"max_hp_gain":0,"max_hp_loss":0,"event_name":"Golden Wing","floor":6,"gold_loss":0},{"damage_healed":0,"gold_gain":75,"player_choice":"Gather Gold","damage_taken":11,"max_hp_gain":0,"max_hp_loss":0,"event_name":"World of Goop","floor":13,"gold_loss":0},{"damage_healed":0,"gold_gain":0,"player_choice":"Agree","damage_taken":0,"max_hp_gain":0,"max_hp_loss":0,"event_name":"conspire:LoneGhost","floor":14,"gold_loss":0},{"damage_healed":0,"gold_gain":0,"player_choice":"Opened","damage_taken":0,"relics_obtained":["Anchor"],"max_hp_gain":0,"max_hp_loss":0,"event_name":"The Mausoleum","floor":22,"gold_loss":0,"cards_obtained":["Writhe"]},{"damage_healed":0,"gold_gain":0,"player_choice":"Obtained Book","damage_taken":21,"max_hp_gain":0,"max_hp_loss":0,"event_name":"Cursed Tome","floor":30,"gold_loss":0},{"damage_healed":0,"gold_gain":0,"player_choice":"Memory 1","damage_taken":0,"max_hp_gain":0,"max_hp_loss":0,"event_name":"SensoryStone","floor":38,"gold_loss":0},{"damage_healed":0,"gold_gain":0,"player_choice":"Bought 1 Potion","damage_taken":0,"max_hp_gain":0,"max_hp_loss":0,"event_name":"The Woman in Blue","floor":39,"gold_loss":0},{"damage_healed":0,"gold_gain":0,"cards_transformed":["Blade Dance"],"player_choice":"Transformed","damage_taken":0,"max_hp_gain":0,"max_hp_loss":0,"event_name":"Transmorgrifier","floor":41,"gold_loss":0,"cards_obtained":["MostiFishMod:SpreadingSpore"]},{"damage_healed":0,"gold_gain":0,"player_choice":"Fight","damage_taken":0,"max_hp_gain":0,"max_hp_loss":0,"event_name":"MindBloom","floor":45,"gold_loss":0}],"is_beta":false,"boss_relics":[{"not_picked":["HoveringKite","Sozu"],"picked":"construct:WeddingRing"},{"not_picked":["construct:ClawGrip","RhineSuit"],"picked":"ChiXiaoBlade"}],"items_purged_floors":[2,2,2,2,2,2,2,2,2,2,24,24,28,49,49],"is_endless":false,"potions_floor_spawned":[1,7,8,8,10,10,12,12,18,25,29,29,33,35,40,44,44,44,46,48],"ascension_level":16}}