{"host":"c97twqu0op5dg8i4","time":1611887034,"event":{"mods":["AchievementEnabler","BaseMod","Colored Map","Minty Spire (QoL Compilation)","Permanent Neow"],"gold_per_floor":[109,109,121,121,142,142,176,176,176,191,205,223,254,277,277,396,396,421,421,49,64,82,82,7,32,55,80,80,93,93,118,161,161,161,204,204,323,323,342,410,410,410,428,428,469,493,532,532,532,532,546,546,4,4,29,29,29,29,29,29,29,65,65],"floor_reached":64,"language":"ENG","playtime":2543,"items_purged":["Strike_G"],"score":1891,"play_id":"c78a7c23-9cf4-4bd1-80be-b0e7ac7917d5","local_time":"20210128212354","is_ascension_mode":true,"campfire_choices":[{"data":"Blade Dance","floor":6,"key":"SMITH"},{"data":"Venomology","floor":15,"key":"SMITH"},{"data":"A Thousand Cuts","floor":23,"key":"SMITH"},{"data":"Blade Dance","floor":30,"key":"SMITH"},{"floor":33,"key":"REST"},{"floor":36,"key":"REST"},{"floor":44,"key":"REST"},{"floor":54,"key":"RECALL"},{"floor":56,"key":"REST"},{"data":"Envenom","floor":57,"key":"SMITH"},{"data":"Neutralize","floor":60,"key":"SMITH"}],"circlet_count":0,"master_deck":["Strike_G+1","Defend_G+1","Defend_G+1","Defend_G+1","Defend_G+1","Defend_G+1","Survivor","Neutralize+1","Venomology+1","Blade Dance+1","Blade Dance+1","Accuracy+1","Blade Dance+1","PiercingWail+1","Blur+1","Dodge and Roll+1","A Thousand Cuts+1","Dodge and Roll+1","Dagger Spray+1","PiercingWail+1","Infinite Blades","Cloak And Dagger+1","Accuracy","Blade Dance+1","Acrobatics+1","Blade Dance+1","Cloak And Dagger+1","Backflip+1","Footwork+1","Burst+1","Blade Dance+1","Leg Sweep+1","Escape Plan+1","Deflect+1","Envenom+1","Footwork+1","Crippling Poison+1","Backflip+1","Noxious Fumes+1"],"relics":["Ring of the Snake","Golden Idol","Thread and Needle","Toxic Egg 2","Incense Burner","Astrolabe","Blood Vial","Medical Kit","Nunchaku","Anchor","StoneCalendar","MutagenicStrength","Dream Catcher","Black Star","Ice Cream","StrikeDummy","Smiling Mask","Oddly Smooth Stone","Shuriken","Happy Flower","Orichalcum","Pear","OrangePellets","Bag of Marbles","Toy Ornithopter"],"acts_visited":["Exordium","TheCity","TheBeyond","TheEnding"],"potions_floor_usage":[1,5,7,12,13,14,16,16,18,21,22,25,31,31,32,32,35,35,40,40,43,45,47,52,55,63,63],"damage_taken":[{"damage":0,"enemies":"Cultist","floor":1,"turns":4},{"damage":0,"enemies":"2 Louse","floor":3,"turns":4},{"damage":0,"enemies":"Small Slimes","floor":5,"turns":3},{"damage":23,"enemies":"Gremlin Nob","floor":7,"turns":4},{"damage":0,"enemies":"Exordium Wildlife","floor":10,"turns":2},{"damage":0,"enemies":"Large Slime","floor":11,"turns":2},{"damage":0,"enemies":"2 Fungi Beasts","floor":12,"turns":3},{"damage":0,"enemies":"Lagavulin","floor":13,"turns":3},{"damage":0,"enemies":"3 Louse","floor":14,"turns":3},{"damage":8,"enemies":"Hexaghost","floor":16,"turns":8},{"damage":0,"enemies":"3 Byrds","floor":18,"turns":2},{"damage":7,"enemies":"2 Thieves","floor":21,"turns":3},{"damage":4,"enemies":"Snake Plant","floor":22,"turns":6},{"damage":0,"enemies":"3 Cultists","floor":25,"turns":3},{"damage":5,"enemies":"Centurion and Healer","floor":29,"turns":3},{"damage":5,"enemies":"Shelled Parasite and Fungi","floor":31,"turns":4},{"damage":16,"enemies":"Gremlin Leader","floor":32,"turns":3},{"damage":0,"enemies":"Book of Stabbing","floor":35,"turns":4},{"damage":20,"enemies":"Automaton","floor":37,"turns":6},{"damage":8,"enemies":"3 Darklings","floor":39,"turns":4},{"damage":13,"enemies":"2 Orb Walkers","floor":40,"turns":4},{"damage":0,"enemies":"Orb Walker","floor":43,"turns":3},{"damage":24,"enemies":"Reptomancer","floor":45,"turns":5},{"damage":2,"enemies":"Jaw Worm Horde","floor":46,"turns":4},{"damage":12,"enemies":"Giant Head","floor":47,"turns":7},{"damage":0,"enemies":"3 Darklings","floor":51,"turns":2},{"damage":0,"enemies":"Transient","floor":52,"turns":1},{"damage":0,"enemies":"Jaw Worm Horde","floor":55,"turns":4},{"damage":28,"enemies":"Time Eater","floor":58,"turns":11},{"damage":27,"enemies":"Shield and Spear","floor":62,"turns":6},{"damage":66,"enemies":"The Heart","floor":63,"turns":9}],"seed_played":"-2419470047221200239","potions_obtained":[{"floor":1,"key":"ColorlessPotion"},{"floor":3,"key":"Dexterity Potion"},{"floor":5,"key":"Dexterity Potion"},{"floor":7,"key":"LiquidMemories"},{"floor":14,"key":"FearPotion"},{"floor":22,"key":"Swift Potion"},{"floor":31,"key":"SmokeBomb"},{"floor":32,"key":"Dexterity Potion"},{"floor":35,"key":"SteroidPotion"},{"floor":40,"key":"SpeedPotion"},{"floor":43,"key":"Block Potion"},{"floor":45,"key":"ColorlessPotion"}],"is_trial":false,"path_per_floor":["M","?","M","?","M","R","E","?","T","M","M","M","E","M","R","B",null,"M","?","$","M","M","R","$","M","T","T","?","M","R","M","E","R","?","E","R","B",null,"M","?","?","?","M","R","E","M","E","?","T","T","M","M","$","R","M","R","R","B",null,"R","$","E","B",null],"character_chosen":"THE_SILENT","items_purchased":["Infinite Blades","Blood Vial","Medical Kit","Orichalcum","Pear","OrangePellets"],"campfire_rested":4,"item_purchase_floors":[20,20,20,53,53,53],"current_hp_per_floor":[63,63,63,63,63,63,40,40,40,40,40,40,40,40,40,32,57,57,46,46,41,39,39,39,41,41,41,41,38,38,35,21,42,42,44,65,47,64,58,47,47,47,49,70,46,46,36,36,36,36,38,40,50,50,52,76,76,50,73,73,73,48,24],"gold":65,"neow_bonus":"ONE_RANDOM_RARE_CARD","is_daily":false,"chose_seed":false,"campfire_upgraded":6,"win_rate":0.0,"timestamp":1611887034,"path_taken":["M","?","M","?","M","R","E","?","T","M","?","M","E","M","R","BOSS","M","?","$","M","M","R","$","M","T","T","?","M","R","M","E","R","?","E","R","BOSS","M","?","?","?","M","R","E","M","E","?","T","T","?","M","$","R","M","R","R","BOSS","R","$","E","BOSS"],"items_purchased_type":["Card","Relic","Relic","Relic","Relic","Relic"],"build_version":"2020-12-22","purchased_purges":1,"victory":true,"max_hp_per_floor":[70,70,70,65,65,65,65,65,65,65,65,65,65,65,65,65,65,65,70,70,70,70,70,70,70,70,70,70,70,70,70,70,70,70,70,70,70,70,70,70,70,70,70,70,70,70,70,70,70,70,70,70,80,80,80,80,80,80,80,80,80,80,80],"card_choices":[{"not_picked":["Escape Plan","Predator"],"picked":"Blade Dance","floor":1},{"not_picked":["Catalyst","Riddle With Holes"],"picked":"Blade Dance","floor":3},{"not_picked":["Setup","Poisoned Stab","Prepared"],"picked":"SKIP","floor":5},{"not_picked":["Acrobatics","Outmaneuver"],"picked":"Accuracy","floor":7},{"not_picked":["Dagger Spray","Sucker Punch","Eviscerate"],"picked":"SKIP","floor":10},{"not_picked":["Footwork","Underhanded Strike"],"picked":"Blade Dance+1","floor":11},{"not_picked":["Sucker Punch","Poisoned Stab"],"picked":"PiercingWail+1","floor":12},{"not_picked":["Skewer","Underhanded Strike"],"picked":"Blur+1","floor":13},{"not_picked":["Sucker Punch","Grand Finale"],"picked":"Dodge and Roll+1","floor":14},{"not_picked":["Venomology+1","After Image"],"picked":"A Thousand Cuts","floor":16},{"not_picked":["Flying Knee","Expertise+1","Dagger Spray"],"picked":"SKIP","floor":18},{"not_picked":["Expertise+1","Acrobatics+1"],"picked":"Cloak And Dagger+1","floor":21},{"not_picked":["Choke+1","Flechettes"],"picked":"Accuracy","floor":22},{"not_picked":["Setup+1","Poisoned Stab"],"picked":"Blade Dance+1","floor":25},{"not_picked":["Flechettes","Dagger Throw"],"picked":"Acrobatics+1","floor":29},{"not_picked":["Distraction+1","Terror+1"],"picked":"Blade Dance+1","floor":31},{"not_picked":["Malaise+1","Dagger Throw"],"picked":"Cloak And Dagger+1","floor":32},{"not_picked":["Concentrate+1","Night Terror+1"],"picked":"Backflip+1","floor":35},{"not_picked":["Outmaneuver+1","Crippling Poison+1"],"picked":"Footwork+1","floor":36},{"not_picked":["Malaise+1","Storm of Steel+1"],"picked":"Burst+1","floor":37},{"not_picked":["Prepared+1","Outmaneuver+1"],"picked":"Blade Dance+1","floor":39},{"not_picked":["Deadly Poison+1","Eviscerate+1"],"picked":"Leg Sweep+1","floor":40},{"not_picked":["Dagger Spray+1","Deflect+1"],"picked":"Escape Plan+1","floor":43},{"not_picked":["Dagger Throw","Blade Dance+1"],"picked":"Deflect+1","floor":44},{"not_picked":["Underhanded Strike","Dagger Spray+1"],"picked":"Envenom","floor":45},{"not_picked":["Masterful Stab","All Out Attack+1","Underhanded Strike"],"picked":"SKIP","floor":46},{"not_picked":["Outmaneuver+1","Infinite Blades+1"],"picked":"Footwork+1","floor":47},{"not_picked":["Bane+1","Sucker Punch+1","Dagger Throw"],"picked":"SKIP","floor":51},{"not_picked":["Accuracy","Acrobatics+1"],"picked":"Crippling Poison+1","floor":55},{"not_picked":["Slice","Acrobatics+1"],"picked":"Backflip+1","floor":56},{"not_picked":["Storm of Steel+1","Quick Slash"],"picked":"Noxious Fumes+1","floor":62}],"player_experience":324853,"relics_obtained":[{"floor":7,"key":"Thread and Needle"},{"floor":9,"key":"Toxic Egg 2"},{"floor":13,"key":"Incense Burner"},{"floor":26,"key":"Nunchaku"},{"floor":27,"key":"Anchor"},{"floor":32,"key":"StoneCalendar"},{"floor":35,"key":"Dream Catcher"},{"floor":40,"key":"Ice Cream"},{"floor":45,"key":"StrikeDummy"},{"floor":45,"key":"Smiling Mask"},{"floor":47,"key":"Oddly Smooth Stone"},{"floor":47,"key":"Shuriken"},{"floor":49,"key":"Happy Flower"},{"floor":62,"key":"Bag of Marbles"},{"floor":62,"key":"Toy Ornithopter"}],"event_choices":[{"damage_healed":0,"gold_gain":0,"player_choice":"Ignored","damage_taken":0,"max_hp_gain":0,"max_hp_loss":0,"event_name":"Golden Wing","floor":2,"gold_loss":0},{"damage_healed":0,"gold_gain":0,"player_choice":"Lose Max HP","damage_taken":0,"relics_obtained":["Golden Idol"],"max_hp_gain":0,"max_hp_loss":5,"event_name":"Golden Idol","floor":4,"gold_loss":0},{"damage_healed":0,"gold_gain":0,"player_choice":"Grow","damage_taken":0,"max_hp_gain":0,"max_hp_loss":0,"event_name":"Living Wall","floor":8,"gold_loss":0,"cards_upgraded":["Accuracy"]},{"damage_healed":0,"gold_gain":0,"player_choice":"Shed Blood","damage_taken":16,"max_hp_gain":5,"max_hp_loss":0,"event_name":"Forgotten Altar","floor":19,"gold_loss":0},{"damage_healed":0,"gold_gain":0,"player_choice":"Simplicity","damage_taken":0,"max_hp_gain":0,"max_hp_loss":0,"event_name":"Back to Basics","floor":28,"gold_loss":0,"cards_upgraded":["Strike_G","Defend_G","Defend_G","Defend_G","Defend_G","Defend_G"]},{"damage_healed":0,"gold_gain":0,"player_choice":"Inject Mutagens","damage_taken":0,"relics_obtained":["MutagenicStrength"],"max_hp_gain":0,"max_hp_loss":0,"event_name":"Drug Dealer","floor":34,"gold_loss":0},{"damage_healed":0,"gold_gain":0,"player_choice":"Fight","damage_taken":0,"max_hp_gain":0,"max_hp_loss":0,"event_name":"Mysterious Sphere","floor":40,"gold_loss":0},{"damage_healed":0,"gold_gain":0,"player_choice":"Ignored","damage_taken":0,"max_hp_gain":0,"max_hp_loss":0,"event_name":"Tomb of Lord Red Mask","floor":41,"gold_loss":0},{"damage_healed":0,"gold_gain":0,"player_choice":"Memory 1","damage_taken":0,"max_hp_gain":0,"max_hp_loss":0,"event_name":"SensoryStone","floor":42,"gold_loss":0},{"damage_healed":0,"gold_gain":0,"player_choice":"0 cards matched","damage_taken":0,"max_hp_gain":0,"max_hp_loss":0,"event_name":"Match and Keep!","floor":48,"gold_loss":0,"cards_obtained":[]}],"is_beta":false,"boss_relics":[{"not_picked":["Fusion Hammer","Ring of the Serpent"],"picked":"Astrolabe"},{"not_picked":["Cursed Key","Coffee Dripper"],"picked":"Black Star"}],"items_purged_floors":[24],"is_endless":false,"potions_floor_spawned":[1,3,5,7,14,22,25,31,32,35,40,43,45,52,62],"ascension_level":9}}