{"host":"3a1ypf1irl30q4k8","time":1611930977,"event":{"mods":["AchievementEnabler","BaseMod","Bestiary","Colored Map","Minty Spire (QoL Compilation)","Relic Stats"],"gold_per_floor":[119,131,131,144,164,164,164,200,200,200,225,225,268,281,281,411,411,435,435,32,47,47,47,63,63,63],"floor_reached":25,"language":"ENG","playtime":1058,"items_purged":[],"score":281,"play_id":"aa474acb-ee47-4c65-b106-367bb3609b04","local_time":"20210129143617","is_ascension_mode":true,"campfire_choices":[{"data":"Uppercut","floor":6.0,"key":"SMITH"},{"floor":10.0,"key":"REST"},{"data":"Carnage","floor":12.0,"key":"SMITH"},{"floor":15.0,"key":"REST"},{"data":"Power Through","floor":23,"key":"SMITH"}],"circlet_count":0,"master_deck":["Defend_R","Defend_R","Bash","Clash","Metallicize","Rampage","Uppercut+1","Burning Pact","Carnage+1","Dual Wield","Seeing Red","Exhume","Pommel Strike","Bite","Bite","Bite","Bite","Bite","Feed","Power Through+1","Power Through+1"],"relics":["Runic Dome","Golden Idol","Nunchaku","Self Forming Clay","StoneCalendar","Empty Cage","TheAbacus","Matryoshka"],"acts_visited":["Exordium","TheCity"],"potions_floor_usage":[21,25],"damage_taken":[{"damage":0.0,"enemies":"Small Slimes","floor":1.0,"turns":3.0},{"damage":7.0,"enemies":"Jaw Worm","floor":2.0,"turns":2.0},{"damage":1.0,"enemies":"2 Louse","floor":4.0,"turns":3.0},{"damage":10.0,"enemies":"Blue Slaver","floor":5.0,"turns":3.0},{"damage":21.0,"enemies":"3 Sentries","floor":8.0,"turns":7.0},{"damage":16.0,"enemies":"Exordium Thugs","floor":11.0,"turns":3.0},{"damage":15.0,"enemies":"Lagavulin","floor":13.0,"turns":3.0},{"damage":7.0,"enemies":"Exordium Wildlife","floor":14.0,"turns":2.0},{"damage":24.0,"enemies":"The Guardian","floor":16.0,"turns":8.0},{"damage":11.0,"enemies":"2 Thieves","floor":18.0,"turns":2.0},{"damage":19,"enemies":"Spheric Guardian","floor":21,"turns":4},{"damage":15,"enemies":"Snake Plant","floor":24,"turns":4},{"damage":39,"enemies":"Gremlin Leader","floor":25,"turns":4}],"seed_played":"644480848326479618","potions_obtained":[{"floor":11.0,"key":"Ancient Potion"},{"floor":13.0,"key":"SteroidPotion"},{"floor":14.0,"key":"SpeedPotion"},{"floor":16.0,"key":"FearPotion"},{"floor":24,"key":"GamblersBrew"}],"is_trial":false,"path_per_floor":["M","M","?","M","M","R","?","E","T","R","M","R","E","M","R","B",null,"M","?","$","M","?","R","M","E"],"character_chosen":"IRONCLAD","items_purchased":["TheAbacus","Matryoshka"],"campfire_rested":2,"item_purchase_floors":[20,20],"current_hp_per_floor":[80,73,73,72,62,62,55,34,34,56,40,40,25,18,40,16,74,63,51,51,34,34,34,23,0,0],"gold":63,"neow_bonus":"BOSS_RELIC","is_daily":false,"chose_seed":false,"campfire_upgraded":3,"win_rate":0.0,"timestamp":1611930977,"path_taken":["M","M","?","M","M","R","?","E","T","R","M","R","E","M","R","BOSS","M","?","$","M","?","R","M","E"],"items_purchased_type":["Relic","Relic"],"build_version":"2020-12-22","purchased_purges":0,"victory":false,"max_hp_per_floor":[80,80,74,74,74,74,74,74,74,74,74,74,74,74,74,74,74,74,51,51,51,51,51,51,51,51],"relic_stats":{"Nunchaku":[6],"TheAbacus":[18],"counters":[13,48],"Golden Idol":76,"Self Forming Clay":[60],"StoneCalendar":[32],"obtain_stats":[{"Runic Dome":0,"Nunchaku":8,"TheAbacus":20,"Matryoshka":20,"Golden Idol":3,"Self Forming Clay":9,"StoneCalendar":13,"Empty Cage":17,"Burning Blood":0},{"Runic Dome":0,"Nunchaku":5,"TheAbacus":10,"Matryoshka":10,"Golden Idol":2,"Self Forming Clay":5,"StoneCalendar":7,"Empty Cage":9,"Burning Blood":0},{"Runic Dome":0,"Nunchaku":18,"TheAbacus":36,"Matryoshka":36,"Golden Idol":5,"Self Forming Clay":18,"StoneCalendar":24,"Empty Cage":34,"Burning Blood":0}]},"card_choices":[{"not_picked":["Sword Boomerang","Armaments"],"picked":"Clash","floor":1.0},{"not_picked":["Combust","True Grit"],"picked":"Metallicize","floor":2.0},{"not_picked":["Wild Strike","Sword Boomerang"],"picked":"Rampage","floor":4.0},{"not_picked":["Seeing Red","Disarm"],"picked":"Uppercut","floor":5.0},{"not_picked":["Sword Boomerang","Uppercut"],"picked":"Burning Pact","floor":8.0},{"not_picked":["Flex","Bloodletting"],"picked":"Carnage","floor":11.0},{"not_picked":["Wild Strike","Iron Wave"],"picked":"Dual Wield","floor":13.0},{"not_picked":["Twin Strike","Warcry"],"picked":"Seeing Red","floor":14.0},{"not_picked":["Brutality","Bludgeon"],"picked":"Exhume","floor":16.0},{"not_picked":["Sword Boomerang","Thunderclap"],"picked":"Pommel Strike","floor":18},{"not_picked":["True Grit+1","Body Slam"],"picked":"Feed","floor":21},{"not_picked":["Armaments","Feel No Pain"],"picked":"Power Through+1","floor":24}],"player_experience":1244590,"relics_obtained":[{"floor":8.0,"key":"Nunchaku"},{"floor":9.0,"key":"Self Forming Clay"},{"floor":13.0,"key":"StoneCalendar"}],"event_choices":[{"damage_healed":0.0,"max_hp_gain":0.0,"max_hp_loss":6.0,"gold_gain":0.0,"event_name":"Golden Idol","player_choice":"Lose Max HP","floor":3.0,"gold_loss":0.0,"damage_taken":0.0,"relics_obtained":["Golden Idol"]},{"cards_removed":["Defend_R"],"damage_healed":0.0,"max_hp_gain":0.0,"max_hp_loss":0.0,"gold_gain":0.0,"event_name":"Golden Wing","player_choice":"Card Removal","floor":7.0,"gold_loss":0.0,"damage_taken":7.0},{"damage_healed":0,"gold_gain":0,"player_choice":"Became a vampire","damage_taken":0,"max_hp_gain":0,"max_hp_loss":23,"event_name":"Vampires","floor":19,"gold_loss":0,"cards_obtained":["Bite","Bite","Bite","Bite","Bite"]},{"damage_healed":0,"gold_gain":0,"player_choice":"Read","damage_taken":0,"max_hp_gain":0,"max_hp_loss":0,"event_name":"The Library","floor":22,"gold_loss":0,"cards_obtained":["Power Through"]}],"is_beta":false,"boss_relics":[{"not_picked":["Calling Bell","Sozu"],"picked":"Empty Cage"}],"items_purged_floors":[],"is_endless":false,"potions_floor_spawned":[11,13,14,16,24],"killed_by":"Gremlin Leader","ascension_level":4}}