{"host":"h5acbxt0wmjo1kpm","time":1611902197,"event":{"mods":["2.2 Compatiblity","Act Like it!","AlwaysNeverKeys","Aspiration","Bard","Bartender","BaseMod","Better Third Choice","Colored Map","Downfall","Elementarium","Gensokyo","GifTheSpireLib","Hallownest","Marisa????????","Menagerie","Minty Spire (QoL Compilation)","Permanent Neow","Potionbrewer","Quick Restart","Relic Filter","Reliquary","Replay The Spire","Robot Space Explorer","RumiaBox-????????","Shade Mod","Spicy Shops","StSLib","Strawberry Spire","The Blackbeard","The Dragon Tamer","The Gatherer","The Hayseed","The Problem Sleuth","The Servant 0.9.4","Wandering Minibosses","Wide Potions"],"gold_per_floor":[99,117,197,197,209,209,209,209,220,248,297,48,48,80,90,90,90,90],"floor_reached":16,"language":"ENG","playtime":837,"items_purged":["Pain"],"score":199,"play_id":"e32842f7-b7c3-4f9f-8131-de9caf9602de","local_time":"20210128223637","is_ascension_mode":true,"campfire_choices":[{"data":"hexamod:Sear","floor":1,"key":"SMITH"},{"data":"Gensokyo:CrescentMoonSlash","floor":6,"key":"SMITH"}],"circlet_count":0,"master_deck":["AscendersBane","hexamod:Strike","hexamod:Strike","hexamod:Defend","hexamod:Defend","hexamod:Defend","hexamod:Sear+1","hexamod:Float","hexamod:GhostLash","Gensokyo:CrescentMoonSlash+1","hexamod:RadiantFlame","Dagger Throw","Glass Knife","strawberrySpire:Rummage","hexamod:GhostOfSpireFuture","hexamod:ExtraCrispy","hexamod:FourthSeal","hexamod:HeatShield","hexamod:ForkedFlame","Clumsy","hexamod:VolcanoVisage","hexamod:Hexaguard"],"relics":["hexamod:SpiritBrand","Darkstone Periapt","reliquary:RosewoodLute","potionbrewer:SlideRule","Gensokyo:NagashiBinaDoll","hexamod:BolsterEngine"],"acts_visited":["Gensokyo:Gensokyo"],"potions_floor_usage":[10,14,16],"damage_taken":[{"damage":7,"enemies":"Gensokyo:Gryphon","floor":2,"turns":4},{"damage":3,"enemies":"Gensokyo:3_Fairies","floor":5,"turns":4},{"damage":0,"enemies":"Gensokyo:2_Kodama","floor":9,"turns":1},{"damage":7,"enemies":"Gensokyo:Aya","floor":10,"turns":5},{"damage":2,"enemies":"downfall:FleeingMerchant","floor":12,"turns":4},{"damage":15,"enemies":"Gensokyo:Cirno","floor":14,"turns":5},{"damage":12,"enemies":"Gensokyo:Gryphon_and_Rabbit","floor":15,"turns":6},{"damage":5,"enemies":"WA_ARCHETYPE_RETAIN","floor":16,"turns":6}],"seed_played":"5366194203923226274","potions_obtained":[{"floor":5,"key":"FearPotion"},{"floor":9,"key":"potionbrewer:FreezingPotion"},{"floor":10,"key":"SteroidPotion"},{"floor":12,"key":"Elixir"},{"floor":15,"key":"bronze:BurnAndBuffPotion"}],"is_trial":false,"path_per_floor":["R","M","?","?","M","R","T","?","M","?","?","$","?","E","M","B"],"character_chosen":"THE_SPIRIT","items_purchased":["hexamod:ForkedFlame"],"campfire_rested":0,"item_purchase_floors":[12],"current_hp_per_floor":[54,47,47,32,29,29,29,29,29,22,28,26,32,17,5,0,0,0],"gold":90,"neow_bonus":"TWENTY_PERCENT_HP_BONUS","is_daily":false,"chose_seed":false,"campfire_upgraded":2,"win_rate":0.0,"timestamp":1611902197,"path_taken":["R","M","?","?","M","R","T","?","?","?","?","$","?","E","M","BOSS"],"items_purchased_type":["Card"],"build_version":"2020-12-22","purchased_purges":1,"victory":false,"max_hp_per_floor":[75,75,75,75,75,75,75,75,75,75,81,81,87,87,87,87,87,87],"card_choices":[{"not_picked":["hexamod:AdvancingGuard","hexamod:SwordOfDarkness"],"picked":"hexamod:GhostLash","floor":2},{"not_picked":["hexamod:CatchUp","hexamod:RetreatToShadows"],"picked":"hexamod:RadiantFlame","floor":5},{"not_picked":["hexamod:InspiringFlames","hexamod:SuperheatedStrike"],"picked":"hexamod:GhostOfSpireFuture","floor":9},{"not_picked":["hexamod:SuperheatedStrike","hexamod:RainOfEmbers"],"picked":"hexamod:ExtraCrispy","floor":10},{"not_picked":["hexamod:GhostLash","hexamod:NightmareStrike"],"picked":"hexamod:FourthSeal","floor":11},{"not_picked":["hexamod:HauntingEcho","hexamod:HeatCrush"],"picked":"hexamod:HeatShield","floor":12},{"not_picked":["hexamod:SpectralSpark","hexamod:NightmareStrike"],"picked":"hexamod:VolcanoVisage","floor":14},{"not_picked":["hexamod:Rewind","hexamod:SkipABeat"],"picked":"hexamod:Hexaguard","floor":15}],"player_experience":2634358,"relics_obtained":[{"floor":7,"key":"Darkstone Periapt"},{"floor":10,"key":"reliquary:RosewoodLute"},{"floor":11,"key":"potionbrewer:SlideRule"},{"floor":14,"key":"hexamod:BolsterEngine"}],"event_choices":[],"is_beta":false,"boss_relics":[],"items_purged_floors":[12],"is_endless":false,"potions_floor_spawned":[5,9,10],"killed_by":"WA_ARCHETYPE_RETAIN","ascension_level":15}}