{"host":"t9q14bihfoo75lsb","time":1611903592,"event":{"mods":["100% Spire Juice","Arknights The Spire","BaseMod","Better Third Choice","Challenge The Spire","Hermit","Infinite Spire","Koishi","Minty Spire (QoL Compilation)","Reworked Bosses","Shop Mod","Spicy Shops","StSLib","The Cursed","The Dragon Tamer","The Hierophant","The Runesmith"],"gold_per_floor":[141,186,261,261,411,789,66,165,165,165,165],"floor_reached":10,"language":"KOR","playtime":444,"items_purged":["Doubt","Shame"],"score":198,"play_id":"a77668bb-5e1b-4b8c-92a3-8c8506d50d51","local_time":"20210129155952","daily_mods":["Draft","Specialized","Vintage","Heirloom","Flight","DeadlyEvents","Elite Swarm","Midas"],"is_ascension_mode":true,"campfire_choices":[],"circlet_count":0,"master_deck":["AscendersBane","Moonworks:NicePresent","Moonworks:NicePresent","Moonworks:NicePresent","Moonworks:NicePresent","Moonworks:NicePresent","Moonworks:LulusLuckyEgg","Moonworks:Bloodlust","Moonworks:DeployBits","Moonworks:EvilSpyWorkPreparation+1","Moonworks:RedAndBlue","Moonworks:SakisCookie","Moonworks:EvilSpyWorkPreparation","Moonworks:LulusLuckyEgg","Moonworks:EvilSpyWorkPreparation","Moonworks:TacticalRetreat","Moonworks:BackdoorTrade","Moonworks:LuckyCharm","Moonworks:EvilSpyWorkPreparation+1","Moonworks:TacticalRetreat","Moonworks:WeAreWaruda","Moonworks:Accelerator","Moonworks:Encore"],"relics":["Moonworks:BrokenBomb","Moonworks:Homemark","Torii","Blue Candle","Oddly Smooth Stone","Old Coin","MerchantsRug","Membership Card","Runesmith:Locket","War Paint","Calipers","Pantograph"],"acts_visited":["Exordium"],"potions_floor_usage":[],"damage_taken":[{"damage":12,"enemies":"Cultist","floor":1,"turns":3},{"damage":16,"enemies":"2 Louse","floor":2,"turns":2},{"damage":16,"enemies":"Lagavulin","floor":6,"turns":5},{"damage":37,"enemies":"3 Sentries","floor":8,"turns":4},{"damage":8,"enemies":"Gremlin Nob","floor":10,"turns":2}],"seed_played":"-727732687269891534","potions_obtained":[{"floor":1,"key":"SkillPotion"}],"is_trial":true,"path_per_floor":["M","M","?","?","?","E","$","E","T","E"],"character_chosen":"THE_STARBREAKER","items_purchased":["MerchantsRug","Membership Card","Runesmith:Locket","War Paint","Calipers"],"campfire_rested":0,"item_purchase_floors":[7,7,7,7,7],"current_hp_per_floor":[52,38,27,27,27,27,27,6,6,0,0],"gold":165,"neow_bonus":"","is_daily":false,"chose_seed":false,"campfire_upgraded":0,"win_rate":0.0,"timestamp":1611903592,"path_taken":["M","?","?","?","?","E","$","E","T","E"],"items_purchased_type":["Relic","Relic","Relic","Relic","Relic"],"build_version":"2020-12-22","purchased_purges":2,"victory":false,"max_hp_per_floor":[55,55,55,55,55,55,55,55,55,55,55],"card_choices":[{"not_picked":["Moonworks:CloudOfSeagulls","Moonworks:SealedMemories"],"picked":"Moonworks:LulusLuckyEgg","floor":0},{"not_picked":["Moonworks:CastOff","Moonworks:CloudOfSeagulls"],"picked":"Moonworks:Bloodlust","floor":0},{"not_picked":["Moonworks:ImOnFire","Moonworks:JonathanRush"],"picked":"Moonworks:DeployBits","floor":0},{"not_picked":["Moonworks:JonathanRush","Moonworks:RedAndBlue"],"picked":"Moonworks:EvilSpyWorkPreparation","floor":0},{"not_picked":["Moonworks:UnpaidWork","Moonworks:Poppoformation"],"picked":"Moonworks:SealedMemories","floor":0},{"not_picked":["Moonworks:Assault","Moonworks:ExtendedPhotonRifle"],"picked":"Moonworks:RedAndBlue","floor":0},{"not_picked":["Moonworks:Assault","Moonworks:JonathanRush"],"picked":"Moonworks:SakisCookie","floor":0},{"not_picked":["Moonworks:ImOnFire","Moonworks:BigMagnum"],"picked":"Moonworks:EvilSpyWorkPreparation","floor":0},{"not_picked":["Moonworks:Assault","Moonworks:BigMagnum"],"picked":"Moonworks:LulusLuckyEgg","floor":0},{"not_picked":["Moonworks:BigMagnum","Moonworks:NicePresent"],"picked":"Moonworks:EvilSpyWorkPreparation","floor":0},{"not_picked":["Moonworks:Assault","Moonworks:BigBangBell"],"picked":"Moonworks:TacticalRetreat","floor":0},{"not_picked":["Moonworks:Dinner","Moonworks:BigMagnum"],"picked":"Moonworks:BackdoorTrade","floor":0},{"not_picked":["Moonworks:NicePresent","Moonworks:CloudOfSeagulls"],"picked":"Moonworks:LuckyCharm","floor":0},{"not_picked":["Moonworks:SelfDestruct","Moonworks:NicePresent"],"picked":"Moonworks:EvilSpyWorkPreparation","floor":0},{"not_picked":["Moonworks:Assault","Moonworks:IndiscriminateFireSupport"],"picked":"Moonworks:TacticalRetreat","floor":0},{"not_picked":["Moonworks:PlushieMaster","Moonworks:Encore"],"picked":"Moonworks:Accelerator","floor":6},{"not_picked":["Moonworks:Blazing","Moonworks:EvilMastermind"],"picked":"Moonworks:Encore","floor":8}],"player_experience":504243,"relics_obtained":[{"floor":1,"key":"Blue Candle"},{"floor":2,"key":"Oddly Smooth Stone"},{"floor":6,"key":"Old Coin"},{"floor":8,"key":"Pantograph"}],"event_choices":[{"damage_healed":0,"gold_gain":75,"player_choice":"Gold","damage_taken":11,"max_hp_gain":0,"max_hp_loss":0,"event_name":"betterThird:BetterGoop","floor":3,"gold_loss":0},{"damage_healed":0,"gold_gain":0,"cards_transformed":["Moonworks:SealedMemories"],"player_choice":"Change","damage_taken":0,"max_hp_gain":0,"max_hp_loss":0,"event_name":"Living Wall","floor":4,"gold_loss":0,"cards_obtained":["Moonworks:WeAreWaruda"]},{"damage_healed":0,"gold_gain":150,"player_choice":"AGREE","damage_taken":261,"max_hp_gain":0,"max_hp_loss":0,"event_name":"betterThird:BetterSerpent","floor":5,"gold_loss":0}],"is_beta":false,"boss_relics":[],"items_purged_floors":[7,7],"is_endless":false,"potions_floor_spawned":[1,8],"killed_by":"Gremlin Nob","ascension_level":20}}