{"host":"6xsbn6ynqlzwllfm","time":1611878462,"event":{"mods":["2.2 Compatiblity","BaseMod","Bestiary","Colored Map","Colored Powertips","Curses Come First","Highlight Path","Keyboard Shortcuts","Minty Spire (QoL Compilation)","Relic Stats","Slay the Relics Exporter","StSLib","SuperFastMode"],"gold_per_floor":[118,118,133,133,98,129,159,193,218,243,243,266,266,299,299,418,418,432,65,65,83,83,83,96,96,96,131,147,178,178,64,64,192,255,309,309,357,74,74,74,104,104],"floor_reached":41,"language":"ENG","playtime":2363,"items_purged":["Strike_P"],"score":718,"play_id":"c6ce6367-f7c1-4a47-95d8-1154bd5e9278","local_time":"20210128190102","is_ascension_mode":true,"campfire_choices":[{"data":"FlurryOfBlows","floor":11,"key":"SMITH"},{"data":"LessonLearned","floor":15,"key":"SMITH"},{"data":"Prostrate","floor":23,"key":"SMITH"},{"data":"LikeWater","floor":25,"key":"SMITH"},{"floor":30,"key":"REST"},{"data":"FlurryOfBlows","floor":32,"key":"SMITH"},{"data":"Omniscience","floor":40,"key":"SMITH"}],"circlet_count":0,"master_deck":["Eruption+1","Vigilance+1","EmptyFist+1","FlurryOfBlows+1","FearNoEvil","Evaluate+1","CutThroughFate","Protect+1","LessonLearned+1","Panacea+1","LessonLearned+1","SpiritShield","Prostrate+1","LikeWater+1","Prostrate+1","Prostrate+1","FlyingSleeves","FlurryOfBlows+1","MasterReality","Wallop","DeusExMachina","Weave","LessonLearned+1","Wish+1","WindmillStrike","Ragnarok","Evaluate","Omniscience+1"],"relics":["PureWater","MealTicket","Golden Idol","Pen Nib","Odd Mushroom","Akabeko","Juzu Bracelet","War Paint","SacredBark","Art of War","Singing Bowl","CeramicFish","PreservedInsect","Pandora\u0027s Box","Lee\u0027s Waffle"],"acts_visited":["Exordium","TheCity","TheBeyond"],"potions_floor_usage":[14,16,16,16,27,27,28,29,33,35,37],"damage_taken":[{"damage":4.0,"enemies":"2 Louse","floor":1.0,"turns":3.0},{"damage":0.0,"enemies":"Small Slimes","floor":3.0,"turns":4.0},{"damage":8.0,"enemies":"Gremlin Nob","floor":6.0,"turns":3.0},{"damage":5,"enemies":"The Mushroom Lair","floor":7,"turns":4},{"damage":2,"enemies":"3 Sentries","floor":8,"turns":3},{"damage":0,"enemies":"Jaw Worm","floor":10,"turns":1},{"damage":0,"enemies":"Red Slaver","floor":12,"turns":2},{"damage":0,"enemies":"Lagavulin","floor":14,"turns":5},{"damage":19,"enemies":"Hexaghost","floor":16,"turns":9},{"damage":12,"enemies":"Chosen","floor":18,"turns":5},{"damage":13,"enemies":"Spheric Guardian","floor":21,"turns":11},{"damage":7,"enemies":"Centurion and Healer","floor":24,"turns":7},{"damage":17,"enemies":"Gremlin Leader","floor":27,"turns":6},{"damage":10,"enemies":"Cultist and Chosen","floor":28,"turns":8},{"damage":45,"enemies":"Slavers","floor":29,"turns":5},{"damage":7,"enemies":"Champ","floor":33,"turns":13},{"damage":49,"enemies":"3 Darklings","floor":35,"turns":6},{"damage":6,"enemies":"3 Shapes","floor":37,"turns":6},{"damage":110,"enemies":"Nemesis","floor":41,"turns":8}],"seed_played":"1274463499468105681","potions_obtained":[{"floor":6.0,"key":"Weak Potion"},{"floor":7,"key":"BottledMiracle"},{"floor":12,"key":"PowerPotion"},{"floor":14,"key":"Swift Potion"},{"floor":16,"key":"EssenceOfSteel"},{"floor":24,"key":"CultistPotion"},{"floor":28,"key":"Explosive Potion"},{"floor":29,"key":"GamblersBrew"},{"floor":33,"key":"SkillPotion"}],"is_trial":false,"path_per_floor":["M","?","M","?","?","E","?","E","T","M","R","M","?","E","R","B",null,"M","$","?","M","?","R","M","R","T","E","M","E","R","$","R","B",null,"M","?","M","$","?","R","E"],"character_chosen":"WATCHER","items_purchased":["Art of War","Regen Potion","LikeWater","DistilledChaos","FlurryOfBlows","Omniscience","Lee\u0027s Waffle"],"campfire_rested":1,"item_purchase_floors":[19,19,19,31,31,38,38],"current_hp_per_floor":[61,61,61,48,64,56,51,49,49,49,49,49,49,49,49,30,58,46,61,61,48,48,48,41,41,41,26,67,24,45,60,60,53,68,19,19,15,82,78,78,0,0],"gold":104,"neow_bonus":"RANDOM_COMMON_RELIC","is_daily":false,"chose_seed":false,"campfire_upgraded":6,"win_rate":0.0,"timestamp":1611878462,"path_taken":["M","?","M","?","?","E","?","E","T","M","R","M","?","E","R","BOSS","M","$","?","M","?","R","M","R","T","E","M","E","R","$","R","BOSS","M","?","M","$","?","R","E"],"items_purchased_type":["Relic","Potion","Card","Potion","Card","Card","Relic"],"build_version":"2020-12-22","purchased_purges":1,"victory":false,"max_hp_per_floor":[72,67,67,67,67,67,67,67,67,67,67,67,67,67,67,67,67,67,67,67,67,67,67,67,67,67,69,71,73,73,73,73,73,73,73,73,75,82,78,78,78,78],"relic_stats":{"Lee\u0027s Waffle":52,"Singing Bowl":8,"counters":[19,109],"Golden Idol":122,"CeramicFish":99,"Pen Nib":[20],"PreservedInsect":50,"Juzu Bracelet":1,"War Paint":["Panacea","Vigilance"],"MealTicket":45,"Pandora\u0027s Box":["Wallop","DeusExMachina","Weave","LessonLearned","Wish","WindmillStrike","Ragnarok"],"Art of War":[16],"obtain_stats":[{"Lee\u0027s Waffle":38,"Singing Bowl":26,"Golden Idol":2,"SacredBark":17,"CeramicFish":27,"Pen Nib":6,"PreservedInsect":29,"Juzu Bracelet":9,"Odd Mushroom":7,"War Paint":14,"Akabeko":8,"MealTicket":0,"Pandora\u0027s Box":34,"Art of War":19,"PureWater":0},{"Lee\u0027s Waffle":18,"Singing Bowl":12,"Golden Idol":1,"SacredBark":9,"CeramicFish":13,"Pen Nib":3,"PreservedInsect":15,"Juzu Bracelet":5,"Odd Mushroom":4,"War Paint":8,"Akabeko":5,"MealTicket":0,"Pandora\u0027s Box":16,"Art of War":10,"PureWater":0},{"Lee\u0027s Waffle":101,"Singing Bowl":57,"Golden Idol":3,"SacredBark":34,"CeramicFish":63,"Pen Nib":10,"PreservedInsect":76,"Juzu Bracelet":17,"Odd Mushroom":14,"War Paint":25,"Akabeko":17,"MealTicket":0,"Pandora\u0027s Box":89,"Art of War":39,"PureWater":0}]},"card_choices":[{"not_picked":["ThirdEye","Meditate"],"picked":"EmptyFist","floor":1.0},{"not_picked":["ThirdEye","Halt"],"picked":"FlurryOfBlows","floor":3.0},{"not_picked":["Study","Collect"],"picked":"FearNoEvil","floor":6.0},{"not_picked":["ClearTheMind","Crescendo"],"picked":"Evaluate","floor":7},{"not_picked":["Meditate","EmptyBody"],"picked":"CutThroughFate","floor":8},{"not_picked":["Halt","FollowUp"],"picked":"Protect","floor":10},{"not_picked":["EmptyBody","FlurryOfBlows"],"picked":"LessonLearned","floor":12},{"not_picked":["EmptyFist","Establishment"],"picked":"LessonLearned","floor":14},{"not_picked":["Judgement","DevaForm"],"picked":"SpiritShield","floor":16},{"not_picked":["FearNoEvil+1","ThirdEye"],"picked":"Prostrate","floor":18},{"not_picked":["JustLucky+1","FlyingSleeves"],"picked":"Prostrate","floor":21},{"not_picked":["BowlingBash","EmptyBody"],"picked":"FlyingSleeves","floor":24},{"not_picked":["TalkToTheHand","Prostrate","InnerPeace"],"picked":"Singing Bowl","floor":27},{"not_picked":["Indignation+1","ForeignInfluence","EmptyBody"],"picked":"Singing Bowl","floor":28},{"not_picked":["BattleHymn","Blasphemy","FlurryOfBlows"],"picked":"Singing Bowl","floor":29},{"not_picked":["DeusExMachina","Vault"],"picked":"MasterReality","floor":33},{"not_picked":["FlurryOfBlows","ClearTheMind"],"picked":"Evaluate","floor":35},{"not_picked":["SandsOfTime","Crescendo+1","FlyingSleeves+1"],"picked":"Singing Bowl","floor":37}],"player_experience":1203697,"relics_obtained":[{"floor":6.0,"key":"Pen Nib"},{"floor":7,"key":"Odd Mushroom"},{"floor":8,"key":"Akabeko"},{"floor":9,"key":"Juzu Bracelet"},{"floor":14,"key":"War Paint"},{"floor":26,"key":"Singing Bowl"},{"floor":27,"key":"CeramicFish"},{"floor":29,"key":"PreservedInsect"}],"event_choices":[{"damage_healed":0.0,"max_hp_gain":0.0,"max_hp_loss":5.0,"gold_gain":0.0,"event_name":"Golden Idol","player_choice":"Lose Max HP","floor":2.0,"gold_loss":0.0,"damage_taken":0.0,"relics_obtained":["Golden Idol"]},{"damage_healed":0.0,"max_hp_gain":0.0,"max_hp_loss":0.0,"gold_gain":0.0,"event_name":"Shining Light","player_choice":"Entered Light","floor":4.0,"gold_loss":0.0,"damage_taken":13.0,"cards_upgraded":["Strike_P","EmptyFist"]},{"damage_healed":16.0,"max_hp_gain":0.0,"max_hp_loss":0.0,"gold_gain":0.0,"event_name":"The Cleric","player_choice":"Healed","floor":5.0,"gold_loss":35.0,"damage_taken":0.0},{"damage_healed":0,"gold_gain":0,"player_choice":"Fought Mushrooms","damage_taken":0,"max_hp_gain":0,"max_hp_loss":0,"event_name":"Mushrooms","floor":7,"gold_loss":0},{"damage_healed":0,"gold_gain":0,"player_choice":"1 cards matched","damage_taken":0,"max_hp_gain":0,"max_hp_loss":0,"event_name":"Match and Keep!","floor":13,"gold_loss":0,"cards_obtained":["Panacea"]},{"damage_healed":0,"gold_gain":0,"player_choice":"Ignored","damage_taken":0,"max_hp_gain":0,"max_hp_loss":0,"event_name":"Vampires","floor":20,"gold_loss":0},{"damage_healed":0,"gold_gain":0,"player_choice":"Copied","damage_taken":0,"max_hp_gain":0,"max_hp_loss":0,"event_name":"Duplicator","floor":22,"gold_loss":0,"cards_obtained":["Prostrate"]},{"damage_healed":0,"gold_gain":0,"player_choice":"Ignored","damage_taken":0,"max_hp_gain":0,"max_hp_loss":0,"event_name":"Tomb of Lord Red Mask","floor":36,"gold_loss":0},{"damage_healed":0,"gold_gain":0,"player_choice":"Max HP","damage_taken":0,"max_hp_gain":0,"max_hp_loss":4,"event_name":"Winding Halls","floor":39,"gold_loss":0}],"is_beta":false,"boss_relics":[{"not_picked":["SlaversCollar","Runic Dome"],"picked":"SacredBark"},{"not_picked":["Snecko Eye","Coffee Dripper"],"picked":"Pandora\u0027s Box"}],"items_purged_floors":[19],"is_endless":false,"potions_floor_spawned":[6,7,12,14,16,24,28,29,33],"killed_by":"Nemesis","ascension_level":9}}