{"host":"43ljbksi7ebmxfn8","time":1611893703,"event":{"mods":["Act Like it!","BaseMod","Gensokyo","Minty Spire (QoL Compilation)","MostiFishMod","Pale of the Ancients","Quick Restart","Shop Mod","Spicy Shops","StSLib","TestMod","óô»ðÖ¸ÄÏ"],"gold_per_floor":[111,123,123,123,133,133,133,133],"floor_reached":7,"language":"ZHS","playtime":408,"items_purged":[],"score":80,"play_id":"a7bdab7c-c93d-42f3-9a75-d16a32fcf37e","local_time":"20210129121503","is_ascension_mode":true,"campfire_choices":[{"data":"Heatsinks","floor":6.0,"key":"SMITH"}],"circlet_count":0,"master_deck":["AscendersBane","Strike_B","Strike_B","Strike_B","Strike_B","Defend_B","Defend_B","Defend_B","Defend_B","Zap","Dualcast","MostiFishMod:Overload","Storm","BootSequence","Heatsinks+1","MostiFishMod:PushDownKick","Injury","Skim"],"relics":["Cracked Core","DaveBox","testmod-TestBox","testmod-ArcanaOfDestiny","Chemical X","SynthV:TestCard","Symbiotic Virus"],"acts_visited":["Exordium"],"potions_floor_usage":[7,7],"damage_taken":[{"damage":8.0,"enemies":"Gensokyo:Python","floor":1.0,"turns":3.0},{"damage":3.0,"enemies":"Gensokyo:Gryphon","floor":2.0,"turns":3.0},{"damage":0.0,"enemies":"Gensokyo:3_Fairies","floor":5.0,"turns":4.0},{"damage":38,"enemies":"Gensokyo:Cirno","floor":7,"turns":6}],"seed_played":"1954959718592248307","potions_obtained":[{"floor":1.0,"key":"ColorlessPotion"},{"floor":2.0,"key":"Weak Potion"}],"is_trial":false,"path_per_floor":["M","M","?","?","M","R","E"],"character_chosen":"DEFECT","items_purchased":[],"campfire_rested":0,"item_purchase_floors":[],"current_hp_per_floor":[38,35,35,35,35,35,0,0],"gold":133,"neow_bonus":"THREE_RARE_CARDS","is_daily":false,"chose_seed":false,"campfire_upgraded":1,"win_rate":0.0,"timestamp":1611893703,"path_taken":["M","M","?","?","M","R","E"],"items_purchased_type":[],"build_version":"2020-12-22","purchased_purges":0,"victory":false,"max_hp_per_floor":[71,71,71,71,71,71,71,71],"card_choices":[{"not_picked":["MostiFishMod:Distribution","Multi-Cast"],"picked":"MostiFishMod:Overload","floor":0.0},{"not_picked":["Scrape","Compile Driver"],"picked":"Storm","floor":1.0},{"not_picked":["Scrape","Rip and Tear","Streamline","Conserve Battery"],"picked":"BootSequence","floor":2.0},{"not_picked":["Conserve Battery","Beam Cell","Cold Snap","MostiFishMod:Exploitation"],"picked":"Heatsinks","floor":3.0},{"not_picked":["Conserve Battery","Sweeping Beam","Gash","Turbo"],"picked":"MostiFishMod:PushDownKick","floor":3.0},{"not_picked":["Rebound","Redo","Turbo","Leap"],"picked":"Skim","floor":5.0}],"player_experience":377879,"relics_obtained":[{"floor":1.0,"key":"SynthV:TestCard"}],"event_choices":[],"is_beta":false,"boss_relics":[],"items_purged_floors":[],"is_endless":false,"potions_floor_spawned":[1,2],"killed_by":"Gensokyo:Cirno","ascension_level":19}}