{"host":"kydqlojjt9mno5rv","time":1611895508,"event":{"mods":["AchievementEnabler","BaseMod","Colored Powertips","Curses Come First","DeckTracker","Minty Spire (QoL Compilation)","Quick Restart","Replay The Spire","Shop Mod","Spicy Shops","StSLib","SuperFastMode","Synergy Search","Weighted Paths"],"gold_per_floor":[109,184,194,194,214,246,20,20,20,20,20,51,107,120,120,232,232,262,262,58,89,120,120,145,145,145,196,235,288,329,364,364,471,471,510,545,586,616,657,657,718,284,332,399,399,479,555,588,588,634,634,634,50,119,163],"floor_reached":56,"language":"ENG","playtime":3950,"items_purged":["Writhe","Strike_G","Normality"],"score":1407,"play_id":"b392a991-41f6-4bc0-a1cd-0a751f86b762","local_time":"20210128234508","is_ascension_mode":true,"campfire_choices":[{"floor":8.0,"key":"REST"},{"floor":11.0,"key":"REST"},{"data":"Accuracy","floor":15.0,"key":"SMITH"},{"floor":23.0,"key":"REST"},{"floor":25.0,"key":"RECALL"},{"floor":32.0,"key":"REST"},{"floor":40.0,"key":"REST"},{"data":"Blade Dance","floor":45.0,"key":"SMITH"},{"data":"Wraith Form v2","floor":49.0,"key":"SMITH"},{"data":"Blade Dance","floor":49.0,"key":"SMITH"},{"data":"Wraith Form v2","floor":52.0,"key":"SMITH"},{"data":"Infinite Blades","floor":52.0,"key":"SMITH"}],"circlet_count":0,"master_deck":["Strike_G","Strike_G","Strike_G","Defend_G+1","Defend_G+1","Defend_G","Defend_G","Defend_G","Survivor","Neutralize+1","Blade Dance+1","Backflip","Prepared+1","Outmaneuver","Prepared+1","Dagger Throw","Sneak Up","Accuracy+1","Doppelganger","Blade Dance","Acrobatics","Tactician","Backflip","Infinite Blades+1","Hidden Blade","Outmaneuver+1","Wraith Form v2+1","Prepared+1","Cloak And Dagger","Wraith Form v2+1","Finisher+1","Blade Dance","Hidden Blade+1","Blade Dance+1","Blade Dance+1","Parasite","Infinite Blades+1","ReplayTheSpireMod:Scrap Shanks+1","Accuracy+1"],"relics":["Ring of the Snake","Gremlin Food","Pocketwatch","Membership Card","Replay:Bandana","Bottled Lightning","Prayer Wheel","WristBlade","Vajra","Lantern","ReplayTheSpireMod:CursedCoin","MerchantsRug","Pantograph","SlaversCollar","Frozen Egg 2","StoneCalendar","Strange Spoon","Replay:Bottled Steam","Pen Nib","Lee\u0027s Waffle","ReplayFunnel","Paper Crane","Mango","Replay:Arrowhead","DollysMirror","Gambling Chip","Tingsha","Centennial Puzzle","Iron Hammer","Pondfish Scales"],"acts_visited":["Exordium","TheCity","TheBeyond","TheEnding"],"potions_floor_usage":[],"damage_taken":[{"damage":7.0,"enemies":"Small Slimes","floor":1.0,"turns":4.0},{"damage":6.0,"enemies":"Cultist","floor":3.0,"turns":3.0},{"damage":7.0,"enemies":"2 Louse","floor":5.0,"turns":2.0},{"damage":28.0,"enemies":"3 Sentries","floor":6.0,"turns":10.0},{"damage":6.0,"enemies":"Red Slaver","floor":12.0,"turns":3.0},{"damage":30.0,"enemies":"Gremlin Nob","floor":13.0,"turns":4.0},{"damage":10.0,"enemies":"Exordium Thugs","floor":14.0,"turns":4.0},{"damage":6.0,"enemies":"The Guardian","floor":16.0,"turns":15.0},{"damage":2.0,"enemies":"Shell Parasite","floor":18.0,"turns":4.0},{"damage":2.0,"enemies":"Chosen","floor":21.0,"turns":3.0},{"damage":13.0,"enemies":"Snake Plant","floor":22.0,"turns":4.0},{"damage":36.0,"enemies":"Book of Stabbing","floor":27.0,"turns":5.0},{"damage":2.0,"enemies":"Cultist and Chosen","floor":28.0,"turns":4.0},{"damage":25.0,"enemies":"Slavers","floor":29.0,"turns":5.0},{"damage":1.0,"enemies":"Snecko","floor":30.0,"turns":4.0},{"damage":0.0,"enemies":"3 Cultists","floor":31.0,"turns":4.0},{"damage":79.0,"enemies":"Collector","floor":33.0,"turns":7.0},{"damage":4.0,"enemies":"Orb Walker","floor":35.0,"turns":3.0},{"damage":9.0,"enemies":"3 Shapes","floor":36.0,"turns":3.0},{"damage":10.0,"enemies":"Jaw Worm Horde","floor":37.0,"turns":2.0},{"damage":12.0,"enemies":"Writhing Mass","floor":38.0,"turns":6.0},{"damage":20.0,"enemies":"3 Darklings","floor":39.0,"turns":3.0},{"damage":8.0,"enemies":"R_Hoarder","floor":41.0,"turns":5.0},{"damage":28.0,"enemies":"Reptomancer","floor":44.0,"turns":4.0},{"damage":0.0,"enemies":"Mind Bloom Boss Battle","floor":46.0,"turns":3.0},{"damage":17.0,"enemies":"2 Orb Walkers","floor":47.0,"turns":3.0},{"damage":6.0,"enemies":"Sphere and 2 Shapes","floor":48.0,"turns":3.0},{"damage":33.0,"enemies":"Awakened One","floor":50.0,"turns":6.0},{"damage":3.0,"enemies":"Shield and Spear","floor":54.0,"turns":4.0},{"damage":50,"enemies":"The Heart","floor":55,"turns":7}],"seed_played":"-1487210974890840061","potions_obtained":[{"floor":3.0,"key":"Fire Potion"},{"floor":5.0,"key":"Languid Potion"},{"floor":12.0,"key":"FearPotion"},{"floor":21.0,"key":"LiquidBronze"},{"floor":28.0,"key":"Dexterity Potion"},{"floor":30.0,"key":"Block Potion"},{"floor":36.0,"key":"Explosive Potion"},{"floor":38.0,"key":"FearPotion"},{"floor":39.0,"key":"Strength Potion"}],"is_trial":false,"path_per_floor":["M","?","M","?","M","E","$","R","T","$","R","M","E","M","R","B",null,"M","?","$","M","M","R","$","R","T","E","M","E","M","M","R","B",null,"M","M","M","M","M","R","E","$","T","E","R","?","?","M","R","B",null,"R","$","E","B",null],"character_chosen":"THE_SILENT","items_purchased":["Membership Card","Replay:Bandana","Vajra","Orrery","Lantern","Outmaneuver+1","ReplayTheSpireMod:CursedCoin","MerchantsRug","StoneCalendar","Blade Dance","Strange Spoon","Replay:Bottled Steam","Pen Nib","Lee\u0027s Waffle","LiquidMemories","DollysMirror","Gambling Chip","Tingsha","Centennial Puzzle","Iron Hammer"],"campfire_rested":5,"item_purchase_floors":[7,7,20,20,24,24,24,24,42,42,42,42,42,42,42,53,53,53,53,53],"current_hp_per_floor":[63,56,50,50,43,15,15,36,36,36,57,51,21,11,11,5,70,68,68,68,66,53,70,70,70,70,34,32,7,6,6,27,12,70,66,57,47,35,15,36,28,77,77,49,49,88,71,65,65,57,91,91,91,88,41],"gold":163,"neow_bonus":"RANDOM_COMMON_RELIC","is_daily":false,"chose_seed":false,"campfire_upgraded":6,"win_rate":0.0,"timestamp":1611895508,"path_taken":["M","?","?","?","?","E","?","R","T","$","R","M","E","M","R","BOSS","M","?","$","?","M","R","$","R","T","E","M","E","M","M","R","BOSS","M","?","M","M","M","R","E","$","T","E","R","?","?","M","R","BOSS","R","$","E","BOSS"],"items_purchased_type":["Relic","Relic","Relic","Relic","Relic","Card","Relic","Relic","Relic","Card","Relic","Relic","Relic","Relic","Potion","Relic","Relic","Relic","Relic","Relic"],"build_version":"2020-12-22","purchased_purges":3,"victory":true,"max_hp_per_floor":[70,70,70,70,70,70,70,70,70,70,70,70,70,70,70,70,70,70,70,70,70,70,70,70,70,70,70,70,70,70,70,70,70,70,70,70,70,70,70,70,70,77,77,77,77,91,91,91,91,91,91,91,91,91,91],"card_choices":[{"not_picked":["Slice","ReplayTheSpireMod:Speed Training"],"picked":"Blade Dance","floor":1.0},{"not_picked":["Deflect","Acrobatics"],"picked":"Backflip","floor":3.0},{"not_picked":["Poisoned Stab","ReplayTheSpireMod:The Works"],"picked":"Prepared","floor":5.0},{"not_picked":["Draining Mist","Footwork"],"picked":"Outmaneuver","floor":6.0},{"not_picked":["Distraction","PiercingWail"],"picked":"Prepared","floor":12.0},{"not_picked":["Calculated Gamble","Prepared"],"picked":"Dagger Throw","floor":13.0},{"not_picked":["All Out Attack","Masterful Stab"],"picked":"Sneak Up","floor":14.0},{"not_picked":["ReplayTheSpireMod:Shiv Toss","Dagger Spray"],"picked":"Accuracy","floor":14.0},{"not_picked":["Glass Knife","Bullet Time"],"picked":"Doppelganger","floor":16.0},{"not_picked":["Flying Knee","Blur"],"picked":"Blade Dance","floor":18.0},{"not_picked":["Deflect","Underhanded Strike","Crippling Poison"],"picked":"SKIP","floor":18.0},{"not_picked":["Prepared","Dagger Spray+1"],"picked":"Acrobatics","floor":20.0},{"not_picked":["Dagger Spray","Deadly Poison"],"picked":"Tactician","floor":20.0},{"not_picked":["ReplayTheSpireMod:Exploit Weakness+1","Reflex"],"picked":"Backflip","floor":20.0},{"not_picked":["Underhanded Strike","Quick Slash"],"picked":"Infinite Blades","floor":20.0},{"not_picked":["Distraction+1","PiercingWail","Dodge and Roll"],"picked":"SKIP","floor":21.0},{"not_picked":["Flying Knee","Atom Bomb","Bane"],"picked":"SKIP","floor":21.0},{"not_picked":["Flechettes","Deadly Poison"],"picked":"Hidden Blade","floor":22.0},{"not_picked":["ReplayTheSpireMod:The Works","Calculated Gamble","Distraction"],"picked":"SKIP","floor":22.0},{"not_picked":["Sucker Punch+1","Draining Mist","Deadly Poison+1"],"picked":"SKIP","floor":27.0},{"not_picked":["Poisoned Stab","Deflect"],"picked":"Wraith Form v2","floor":28.0},{"not_picked":["PiercingWail","Choke+1"],"picked":"Prepared+1","floor":28.0},{"not_picked":["Replay:Poison Smokescreen+1","Distraction+1","Well Laid Plans"],"picked":"SKIP","floor":29.0},{"not_picked":["Sucker Punch","Heel Hook"],"picked":"Cloak And Dagger","floor":30.0},{"not_picked":["Flying Knee","Replay:Poison Smokescreen","Deflect"],"picked":"SKIP","floor":30.0},{"not_picked":["Flying Knee","Dagger Throw+1","Crippling Poison"],"picked":"SKIP","floor":31.0},{"not_picked":["Outmaneuver","Slice+1","Underhanded Strike"],"picked":"SKIP","floor":31.0},{"not_picked":["Atom Bomb","Tools of the Trade"],"picked":"Wraith Form v2","floor":33.0},{"not_picked":["Poisoned Stab","Deadly Poison"],"picked":"Finisher+1","floor":35.0},{"not_picked":["Setup","Bouncing Flask","Deflect+1"],"picked":"SKIP","floor":35.0},{"not_picked":["ReplayTheSpireMod:Tripwire+1","Outmaneuver+1"],"picked":"Blade Dance","floor":36.0},{"not_picked":["Sucker Punch","Distraction","Bane"],"picked":"SKIP","floor":36.0},{"not_picked":["Prepared+1","Eviscerate"],"picked":"Hidden Blade+1","floor":37.0},{"not_picked":["Deflect","Flying Knee","Dodge and Roll+1"],"picked":"SKIP","floor":37.0},{"not_picked":["ReplayTheSpireMod:Shiv Toss","Eviscerate+1","Backflip"],"picked":"SKIP","floor":38.0},{"not_picked":["Flechettes","Venomology","Outmaneuver"],"picked":"SKIP","floor":38.0},{"not_picked":["Backstab+1","Bane","Dagger Throw+1"],"picked":"SKIP","floor":39.0},{"not_picked":["Acrobatics","Dagger Spray","Poisoned Stab"],"picked":"SKIP","floor":39.0},{"not_picked":["Leg Sweep+1","Well Laid Plans+1","Underhanded Strike"],"picked":"SKIP","floor":41.0},{"not_picked":["ReplayTheSpireMod:From All Sides","Eviscerate","Acrobatics+1"],"picked":"SKIP","floor":44.0},{"not_picked":["Sneak Up","PiercingWail+1"],"picked":"Infinite Blades+1","floor":47.0},{"not_picked":["Hidden Blade+1","Tactician"],"picked":"ReplayTheSpireMod:Scrap Shanks+1","floor":48.0},{"not_picked":["Slice","ReplayTheSpireMod:Speed Training","Cloak And Dagger"],"picked":"SKIP","floor":48.0},{"not_picked":["Noxious Fumes+1","Prepared+1","Sucker Punch+1"],"picked":"SKIP","floor":54.0}],"player_experience":158287,"relics_obtained":[{"floor":6.0,"key":"Pocketwatch"},{"floor":9.0,"key":"Bottled Lightning"},{"floor":13.0,"key":"Prayer Wheel"},{"floor":27.0,"key":"Pantograph"},{"floor":29.0,"key":"Lizard Tail"},{"floor":41.0,"key":"Frozen Egg 2"},{"floor":43.0,"key":"ReplayFunnel"},{"floor":44.0,"key":"Paper Crane"},{"floor":46.0,"key":"Mango"},{"floor":47.0,"key":"Replay:Arrowhead"},{"floor":54.0,"key":"Pondfish Scales"}],"event_choices":[{"damage_healed":0.0,"max_hp_gain":0.0,"max_hp_loss":0.0,"gold_gain":75.0,"event_name":"FaceTrader","player_choice":"Touch","floor":2.0,"gold_loss":0.0,"damage_taken":7.0},{"damage_healed":0.0,"max_hp_gain":0.0,"max_hp_loss":0.0,"gold_gain":0.0,"event_name":"Upgrade Shrine","player_choice":"Upgraded","floor":4.0,"gold_loss":0.0,"damage_taken":0.0,"cards_upgraded":["Blade Dance"]},{"cards_removed":["Strike_G"],"damage_healed":0.0,"max_hp_gain":0.0,"max_hp_loss":0.0,"gold_gain":0.0,"event_name":"Purifier","player_choice":"Purged","floor":19.0,"gold_loss":0.0,"damage_taken":0.0},{"damage_healed":0.0,"max_hp_gain":0.0,"max_hp_loss":0.0,"gold_gain":0.0,"event_name":"MindBloom","player_choice":"Fight","floor":46.0,"gold_loss":0.0,"damage_taken":0.0},{"damage_healed":0.0,"max_hp_gain":0.0,"max_hp_loss":0.0,"gold_gain":0.0,"event_name":"Mysterious Sphere","player_choice":"Fight","floor":47.0,"gold_loss":0.0,"damage_taken":0.0}],"is_beta":false,"boss_relics":[{"not_picked":["Runic Pyramid","Cursed Key"],"picked":"WristBlade"},{"not_picked":["HoveringKite","Honey Jar"],"picked":"SlaversCollar"}],"items_purged_floors":[7,20,42],"is_endless":false,"potions_floor_spawned":[3,5,12,21,28,30,36,38,39,46,48,54],"ascension_level":1}}