{"host":"gfxjwtol062e9znw","time":1611911860,"event":{"mods":["BaseMod","Colored Map","Minty Spire (QoL Compilation)"],"gold_per_floor":[118,135,135,150,168,168,211,211,211,255,255,255,255,268,268,398,398,411,411,425,444,463,463,463],"floor_reached":23,"language":"ENG","playtime":1510,"items_purged":[],"score":244,"play_id":"6658ba4a-97e1-43fe-b1ec-9837a2201448","local_time":"20210129201740","is_ascension_mode":true,"campfire_choices":[{"data":"Crescendo","floor":6.0,"key":"SMITH"},{"floor":8.0,"key":"REST"},{"floor":12.0,"key":"REST"},{"data":"Eruption","floor":15.0,"key":"SMITH"}],"circlet_count":0,"master_deck":["Strike_P+1","Strike_P","Strike_P","Strike_P+1","Defend_P","Defend_P","Defend_P","Eruption+1","Vigilance","LessonLearned+1","Indignation","EmptyFist+1","Injury","Crescendo+1","Protect","Eruption","BowlingBash","InnerPeace","Blasphemy+1","WheelKick+1","EmptyBody+1","Evaluate","Meditate"],"relics":["PureWater","Golden Idol","Art of War","Damaru","InkBottle","VioletLotus"],"acts_visited":["Exordium","TheCity"],"potions_floor_usage":[],"damage_taken":[{"damage":3.0,"enemies":"Small Slimes","floor":1.0,"turns":4.0},{"damage":0.0,"enemies":"Cultist","floor":2.0,"turns":2.0},{"damage":0.0,"enemies":"Jaw Worm","floor":4.0,"turns":2.0},{"damage":0.0,"enemies":"Large Slime","floor":5.0,"turns":3.0},{"damage":38.0,"enemies":"3 Sentries","floor":7.0,"turns":8.0},{"damage":41.0,"enemies":"Gremlin Nob","floor":10.0,"turns":3.0},{"damage":0.0,"enemies":"Exordium Thugs","floor":14.0,"turns":2.0},{"damage":15.0,"enemies":"Slime Boss","floor":16.0,"turns":7.0},{"damage":0.0,"enemies":"Chosen","floor":18.0,"turns":4.0},{"damage":24.0,"enemies":"2 Thieves","floor":20.0,"turns":4.0},{"damage":0.0,"enemies":"Snecko","floor":21.0,"turns":2.0},{"damage":19.0,"enemies":"Snake Plant","floor":22.0,"turns":2.0},{"damage":38,"enemies":"Gremlin Leader","floor":23,"turns":4}],"seed_played":"-9179994416734886180","potions_obtained":[{"floor":1.0,"key":"Dexterity Potion"},{"floor":2.0,"key":"PowerPotion"},{"floor":7.0,"key":"Energy Potion"},{"floor":10.0,"key":"SteroidPotion"},{"floor":16.0,"key":"BlessingOfTheForge"},{"floor":20.0,"key":"Fruit Juice"},{"floor":21.0,"key":"Energy Potion"}],"is_trial":false,"path_per_floor":["M","M","?","M","M","R","E","R","T","E","?","R","?","M","R","B",null,"M","?","M","M","M","E"],"character_chosen":"WATCHER","items_purchased":[],"campfire_rested":2,"item_purchase_floors":[],"current_hp_per_floor":[69,69,69,69,69,69,31,52,52,11,35,56,56,56,56,41,72,72,72,53,53,34,0,0],"gold":463,"neow_bonus":"TRANSFORM_CARD","is_daily":false,"chose_seed":false,"campfire_upgraded":2,"win_rate":0.0,"timestamp":1611911860,"path_taken":["M","M","?","M","M","R","E","R","T","E","?","R","?","M","R","BOSS","M","?","M","M","M","E"],"items_purchased_type":[],"build_version":"2020-12-22","purchased_purges":0,"victory":false,"max_hp_per_floor":[72,72,72,72,72,72,72,72,72,72,72,72,72,72,72,72,72,72,72,77,77,77,77,77],"card_choices":[{"not_picked":["Nirvana","FearNoEvil"],"picked":"Indignation","floor":1.0},{"not_picked":["LikeWater","Halt"],"picked":"EmptyFist","floor":2.0},{"not_picked":["WreathOfFlame","Meditate"],"picked":"Crescendo","floor":4.0},{"not_picked":["EmptyBody","Halt"],"picked":"Protect","floor":5.0},{"not_picked":["Protect","ThirdEye","Adaptation"],"picked":"SKIP","floor":7.0},{"not_picked":["Swivel","Indignation","Study"],"picked":"SKIP","floor":10.0},{"not_picked":["MentalFortress","LikeWater"],"picked":"InnerPeace","floor":14.0},{"not_picked":["DevaForm","Ragnarok"],"picked":"Blasphemy","floor":16.0},{"not_picked":["WaveOfTheHand","Tantrum"],"picked":"WheelKick+1","floor":18.0},{"not_picked":["ForeignInfluence","DeceiveReality"],"picked":"EmptyBody+1","floor":20.0},{"not_picked":["FearNoEvil+1","EmptyBody"],"picked":"Evaluate","floor":21.0},{"not_picked":["Evaluate","Perseverance"],"picked":"Meditate","floor":22.0}],"player_experience":21683,"relics_obtained":[{"floor":7.0,"key":"Art of War"},{"floor":9.0,"key":"Damaru"},{"floor":10.0,"key":"InkBottle"}],"event_choices":[{"damage_healed":0.0,"max_hp_gain":0.0,"max_hp_loss":0.0,"gold_gain":0.0,"event_name":"Golden Idol","player_choice":"Take Wound","floor":3.0,"gold_loss":0.0,"damage_taken":0.0,"relics_obtained":["Golden Idol"],"cards_obtained":["Injury"]},{"damage_healed":24.0,"max_hp_gain":0.0,"max_hp_loss":0.0,"gold_gain":0.0,"event_name":"Big Fish","player_choice":"Banana","floor":11.0,"gold_loss":0.0,"damage_taken":0.0},{"damage_healed":0.0,"max_hp_gain":0.0,"max_hp_loss":0.0,"gold_gain":0.0,"event_name":"Match and Keep!","player_choice":"2 cards matched","floor":13.0,"gold_loss":0.0,"damage_taken":0.0,"cards_obtained":["Eruption","BowlingBash"]},{"damage_healed":0.0,"max_hp_gain":0.0,"max_hp_loss":0.0,"gold_gain":0.0,"event_name":"Accursed Blacksmith","player_choice":"Forge","floor":19.0,"gold_loss":0.0,"damage_taken":0.0,"cards_upgraded":["Blasphemy"]}],"is_beta":false,"boss_relics":[{"not_picked":["SacredBark","SlaversCollar"],"picked":"VioletLotus"}],"items_purged_floors":[],"is_endless":false,"potions_floor_spawned":[1,2,7,10,16,20,21],"killed_by":"Gremlin Leader","ascension_level":4}}