{"host":"3j2m8n0ywf988fwb","time":1611917321,"event":{"mods":["2.2 Compatiblity","AchievementEnabler","Aspiration","BaseMod","Better Altar","Better Match","Better Note","Better Sensory Stone","Better Skull","Better Third Choice","CCEM2","ChefMod","Colored Map","Colored Powertips","Conspire","Dark Map","Energized Spire","GifTheSpireLib","Halation","Highlight Path","Hubris","Infinite Spire","Jedi Mod","Marked Mod","Mimic Mod","Minty Spire (QoL Compilation)","Monster B Gone","Random Character Button","Relic Filter Mod","Relic Stats","Reliquary","Replay The Spire","Robot Space Explorer","Shop Mod","Somnambulant","StS++","StSLib","Stuff the Spire","The Bug Knight","The Hierophant","The Runesmith","TheSurvivalist","Unceasing Turn Reminder","Weighted Paths","everything is the same but u backflip on backflip"],"gold_per_floor":[109,109,109,126,126,158,158,184,184,184,204,220,246,257,257,257,257],"floor_reached":16,"language":"ENG","playtime":588,"items_purged":[],"score":218,"play_id":"9b56dd69-528e-4889-8014-d32e5718aae1","local_time":"20210129044841","is_ascension_mode":true,"campfire_choices":[{"data":"Neutralize","floor":7,"key":"SMITH"},{"data":"Infinite Blades","floor":10,"key":"SMITH"},{"floor":15,"key":"REST"}],"circlet_count":0,"master_deck":["AscendersBane","Strike_G","Strike_G","Strike_G","Strike_G","Strike_G","Defend_G","Defend_G","Defend_G","Defend_G","Defend_G","Survivor","Neutralize+1","Regret","Slice+1","Infinite Blades+1","StSpp:Anticipation","Prepared","Replay:Bag of Tricks"],"relics":["Ring of the Snake","NeowsBlessing","CCEMRelics:LagavulinClaw","Replay:Bottled Flurry","StSpp:SailingBoat","reliquary:PorcupineQuills","CCEMRelics:HeliumBalloon"],"acts_visited":["Exordium"],"potions_floor_usage":[16],"damage_taken":[{"damage":0,"enemies":"Small Slimes","floor":1,"turns":1},{"damage":0,"enemies":"2 Louse","floor":4,"turns":1},{"damage":0,"enemies":"3 Sentries","floor":6,"turns":1},{"damage":29,"enemies":"Gremlin Nob","floor":8,"turns":5},{"damage":0,"enemies":"Cultist","floor":11,"turns":3},{"damage":0,"enemies":"Looter","floor":12,"turns":4},{"damage":15,"enemies":"Lagavulin","floor":13,"turns":9},{"damage":0,"enemies":"Red Slaver","floor":14,"turns":3},{"damage":40,"enemies":"The Guardian","floor":16,"turns":10}],"seed_played":"1293888009999392194","potions_obtained":[{"floor":1,"key":"Reflective Coating"},{"floor":3,"key":"jedi:hoardpotion"},{"floor":3,"key":"jedi:hoardpotion"},{"floor":3,"key":"Venom Potion"},{"floor":14,"key":"CunningPotion"}],"is_trial":false,"path_per_floor":["M","?","?","M","?","E","R","E","T","R","M","M","E","M","R","B"],"character_chosen":"THE_SILENT","items_purchased":[],"campfire_rested":1,"item_purchase_floors":[],"current_hp_per_floor":[63,63,63,63,63,63,63,34,34,34,34,34,19,19,40,0,0],"gold":257,"neow_bonus":"THREE_ENEMY_KILL","is_daily":false,"chose_seed":false,"campfire_upgraded":2,"win_rate":0.0,"timestamp":1611917321,"path_taken":["M","?","?","?","?","E","R","E","T","R","?","M","E","M","R","BOSS"],"items_purchased_type":[],"build_version":"2020-12-22","purchased_purges":0,"victory":false,"max_hp_per_floor":[70,70,70,70,70,70,70,70,70,70,70,70,70,70,70,70,70],"relic_stats":{"counters":[9,37],"obtain_stats":[{"reliquary:PorcupineQuills":9,"CCEMRelics:HeliumBalloon":13,"NeowsBlessing":0,"Replay:Bottled Flurry":6,"StSpp:SailingBoat":8,"CCEMRelics:LagavulinClaw":2,"Ring of the Snake":0},{"reliquary:PorcupineQuills":4,"CCEMRelics:HeliumBalloon":7,"NeowsBlessing":0,"Replay:Bottled Flurry":3,"StSpp:SailingBoat":4,"CCEMRelics:LagavulinClaw":1,"Ring of the Snake":0},{"reliquary:PorcupineQuills":8,"CCEMRelics:HeliumBalloon":24,"NeowsBlessing":0,"Replay:Bottled Flurry":3,"StSpp:SailingBoat":8,"CCEMRelics:LagavulinClaw":1,"Ring of the Snake":0}],"Ring of the Snake":[18]},"card_choices":[{"not_picked":["jedi:collectorvenom","Dodge and Roll","Bane"],"picked":"SKIP","floor":1},{"not_picked":["PiercingWail","Acrobatics"],"picked":"Slice","floor":4},{"not_picked":["Riddle With Holes","Accuracy"],"picked":"Infinite Blades","floor":6},{"not_picked":["StSpp:Lure","Dagger Spray"],"picked":"StSpp:Anticipation","floor":8},{"not_picked":["jedi:pocketpoison","StuffTheSpire:ClusterCrunch","Sneak Up"],"picked":"SKIP","floor":11},{"not_picked":["Quick Slash","StuffTheSpire:Python"],"picked":"Prepared","floor":12},{"not_picked":["StuffTheSpire:Incursion","StuffTheSpire:Injection"],"picked":"Replay:Bag of Tricks","floor":13},{"not_picked":["StuffTheSpire:BumpUp","StuffTheSpire:Python","Heel Hook"],"picked":"SKIP","floor":14}],"player_experience":976245,"relics_obtained":[{"floor":6,"key":"Replay:Bottled Flurry"},{"floor":8,"key":"StSpp:SailingBoat"},{"floor":9,"key":"reliquary:PorcupineQuills"},{"floor":13,"key":"CCEMRelics:HeliumBalloon"}],"event_choices":[{"damage_healed":0,"gold_gain":0,"player_choice":"Box","damage_taken":0,"relics_obtained":["CCEMRelics:LagavulinClaw"],"max_hp_gain":0,"max_hp_loss":0,"event_name":"Big Fish","floor":2,"gold_loss":0,"cards_obtained":["Regret"]},{"damage_healed":0,"gold_gain":0,"player_choice":"Got Potions","damage_taken":0,"max_hp_gain":0,"max_hp_loss":0,"event_name":"Lab","floor":3,"gold_loss":0},{"damage_healed":0,"gold_gain":0,"player_choice":"Upgraded","damage_taken":0,"max_hp_gain":0,"max_hp_loss":0,"event_name":"Upgrade Shrine","floor":5,"gold_loss":0,"cards_upgraded":["Slice"]}],"is_beta":false,"boss_relics":[],"items_purged_floors":[],"is_endless":false,"potions_floor_spawned":[1,11,14],"killed_by":"The Guardian","ascension_level":10}}