{"host":"j4g6ia6asvpyu2b0","time":1611929821,"event":{"mods":["BaseMod","Colored Map","Minty Spire (QoL Compilation)","Permanent Neow","Quick Restart","Relic Stats","StSLib","Unceasing Turn Reminder"],"gold_per_floor":[114,114,114,133,147,147,166,201,227,262,262,262,272,292,292,392,392,403,403,105,128,128,160,160,190,213,229,249,164,197,214,214,214,214],"floor_reached":33,"language":"ENG","playtime":1102,"items_purged":["Decay"],"score":450,"play_id":"921eaa9f-9770-474a-8ae2-031a17240dcf","local_time":"20210129071701","is_ascension_mode":true,"campfire_choices":[{"data":"Apotheosis","floor":6.0,"key":"SMITH"},{"floor":12.0,"key":"RECALL"},{"data":"Metallicize","floor":15.0,"key":"SMITH"},{"data":"Corruption","floor":24.0,"key":"SMITH"},{"data":"Evolve","floor":32.0,"key":"SMITH"}],"circlet_count":0,"master_deck":["Strike_R","Strike_R","Strike_R","Defend_R","Defend_R","Defend_R","Defend_R","Bash","Apotheosis+1","Pummel","Metallicize+1","Anger","Disarm","Feel No Pain","Flame Barrier","Hemokinesis","Feel No Pain","Twin Strike","Corruption+1","Disarm+1","Burning Pact","Flame Barrier","Body Slam","Shrug It Off","Evolve+1"],"relics":["Burning Blood","Nunchaku","MealTicket","Lantern","Mark of Pain","Medical Kit","Blood Vial","FaceOfCleric","Akabeko","Mango","Centennial Puzzle","Pen Nib","Bag of Preparation"],"acts_visited":["Exordium","TheCity"],"potions_floor_usage":[33,33],"damage_taken":[{"damage":0.0,"enemies":"Cultist","floor":1.0,"turns":4.0},{"damage":0.0,"enemies":"2 Louse","floor":4.0,"turns":3.0},{"damage":12.0,"enemies":"Jaw Worm","floor":5.0,"turns":4.0},{"damage":8.0,"enemies":"Exordium Thugs","floor":7.0,"turns":3.0},{"damage":27.0,"enemies":"3 Sentries","floor":8.0,"turns":9.0},{"damage":11.0,"enemies":"Lagavulin","floor":10.0,"turns":7.0},{"damage":2.0,"enemies":"3 Louse","floor":13.0,"turns":6.0},{"damage":8.0,"enemies":"Lots of Slimes","floor":14.0,"turns":5.0},{"damage":7.0,"enemies":"Hexaghost","floor":16.0,"turns":9.0},{"damage":7.0,"enemies":"Spheric Guardian","floor":18.0,"turns":5.0},{"damage":35.0,"enemies":"Slavers","floor":23.0,"turns":9.0},{"damage":6.0,"enemies":"Book of Stabbing","floor":25.0,"turns":6.0},{"damage":0.0,"enemies":"Shell Parasite","floor":27.0,"turns":5.0},{"damage":15.0,"enemies":"Snake Plant","floor":28.0,"turns":7.0},{"damage":7.0,"enemies":"Gremlin Leader","floor":30.0,"turns":8.0},{"damage":9.0,"enemies":"Centurion and Healer","floor":31.0,"turns":5.0},{"damage":81,"enemies":"Automaton","floor":33,"turns":10}],"seed_played":"-7101592570648613334","potions_obtained":[{"floor":1.0,"key":"Swift Potion"},{"floor":5.0,"key":"Explosive Potion"},{"floor":8.0,"key":"Ancient Potion"},{"floor":10.0,"key":"Fire Potion"},{"floor":16.0,"key":"Energy Potion"},{"floor":25.0,"key":"SteroidPotion"}],"is_trial":false,"path_per_floor":["M","$","?","M","M","R","M","E","T","E","?","R","M","M","R","B",null,"M","?","$","T","?","E","R","E","T","M","M","?","E","M","R","B"],"character_chosen":"IRONCLAD","items_purchased":["Medical Kit","Burning Pact"],"campfire_rested":0,"item_purchase_floors":[20,20],"current_hp_per_floor":[57,57,50,56,50,50,48,27,27,22,22,22,26,24,24,23,66,65,65,80,80,80,52,52,69,69,78,72,72,74,74,74,0,0],"gold":214,"neow_bonus":"RANDOM_COLORLESS_2","is_daily":false,"chose_seed":false,"campfire_upgraded":4,"win_rate":0.0,"timestamp":1611929821,"path_taken":["M","?","?","M","M","R","M","E","T","E","?","R","M","M","R","BOSS","M","?","$","?","?","E","R","E","T","?","M","?","E","M","R","BOSS"],"items_purchased_type":["Relic","Card"],"build_version":"2020-12-22","purchased_purges":1,"victory":false,"max_hp_per_floor":[80,80,80,80,80,80,80,80,80,80,80,80,80,80,80,80,80,80,80,80,80,80,81,81,96,96,97,98,98,99,100,100,100,100],"relic_stats":{"Blood Vial":12,"Nunchaku":[15],"Centennial Puzzle":[12],"FaceOfCleric":6,"counters":[17,105],"MealTicket":15,"Pen Nib":[5],"Bag of Preparation":[4],"Medical Kit":[24],"obtain_stats":[{"Lantern":10,"Mango":25,"Pen Nib":29,"Bag of Preparation":30,"Medical Kit":20,"Burning Blood":0,"Akabeko":23,"Blood Vial":21,"Nunchaku":8,"Centennial Puzzle":26,"FaceOfCleric":22,"MealTicket":9,"Mark of Pain":17},{"Lantern":6,"Mango":12,"Pen Nib":14,"Bag of Preparation":15,"Medical Kit":10,"Burning Blood":0,"Akabeko":11,"Blood Vial":10,"Nunchaku":5,"Centennial Puzzle":12,"FaceOfCleric":10,"MealTicket":5,"Mark of Pain":9},{"Lantern":30,"Mango":70,"Pen Nib":82,"Bag of Preparation":90,"Medical Kit":55,"Burning Blood":0,"Akabeko":64,"Blood Vial":55,"Nunchaku":23,"Centennial Puzzle":70,"FaceOfCleric":55,"MealTicket":23,"Mark of Pain":50}],"Burning Blood":96},"card_choices":[{"not_picked":["Metamorphosis","HandOfGreed"],"picked":"Apotheosis","floor":0.0},{"not_picked":["Wild Strike","Searing Blow"],"picked":"Pummel","floor":1.0},{"not_picked":["Rampage","Flex"],"picked":"Metallicize","floor":4.0},{"not_picked":["Entrench","Wild Strike"],"picked":"Anger","floor":5.0},{"not_picked":["Armaments","Iron Wave"],"picked":"Disarm","floor":7.0},{"not_picked":["Entrench","Combust"],"picked":"Feel No Pain","floor":8.0},{"not_picked":["True Grit","Blood for Blood"],"picked":"Flame Barrier","floor":10.0},{"not_picked":["Seeing Red","Bloodletting"],"picked":"Feel No Pain","floor":13.0},{"not_picked":["Anger","Wild Strike"],"picked":"Twin Strike","floor":14.0},{"not_picked":["Reaper","Impervious"],"picked":"Corruption","floor":16.0},{"not_picked":["Clash","Perfected Strike"],"picked":"Disarm+1","floor":18.0},{"not_picked":["Anger","Feel No Pain+1"],"picked":"Flame Barrier","floor":23.0},{"not_picked":["Armaments+1","Twin Strike"],"picked":"Body Slam","floor":25.0},{"not_picked":["Heavy Blade","Intimidate+1","Anger"],"picked":"SKIP","floor":27.0},{"not_picked":["Dropkick","Hemokinesis+1","Anger"],"picked":"SKIP","floor":28.0},{"not_picked":["Berserk","Clothesline"],"picked":"Shrug It Off","floor":30.0},{"not_picked":["Armaments+1","Rupture+1"],"picked":"Evolve","floor":31.0}],"player_experience":1077236,"relics_obtained":[{"floor":8.0,"key":"Nunchaku"},{"floor":9.0,"key":"MealTicket"},{"floor":10.0,"key":"Lantern"},{"floor":21.0,"key":"Blood Vial"},{"floor":23.0,"key":"Akabeko"},{"floor":25.0,"key":"Mango"},{"floor":26.0,"key":"Centennial Puzzle"},{"floor":30.0,"key":"Bag of Preparation"}],"event_choices":[{"cards_removed":["Strike_R"],"damage_healed":0.0,"max_hp_gain":0.0,"max_hp_loss":0.0,"gold_gain":0.0,"event_name":"Golden Wing","player_choice":"Card Removal","floor":3.0,"gold_loss":0.0,"damage_taken":7.0},{"damage_healed":0.0,"max_hp_gain":0.0,"max_hp_loss":0.0,"gold_gain":0.0,"cards_transformed":["Strike_R"],"event_name":"Living Wall","player_choice":"Change","floor":11.0,"gold_loss":0.0,"damage_taken":0.0,"cards_obtained":["Hemokinesis"]},{"damage_healed":0.0,"max_hp_gain":0.0,"max_hp_loss":0.0,"gold_gain":0.0,"event_name":"Wheel of Change","player_choice":"Cursed","floor":19.0,"gold_loss":0.0,"damage_taken":0.0,"cards_obtained":["Decay"]},{"damage_healed":0.0,"max_hp_gain":0.0,"max_hp_loss":0.0,"gold_gain":0.0,"event_name":"FaceTrader","player_choice":"Trade","floor":22.0,"gold_loss":0.0,"damage_taken":0.0,"relics_obtained":["FaceOfCleric"]},{"damage_healed":0.0,"max_hp_gain":0.0,"max_hp_loss":0.0,"gold_gain":0.0,"event_name":"Addict","player_choice":"Obtained Relic","floor":29.0,"gold_loss":85.0,"damage_taken":0.0,"relics_obtained":["Pen Nib"]}],"is_beta":false,"boss_relics":[{"not_picked":["Empty Cage","Pandora\u0027s Box"],"picked":"Mark of Pain"}],"items_purged_floors":[20],"is_endless":false,"potions_floor_spawned":[1,5,8,10,16,25,27,28,31],"killed_by":"Automaton","ascension_level":7}}