{"host":"bht7q8dqip9du99t","time":1611949985,"event":{"mods":["BaseMod","Colored Map","Colored Powertips","Highlight Path","Minty Spire (QoL Compilation)","Quick Restart","StSLib"],"gold_per_floor":[117,42,42,117,135,160,172,201,295,337,365,395,422,463,475,564,576,607,619,646,684,147,176,194,210,235,261,275,285,133,133,133,210,210,220,239,294,294,48,48,75,86,86,86,106,106,131,160,160,160],"floor_reached":51,"language":"ENG","playtime":4754,"items_purged":["EmptyMind","Mayhem"],"score":1624,"play_id":"81bdddb3-7808-4449-a2bb-9bf0ab17a985","local_time":"20210129145305","is_ascension_mode":true,"campfire_choices":[{"data":"Eruption","floor":7.0,"key":"SMITH"},{"data":"LessonLearned","floor":15.0,"key":"SMITH"},{"floor":32,"key":"REST"},{"floor":40,"key":"DIG"},{"floor":46,"key":"DIG"},{"floor":49,"key":"REST"}],"circlet_count":0,"master_deck":["AscendersBane","Eruption+1","Vigilance+1","Ragnarok+1","CarveReality+1","Swivel+1","Swivel+1","DeusExMachina+1","Evaluate+1","Swivel+1","Wallop+1","WheelKick+1","ForeignInfluence+1","LessonLearned+1","Shame","Study","WindmillStrike+1","Injury","ReachHeaven+1","Writhe","Decay"],"relics":["Pandora\u0027s Box","MawBank","Sundial","Du-Vu Doll","Gambling Chip","Cursed Key","Dream Catcher","Red Mask","Damaru","OrangePellets","White Beast Statue","Regal Pillow","Pear","Art of War","Busted Crown","Shovel","ClockworkSouvenir","Bottled Flame","Juzu Bracelet","Whetstone","Orichalcum","Torii","Bottled Tornado"],"acts_visited":["Exordium","TheCity","TheBeyond"],"potions_floor_usage":[23,27,29,29,37,37,47,48,50],"damage_taken":[{"damage":0.0,"enemies":"Jaw Worm","floor":1.0,"turns":2.0},{"damage":0.0,"enemies":"Small Slimes","floor":5.0,"turns":2.0},{"damage":0.0,"enemies":"Gremlin Nob","floor":6.0,"turns":2.0},{"damage":0.0,"enemies":"Cultist","floor":8.0,"turns":3.0},{"damage":0.0,"enemies":"Lagavulin","floor":10.0,"turns":6.0},{"damage":0.0,"enemies":"Exordium Wildlife","floor":11.0,"turns":3.0},{"damage":5.0,"enemies":"3 Louse","floor":12.0,"turns":2.0},{"damage":1.0,"enemies":"2 Fungi Beasts","floor":13.0,"turns":2.0},{"damage":0.0,"enemies":"Gremlin Nob","floor":14.0,"turns":2.0},{"damage":0.0,"enemies":"Slime Boss","floor":16.0,"turns":3.0},{"damage":0.0,"enemies":"Shell Parasite","floor":18.0,"turns":1.0},{"damage":0.0,"enemies":"Chosen","floor":20.0,"turns":4.0},{"damage":0.0,"enemies":"Masked Bandits","floor":21.0,"turns":2.0},{"damage":0,"enemies":"Gremlin Leader","floor":23,"turns":3},{"damage":1,"enemies":"Centurion and Healer","floor":24,"turns":4},{"damage":0,"enemies":"Snake Plant","floor":25,"turns":1},{"damage":33,"enemies":"Slavers","floor":27,"turns":5},{"damage":0,"enemies":"Cultist and Chosen","floor":28,"turns":4},{"damage":1,"enemies":"Sentry and Sphere","floor":29,"turns":5},{"damage":58,"enemies":"Automaton","floor":33,"turns":5},{"damage":3,"enemies":"3 Shapes","floor":35,"turns":2},{"damage":0,"enemies":"Orb Walker","floor":36,"turns":2},{"damage":16,"enemies":"2 Orb Walkers","floor":37,"turns":2},{"damage":9,"enemies":"Reptomancer","floor":41,"turns":5},{"damage":0,"enemies":"Maw","floor":42,"turns":4},{"damage":4,"enemies":"Jaw Worm Horde","floor":45,"turns":4},{"damage":4,"enemies":"Mind Bloom Boss Battle","floor":47,"turns":5},{"damage":21,"enemies":"Nemesis","floor":48,"turns":3},{"damage":17,"enemies":"Donu and Deca","floor":50,"turns":5}],"seed_played":"-9081610080917431443","potions_obtained":[{"floor":1.0,"key":"BottledMiracle"},{"floor":5.0,"key":"GamblersBrew"},{"floor":12.0,"key":"DistilledChaos"},{"floor":14.0,"key":"ColorlessPotion"},{"floor":18.0,"key":"Swift Potion"},{"floor":20.0,"key":"DuplicationPotion"},{"floor":23,"key":"FearPotion"},{"floor":24,"key":"EssenceOfSteel"},{"floor":27,"key":"SteroidPotion"},{"floor":28,"key":"LiquidMemories"},{"floor":29,"key":"Dexterity Potion"},{"floor":33,"key":"Dexterity Potion"},{"floor":35,"key":"Fire Potion"},{"floor":36,"key":"Fire Potion"},{"floor":37,"key":"Block Potion"},{"floor":41,"key":"Weak Potion"},{"floor":42,"key":"SpeedPotion"},{"floor":45,"key":"Fire Potion"},{"floor":47,"key":"BottledMiracle"},{"floor":48,"key":"Ambrosia"}],"is_trial":false,"path_per_floor":["M","$","?","?","M","E","R","M","T","E","M","M","M","E","R","B",null,"M","?","M","?","$","E","M","M","T","E","M","M","$","?","R","B",null,"M","M","?","?","$","R","E","M","T","$","M","R","?","E","R","B",null],"character_chosen":"WATCHER","items_purchased":["Mayhem","Damaru","OrangePellets","Study","Art of War","ClockworkSouvenir"],"campfire_rested":2,"item_purchase_floors":[22,22,22,22,30,39],"current_hp_per_floor":[61,61,66,55,55,55,55,55,55,55,55,50,49,49,49,49,67,67,67,67,67,67,67,66,66,66,43,43,42,42,26,67,9,68,65,65,49,71,71,71,62,62,62,62,58,58,54,33,74,57],"gold":160,"neow_bonus":"BOSS_RELIC","is_daily":false,"chose_seed":false,"campfire_upgraded":2,"win_rate":0.0,"timestamp":1611949985,"path_taken":["M","$","?","?","?","E","R","M","T","E","M","M","M","E","R","BOSS","M","?","M","?","$","E","M","M","T","E","M","M","$","?","R","BOSS","M","M","?","?","$","R","E","M","T","?","M","R","?","E","R","BOSS"],"items_purchased_type":["Card","Relic","Relic","Card","Relic","Relic"],"build_version":"2020-12-22","purchased_purges":2,"victory":true,"max_hp_per_floor":[68,68,73,73,73,73,73,73,73,73,73,73,73,73,73,73,73,73,73,73,73,73,73,73,73,73,83,83,83,83,88,88,88,88,88,88,88,88,88,88,88,88,88,88,88,88,88,88,88,88],"card_choices":[{"not_picked":["LikeWater","Worship","EmptyBody"],"picked":"SKIP","floor":1.0},{"not_picked":["LikeWater","WreathOfFlame"],"picked":"Wallop","floor":5.0},{"not_picked":["FlurryOfBlows","Collect","FollowUp"],"picked":"SKIP","floor":6.0},{"not_picked":["Fasting2","Collect"],"picked":"WheelKick","floor":8.0},{"not_picked":["Evaluate","ThirdEye","ClearTheMind"],"picked":"SKIP","floor":10.0},{"not_picked":["PathToVictory","ClearTheMind"],"picked":"ForeignInfluence","floor":11.0},{"not_picked":["EmptyFist","PathToVictory","ThirdEye"],"picked":"SKIP","floor":12.0},{"not_picked":["Weave","CrushJoints","CarveReality"],"picked":"SKIP","floor":13.0},{"not_picked":["Study","SandsOfTime"],"picked":"LessonLearned","floor":14.0},{"not_picked":["Halt","EmptyFist","JustLucky+1"],"picked":"SKIP","floor":18.0},{"not_picked":["Pray","BattleHymn","SashWhip"],"picked":"SKIP","floor":20.0},{"not_picked":["ClearTheMind","Crescendo","SashWhip"],"picked":"SKIP","floor":23},{"not_picked":["EmptyMind+1","SignatureMove"],"picked":"WindmillStrike","floor":24},{"not_picked":["BattleHymn","Conclude","EmptyBody"],"picked":"SKIP","floor":25},{"not_picked":["ClearTheMind","Sanctity"],"picked":"ReachHeaven+1","floor":27},{"not_picked":["SashWhip","Conclude","Sanctity"],"picked":"SKIP","floor":28},{"not_picked":["Consecrate","Perseverance","InnerPeace"],"picked":"SKIP","floor":29},{"not_picked":["Protect"],"picked":"SKIP","floor":35},{"not_picked":["EmptyFist"],"picked":"SKIP","floor":36},{"not_picked":["TalkToTheHand"],"picked":"SKIP","floor":41},{"not_picked":["EmptyMind"],"picked":"SKIP","floor":42},{"not_picked":["LikeWater+1"],"picked":"SKIP","floor":45},{"not_picked":["DeceiveReality"],"picked":"SKIP","floor":48}],"player_experience":677656,"relics_obtained":[{"floor":6.0,"key":"MawBank"},{"floor":9.0,"key":"Sundial"},{"floor":10.0,"key":"Du-Vu Doll"},{"floor":14.0,"key":"Gambling Chip"},{"floor":21.0,"key":"Red Mask"},{"floor":23,"key":"White Beast Statue"},{"floor":26,"key":"Regal Pillow"},{"floor":27,"key":"Pear"},{"floor":37,"key":"Shovel"},{"floor":40,"key":"Bottled Flame"},{"floor":41,"key":"Juzu Bracelet"},{"floor":43,"key":"Whetstone"},{"floor":46,"key":"Orichalcum"},{"floor":47,"key":"Torii"},{"floor":48,"key":"Bottled Tornado"}],"event_choices":[{"damage_healed":0.0,"max_hp_gain":5.0,"max_hp_loss":0.0,"gold_gain":0.0,"event_name":"Big Fish","player_choice":"Donut","floor":3.0,"gold_loss":0.0,"damage_taken":0.0},{"damage_healed":0.0,"max_hp_gain":0.0,"max_hp_loss":0.0,"gold_gain":75.0,"event_name":"World of Goop","player_choice":"Gather Gold","floor":4.0,"gold_loss":0.0,"damage_taken":11.0},{"damage_healed":0.0,"max_hp_gain":0.0,"max_hp_loss":0.0,"gold_gain":0.0,"event_name":"Addict","player_choice":"Stole Relic","floor":19.0,"gold_loss":0.0,"damage_taken":0.0,"relics_obtained":["Dream Catcher"],"cards_obtained":["Shame"]},{"damage_healed":0.0,"max_hp_gain":0.0,"max_hp_loss":0.0,"gold_gain":0.0,"event_name":"Masked Bandits","player_choice":"Fought Bandits","floor":21.0,"gold_loss":0.0,"damage_taken":0.0},{"damage_healed":0,"gold_gain":0,"player_choice":"Shed Blood","damage_taken":21,"max_hp_gain":5,"max_hp_loss":0,"event_name":"Forgotten Altar","floor":31,"gold_loss":0},{"damage_healed":0,"gold_gain":0,"player_choice":"Fight","damage_taken":0,"max_hp_gain":0,"max_hp_loss":0,"event_name":"Mysterious Sphere","floor":37,"gold_loss":0},{"damage_healed":22,"gold_gain":0,"player_choice":"Writhe","damage_taken":0,"max_hp_gain":0,"max_hp_loss":0,"event_name":"Winding Halls","floor":38,"gold_loss":0,"cards_obtained":["Writhe"]},{"damage_healed":0,"gold_gain":0,"player_choice":"Fight","damage_taken":0,"max_hp_gain":0,"max_hp_loss":0,"event_name":"MindBloom","floor":47,"gold_loss":0}],"is_beta":false,"boss_relics":[{"not_picked":["Sozu","Fusion Hammer"],"picked":"Cursed Key"},{"not_picked":["SlaversCollar","Tiny House"],"picked":"Busted Crown"}],"items_purged_floors":[2,39],"is_endless":false,"potions_floor_spawned":[1,5,6,12,14,18,20,23,24,25,27,28,29,33,35,36,37,41,42,45,47,48],"ascension_level":14}}