{"host":"zsnmfqgcm92hlreo","time":1611885673,"event":{"mods":["AchievementEnabler","BaseMod","Bestiary","Block Reminder","Colored Powertips","Minty Spire (QoL Compilation)","Permanent Neow","Quick Restart","Relic Stats","Weighted Paths"],"gold_per_floor":[116,132,143,143,143,168,168,111,111,123,123,135,163,177,177,248,248,260,276,290,308,318,349,349,349,401,401,401,426,441,23,23,23,23],"floor_reached":33,"language":"ENG","playtime":1357,"items_purged":["Writhe"],"score":598,"play_id":"9ca86723-9e4e-4d19-87ac-88bf284f8405","local_time":"20210128200113","is_ascension_mode":true,"campfire_choices":[{"data":"Vigilance","floor":7.0,"key":"SMITH"},{"data":"Eruption","floor":11.0,"key":"SMITH"},{"data":"TalkToTheHand","floor":15.0,"key":"SMITH"},{"floor":24.0,"key":"REST"},{"floor":28.0,"key":"REST"},{"floor":32.0,"key":"REST"}],"circlet_count":0,"master_deck":["AscendersBane","Eruption+1","Vigilance+1","Wireheading","Consecrate","InnerPeace","BowlingBash","Judgement","FlurryOfBlows","MentalFortress","WheelKick","Protect","Weave","JustLucky","JustLucky","Conclude","TalkToTheHand+1","Establishment","Study","Vengeance+1","Indignation+1","FlurryOfBlows","FlurryOfBlows","Fasting2"],"relics":["Pandora\u0027s Box","Thread and Needle","Orichalcum","Du-Vu Doll","Toy Ornithopter","Fusion Hammer","Smiling Mask","Pen Nib","Pantograph","Bottled Flame","HornCleat"],"acts_visited":["Exordium","TheCity"],"potions_floor_usage":[33],"damage_taken":[{"damage":6.0,"enemies":"Small Slimes","floor":1.0,"turns":2.0},{"damage":4.0,"enemies":"Jaw Worm","floor":2.0,"turns":2.0},{"damage":0.0,"enemies":"Cultist","floor":3.0,"turns":2.0},{"damage":13.0,"enemies":"Lagavulin","floor":6.0,"turns":6.0},{"damage":0.0,"enemies":"Lots of Slimes","floor":10.0,"turns":1.0},{"damage":0.0,"enemies":"Looter","floor":12.0,"turns":1.0},{"damage":7.0,"enemies":"3 Sentries","floor":13.0,"turns":4.0},{"damage":0.0,"enemies":"3 Louse","floor":14.0,"turns":1.0},{"damage":17.0,"enemies":"Slime Boss","floor":16.0,"turns":4.0},{"damage":0.0,"enemies":"Spheric Guardian","floor":18.0,"turns":3.0},{"damage":0.0,"enemies":"Chosen","floor":19.0,"turns":3.0},{"damage":7.0,"enemies":"Centurion and Healer","floor":20.0,"turns":4.0},{"damage":26.0,"enemies":"Snake Plant","floor":21.0,"turns":5.0},{"damage":20.0,"enemies":"Snecko","floor":22.0,"turns":7.0},{"damage":11.0,"enemies":"Book of Stabbing","floor":23.0,"turns":3.0},{"damage":8.0,"enemies":"Slavers","floor":29.0,"turns":3.0},{"damage":0.0,"enemies":"Sentry and Sphere","floor":30.0,"turns":2.0},{"damage":134,"enemies":"Champ","floor":33,"turns":4}],"seed_played":"-8970610710397040096","potions_obtained":[{"floor":1.0,"key":"AttackPotion"},{"floor":2.0,"key":"BlessingOfTheForge"},{"floor":12.0,"key":"PowerPotion"},{"floor":14.0,"key":"LiquidBronze"},{"floor":22.0,"key":"CultistPotion"},{"floor":29.0,"key":"SteroidPotion"}],"is_trial":false,"path_per_floor":["M","M","M","?","?","E","R","$","T","M","R","M","E","M","R","B",null,"M","M","M","M","M","E","R","?","T","?","R","E","M","$","R","B"],"character_chosen":"WATCHER","items_purchased":["JustLucky","Fasting2","HornCleat"],"campfire_rested":3,"item_purchase_floors":[8,31,31],"current_hp_per_floor":[55,51,51,51,51,38,38,38,38,38,38,38,31,31,31,14,55,55,55,48,22,2,1,21,21,21,21,41,33,33,33,53,0,0],"gold":23,"neow_bonus":"BOSS_RELIC","is_daily":false,"chose_seed":false,"campfire_upgraded":3,"win_rate":0.0,"timestamp":1611885673,"path_taken":["M","M","M","?","?","E","R","$","T","M","R","?","E","?","R","BOSS","M","M","M","M","M","E","R","?","T","?","R","E","M","$","R","BOSS"],"items_purchased_type":["Card","Card","Relic"],"build_version":"2020-12-22","purchased_purges":1,"victory":false,"max_hp_per_floor":[68,68,68,68,68,68,68,68,68,68,68,68,68,68,68,68,68,68,68,68,68,68,68,68,68,68,68,68,68,68,68,68,68,68],"relic_stats":{"counters":[18,57],"Pantograph":15,"Pandora\u0027s Box":["Wireheading","Consecrate","InnerPeace","InnerPeace","BowlingBash","Judgement","FlurryOfBlows","MentalFortress"],"Pen Nib":[3],"Orichalcum":[18],"Smiling Mask":25,"obtain_stats":[{"Du-Vu Doll":9,"Bottled Flame":29,"HornCleat":31,"Pantograph":27,"Pandora\u0027s Box":0,"Thread and Needle":5,"Fusion Hammer":17,"Pen Nib":26,"PureWater":0,"Orichalcum":6,"Smiling Mask":23,"Toy Ornithopter":13},{"Du-Vu Doll":4,"Bottled Flame":16,"HornCleat":17,"Pantograph":15,"Pandora\u0027s Box":0,"Thread and Needle":3,"Fusion Hammer":9,"Pen Nib":15,"PureWater":0,"Orichalcum":4,"Smiling Mask":15,"Toy Ornithopter":7},{"Du-Vu Doll":12,"Bottled Flame":51,"HornCleat":53,"Pantograph":48,"Pandora\u0027s Box":0,"Thread and Needle":6,"Fusion Hammer":23,"Pen Nib":48,"PureWater":0,"Orichalcum":12,"Smiling Mask":48,"Toy Ornithopter":18}],"Toy Ornithopter":15},"card_choices":[{"not_picked":["SashWhip","FlyingSleeves"],"picked":"WheelKick","floor":1.0},{"not_picked":["EmptyFist","Consecrate"],"picked":"Protect","floor":2.0},{"not_picked":["ClearTheMind","EmptyFist","EmptyMind"],"picked":"SKIP","floor":3.0},{"not_picked":["Study","Crescendo","Pray"],"picked":"SKIP","floor":6.0},{"not_picked":["FollowUp","Study"],"picked":"JustLucky","floor":10.0},{"not_picked":["InnerPeace","Sanctity"],"picked":"Conclude","floor":12.0},{"not_picked":["Meditate","Ragnarok"],"picked":"TalkToTheHand","floor":13.0},{"not_picked":["Halt","FlyingSleeves","SashWhip"],"picked":"SKIP","floor":14.0},{"not_picked":["Brilliance","Alpha"],"picked":"Establishment","floor":16.0},{"not_picked":["InnerPeace","Halt"],"picked":"Study","floor":18.0},{"not_picked":["SandsOfTime","BowlingBash"],"picked":"Vengeance+1","floor":19.0},{"not_picked":["Swivel","SashWhip","CrushJoints"],"picked":"SKIP","floor":20.0},{"not_picked":["Study","EmptyFist","EmptyBody"],"picked":"SKIP","floor":21.0},{"not_picked":["SashWhip","BowlingBash","EmptyFist"],"picked":"SKIP","floor":22.0},{"not_picked":["Consecrate","Crescendo"],"picked":"Indignation+1","floor":23.0},{"not_picked":["WindmillStrike+1","Devotion"],"picked":"FlurryOfBlows","floor":29.0},{"not_picked":["Halt","EmptyBody"],"picked":"FlurryOfBlows","floor":30.0}],"player_experience":917574,"relics_obtained":[{"floor":6.0,"key":"Orichalcum"},{"floor":9.0,"key":"Du-Vu Doll"},{"floor":13.0,"key":"Toy Ornithopter"},{"floor":23.0,"key":"Smiling Mask"},{"floor":26.0,"key":"Pen Nib"},{"floor":29.0,"key":"Bottled Flame"}],"event_choices":[{"damage_healed":0.0,"max_hp_gain":0.0,"max_hp_loss":0.0,"gold_gain":0.0,"cards_transformed":["InnerPeace"],"event_name":"Living Wall","player_choice":"Change","floor":4.0,"gold_loss":0.0,"damage_taken":0.0,"cards_obtained":["Weave"]},{"damage_healed":0.0,"max_hp_gain":0.0,"max_hp_loss":0.0,"gold_gain":0.0,"event_name":"WeMeetAgain","player_choice":"Gave Potion","floor":5.0,"gold_loss":0.0,"damage_taken":0.0,"relics_obtained":["Thread and Needle"]},{"damage_healed":0.0,"max_hp_gain":0.0,"max_hp_loss":0.0,"gold_gain":0.0,"event_name":"Beggar","player_choice":"Ignored","floor":25.0,"gold_loss":0.0,"damage_taken":0.0},{"damage_healed":0.0,"max_hp_gain":0.0,"max_hp_loss":0.0,"gold_gain":0.0,"event_name":"The Mausoleum","player_choice":"Opened","floor":27.0,"gold_loss":0.0,"damage_taken":0.0,"relics_obtained":["Pantograph"],"cards_obtained":["Writhe"]}],"is_beta":false,"boss_relics":[{"not_picked":["VioletLotus","Empty Cage"],"picked":"Fusion Hammer"}],"items_purged_floors":[31],"is_endless":false,"potions_floor_spawned":[1,2,12,14,19,21,22,29],"killed_by":"Champ","ascension_level":20}}