{"host":"na09lpbrez4gbfiz","time":1611911622,"event":{"mods":["Act Like it!","BaseMod","BetterRewards","Colored Map","Colored Powertips","DeckTracker","Googly Eyes","Highlight Path","Minty Spire (QoL Compilation)","Quick Restart","Spicy Shops","StSLib","SuperFastMode","Synergy Search"],"gold_per_floor":[116,116,116,133,150,150,183,183,183,201,201,201,235,245,245,340,340,359,274,274,285,285,134,134,63,133,146,159,169,169,169],"floor_reached":30,"language":"ENG","playtime":914,"items_purged":["Strike_B"],"score":288,"play_id":"09b4dd61-a3d3-4f0d-bcb9-cd8b1934a5d8","local_time":"20210129101342","is_ascension_mode":true,"campfire_choices":[{"data":"Zap","floor":6,"key":"SMITH"},{"floor":8,"key":"REST"},{"data":"Gash","floor":12,"key":"SMITH"},{"floor":15,"key":"REST"},{"data":"Dualcast","floor":24,"key":"SMITH"}],"circlet_count":0,"master_deck":["Strike_B","Strike_B","Strike_B","Defend_B","Defend_B","Defend_B","Defend_B","Zap+1","Dualcast+1","Capacitor+1","Gash+1","Self Repair+1","Echo Form+1","Genetic Algorithm+1","Scrape","Leap+1"],"relics":["Cracked Core","Anchor","Frozen Egg 2","Darkstone Periapt","Orichalcum","WarpedTongs","Tiny Chest","Sozu","DataDisk","Art of War","FossilizedHelix","Bottled Tornado"],"acts_visited":["Exordium","TheCity"],"potions_floor_usage":[7,13,16,16],"damage_taken":[{"damage":2,"enemies":"Jaw Worm","floor":1,"turns":3},{"damage":0,"enemies":"2 Louse","floor":4,"turns":3},{"damage":6,"enemies":"Cultist","floor":5,"turns":4},{"damage":28,"enemies":"Lagavulin","floor":7,"turns":8},{"damage":0,"enemies":"Blue Slaver","floor":10,"turns":4},{"damage":19,"enemies":"3 Sentries","floor":13,"turns":6},{"damage":24,"enemies":"Exordium Thugs","floor":14,"turns":4},{"damage":40,"enemies":"The Guardian","floor":16,"turns":13},{"damage":12,"enemies":"Chosen","floor":18,"turns":4},{"damage":60,"enemies":"3 Byrds","floor":21,"turns":6},{"damage":21,"enemies":"Sentry and Sphere","floor":27,"turns":6},{"damage":14,"enemies":"Centurion and Healer","floor":28,"turns":8},{"damage":8,"enemies":"3 Cultists","floor":29,"turns":5},{"damage":63,"enemies":"Book of Stabbing","floor":30,"turns":7}],"seed_played":"6050059666887548448","potions_obtained":[{"floor":5,"key":"Swift Potion"},{"floor":7,"key":"AttackPotion"},{"floor":10,"key":"GamblersBrew"},{"floor":13,"key":"FocusPotion"}],"is_trial":false,"path_per_floor":["M","?","?","M","M","R","E","R","T","M","?","R","E","M","R","B",null,"M","?","?","M","T","$","R","$","T","M","M","M","E"],"character_chosen":"DEFECT","items_purchased":["FossilizedHelix","Scrape"],"campfire_rested":2,"item_purchase_floors":[23,25],"current_hp_per_floor":[73,61,61,61,55,55,27,49,49,49,55,55,36,22,46,16,81,81,81,81,41,41,41,41,41,41,40,46,58,0,0],"gold":169,"neow_bonus":"RANDOM_COMMON_RELIC","is_daily":false,"chose_seed":false,"campfire_upgraded":3,"win_rate":0.0,"timestamp":1611911622,"path_taken":["M","?","?","?","M","R","E","R","T","M","?","R","E","?","R","BOSS","M","?","?","M","?","$","R","$","T","M","M","M","E"],"items_purchased_type":["Relic","Card"],"build_version":"2020-12-22","purchased_purges":1,"victory":false,"max_hp_per_floor":[75,75,75,75,75,75,75,75,75,75,81,81,81,81,81,81,81,81,81,81,81,81,81,81,81,81,81,81,81,81,81],"card_choices":[{"not_picked":["Rebound","Doom and Gloom","Rip and Tear"],"picked":"SKIP","floor":1},{"not_picked":["Consume","Steam"],"picked":"Capacitor+1","floor":4},{"not_picked":["FTL","Barrage","Cold Snap"],"picked":"SKIP","floor":5},{"not_picked":["Chaos","Hologram","Redo"],"picked":"SKIP","floor":7},{"not_picked":["Reprogram","Barrage"],"picked":"Gash","floor":10},{"not_picked":["Genetic Algorithm","Steam"],"picked":"Self Repair+1","floor":13},{"not_picked":["Doom and Gloom","Sweeping Beam","Buffer+1"],"picked":"SKIP","floor":14},{"not_picked":["Meteor Strike","Biased Cognition+1"],"picked":"Echo Form+1","floor":16},{"not_picked":["Leap","White Noise"],"picked":"Genetic Algorithm+1","floor":18},{"not_picked":["Rebound","Chaos","Heatsinks+1"],"picked":"SKIP","floor":21},{"not_picked":["Stack+1","Glacier"],"picked":"Leap+1","floor":27},{"not_picked":["Go for the Eyes","Genetic Algorithm","Streamline"],"picked":"SKIP","floor":28},{"not_picked":["Aggregate","Coolheaded","Force Field"],"picked":"SKIP","floor":29}],"player_experience":203213,"relics_obtained":[{"floor":7,"key":"Darkstone Periapt"},{"floor":9,"key":"Orichalcum"},{"floor":13,"key":"Tiny Chest"},{"floor":22,"key":"Art of War"},{"floor":26,"key":"Bottled Tornado"}],"event_choices":[{"damage_healed":0,"gold_gain":0,"player_choice":"Success","damage_taken":12,"relics_obtained":["Frozen Egg 2"],"max_hp_gain":0,"max_hp_loss":0,"event_name":"Scrap Ooze","floor":2,"gold_loss":0},{"damage_healed":0,"gold_gain":0,"player_choice":"Bought 0 Potions","damage_taken":0,"max_hp_gain":0,"max_hp_loss":0,"event_name":"The Woman in Blue","floor":3,"gold_loss":0},{"damage_healed":0,"gold_gain":0,"player_choice":"Rummage","damage_taken":0,"relics_obtained":["WarpedTongs"],"max_hp_gain":0,"max_hp_loss":0,"event_name":"Accursed Blacksmith","floor":11,"gold_loss":0,"cards_obtained":["Pain"]},{"damage_healed":0,"gold_gain":0,"player_choice":"Obtained Relic","damage_taken":0,"relics_obtained":["DataDisk"],"max_hp_gain":0,"max_hp_loss":0,"event_name":"Addict","floor":19,"gold_loss":85},{"cards_removed":["Pain"],"damage_healed":0,"gold_gain":0,"player_choice":"Elegance","damage_taken":0,"max_hp_gain":0,"max_hp_loss":0,"event_name":"Back to Basics","floor":20,"gold_loss":0}],"is_beta":false,"boss_relics":[{"not_picked":["Ectoplasm","Nuclear Battery"],"picked":"Sozu"}],"items_purged_floors":[23],"is_endless":false,"potions_floor_spawned":[5,7,10,13,27,29],"killed_by":"Book of Stabbing","ascension_level":4}}