{"host":"pdsyh71gl8fwuuoe","time":1611894138,"event":{"mods":["AchievementEnabler","BaseMod","Bestiary","Colored Powertips","Curses Come First","Custom Start","Highlight Path","Minty Spire (QoL Compilation)","Permanent Neow","Quick Restart","Relic Stats","StSLib"],"gold_per_floor":[117,117,87,102,58,58,83,83,83,93,113,133,133,133,133,228,228,248,265,364,390,390,425,425,435,462,462,477,477,491,491,491,593,593,609,627,582,582,594,594,594,594,594,594,610,627,627,641,641,641],"floor_reached":51,"language":"ENG","playtime":701,"items_purged":[],"score":992,"play_id":"ceef0fa3-fc1b-46b1-90d9-1038245ff52a","local_time":"20210128232218","is_ascension_mode":false,"campfire_choices":[{"data":"Gash","floor":6,"key":"SMITH"},{"data":"Gash","floor":13,"key":"SMITH"},{"floor":15,"key":"REST"},{"floor":24,"key":"REST"},{"floor":27,"key":"REST"},{"data":"Gash","floor":32,"key":"SMITH"},{"data":"Gash","floor":40,"key":"SMITH"},{"data":"Gash","floor":42,"key":"SMITH"},{"floor":44,"key":"REST"},{"floor":49,"key":"REST"}],"circlet_count":0,"master_deck":["Gash+1","Gash+1","Gash+1","Gash+1","Gash+1","Gash+1"],"relics":["Unceasing Top"],"acts_visited":["Exordium","TheCity","TheBeyond"],"potions_floor_usage":[50,50,50,50,50,50,50,50],"damage_taken":[{"damage":0,"enemies":"2 Louse","floor":1,"turns":1},{"damage":0,"enemies":"Jaw Worm","floor":4,"turns":1},{"damage":0,"enemies":"Lagavulin","floor":7,"turns":1},{"damage":0,"enemies":"Cultist","floor":10,"turns":1},{"damage":0,"enemies":"Blue Slaver","floor":11,"turns":1},{"damage":0,"enemies":"3 Louse","floor":12,"turns":1},{"damage":0,"enemies":"Slime Boss","floor":16,"turns":1},{"damage":0,"enemies":"2 Thieves","floor":18,"turns":1},{"damage":0,"enemies":"3 Byrds","floor":19,"turns":1},{"damage":0,"enemies":"Masked Bandits","floor":21,"turns":1},{"damage":0,"enemies":"Book of Stabbing","floor":23,"turns":1},{"damage":0,"enemies":"3 Cultists","floor":25,"turns":1},{"damage":0,"enemies":"Snecko","floor":28,"turns":1},{"damage":0,"enemies":"Shelled Parasite and Fungi","floor":30,"turns":1},{"damage":0,"enemies":"Champ","floor":33,"turns":1},{"damage":0,"enemies":"Orb Walker","floor":35,"turns":1},{"damage":0,"enemies":"3 Darklings","floor":36,"turns":1},{"damage":0,"enemies":"Sphere and 2 Shapes","floor":39,"turns":1},{"damage":0,"enemies":"Maw","floor":45,"turns":1},{"damage":0,"enemies":"3 Darklings","floor":46,"turns":1},{"damage":0,"enemies":"Spire Growth","floor":48,"turns":1},{"damage":0,"enemies":"Time Eater","floor":50,"turns":2}],"seed_played":"-7677036700745975849","potions_obtained":[{"floor":1,"key":"EntropicBrew"},{"floor":3,"key":"BlessingOfTheForge"},{"floor":3,"key":"LiquidBronze"},{"floor":46,"key":"Strength Potion"},{"floor":48,"key":"FearPotion"}],"is_trial":true,"path_per_floor":["M","?","?","M","?","R","E","?","T","M","M","M","R","?","R","B",null,"M","M","?","?","?","E","R","M","T","R","M","$","M","$","R","B",null,"M","M","$","?","M","R","?","R","T","R","M","M","$","M","R","B",null],"character_chosen":"DEFECT","items_purchased":["Gash"],"campfire_rested":5,"item_purchase_floors":[37],"current_hp_per_floor":[75,75,75,75,75,75,75,80,80,80,80,80,80,80,80,80,80,80,80,80,80,80,80,80,80,80,80,80,80,80,80,80,80,80,80,80,80,80,80,80,80,80,80,80,80,80,80,80,80,80],"gold":641,"neow_bonus":"","is_daily":false,"chose_seed":false,"campfire_upgraded":5,"win_rate":0.0,"timestamp":1611894138,"path_taken":["M","?","?","?","?","R","E","?","T","M","M","M","R","?","R","BOSS","M","M","?","?","?","E","R","M","T","R","M","$","M","$","R","BOSS","M","M","$","?","M","R","?","R","T","R","M","M","$","M","R","BOSS"],"items_purchased_type":["Card"],"build_version":"2020-12-22","purchased_purges":0,"victory":true,"max_hp_per_floor":[75,75,75,75,75,75,75,80,80,80,80,80,80,80,80,80,80,80,80,80,80,80,80,80,80,80,80,80,80,80,80,80,80,80,80,80,80,80,80,80,80,80,80,80,80,80,80,80,80,80],"relic_stats":{"counters":[22,23],"obtain_stats":[{"Unceasing Top":0},{"Unceasing Top":0},{"Unceasing Top":0}],"Unceasing Top":[157]},"card_choices":[{"not_picked":["Force Field","Ball Lightning"],"picked":"Gash","floor":1},{"not_picked":["Go for the Eyes","Barrage","Turbo"],"picked":"SKIP","floor":4},{"not_picked":["Leap","Rebound","Sweeping Beam"],"picked":"SKIP","floor":7},{"not_picked":["Echo Form","Chill","Undo"],"picked":"SKIP","floor":10},{"not_picked":["Leap","Consume","Sunder"],"picked":"SKIP","floor":11},{"not_picked":["Cold Snap","Loop","Barrage"],"picked":"SKIP","floor":12},{"not_picked":["Hello World+1","Compile Driver","Reinforced Body"],"picked":"SKIP","floor":18},{"not_picked":["Cold Snap","Hologram","Coolheaded+1"],"picked":"SKIP","floor":19},{"not_picked":["Compile Driver","Stack","Consume"],"picked":"SKIP","floor":23},{"not_picked":["Biased Cognition","Sweeping Beam","Beam Cell"],"picked":"SKIP","floor":25},{"not_picked":["Redo","Steam","Leap+1"],"picked":"SKIP","floor":28},{"not_picked":["Redo","Steam+1"],"picked":"Gash","floor":30},{"not_picked":["Ball Lightning","Aggregate","Reinforced Body+1"],"picked":"SKIP","floor":35},{"not_picked":["Conserve Battery+1","Barrage+1"],"picked":"Gash+1","floor":36},{"not_picked":["Go for the Eyes+1","Sweeping Beam"],"picked":"Gash","floor":39},{"not_picked":["Amplify","Turbo+1","Conserve Battery+1"],"picked":"SKIP","floor":45},{"not_picked":["Undo","Streamline","Hello World"],"picked":"SKIP","floor":46},{"not_picked":["Static Discharge","Barrage","Redo"],"picked":"SKIP","floor":48}],"player_experience":555947,"relics_obtained":[],"event_choices":[{"damage_healed":0,"gold_gain":0,"player_choice":"Ignored","damage_taken":0,"max_hp_gain":0,"max_hp_loss":0,"event_name":"Shining Light","floor":2,"gold_loss":0},{"damage_healed":0,"gold_gain":0,"player_choice":"Bought 2 Potions","damage_taken":0,"max_hp_gain":0,"max_hp_loss":0,"event_name":"The Woman in Blue","floor":3,"gold_loss":0},{"damage_healed":0,"gold_gain":0,"player_choice":"Left Gold","damage_taken":0,"max_hp_gain":0,"max_hp_loss":0,"event_name":"World of Goop","floor":5,"gold_loss":44},{"damage_healed":0,"gold_gain":0,"player_choice":"Donut","damage_taken":0,"max_hp_gain":5,"max_hp_loss":0,"event_name":"Big Fish","floor":8,"gold_loss":0},{"damage_healed":0,"gold_gain":0,"player_choice":"Ignored","damage_taken":0,"max_hp_gain":0,"max_hp_loss":0,"event_name":"Purifier","floor":14,"gold_loss":0},{"damage_healed":0,"gold_gain":99,"player_choice":"Stole From Cult","damage_taken":0,"max_hp_gain":0,"max_hp_loss":0,"event_name":"Nest","floor":20,"gold_loss":0},{"damage_healed":0,"gold_gain":0,"player_choice":"Fought Bandits","damage_taken":0,"max_hp_gain":0,"max_hp_loss":0,"event_name":"Masked Bandits","floor":21,"gold_loss":0},{"damage_healed":0,"gold_gain":0,"player_choice":"Ignored","damage_taken":0,"max_hp_gain":0,"max_hp_loss":0,"event_name":"Beggar","floor":22,"gold_loss":0},{"damage_healed":0,"gold_gain":0,"player_choice":"Ignored","damage_taken":0,"max_hp_gain":0,"max_hp_loss":0,"event_name":"Tomb of Lord Red Mask","floor":38,"gold_loss":0},{"damage_healed":0,"gold_gain":0,"player_choice":"Ignored","damage_taken":0,"max_hp_gain":0,"max_hp_loss":0,"event_name":"Mysterious Sphere","floor":41,"gold_loss":0}],"is_beta":false,"boss_relics":[{"not_picked":["Philosopher\u0027s Stone","Ectoplasm","Sozu"]},{"not_picked":["Inserter","Tiny House","Astrolabe"]}],"items_purged_floors":[],"is_endless":false,"potions_floor_spawned":[1,7,21,25,28,30,35,46,48],"ascension_level":0}}