{"host":"dl909bjyolgrn2uw","time":1611964116,"event":{"mods":["2.2 Compatiblity","AlwaysNeverKeys","BaseMod","Bestiary","Better Altar","Better Note","Better Sensory Stone","Better Skull","Better Vampires","Better-Laid Plans","BetterRewards","Colored Powertips","Curses Come First","Disable Question Mark Monsters","Displayed Cursed Tome","Emptier Cage","Evolution","Minty Spire (QoL Compilation)","Permanent Neow","Quick Restart","Rare Cards Sparkle","Relic Stats","Shop Mod","Spicy Shops","StSLib","SuperFastMode","Transform Curses"],"gold_per_floor":[115,129,145,125,144,144,174,174,197,214,244,255,255,269,269,343,343,357,557,576,587,587,587,597,611,636,664,614,630,656,670,670,747,747,766,779,362,374,427,427,461,461,461,461,488,503,523,523,523,523,523,523,158,193,193],"floor_reached":56,"language":"ENG","playtime":3251,"items_purged":["Strike_G","Strike_G","Strike_G","Strike_G","Strike_G+1","Normality","Escape Plan"],"score":3057,"play_id":"ce98d22c-24f6-47d3-8496-fa6eefa17519","local_time":"20210129174836","is_ascension_mode":true,"campfire_choices":[{"data":"Apotheosis","floor":6,"key":"SMITH"},{"data":"Well Laid Plans","floor":8,"key":"SMITH"},{"data":"Noxious Fumes","floor":15,"key":"SMITH"},{"data":"Adrenaline","floor":23,"key":"SMITH"},{"data":"Noxious Fumes","floor":32,"key":"SMITH"},{"data":"Calculated Gamble","floor":40,"key":"SMITH"},{"floor":49,"key":"RECALL"},{"data":"Leg Sweep","floor":52,"key":"SMITH"}],"circlet_count":0,"master_deck":["AscendersBane","Defend_G","Defend_G","Defend_G","Defend_G","Defend_G","Survivor","Neutralize","Leg Sweep","Leg Sweep+1","Noxious Fumes+1","Apotheosis+1","Poisoned Stab","Quick Slash+1","Poisoned Stab","Well Laid Plans+1","Catalyst","Crippling Poison","Backflip","Backflip","PiercingWail","Noxious Fumes+1","Adrenaline+1","Backflip+1","Crippling Poison","Calculated Gamble+1","Prepared+1","Dodge and Roll+1","PiercingWail+1","Deflect+1"],"relics":["Ring of the Snake","EVO:Axolotl","Singing Bowl","DollysMirror","Membership Card","Snake Skull","TwistedFunnel","White Beast Statue","Whetstone","Anchor","Blood Vial","Ancient Tea Set","PreservedInsect","Busted Crown","MutagenicStrength","Dream Catcher","Tiny Chest","Ice Cream","Cursed Key","FossilizedHelix","Toxic Egg 2","MealTicket","Gambling Chip","Pen Nib","Vajra"],"acts_visited":["TheCity","TheBeyond","TheEnding"],"potions_floor_usage":[7,33,50],"damage_taken":[{"damage":0,"enemies":"Cultist","floor":1,"turns":2},{"damage":0,"enemies":"Jaw Worm","floor":2,"turns":3},{"damage":0,"enemies":"2 Louse","floor":3,"turns":2},{"damage":0,"enemies":"Red Slaver","floor":5,"turns":2},{"damage":0,"enemies":"3 Sentries","floor":7,"turns":8},{"damage":0,"enemies":"Gremlin Gang","floor":10,"turns":3},{"damage":7,"enemies":"Gremlin Nob","floor":11,"turns":3},{"damage":0,"enemies":"Exordium Wildlife","floor":12,"turns":3},{"damage":0,"enemies":"2 Fungi Beasts","floor":14,"turns":3},{"damage":27,"enemies":"The Guardian","floor":16,"turns":6},{"damage":0,"enemies":"3 Byrds","floor":18,"turns":3},{"damage":0,"enemies":"Spheric Guardian","floor":20,"turns":3},{"damage":0,"enemies":"3 Cultists","floor":21,"turns":4},{"damage":0,"enemies":"Shelled Parasite and Fungi","floor":24,"turns":3},{"damage":0,"enemies":"Sentry and Sphere","floor":25,"turns":3},{"damage":0,"enemies":"Gremlin Leader","floor":27,"turns":3},{"damage":0,"enemies":"Snake Plant","floor":29,"turns":3},{"damage":0,"enemies":"Book of Stabbing","floor":30,"turns":5},{"damage":11,"enemies":"Shelled Parasite and Fungi","floor":31,"turns":4},{"damage":0,"enemies":"Automaton","floor":33,"turns":6},{"damage":0,"enemies":"3 Shapes","floor":35,"turns":3},{"damage":0,"enemies":"3 Darklings","floor":36,"turns":3},{"damage":0,"enemies":"Sphere and 2 Shapes","floor":38,"turns":2},{"damage":0,"enemies":"Reptomancer","floor":41,"turns":4},{"damage":0,"enemies":"Giant Head","floor":45,"turns":6},{"damage":0,"enemies":"4 Shapes","floor":46,"turns":4},{"damage":0,"enemies":"Maw","floor":47,"turns":4},{"damage":0,"enemies":"Awakened One","floor":50,"turns":12},{"damage":0,"enemies":"Shield and Spear","floor":54,"turns":5},{"damage":54,"enemies":"The Heart","floor":55,"turns":9}],"seed_played":"629073818430642072","potions_obtained":[{"floor":1,"key":"Explosive Potion"},{"floor":2,"key":"BlessingOfTheForge"},{"floor":7,"key":"SkillPotion"},{"floor":11,"key":"Dexterity Potion"},{"floor":18,"key":"DuplicationPotion"},{"floor":29,"key":"GhostInAJar"},{"floor":33,"key":"Swift Potion"}],"is_trial":false,"path_per_floor":["M","M","M","?","M","R","E","R","T","M","E","M","T","M","R","B",null,"M","?","M","M","?","R","M","M","T","E","?","M","E","M","R","B",null,"M","M","$","M","T","R","E","?","T","?","E","M","M","T","R","B",null,"R","$","E","B",null],"character_chosen":"THE_SILENT","items_purchased":["Singing Bowl","Leg Sweep","DollysMirror","Membership Card","Snake Skull","Noxious Fumes","Apotheosis","Poisoned Stab","Quick Slash","TwistedFunnel","White Beast Statue","Poisoned Stab","Well Laid Plans","Whetstone","Catalyst","Crippling Poison","Backflip","FossilizedHelix","Toxic Egg 2","Prepared+1","PiercingWail+1","Deflect+1","Pen Nib","FairyPotion"],"campfire_rested":0,"item_purchase_floors":[0,0,0,0,0,0,0,0,0,0,0,0,0,0,0,0,0,37,37,37,53,53,53,53],"current_hp_per_floor":[59,59,59,59,61,61,63,63,63,67,64,66,66,70,70,45,68,70,70,74,78,78,78,82,84,84,86,86,86,88,79,79,83,90,92,94,94,94,94,94,96,91,91,91,93,95,97,97,97,97,97,97,97,99,45],"gold":193,"neow_bonus":"","is_daily":false,"chose_seed":false,"campfire_upgraded":7,"win_rate":0.0,"timestamp":1611964116,"path_taken":["M","M","M","?","?","R","E","R","T","M","E","M","?","M","R","BOSS","M","?","?","M","?","R","M","M","T","E","?","M","E","?","R","BOSS","M","M","$","?","?","R","E","?","T","?","E","?","M","?","R","BOSS","R","$","E","BOSS"],"items_purchased_type":["Relic","Card","Relic","Relic","Relic","Card","Card","Card","Card","Relic","Relic","Card","Card","Relic","Card","Card","Card","Relic","Relic","Card","Card","Card","Relic","Potion"],"build_version":"2020-12-22","purchased_purges":7,"victory":true,"max_hp_per_floor":[66,66,66,66,68,68,70,70,70,72,74,74,74,76,76,76,76,76,76,78,80,80,80,82,84,84,86,86,86,88,90,90,92,92,92,94,94,94,94,94,96,91,91,91,93,95,97,97,97,97,97,97,97,99,99],"relic_stats":{"Singing Bowl":82,"counters":[173,735],"Snake Skull":[334],"PreservedInsect":359,"Pen Nib":[1],"Whetstone":["Strike_G","Quick Slash"],"Cursed Key":1,"Blood Vial":22,"Dream Catcher":0,"Busted Crown":76,"Gambling Chip":[19],"Tiny Chest":2,"MealTicket":0,"obtain_stats":[{"Ice Cream":19,"TwistedFunnel":0,"Gremlin Horn":9,"Vajra":6,"EVO:Axolotl":0,"Whetstone":46,"Boot":48,"Sling":37,"Old Coin":40,"Blood Vial":9,"Centennial Puzzle":43,"HornCleat":29,"DollysMirror":47,"Strawberry":27,"MealTicket":7,"Prayer Wheel":0,"Necronomicon":20,"Kunai":48,"Toxic Egg 2":37,"Astrolabe":17,"Dead Branch":27,"Oddly Smooth Stone":0,"Tingsha":8,"Pen Nib":24,"Letter Opener":26,"War Paint":12,"Paper Crane":12,"Akabeko":42,"Du-Vu Doll":12,"Runic Dome":0,"OrangePellets":0,"Shuriken":46,"MutagenicStrength":22,"Molten Egg 2":43,"Pandora\u0027s Box":17,"StrikeDummy":31,"Meat on the Bone":47,"Darkstone Periapt":24,"Regal Pillow":11,"Singing Bowl":9,"Mango":14,"StoneCalendar":28,"Snake Skull":19,"Juzu Bracelet":8,"Ancient Tea Set":0,"Cursed Key":34,"ClockworkSouvenir":47,"Dream Catcher":12,"Nunchaku":37,"Shovel":45,"Ninja Scroll":25,"Pantograph":6,"Gambling Chip":0,"Tiny Chest":27,"WingedGreaves":36,"Red Mask":30,"Cracked Core":0,"InkBottle":43,"Runic Pyramid":17,"Ring of the Snake":0,"Potion Belt":26,"Inserter":17,"Golden Idol":3,"Thread and Needle":43,"PreservedInsect":0,"Omamori":23,"Orichalcum":31,"Medical Kit":48,"White Beast Statue":40,"Mercury Hourglass":31,"Peace Pipe":44,"CaptainsWheel":42,"Anchor":26,"Busted Crown":34,"Ornamental Fan":47,"Bloody Idol":19,"Orrery":0,"Coffee Dripper":0,"Art of War":27,"Membership Card":19,"Bottled Lightning":25,"FossilizedHelix":37,"Toy Ornithopter":48},{"Ice Cream":12,"TwistedFunnel":143,"Gremlin Horn":24,"Vajra":65,"EVO:Axolotl":0,"Whetstone":86,"Boot":87,"Sling":106,"Old Coin":138,"Blood Vial":148,"Centennial Puzzle":57,"HornCleat":102,"DollysMirror":59,"Strawberry":101,"MealTicket":6,"Prayer Wheel":88,"Necronomicon":12,"Kunai":142,"Toxic Egg 2":165,"Astrolabe":70,"Dead Branch":129,"Oddly Smooth Stone":60,"Tingsha":118,"Pen Nib":14,"Letter Opener":14,"War Paint":41,"Paper Crane":68,"Akabeko":85,"Du-Vu Doll":8,"Runic Dome":1,"OrangePellets":33,"Shuriken":86,"MutagenicStrength":156,"Molten Egg 2":85,"Pandora\u0027s Box":97,"StrikeDummy":79,"Meat on the Bone":59,"Darkstone Periapt":128,"Regal Pillow":95,"Singing Bowl":6,"Mango":27,"StoneCalendar":78,"Snake Skull":98,"Juzu Bracelet":24,"Ancient Tea Set":18,"Cursed Key":163,"ClockworkSouvenir":59,"Dream Catcher":26,"Nunchaku":82,"Shovel":110,"Ninja Scroll":49,"Pantograph":38,"Gambling Chip":88,"Tiny Chest":159,"WingedGreaves":82,"Red Mask":50,"Cracked Core":0,"InkBottle":139,"Runic Pyramid":43,"Ring of the Snake":0,"Potion Belt":49,"Inserter":28,"Golden Idol":62,"Thread and Needle":108,"PreservedInsect":33,"Omamori":47,"Orichalcum":17,"Medical Kit":142,"White Beast Statue":56,"Mercury Hourglass":51,"Peace Pipe":58,"CaptainsWheel":57,"Anchor":77,"Busted Crown":52,"Ornamental Fan":59,"Bloody Idol":125,"Orrery":60,"Coffee Dripper":0,"Art of War":15,"Membership Card":12,"Bottled Lightning":77,"FossilizedHelix":106,"Toy Ornithopter":142},{"Ice Cream":38,"TwistedFunnel":611,"Gremlin Horn":75,"Vajra":292,"EVO:Axolotl":0,"Whetstone":410,"Boot":415,"Sling":499,"Old Coin":596,"Blood Vial":628,"Centennial Puzzle":264,"HornCleat":482,"DollysMirror":275,"Strawberry":479,"MealTicket":19,"Prayer Wheel":422,"Necronomicon":38,"Kunai":608,"Toxic Egg 2":689,"Astrolabe":312,"Dead Branch":574,"Oddly Smooth Stone":280,"Tingsha":545,"Pen Nib":45,"Letter Opener":45,"War Paint":165,"Paper Crane":298,"Akabeko":405,"Du-Vu Doll":23,"Runic Dome":1,"OrangePellets":129,"Shuriken":410,"MutagenicStrength":656,"Molten Egg 2":405,"Pandora\u0027s Box":462,"StrikeDummy":361,"Meat on the Bone":275,"Darkstone Periapt":568,"Regal Pillow":453,"Singing Bowl":19,"Mango":90,"StoneCalendar":352,"Snake Skull":468,"Juzu Bracelet":75,"Ancient Tea Set":58,"Cursed Key":683,"ClockworkSouvenir":275,"Dream Catcher":86,"Nunchaku":386,"Shovel":515,"Ninja Scroll":216,"Pantograph":148,"Gambling Chip":422,"Tiny Chest":665,"WingedGreaves":386,"Red Mask":221,"Cracked Core":0,"InkBottle":601,"Runic Pyramid":178,"Ring of the Snake":0,"Potion Belt":216,"Inserter":101,"Golden Idol":283,"Thread and Needle":503,"PreservedInsect":129,"Omamori":203,"Orichalcum":55,"Medical Kit":608,"White Beast Statue":258,"Mercury Hourglass":229,"Peace Pipe":270,"CaptainsWheel":264,"Anchor":347,"Busted Crown":236,"Ornamental Fan":275,"Bloody Idol":561,"Orrery":280,"Coffee Dripper":0,"Art of War":48,"Membership Card":38,"Bottled Lightning":347,"FossilizedHelix":499,"Toy Ornithopter":608}],"Ring of the Snake":[278]},"card_choices":[{"not_picked":["Quick Slash","Riddle With Holes"],"picked":"Backflip","floor":1},{"not_picked":["Blade Dance","Skewer"],"picked":"Escape Plan","floor":2},{"not_picked":["Outmaneuver","Bane"],"picked":"PiercingWail","floor":3},{"not_picked":["Predator","Infinite Blades","Prepared"],"picked":"Singing Bowl","floor":5},{"not_picked":["Slice","Acrobatics","Cloak And Dagger"],"picked":"Singing Bowl","floor":7},{"not_picked":["Quick Slash","Cloak And Dagger","Slice"],"picked":"Singing Bowl","floor":10},{"not_picked":["Unload","Cloak And Dagger","Backflip"],"picked":"Singing Bowl","floor":11},{"not_picked":["Acrobatics","Leg Sweep"],"picked":"Noxious Fumes","floor":12},{"not_picked":["Outmaneuver","Quick Slash","Finisher"],"picked":"Singing Bowl","floor":14},{"not_picked":["Venomology","Phantasmal Killer"],"picked":"Adrenaline","floor":16},{"not_picked":[],"picked":"Backflip+1","floor":18},{"not_picked":["Backstab"],"picked":"Singing Bowl","floor":20},{"not_picked":["Flechettes"],"picked":"Singing Bowl","floor":21},{"not_picked":["Endless Agony"],"picked":"Singing Bowl","floor":24},{"not_picked":["Terror"],"picked":"Singing Bowl","floor":25},{"not_picked":["Underhanded Strike"],"picked":"Singing Bowl","floor":27},{"not_picked":[],"picked":"Crippling Poison","floor":29},{"not_picked":["Skewer"],"picked":"Singing Bowl","floor":30},{"not_picked":["Underhanded Strike"],"picked":"Singing Bowl","floor":31},{"not_picked":["After Image"],"picked":"Singing Bowl","floor":33},{"not_picked":[],"picked":"Calculated Gamble","floor":35},{"not_picked":["Escape Plan"],"picked":"Singing Bowl","floor":36},{"not_picked":[],"picked":"Dodge and Roll+1","floor":38},{"not_picked":["Finisher"],"picked":"Singing Bowl","floor":41},{"not_picked":["Quick Slash"],"picked":"Singing Bowl","floor":45},{"not_picked":["Flechettes"],"picked":"Singing Bowl","floor":46},{"not_picked":["Deadly Poison+1"],"picked":"Singing Bowl","floor":47},{"not_picked":["Deadly Poison+1"],"picked":"Singing Bowl","floor":54}],"player_experience":337941,"relics_obtained":[{"floor":7,"key":"Anchor"},{"floor":9,"key":"Blood Vial"},{"floor":11,"key":"Ancient Tea Set"},{"floor":13,"key":"PreservedInsect"},{"floor":26,"key":"Dream Catcher"},{"floor":27,"key":"Tiny Chest"},{"floor":30,"key":"Ice Cream"},{"floor":41,"key":"MealTicket"},{"floor":45,"key":"Gambling Chip"},{"floor":54,"key":"Vajra"}],"event_choices":[{"damage_healed":0,"gold_gain":0,"player_choice":"Bought 1 Potion","damage_taken":0,"max_hp_gain":0,"max_hp_loss":0,"event_name":"The Woman in Blue","floor":4,"gold_loss":0},{"damage_healed":0,"gold_gain":200,"player_choice":"Gold","damage_taken":0,"max_hp_gain":0,"max_hp_loss":0,"event_name":"Wheel of Change","floor":19,"gold_loss":0},{"damage_healed":0,"gold_gain":0,"player_choice":"Inject Mutagens","damage_taken":0,"relics_obtained":["MutagenicStrength"],"max_hp_gain":0,"max_hp_loss":0,"event_name":"Drug Dealer","floor":22,"gold_loss":0},{"damage_healed":0,"gold_gain":0,"player_choice":"Bet on Murderer","damage_taken":0,"max_hp_gain":0,"max_hp_loss":0,"event_name":"The Joust","floor":28,"gold_loss":50},{"damage_healed":0,"gold_gain":0,"player_choice":"Max HP","damage_taken":0,"max_hp_gain":0,"max_hp_loss":5,"event_name":"Winding Halls","floor":42,"gold_loss":0},{"damage_healed":0,"gold_gain":0,"player_choice":"0 cards matched","damage_taken":0,"max_hp_gain":0,"max_hp_loss":0,"event_name":"Match and Keep!","floor":44,"gold_loss":0,"cards_obtained":[]}],"is_beta":false,"boss_relics":[{"not_picked":["Black Star","Ring of the Serpent"],"picked":"Busted Crown"},{"not_picked":["Snecko Eye","Empty Cage"],"picked":"Cursed Key"}],"items_purged_floors":[0,0,0,0,37,53,53],"is_endless":false,"potions_floor_spawned":[1,2,3,5,7,10,11,12,14,16,18,20,21,24,25,27,29,30,31,33,35,36,38,41,45,46,47,54],"ascension_level":17}}