{"host":"dm4yvegl9um2tlqd","time":1611957090,"event":{"mods":["2.2 Compatiblity","AchievementEnabler","BaseMod","Colored Map","DeckTracker","Highlight Path","KOR Keyword Fix","Keyboard Shortcuts","Minty Spire (QoL Compilation)","Permanent Neow","Quick Restart","Random Character Button","StSLib","SuperFastMode","everything is the same but u backflip on backflip"],"gold_per_floor":[112,112,132,149,22,54,54,73,122,122,136,154,171,121,121,223,223,237,237,247,162,176,176,187,286,356,356,356],"floor_reached":27,"language":"KOR","playtime":1137,"items_purged":["Strike_G"],"score":315,"play_id":"cd8f0303-09e7-4ba0-a1c1-93204c4d6bb9","local_time":"20210130065130","is_ascension_mode":true,"campfire_choices":[{"data":"Setup","floor":7.0,"key":"SMITH"},{"data":"Footwork","floor":10.0,"key":"SMITH"},{"data":"Catalyst","floor":15.0,"key":"SMITH"},{"data":"Acrobatics","floor":23,"key":"SMITH"}],"circlet_count":0,"master_deck":["Strike_G","Strike_G","Strike_G","Defend_G","Defend_G","Defend_G","Defend_G","Defend_G","Survivor","Neutralize+1","Underhanded Strike","Footwork+1","Acrobatics+1","Setup+1","Bouncing Flask","Blur","Dagger Throw","Deadly Poison","Catalyst+1","Night Terror","Dagger Throw","Deflect","Bane"],"relics":["Ring of the Snake","Meat on the Bone","Anchor","WristBlade","Lantern","Question Card"],"acts_visited":["Exordium","TheCity"],"potions_floor_usage":[27,27],"damage_taken":[{"damage":0.0,"enemies":"Cultist","floor":1.0,"turns":4.0},{"damage":2.0,"enemies":"Jaw Worm","floor":3.0,"turns":5.0},{"damage":4.0,"enemies":"2 Louse","floor":4.0,"turns":4.0},{"damage":38.0,"enemies":"3 Sentries","floor":6.0,"turns":13.0},{"damage":8.0,"enemies":"Large Slime","floor":8.0,"turns":8.0},{"damage":0.0,"enemies":"Blue Slaver","floor":11.0,"turns":5.0},{"damage":0.0,"enemies":"3 Louse","floor":12.0,"turns":4.0},{"damage":0.0,"enemies":"2 Fungi Beasts","floor":13.0,"turns":4.0},{"damage":2.0,"enemies":"Hexaghost","floor":16.0,"turns":7.0},{"damage":13.0,"enemies":"Shell Parasite","floor":18.0,"turns":4.0},{"damage":2,"enemies":"Chosen","floor":20,"turns":5},{"damage":20,"enemies":"Snecko","floor":22,"turns":5},{"damage":25,"enemies":"Cultist and Chosen","floor":24,"turns":7},{"damage":29,"enemies":"3 Cultists","floor":27,"turns":5}],"seed_played":"3855262468233078230","potions_obtained":[{"floor":4.0,"key":"FearPotion"},{"floor":6.0,"key":"GamblersBrew"},{"floor":24,"key":"Weak Potion"}],"is_trial":false,"path_per_floor":["M","?","M","M","$","E","R","M","T","R","M","M","M","?","R","B",null,"M","?","M","?","M","R","M","?","T","M"],"character_chosen":"THE_SILENT","items_purchased":["Dexterity Potion"],"campfire_rested":0,"item_purchase_floors":[5],"current_hp_per_floor":[63,63,61,57,57,19,19,23,23,23,35,47,47,47,47,45,64,51,51,49,49,41,41,28,28,28,0,0],"gold":356,"neow_bonus":"THREE_CARDS","is_daily":false,"chose_seed":false,"campfire_upgraded":4,"win_rate":0.0,"timestamp":1611957090,"path_taken":["M","?","M","M","$","E","R","M","T","R","M","?","?","?","R","BOSS","M","?","M","?","M","R","M","?","T","M"],"items_purchased_type":["Potion"],"build_version":"2020-12-22","purchased_purges":1,"victory":false,"max_hp_per_floor":[70,70,70,70,70,70,70,70,70,70,70,70,70,70,70,70,70,70,70,70,70,70,70,70,70,70,70,70],"card_choices":[{"not_picked":["Outmaneuver","Acrobatics"],"picked":"Underhanded Strike","floor":0.0},{"not_picked":["Outmaneuver","Dodge and Roll"],"picked":"Footwork","floor":1.0},{"not_picked":["Blade Dance","Slice"],"picked":"Acrobatics","floor":3.0},{"not_picked":["Choke","Slice"],"picked":"Setup","floor":4.0},{"not_picked":["Deadly Poison","Outmaneuver"],"picked":"Bouncing Flask","floor":6.0},{"not_picked":["Infinite Blades","PiercingWail"],"picked":"Blur","floor":8.0},{"not_picked":["Infinite Blades","Deflect"],"picked":"Dagger Throw","floor":11.0},{"not_picked":["Accuracy","Slice"],"picked":"Deadly Poison","floor":12.0},{"not_picked":["Endless Agony","Acrobatics"],"picked":"Catalyst","floor":13.0},{"not_picked":["Phantasmal Killer","Grand Finale"],"picked":"Night Terror","floor":16.0},{"not_picked":["Expertise+1","Bane","Finisher+1"],"picked":"SKIP","floor":18.0},{"not_picked":["Dagger Spray","Bane"],"picked":"Dagger Throw","floor":20},{"not_picked":["Outmaneuver","Dash"],"picked":"Deflect","floor":22},{"not_picked":["Dagger Throw","Blade Dance"],"picked":"Bane","floor":24}],"player_experience":96550,"relics_obtained":[{"floor":6.0,"key":"Meat on the Bone"},{"floor":9.0,"key":"Anchor"},{"floor":26,"key":"Question Card"}],"event_choices":[{"damage_healed":0.0,"max_hp_gain":0.0,"max_hp_loss":0.0,"gold_gain":0.0,"event_name":"Accursed Blacksmith","player_choice":"Forge","floor":2.0,"gold_loss":0.0,"damage_taken":0.0,"cards_upgraded":["Neutralize"]},{"cards_removed":["Strike_G"],"damage_healed":0.0,"max_hp_gain":0.0,"max_hp_loss":0.0,"gold_gain":0.0,"event_name":"The Cleric","player_choice":"Card Removal","floor":14.0,"gold_loss":50.0,"damage_taken":0.0},{"damage_healed":0.0,"max_hp_gain":0.0,"max_hp_loss":0.0,"gold_gain":0.0,"event_name":"The Mausoleum","player_choice":"Ignored","floor":19.0,"gold_loss":0.0,"damage_taken":0.0},{"damage_healed":0,"gold_gain":0,"player_choice":"Obtained Relic","damage_taken":0,"relics_obtained":["Lantern"],"max_hp_gain":0,"max_hp_loss":0,"event_name":"Addict","floor":21,"gold_loss":85},{"damage_healed":0,"gold_gain":99,"player_choice":"Stole From Cult","damage_taken":0,"max_hp_gain":0,"max_hp_loss":0,"event_name":"Nest","floor":25,"gold_loss":0}],"is_beta":false,"boss_relics":[{"not_picked":["SlaversCollar","Fusion Hammer"],"picked":"WristBlade"}],"items_purged_floors":[5],"is_endless":false,"potions_floor_spawned":[4,6,11,24],"killed_by":"3 Cultists","ascension_level":9}}