{"host":"2j7k79oxv8es4yqd","time":1611934698,"event":{"mods":["BaseMod","Minty Spire (QoL Compilation)","Permanent Neow","Reliquary","StSLib"],"gold_per_floor":[111,111,127,151,170,170,205,205,205,225,225,260,55,69,69,69,69],"floor_reached":16,"language":"ZHS","playtime":468,"items_purged":["Strike_G"],"score":110,"play_id":"90f7a487-ccde-4b5f-bc8a-d8705913bb4e","local_time":"20210129233818","is_ascension_mode":false,"campfire_choices":[{"floor":6,"key":"RECALL"},{"data":"Cloak And Dagger","floor":8,"key":"SMITH"},{"data":"Infinite Blades","floor":11,"key":"SMITH"},{"data":"Infinite Blades","floor":15,"key":"SMITH"}],"circlet_count":0,"master_deck":["Strike_G","Strike_G","Strike_G","Strike_G","Defend_G","Defend_G","Defend_G","Defend_G","Defend_G","Survivor","Neutralize","Infinite Blades+1","Cloak And Dagger+1","Blur","Infinite Blades+1","Infinite Blades+1"],"relics":["Sozu","reliquary:TuningFork","Smiling Mask","Darkstone Periapt","ClockworkSouvenir"],"acts_visited":["Exordium"],"potions_floor_usage":[],"damage_taken":[{"damage":1,"enemies":"Jaw Worm","floor":1,"turns":4},{"damage":1,"enemies":"Cultist","floor":3,"turns":4},{"damage":0,"enemies":"2 Louse","floor":5,"turns":3},{"damage":7,"enemies":"Lagavulin","floor":7,"turns":10},{"damage":8,"enemies":"Exordium Wildlife","floor":10,"turns":5},{"damage":26,"enemies":"Gremlin Nob","floor":12,"turns":5},{"damage":7,"enemies":"Blue Slaver","floor":14,"turns":4},{"damage":22,"enemies":"The Guardian","floor":16,"turns":2}],"seed_played":"1755351848903565346","potions_obtained":[],"is_trial":false,"path_per_floor":["M","?","M","T","M","R","E","R","T","M","R","E","$","M","R","B"],"character_chosen":"THE_SILENT","items_purchased":["ClockworkSouvenir"],"campfire_rested":0,"item_purchase_floors":[13],"current_hp_per_floor":[69,69,68,68,68,68,61,61,61,53,53,27,27,20,20,0,0],"gold":69,"neow_bonus":"BOSS_RELIC","is_daily":false,"chose_seed":false,"campfire_upgraded":3,"win_rate":0.0,"timestamp":1611934698,"path_taken":["M","?","M","?","?","R","E","R","T","M","R","E","?","M","R","BOSS"],"items_purchased_type":["Relic"],"build_version":"2020-12-22","purchased_purges":1,"victory":false,"max_hp_per_floor":[70,70,70,70,70,70,70,70,70,70,70,70,70,70,70,70,70],"card_choices":[{"not_picked":["Prepared","Dodge and Roll"],"picked":"Infinite Blades","floor":1},{"not_picked":["Blade Dance","Quick Slash"],"picked":"Cloak And Dagger","floor":3},{"not_picked":["Distraction","Prepared"],"picked":"Blur","floor":5},{"not_picked":["Sucker Punch","Well Laid Plans","Underhanded Strike"],"picked":"SKIP","floor":7},{"not_picked":["Sucker Punch","Footwork"],"picked":"Infinite Blades","floor":10},{"not_picked":["Slice","Bane"],"picked":"Infinite Blades","floor":12},{"not_picked":["Calculated Gamble","Outmaneuver","Dodge and Roll"],"picked":"SKIP","floor":14}],"player_experience":521384,"relics_obtained":[{"floor":7,"key":"reliquary:TuningFork"},{"floor":9,"key":"Smiling Mask"},{"floor":12,"key":"Darkstone Periapt"}],"event_choices":[{"damage_healed":0,"gold_gain":0,"player_choice":"Grow","damage_taken":0,"max_hp_gain":0,"max_hp_loss":0,"event_name":"Living Wall","floor":2,"gold_loss":0,"cards_upgraded":["Infinite Blades"]}],"is_beta":false,"boss_relics":[],"items_purged_floors":[13],"is_endless":false,"potions_floor_spawned":[1,5,12],"killed_by":"The Guardian","ascension_level":0}}