{"host":"gafwejejal4v72m6","time":1611911864,"event":{"mods":["AchievementEnabler","Aspiration","BaseMod","BetterRewards","Clockwork Mod","Conspire","Hermit","Hubris","Infinite Spire","Minty Spire (QoL Compilation)","Rare Cards Sparkle","Reliquary","Shop Mod","StS++","StSLib","The Animator","The Necromancer"],"gold_per_floor":[161,161,16,41,55,101,101,126,126,207,53,53,69,109,109,225,225,240,140,152,152,102,293,293,331,356,356,356,401,2,17,17,166,166,234,266,316,78,78,105,105,105,105,105,166,166,166,214,214,218,218,218,59,88,92],"floor_reached":56,"language":"RUS","playtime":3881,"items_purged":["hermit:Strike_Hermit","hermit:Gestalt","hermit:TrackingShot"],"score":1882,"play_id":"6b077b33-fe94-4ce0-af6d-b5fe1291b9b4","local_time":"20210129161744","is_ascension_mode":true,"campfire_choices":[{"data":"hermit:Scavenge","floor":7.0,"key":"SMITH"},{"data":"hermit:Coalescence","floor":12.0,"key":"SMITH"},{"data":"hermit:Determination","floor":15.0,"key":"SMITH"},{"data":"hermit:Maintenance","floor":24.0,"key":"SMITH"},{"floor":28.0,"key":"REST"},{"floor":32.0,"key":"RECALL"},{"data":"hermit:Coalescence+1","floor":41.0,"key":"SMITH"},{"floor":49.0,"key":"REST"},{"data":"hubris:Fate","floor":52.0,"key":"SMITH"}],"circlet_count":0,"master_deck":["hermit:Strike_Hermit+1","hermit:Strike_Hermit","hermit:Strike_Hermit","hermit:Defend_Hermit","hermit:Defend_Hermit","hermit:Defend_Hermit","hermit:Defend_Hermit","hermit:Snapshot","hermit:Covet","hermit:Scavenge+1","hermit:Coalescence+2","Dramatic Entrance","hermit:Determination+1","hermit:HoleUp","hermit:EyeOfTheStorm","hermit:Quickdraw+1","hermit:Glare","hermit:FlashPowder","hermit:Misfire","hermit:HeroicBravado","hermit:Snipe","hermit:BigShot+1","hermit:Maintenance+1","conspire:SpireCoStock","conspire:SpireCoStock","hermit:Determination","hermit:GhostlyPresence+1","hermit:Cheat+1","hermit:Combo","Mayhem","hermit:FinalCanter","hermit:CalledShot","hermit:Midnight+1","Madness","Madness","Panache","hermit:TakeAim","hermit:Midnight+1","hermit:Headshot+1","hubris:Fate+1","PanicButton","Discovery","hermit:Dive+1","hermit:Brawl","hermit:Dive"],"relics":["hermit:Momento","StSpp:BrokenTotem","TheAbacus","MerchantsRug","Lizard Tail","hubris:MobiusCoin","aspiration:FetidBarrel","hubris:Zylophone","reliquary:SharkskinSheath","StSpp:SailorCap","Whetstone","infinitespire:BottledMercury","conspire:TopHat","reliquary:Bookmark","hubris:Backtick","conspire:InfiniteJournal","Bird Faced Urn","reliquary:BallBearing","hubris:Icosahedron","PreservedInsect","OrangePellets","Sozu","Bottled Lightning","reliquary:IridiumChain","reliquary:PartyBalloon","infinitespire:Eraser"],"acts_visited":["Exordium","TheCity","TheBeyond","TheEnding"],"potions_floor_usage":[],"damage_taken":[{"damage":2.0,"enemies":"Small Slimes","floor":1.0,"turns":4.0},{"damage":0.0,"enemies":"Cultist","floor":4.0,"turns":3.0},{"damage":0.0,"enemies":"Jaw Worm","floor":5.0,"turns":2.0},{"damage":0.0,"enemies":"Lagavulin","floor":6.0,"turns":6.0},{"damage":0.0,"enemies":"3 Sentries","floor":8.0,"turns":6.0},{"damage":1.0,"enemies":"Gremlin Nob","floor":10.0,"turns":3.0},{"damage":0.0,"enemies":"Lots of Slimes","floor":13.0,"turns":2.0},{"damage":0.0,"enemies":"Exordium Wildlife","floor":14.0,"turns":2.0},{"damage":9.0,"enemies":"Slime Boss","floor":16.0,"turns":9.0},{"damage":1.0,"enemies":"Spheric Guardian","floor":18.0,"turns":5.0},{"damage":0.0,"enemies":"3 Byrds","floor":20.0,"turns":3.0},{"damage":15.0,"enemies":"conspire:Head Lice","floor":23.0,"turns":9.0},{"damage":56.0,"enemies":"Slavers","floor":25.0,"turns":7.0},{"damage":13.0,"enemies":"Gremlin Leader","floor":29.0,"turns":6.0},{"damage":3.0,"enemies":"3 Cultists","floor":31.0,"turns":4.0},{"damage":2.0,"enemies":"Automaton","floor":33.0,"turns":8.0},{"damage":3.0,"enemies":"Orb Walker","floor":35.0,"turns":3.0},{"damage":23.0,"enemies":"3 Darklings","floor":36.0,"turns":7.0},{"damage":6.0,"enemies":"Giant Head","floor":40.0,"turns":8.0},{"damage":0.0,"enemies":"Jaw Worm Horde","floor":45.0,"turns":2.0},{"damage":26.0,"enemies":"Reptomancer","floor":48.0,"turns":5.0},{"damage":36.0,"enemies":"Time Eater","floor":50.0,"turns":8.0},{"damage":34,"enemies":"Shield and Spear","floor":54,"turns":3},{"damage":60,"enemies":"The Heart","floor":55,"turns":9}],"seed_played":"699224374574112629","potions_obtained":[{"floor":2.0,"key":"FearPotion"},{"floor":2.0,"key":"SkillPotion"},{"floor":2.0,"key":"hermit:Eclipse"},{"floor":4.0,"key":"Fire Potion"},{"floor":8.0,"key":"SneckoOil"},{"floor":10.0,"key":"Weak Potion"},{"floor":13.0,"key":"StSpp:ScatteredWeakPotion"},{"floor":18.0,"key":"DuplicationPotion"},{"floor":20.0,"key":"infinitespire:BlackPotion"},{"floor":25.0,"key":"SpeedPotion"}],"is_trial":false,"path_per_floor":["M","?","$","M","M","E","R","E","T","E","$","R","M","M","R","B",null,"M","$","M","?","?","E","R","E","T","?","R","E","$","M","R","B",null,"M","M","?","$","?","E","R","?","T","?","M","AVR","?","E","R","B",null,"R","$","E","B",null],"character_chosen":"HERMIT","items_purchased":["hermit:Scavenge","hermit:Coalescence","Dramatic Entrance","StSpp:BrokenTotem","TheAbacus","MerchantsRug","hubris:MobiusCoin","aspiration:FetidBarrel","hermit:Determination","hermit:HoleUp","hermit:EyeOfTheStorm","reliquary:SharkskinSheath","reliquary:Bookmark","OrangePellets","hermit:Combo","Mayhem","Panache","hermit:TakeAim","hermit:Brawl"],"campfire_rested":2,"item_purchase_floors":[0,0,0,0,0,0,0,0,0,0,0,3,11,30,30,30,38,38,53],"current_hp_per_floor":[60,60,60,60,60,60,60,60,60,59,59,59,59,59,59,50,75,74,74,74,74,74,59,59,9,9,9,31,62,62,67,67,75,75,75,58,49,49,49,57,57,57,57,57,69,69,59,45,67,45,75,75,75,45,5],"gold":92,"neow_bonus":"","is_daily":false,"chose_seed":false,"campfire_upgraded":6,"win_rate":0.0,"timestamp":1611911864,"path_taken":["M","?","?","M","M","E","R","E","T","E","$","R","M","?","R","BOSS","M","$","?","?","?","E","R","E","T","?","R","E","?","M","R","BOSS","M","M","?","$","?","E","R","?","T","?","M","AVR","?","E","R","BOSS","R","$","E","BOSS"],"items_purchased_type":["Card","Card","Card","Relic","Relic","Relic","Relic","Relic","Card","Card","Card","Relic","Relic","Relic","Card","Card","Card","Card","Card"],"build_version":"2020-12-22","purchased_purges":3,"victory":true,"max_hp_per_floor":[75,75,75,75,75,75,75,75,75,75,75,75,75,75,75,75,75,75,75,75,75,75,75,75,75,75,75,75,75,75,75,75,75,75,75,75,75,75,75,75,75,75,75,75,75,75,75,75,75,75,75,75,75,75,75],"card_choices":[{"not_picked":["hermit:Desperado","hermit:Shortfuse"],"picked":"hermit:Quickdraw","floor":1.0},{"not_picked":["hermit:ItchyTrigger","hermit:HighCaliber","hermit:Spite"],"picked":"SKIP","floor":4.0},{"not_picked":["hermit:FullyLoaded","hermit:Feint"],"picked":"hermit:SprayPray","floor":5.0},{"not_picked":["hermit:LowProfile","hermit:TakeAim"],"picked":"hermit:Glare","floor":6.0},{"not_picked":["hermit:Roulette","hermit:HoleUp"],"picked":"hermit:Gestalt","floor":8.0},{"not_picked":["hermit:Spite","hermit:Shortfuse"],"picked":"hermit:FlashPowder","floor":10.0},{"not_picked":["hermit:TakeAim","hermit:Desperado"],"picked":"hermit:Misfire","floor":13.0},{"not_picked":["hermit:Feint","hermit:Misfire"],"picked":"hermit:TrackingShot","floor":14.0},{"not_picked":["hermit:Gambit","hermit:BlackWind"],"picked":"hermit:HeroicBravado","floor":16.0},{"not_picked":["hermit:Roulette+1","hermit:Gestalt"],"picked":"hermit:Snipe","floor":18.0},{"not_picked":["hermit:HoleUp+1","hermit:Desperado"],"picked":"hermit:BigShot+1","floor":20.0},{"not_picked":["hermit:CalledShot","hermit:Ricochet"],"picked":"hermit:Determination","floor":23.0},{"not_picked":["hermit:PistolWhip","hermit:Glare+1"],"picked":"hermit:GhostlyPresence+1","floor":25.0},{"not_picked":["hermit:TakeAim","hermit:Enervate"],"picked":"hermit:Cheat+1","floor":29.0},{"not_picked":["hermit:Misfire","hermit:HighCaliber","hermit:LowProfile"],"picked":"SKIP","floor":31.0},{"not_picked":["hermit:FatalDesire","hermit:DeadOrAlive"],"picked":"hermit:FinalCanter","floor":33.0},{"not_picked":["hermit:HoleUp","hermit:Combo"],"picked":"hermit:CalledShot","floor":35.0},{"not_picked":["hermit:GhostlyPresence+1","hermit:Ricochet+1"],"picked":"hermit:Midnight+1","floor":36.0},{"not_picked":["hermit:Glare","hermit:BodyArmor+1"],"picked":"hermit:Midnight+1","floor":40.0},{"not_picked":["hermit:Coalescence","hermit:Dive+1"],"picked":"hermit:Headshot+1","floor":45.0},{"not_picked":["Thinking Ahead","Blind"],"picked":"PanicButton","floor":47.0},{"not_picked":["Good Instincts","StSpp:MindBarrier"],"picked":"Discovery","floor":47.0},{"not_picked":["hermit:Spite+1","hermit:Ricochet"],"picked":"hermit:Dive+1","floor":48.0},{"not_picked":["hermit:TakeAim+1","hermit:Roulette"],"picked":"hermit:Dive","floor":54}],"player_experience":123811,"relics_obtained":[{"floor":6.0,"key":"StSpp:SailorCap"},{"floor":8.0,"key":"Whetstone"},{"floor":9.0,"key":"infinitespire:BottledMercury"},{"floor":10.0,"key":"conspire:TopHat"},{"floor":23.0,"key":"Bird Faced Urn"},{"floor":25.0,"key":"reliquary:BallBearing"},{"floor":29.0,"key":"PreservedInsect"},{"floor":40.0,"key":"Bottled Lightning"},{"floor":43.0,"key":"reliquary:IridiumChain"},{"floor":48.0,"key":"reliquary:PartyBalloon"},{"floor":54,"key":"infinitespire:Eraser"}],"event_choices":[{"damage_healed":0.0,"max_hp_gain":0.0,"max_hp_loss":0.0,"gold_gain":0.0,"event_name":"Lab","player_choice":"Got Potions","floor":2.0,"gold_loss":0.0,"damage_taken":0.0},{"damage_healed":0.0,"max_hp_gain":0.0,"max_hp_loss":0.0,"gold_gain":0.0,"event_name":"The Library","player_choice":"Read","floor":21.0,"gold_loss":0.0,"damage_taken":0.0,"cards_obtained":["hermit:Maintenance"]},{"damage_healed":0.0,"max_hp_gain":0.0,"max_hp_loss":0.0,"gold_gain":0.0,"event_name":"conspire:Investor","player_choice":"Invest 2","floor":22.0,"gold_loss":0.0,"damage_taken":0.0},{"damage_healed":0.0,"max_hp_gain":0.0,"max_hp_loss":0.0,"gold_gain":0.0,"event_name":"Winding Halls","player_choice":"Embrace Madness","floor":37.0,"gold_loss":0.0,"damage_taken":9.0,"cards_obtained":["Madness","Madness"]},{"cards_removed":["hermit:SprayPray"],"damage_healed":0.0,"max_hp_gain":0.0,"max_hp_loss":0.0,"gold_gain":0.0,"event_name":"Falling","player_choice":"Removed Attack","floor":39.0,"gold_loss":0.0,"damage_taken":0.0},{"damage_healed":0.0,"max_hp_gain":0.0,"max_hp_loss":0.0,"gold_gain":0.0,"event_name":"SensoryStone","player_choice":"Memory 3","floor":47.0,"gold_loss":0.0,"damage_taken":10.0}],"is_beta":false,"boss_relics":[{"not_picked":["SacredBark","reliquary:KinkedSpring"],"picked":"hubris:Backtick"},{"not_picked":["Calling Bell","StSpp:PileOfSugar"],"picked":"Sozu"}],"items_purged_floors":[0,19,53],"is_endless":false,"potions_floor_spawned":[4,8,10,13,18,20,25,35,45,48,54],"ascension_level":4}}