{"host":"gqhy17d1xpb1p3ki","time":1611880960,"event":{"mods":["2.2 Compatiblity","AchievementEnabler","BaseMod","Bestiary","BetterRewards","Colored Map","Colored Powertips","Conspire","Curses Come First","Custom Start","DeckTracker","Downfall","Duelist Mod","Hermit","Highlight Path","Hubris","Infinite Spire","Jorbs\u0027s Wanderer Trilogy","Marisa????????","Minty Spire (QoL Compilation)","Quick Restart","Rare Cards Sparkle","Relic Stats","Remilia??????","Robot Space Explorer","Shop Mod","StSLib","Td1madao Mod","The Animator","The Bug Knight","The Cursed","The Disciple","The Hierophant","The Jungle","The Marked","The Mystic","The Necromancer","The Runesmith","The Senshi","The Servant 0.9.4","The Witch","TheBandit","WarShipGirlsR/????R mod","Yuri Mod"],"gold_per_floor":[99,110,20,5,5,5,29,29,47,67,67,5,5,31,44,145,145,145,161,161,171,198,136,163,163,163,163,163],"floor_reached":27,"language":"ENG","playtime":2117,"items_purged":[],"score":232,"play_id":"547be473-839d-46c4-a319-79c2dca0f394","local_time":"20210128194240","is_ascension_mode":false,"campfire_choices":[{"data":"Chip","floor":1,"key":"SMITH"},{"data":"Optimization","floor":6,"key":"SMITH"},{"data":"Floating Swing Kick","floor":8,"key":"SMITH"},{"data":"Provocative","floor":13,"key":"SMITH"},{"data":"Im Angry","floor":18,"key":"SMITH"}],"circlet_count":0,"master_deck":["Strike_C","Defend_C","Defend_C","Defend_C","Defend_C","Knight Kick","Chip+1","Break Into","Optimization+1","Fire Up","Fire Blade","Fixing","Floating Swing Kick+1","Coercion","theDuelist:DuelistAscender","Black Spear","Preloading","Rupture","Provocative+1","Sudden Beat","Defend System","Floating Swing Kick","Im Angry+1","Twin Teeth+1","Lore+1","Thunder Jump+1","Fire Blade+1","Fire Up","infinitespire:Execution","downfall:Bewildered"],"relics":["Apod","Smiling Mask","Pear","Coffee Dripper","hubris:Towel","Bottled Lightning","Bag of Marbles","Ginger","sneckomod:BabySnecko"],"acts_visited":["Exordium","TheCity"],"potions_floor_usage":[27],"damage_taken":[{"damage":3,"enemies":"Cultist","floor":2,"turns":4},{"damage":0,"enemies":"downfall:FleeingMerchant","floor":3,"turns":4},{"damage":10,"enemies":"downfall:FleeingMerchant","floor":4,"turns":4},{"damage":0,"enemies":"Small Slimes","floor":9,"turns":2},{"damage":13,"enemies":"2 Louse","floor":10,"turns":2},{"damage":1,"enemies":"downfall:FleeingMerchant","floor":12,"turns":4},{"damage":4,"enemies":"Gremlin Nob","floor":14,"turns":3},{"damage":14,"enemies":"Exordium Thugs","floor":15,"turns":5},{"damage":23,"enemies":"SI_SHIV_ARCHETYPE","floor":16,"turns":8},{"damage":20,"enemies":"3 Byrds","floor":19,"turns":6},{"damage":2,"enemies":"Spheric Guardian","floor":21,"turns":6},{"damage":27,"enemies":"conspire:MimicChest","floor":22,"turns":5},{"damage":10,"enemies":"downfall:FleeingMerchant","floor":23,"turns":4},{"damage":33,"enemies":"Nightmare","floor":27,"turns":5}],"seed_played":"7399402399743566074","potions_obtained":[{"floor":10,"key":"SkillPotion"},{"floor":14,"key":"BlessingOfTheForge"},{"floor":15,"key":"BlessingOfTheForge"},{"floor":16,"key":"champ:CounterPotion"}],"is_trial":false,"path_per_floor":["R","M","$","$","?","R","T","R","M","M","?","$","R","E","M","B",null,"R","M","?","M","?","$","T","AVR","?","NM"],"character_chosen":"TD1MADAO_CLASS","items_purchased":["Fire Up","Fire Blade","Sudden Beat","Fire Up"],"campfire_rested":0,"item_purchase_floors":[3,3,12,23],"current_hp_per_floor":[77,74,74,64,64,64,64,64,64,51,51,50,50,56,42,19,87,87,67,67,65,38,28,28,28,28,0,0],"gold":163,"neow_bonus":"TEN_PERCENT_HP_BONUS","is_daily":false,"chose_seed":false,"campfire_upgraded":5,"win_rate":0.0,"timestamp":1611880960,"path_taken":["R","M","?","$","?","R","T","R","M","?","?","?","R","E","M","BOSS","R","M","?","M","?","?","T","AVR","?","NM"],"items_purchased_type":["Card","Card","Card","Card"],"build_version":"2020-12-22","purchased_purges":0,"victory":false,"max_hp_per_floor":[77,77,77,77,77,77,77,77,77,77,77,77,77,87,87,87,87,87,87,87,87,87,87,87,87,87,87,87],"relic_stats":{"counters":[14,62],"Ginger":[0],"Smiling Mask":0,"obtain_stats":[{"sneckomod:BabySnecko":26,"Pear":14,"Coffee Dripper":17,"Bag of Marbles":24,"Apod":0,"Bottled Lightning":22,"Ginger":25,"hubris:Towel":20,"Smiling Mask":7},{"sneckomod:BabySnecko":13,"Pear":7,"Coffee Dripper":9,"Bag of Marbles":13,"Apod":0,"Bottled Lightning":12,"Ginger":13,"hubris:Towel":10,"Smiling Mask":3},{"sneckomod:BabySnecko":57,"Pear":23,"Coffee Dripper":36,"Bag of Marbles":57,"Apod":0,"Bottled Lightning":53,"Ginger":57,"hubris:Towel":42,"Smiling Mask":12}]},"card_choices":[{"not_picked":["Black Execution","Provocative"],"picked":"Break Into","floor":2},{"not_picked":["Black Shadow","Fixing"],"picked":"Optimization","floor":3},{"not_picked":["Ruin Defend","Afterwards"],"picked":"Fixing","floor":4},{"not_picked":["Machining","Three Hit"],"picked":"Preloading","floor":9},{"not_picked":["Black Execution","Light Attack"],"picked":"Rupture","floor":10},{"not_picked":["Three Hit","Bugfix"],"picked":"Provocative","floor":12},{"not_picked":["Moon Tear","De Ware Chip"],"picked":"Defend System","floor":14},{"not_picked":["Winding Magic","Perfect Defend"],"picked":"Floating Swing Kick","floor":15},{"not_picked":["Overclocking","Moon Tear"],"picked":"Im Angry","floor":16},{"not_picked":["Black Execution","Light Attack"],"picked":"Twin Teeth+1","floor":19},{"not_picked":["Floating Swing Kick","Trader"],"picked":"Lore+1","floor":21},{"not_picked":["Black Execution+1","Preloading"],"picked":"Thunder Jump+1","floor":22},{"not_picked":["Three Hit","Black Warm Hole"],"picked":"Fire Blade+1","floor":23}],"player_experience":462903,"relics_obtained":[{"floor":7,"key":"Smiling Mask"},{"floor":14,"key":"Pear"},{"floor":22,"key":"Bottled Lightning"},{"floor":24,"key":"Bag of Marbles"}],"event_choices":[{"damage_healed":0,"gold_gain":0,"player_choice":"Ignored","damage_taken":0,"max_hp_gain":0,"max_hp_loss":0,"event_name":"NoteForYourself","floor":11,"gold_loss":0}],"is_beta":false,"boss_relics":[{"not_picked":["infinitespire:Cupcake","Snecko Eye"],"picked":"Coffee Dripper"}],"items_purged_floors":[],"is_endless":false,"potions_floor_spawned":[10,14,15,16,22],"killed_by":"Nightmare","ascension_level":0}}