{"host":"1lhpgrjjhxx10cx0","time":1611919963,"event":{"mods":["Act Like it!","Aspiration","BaseMod","Better Vampires","Downfall","Friendly Minions","Gensokyo","Highlight Path","Marisa£®ÏF”Í°°ƒß¿Ì…≥£©","Minty Spire (QoL Compilation)","Permanent Neow","Quick Restart","StSLib","The Bug Knight","Waifu the Spire","Youmu£®ªÍ∆«—˝√Œ£©"],"gold_per_floor":[112,122,140,65,76,105,118,118,118,118,133,163,163,180,180,280,280,296,296,296,11,26,58,58,58],"floor_reached":24,"language":"ZHS","playtime":1386,"items_purged":["OortCloud"],"score":228,"play_id":"d4e4f304-9748-44a9-abf6-44600fe0348c","local_time":"20210129193243","is_ascension_mode":false,"campfire_choices":[{"floor":8.0,"key":"REST"},{"data":"CasketOfStar","floor":15,"key":"SMITH"}],"circlet_count":0,"master_deck":["Strike_MRS","Strike_MRS","Defend_MRS","Defend_MRS","Defend_MRS","MasterSpark","UpSweep","CasketOfStar+1","AsteroidBelt","DoubleSpark","StarBarrage","BlazeAway","MilkyWay","BinaryStars","UltimateShortwave+1","ShootingEcho+1","EarthLightRay+1","Reinforced Body","CasketOfStar+1","Singularity","Gensokyo:SummonFieryMouse"],"relics":["MiniHakkero","PreservedInsect","Art of War","Pantograph","Astrolabe","DollysMirror","Omamori","Centennial Puzzle","Gensokyo:Companionship"],"acts_visited":["Exordium","Gensokyo:Gensokyo"],"potions_floor_usage":[24],"damage_taken":[{"damage":3.0,"enemies":"Gensokyo:3_Fairies","floor":1.0,"turns":5.0},{"damage":3.0,"enemies":"Gensokyo:Gryphon","floor":2.0,"turns":5.0},{"damage":0.0,"enemies":"Gensokyo:Python","floor":3.0,"turns":4.0},{"damage":7.0,"enemies":"Gensokyo:5_Fairies","floor":5.0,"turns":7.0},{"damage":47.0,"enemies":"Gensokyo:Cirno","floor":6.0,"turns":9.0},{"damage":7.0,"enemies":"Gensokyo:Kitsune","floor":7.0,"turns":2.0},{"damage":12.0,"enemies":"Gensokyo:Python_and_Kodama","floor":11.0,"turns":4.0},{"damage":8.0,"enemies":"Gensokyo:Mamizou","floor":12.0,"turns":7.0},{"damage":0.0,"enemies":"Gensokyo:LivingMonolith","floor":14.0,"turns":3.0},{"damage":25,"enemies":"Gensokyo:Yukari","floor":16,"turns":8},{"damage":9,"enemies":"Gensokyo:Chomper","floor":18,"turns":5},{"damage":19,"enemies":"Gensokyo:CosmicMonolith","floor":22,"turns":8},{"damage":43,"enemies":"Gensokyo:Koishi","floor":23,"turns":6},{"damage":37,"enemies":"Gensokyo:3_Gloops","floor":24,"turns":4}],"seed_played":"-2668620562025774334","potions_obtained":[{"floor":1.0,"key":"Guardian:BlockOnCardUsePotion"},{"floor":5.0,"key":"Energy Potion"},{"floor":6.0,"key":"Fire Potion"},{"floor":11.0,"key":"Fire Potion"}],"is_trial":false,"path_per_floor":["M","M","M","$","M","E","M","R","T","?","M","E","R","M","R","B",null,"M","?","?","COS","M","E","M"],"character_chosen":"MARISA","items_purchased":[],"campfire_rested":1,"item_purchase_floors":[],"current_hp_per_floor":[72,69,69,69,62,15,8,30,30,38,26,18,18,18,18,18,75,72,72,75,75,62,25,0,0],"gold":58,"neow_bonus":"ONE_RANDOM_RARE_CARD","is_daily":false,"chose_seed":false,"campfire_upgraded":1,"win_rate":0.0,"timestamp":1611919963,"path_taken":["M","M","M","$","M","E","M","R","T","?","M","E","R","?","R","BOSS","M","?","?","COS","M","E","?"],"items_purchased_type":[],"build_version":"2020-12-22","purchased_purges":1,"victory":false,"max_hp_per_floor":[75,75,75,75,75,75,75,75,75,75,75,75,75,75,75,75,75,75,75,75,75,75,75,75,75],"card_choices":[{"not_picked":["Acceleration","ChargingUp"],"picked":"OortCloud","floor":1.0},{"not_picked":["NonDirectionalLaser","PowerUp","SporeBomb"],"picked":"SKIP","floor":2.0},{"not_picked":["AlicesGift","MagicChant"],"picked":"AsteroidBelt","floor":3.0},{"not_picked":["GravityBeat","LuminesStrike"],"picked":"DoubleSpark","floor":5.0},{"not_picked":["SuperPerseids","DarkSpark"],"picked":"StarBarrage","floor":6.0},{"not_picked":["GasGiant","GrandCross"],"picked":"BlazeAway","floor":7.0},{"not_picked":["GasGiant","GalacticHalo","SporeBomb"],"picked":"SKIP","floor":11.0},{"not_picked":["MysteriousBeam","AbsoluteMagnitude","BigCrunch"],"picked":"SKIP","floor":12.0},{"not_picked":["Occultation","AsteroidBelt"],"picked":"MilkyWay","floor":14.0},{"not_picked":["SatelliteIllusion","EscapeVelocity"],"picked":"BinaryStars","floor":16},{"not_picked":["Acceleration+1","MachineGunSpark","DC"],"picked":"SKIP","floor":18},{"not_picked":["MilkyWay","OortCloud+1"],"picked":"Singularity","floor":22},{"not_picked":["DC+1","PowerUp+1","OpenUniverse+1"],"picked":"SKIP","floor":23}],"player_experience":103717,"relics_obtained":[{"floor":6.0,"key":"PreservedInsect"},{"floor":9.0,"key":"Art of War"},{"floor":12.0,"key":"Pantograph"},{"floor":23,"key":"Centennial Puzzle"}],"event_choices":[],"is_beta":false,"boss_relics":[{"not_picked":["aspiration:SecretTechniqueScroll","SlaversCollar"],"picked":"Astrolabe"}],"items_purged_floors":[4],"is_endless":false,"potions_floor_spawned":[1,5,6,11,12,18,23],"killed_by":"Gensokyo:3_Gloops","ascension_level":0}}