{"host":"bw00wb7p5bw58om7","time":1611948120,"event":{"mods":["100% Spire Juice","Act Like it!","BaseMod","Better Third Choice","CapriCore","Chen","Downfall","Gensokyo","KinomotoSakuraMod(????)","Koishi","KomeijiMod","Mari Mod (Legacy)","Mari\u0027s V1 Patch","Marisa????????","Minty Spire (QoL Compilation)","Onozuka Komachi Mod","Permanent Neow","Prisma Mod","Reimu??????","Remilia_Scarlet Moed?????·?????3.3.5","Remilia??????","Replay The Spire","StSLib","The Administrix","The Immortal","The Senshi","The Servant 0.9.4","TheVelvet","WarShipGirlsR/????R mod","Yakumo Yukari mod","Youmu??????","Yuyuko"],"gold_per_floor":[109,121,139,139,149,149,149],"floor_reached":6,"language":"ENG","playtime":441,"items_purged":[],"score":38,"play_id":"3b6c24a9-3c06-4424-a05b-f921c0f1b806","local_time":"20210129192200","is_ascension_mode":false,"campfire_choices":[],"circlet_count":0,"master_deck":["Strike_Lin:ReiMu","Strike_Lin:ReiMu","Strike_Lin:ReiMu","Strike_Lin:ReiMu","Defend_Lin:ReiMu","Defend_Lin:ReiMu","Defend_Lin:ReiMu","Defend_Lin:ReiMu","NB:ReiMu","Stagnation:ReiMu","CardOfSanctity:ReiMu","RainPray2:ReiMu","SpreadBorder2:ReiMu","SpringWay:ReiMu","SpiritualOutbreak2:ReiMu"],"relics":["FlyPower:ReiMu","Mango"],"acts_visited":["Gensokyo:Gensokyo"],"potions_floor_usage":[],"damage_taken":[{"damage":18,"enemies":"Gensokyo:2_Kodama","floor":1,"turns":10},{"damage":9,"enemies":"Gensokyo:3_Fairies","floor":2,"turns":5},{"damage":0,"enemies":"Gensokyo:Python","floor":3,"turns":2},{"damage":19,"enemies":"Gensokyo:LivingMonolith","floor":5,"turns":5},{"damage":18,"enemies":"Gensokyo:Aya","floor":6,"turns":3}],"seed_played":"-4998497281625549930","potions_obtained":[{"floor":1,"key":"LiquidBronze"},{"floor":3,"key":"Weak Potion"}],"is_trial":false,"path_per_floor":["M","M","M","?","M","E"],"character_chosen":"REIMU","items_purchased":[],"campfire_rested":0,"item_purchase_floors":[],"current_hp_per_floor":[47,38,38,31,12,0,0],"gold":149,"neow_bonus":"ONE_RANDOM_RARE_CARD","is_daily":false,"chose_seed":false,"campfire_upgraded":0,"win_rate":0.0,"timestamp":1611948120,"path_taken":["M","M","M","?","M","E"],"items_purchased_type":[],"build_version":"2020-12-22","purchased_purges":0,"victory":false,"max_hp_per_floor":[65,65,65,79,79,79,79],"card_choices":[{"not_picked":["SealNeedle:ReiMu","SubAcupoint:ReiMu"],"picked":"RainPray2:ReiMu","floor":1},{"not_picked":["Conquer:ReiMu","EmergencyTakeOff:ReiMu"],"picked":"SpreadBorder2:ReiMu","floor":2},{"not_picked":["Enchanting:ReiMu","RunawayExorcism:ReiMu"],"picked":"SpringWay:ReiMu","floor":3},{"not_picked":["CareerPray:ReiMu","Dreaming2:ReiMu"],"picked":"SpiritualOutbreak2:ReiMu","floor":5}],"player_experience":310847,"relics_obtained":[],"event_choices":[],"is_beta":false,"boss_relics":[],"items_purged_floors":[],"is_endless":false,"potions_floor_spawned":[1,3],"killed_by":"Gensokyo:Aya","ascension_level":0}}