{"host":"1c17lcvl7acx821p","time":1611927064,"event":{"mods":["AchievementEnabler","BaseMod","Colored Map","Minty Spire (QoL Compilation)","Quick Restart","Relic Sorter","StSLib"],"gold_per_floor":[119,119,139,149,165,191,207,233,233,198,226,226,245,265,265,342,342,362,380,380,5,18,18,45,45,45,77,77,77,109,119,119,119,193,193,209,227,240,515,217,248,98,129,129,144,163,179,179,229,229,229],"floor_reached":52,"language":"ENG","playtime":3216,"items_purged":["Regret"],"score":1493,"play_id":"b3f03537-8ccb-46d0-a3ff-69cb6ae596c0","local_time":"20210129153104","is_ascension_mode":true,"campfire_choices":[{"data":"Defragment","floor":12.0,"key":"SMITH"},{"data":"Defragment","floor":15.0,"key":"SMITH"},{"data":"Seek","floor":23.0,"key":"SMITH"},{"data":"Echo Form","floor":29.0,"key":"SMITH"},{"data":"Hologram","floor":32.0,"key":"SMITH"},{"data":"Go for the Eyes","floor":33.0,"key":"SMITH"},{"data":"Creative AI","floor":48,"key":"SMITH"},{"data":"Capacitor","floor":50,"key":"SMITH"}],"circlet_count":0,"master_deck":["AscendersBane","Strike_B+1","Strike_B+1","Strike_B+1","Strike_B+1","Defend_B+1","Defend_B+1","Defend_B+1","Defend_B+1","Zap","Dualcast","Defragment+1","Sweeping Beam","Coolheaded","Coolheaded+1","Hologram+1","Seek+1","Go for the Eyes+1","Rebound","Defragment+1","Echo Form+1","FTL+1","Compile Driver+1","Self Repair","Coolheaded+1","Chill","All For One","Compile Driver+1","Creative AI+1","Reinforced Body+1","Defragment+1","Capacitor+1","Coolheaded+1","White Noise+1","Stack+1","Undo+1"],"relics":["Cracked Core","PreservedInsect","Lantern","Kunai","Bottled Flame","Letter Opener","War Paint","Nuclear Battery","Bag of Preparation","Chemical X","Pen Nib","Du-Vu Doll","Sundial","Prayer Wheel","Symbiotic Virus","Busted Crown","DollysMirror","Blood Vial","Strange Spoon","HornCleat","Toxic Egg 2","Pocketwatch"],"acts_visited":["Exordium","TheCity","TheBeyond"],"potions_floor_usage":[51,51],"damage_taken":[{"damage":5.0,"enemies":"Small Slimes","floor":1.0,"turns":3.0},{"damage":0.0,"enemies":"Cultist","floor":3.0,"turns":3.0},{"damage":12.0,"enemies":"Jaw Worm","floor":4.0,"turns":2.0},{"damage":1.0,"enemies":"Exordium Wildlife","floor":5.0,"turns":3.0},{"damage":6.0,"enemies":"3 Sentries","floor":6.0,"turns":7.0},{"damage":12.0,"enemies":"3 Louse","floor":7.0,"turns":3.0},{"damage":12.0,"enemies":"Gremlin Nob","floor":8.0,"turns":3.0},{"damage":9.0,"enemies":"3 Sentries","floor":11.0,"turns":4.0},{"damage":0.0,"enemies":"Lots of Slimes","floor":13.0,"turns":1.0},{"damage":0.0,"enemies":"Looter","floor":14.0,"turns":3.0},{"damage":16.0,"enemies":"Slime Boss","floor":16.0,"turns":13.0},{"damage":16.0,"enemies":"Shell Parasite","floor":18.0,"turns":9.0},{"damage":0.0,"enemies":"Chosen","floor":19.0,"turns":6.0},{"damage":9.0,"enemies":"Shelled Parasite and Fungi","floor":22.0,"turns":7.0},{"damage":7.0,"enemies":"Slavers","floor":24.0,"turns":5.0},{"damage":0.0,"enemies":"Gremlin Leader","floor":27.0,"turns":6.0},{"damage":11.0,"enemies":"Slavers","floor":30.0,"turns":3.0},{"damage":2.0,"enemies":"Snake Plant","floor":31.0,"turns":3.0},{"damage":17.0,"enemies":"Champ","floor":34.0,"turns":10.0},{"damage":0.0,"enemies":"3 Shapes","floor":36.0,"turns":4.0},{"damage":1.0,"enemies":"Orb Walker","floor":37.0,"turns":4.0},{"damage":5.0,"enemies":"Sphere and 2 Shapes","floor":38.0,"turns":5.0},{"damage":0.0,"enemies":"Reptomancer","floor":41.0,"turns":4.0},{"damage":1.0,"enemies":"Giant Head","floor":43.0,"turns":6.0},{"damage":0.0,"enemies":"Spire Growth","floor":45.0,"turns":8.0},{"damage":0.0,"enemies":"3 Darklings","floor":46.0,"turns":7.0},{"damage":0,"enemies":"Maw","floor":47,"turns":6},{"damage":6,"enemies":"2 Orb Walkers","floor":49,"turns":5},{"damage":0,"enemies":"Donu and Deca","floor":51,"turns":9}],"seed_played":"-2729925734268023658","potions_obtained":[{"floor":1.0,"key":"FearPotion"},{"floor":3.0,"key":"EntropicBrew"},{"floor":7.0,"key":"LiquidMemories"},{"floor":13.0,"key":"BlessingOfTheForge"},{"floor":27.0,"key":"Fire Potion"},{"floor":31.0,"key":"Explosive Potion"},{"floor":34.0,"key":"FocusPotion"}],"is_trial":false,"path_per_floor":["M","?","M","M","M","E","M","E","T","?","E","R","M","M","R","B",null,"M","M","?","$","M","R","E","?","T","E","?","R","E","M","R","R","B",null,"M","M","M","?","$","E","$","E","T","M","M","M","R","?","R","B",null],"character_chosen":"DEFECT","items_purchased":["Bag of Preparation","Self Repair","Chemical X","DollysMirror","Capacitor","Strange Spoon"],"campfire_rested":0,"item_purchase_floors":[21,21,21,40,40,42],"current_hp_per_floor":[63,63,63,51,50,44,32,20,20,38,29,29,29,29,29,13,60,44,44,69,69,67,67,67,67,67,74,74,74,70,68,68,68,58,71,75,75,75,75,75,75,75,75,75,75,75,75,75,75,75,75],"gold":229,"neow_bonus":"RANDOM_COMMON_RELIC","is_daily":false,"chose_seed":false,"campfire_upgraded":8,"win_rate":0.0,"timestamp":1611927064,"path_taken":["M","?","?","M","M","E","M","E","T","?","E","R","M","M","R","BOSS","M","M","?","$","M","R","E","?","T","E","?","R","E","M","R","R","BOSS","M","M","?","?","?","E","$","E","T","M","M","M","R","?","R","BOSS"],"items_purchased_type":["Relic","Card","Relic","Relic","Card","Relic"],"build_version":"2020-12-22","purchased_purges":1,"victory":true,"max_hp_per_floor":[75,75,75,75,75,75,75,75,75,75,75,75,75,75,75,75,75,75,75,75,75,75,75,75,75,75,75,75,75,75,75,75,75,75,75,75,75,75,75,75,75,75,75,75,75,75,75,75,75,75,75],"card_choices":[{"not_picked":["Tempest","Leap"],"picked":"Defragment","floor":1.0},{"not_picked":["Recycle","Barrage"],"picked":"Sweeping Beam","floor":3.0},{"not_picked":["Reprogram","Redo"],"picked":"Coolheaded","floor":4.0},{"not_picked":["Cold Snap","Sweeping Beam"],"picked":"Coolheaded","floor":5.0},{"not_picked":["Streamline","Skim","Darkness"],"picked":"SKIP","floor":6.0},{"not_picked":["Leap","Steam Power"],"picked":"Hologram","floor":7.0},{"not_picked":["Leap","BootSequence"],"picked":"Seek","floor":8.0},{"not_picked":["Recycle","Redo"],"picked":"Go for the Eyes","floor":11.0},{"not_picked":["Leap","Static Discharge"],"picked":"Rebound","floor":13.0},{"not_picked":["Aggregate","Rebound"],"picked":"Defragment","floor":14.0},{"not_picked":["Multi-Cast","Fission"],"picked":"Echo Form","floor":16.0},{"not_picked":["Lockon","Stack"],"picked":"FTL+1","floor":18.0},{"not_picked":["Redo","Steam Power"],"picked":"Compile Driver+1","floor":19.0},{"not_picked":["Force Field","Sweeping Beam"],"picked":"Coolheaded+1","floor":22.0},{"not_picked":["Go for the Eyes","Compile Driver","Beam Cell"],"picked":"SKIP","floor":24.0},{"not_picked":["Heatsinks","Stack"],"picked":"Chill","floor":27.0},{"not_picked":["Beam Cell","Leap"],"picked":"All For One","floor":30.0},{"not_picked":["Sweeping Beam","Echo Form"],"picked":"Compile Driver+1","floor":31.0},{"not_picked":["Rebound","Redo","Sweeping Beam"],"picked":"SKIP","floor":31.0},{"not_picked":["All For One","Fission"],"picked":"Creative AI","floor":34.0},{"not_picked":[],"picked":"Reinforced Body+1","floor":36.0},{"not_picked":["Go for the Eyes"],"picked":"SKIP","floor":36.0},{"not_picked":["Doom and Gloom"],"picked":"SKIP","floor":37.0},{"not_picked":["Barrage"],"picked":"SKIP","floor":37.0},{"not_picked":["Ball Lightning"],"picked":"SKIP","floor":38.0},{"not_picked":["Stack"],"picked":"SKIP","floor":38.0},{"not_picked":["Beam Cell"],"picked":"SKIP","floor":41.0},{"not_picked":[],"picked":"Coolheaded+1","floor":43.0},{"not_picked":["Conserve Battery+1"],"picked":"SKIP","floor":45.0},{"not_picked":["Scrape"],"picked":"SKIP","floor":45.0},{"not_picked":[],"picked":"White Noise+1","floor":46.0},{"not_picked":["Rebound"],"picked":"SKIP","floor":46.0},{"not_picked":["Steam+1"],"picked":"SKIP","floor":47},{"not_picked":["Stack+1"],"picked":"SKIP","floor":47},{"not_picked":[],"picked":"Stack+1","floor":47},{"not_picked":["Steam+1"],"picked":"SKIP","floor":47},{"not_picked":[],"picked":"Undo+1","floor":49}],"player_experience":244692,"relics_obtained":[{"floor":2.0,"key":"Lantern"},{"floor":6.0,"key":"Kunai"},{"floor":8.0,"key":"Bottled Flame"},{"floor":9.0,"key":"Letter Opener"},{"floor":11.0,"key":"War Paint"},{"floor":24.0,"key":"Pen Nib"},{"floor":26.0,"key":"Du-Vu Doll"},{"floor":27.0,"key":"Sundial"},{"floor":30.0,"key":"Symbiotic Virus"},{"floor":41.0,"key":"Blood Vial"},{"floor":43.0,"key":"HornCleat"},{"floor":44.0,"key":"Toxic Egg 2"},{"floor":49,"key":"Pocketwatch"}],"event_choices":[{"damage_healed":0.0,"max_hp_gain":0.0,"max_hp_loss":0.0,"gold_gain":0.0,"event_name":"Wheel of Change","player_choice":"Relic","floor":2.0,"gold_loss":0.0,"damage_taken":0.0},{"damage_healed":18.0,"max_hp_gain":0.0,"max_hp_loss":0.0,"gold_gain":0.0,"event_name":"The Cleric","player_choice":"Healed","floor":10.0,"gold_loss":35.0,"damage_taken":0.0},{"damage_healed":25.0,"max_hp_gain":0.0,"max_hp_loss":0.0,"gold_gain":0.0,"event_name":"The Library","player_choice":"Heal","floor":20.0,"gold_loss":0.0,"damage_taken":0.0},{"damage_healed":0.0,"max_hp_gain":0.0,"max_hp_loss":0.0,"gold_gain":0.0,"event_name":"Back to Basics","player_choice":"Simplicity","floor":25.0,"gold_loss":0.0,"damage_taken":0.0,"cards_upgraded":["Strike_B","Strike_B","Strike_B","Strike_B","Defend_B","Defend_B","Defend_B"]},{"damage_healed":0.0,"max_hp_gain":0.0,"max_hp_loss":0.0,"gold_gain":0.0,"event_name":"WeMeetAgain","player_choice":"Gave Potion","floor":28.0,"gold_loss":0.0,"damage_taken":0.0,"relics_obtained":["Prayer Wheel"]},{"damage_healed":0.0,"max_hp_gain":0.0,"max_hp_loss":0.0,"gold_gain":275.0,"event_name":"Golden Shrine","player_choice":"Desecrate","floor":39.0,"gold_loss":0.0,"damage_taken":0.0,"cards_obtained":["Regret"]},{"damage_healed":0,"gold_gain":0,"player_choice":"Fight","damage_taken":0,"max_hp_gain":0,"max_hp_loss":0,"event_name":"Mysterious Sphere","floor":49,"gold_loss":0}],"is_beta":false,"boss_relics":[{"not_picked":["Cursed Key","Astrolabe"],"picked":"Nuclear Battery"},{"not_picked":["Philosopher\u0027s Stone","Snecko Eye"],"picked":"Busted Crown"}],"items_purged_floors":[40],"is_endless":false,"potions_floor_spawned":[1,3,7,13,16,18,27,31,34,41,43,45],"ascension_level":13}}