{"host":"4krn2igabd8jt2kc","time":1611892427,"event":{"mods":["AchievementEnabler","BaseMod","Colored Map","Colored Powertips","Highlight Path","Minty Spire (QoL Compilation)"],"gold_per_floor":[116,191,202,202,217,249,249,263,290,325,336,3,3,22,22,101,101,101,56,56,56,56,56,56,56,56,56,56,56,56,56,56,56,56,56,56,56,56,56,56,56,4,4,4,4,4,4,4,4,4],"floor_reached":51,"language":"ENG","playtime":9918,"items_purged":[],"score":1291,"play_id":"c5ff2a3e-0854-4ab4-a91c-c48ca940fa36","local_time":"20210128225347","is_ascension_mode":true,"campfire_choices":[{"floor":7,"key":"REST"},{"data":"Blasphemy","floor":13,"key":"SMITH"},{"data":"Wallop","floor":15,"key":"SMITH"},{"floor":24,"key":"REST"},{"floor":28,"key":"REST"},{"data":"WindmillStrike","floor":32,"key":"SMITH"},{"data":"DevaForm","floor":40,"key":"SMITH"},{"data":"Establishment","floor":44,"key":"SMITH"},{"data":"MasterReality","floor":47,"key":"SMITH"},{"data":"BattleHymn","floor":49,"key":"SMITH"}],"circlet_count":0,"master_deck":["AscendersBane","Strike_P","Strike_P","Strike_P","Strike_P","Defend_P","Defend_P+1","Defend_P","Defend_P","Eruption+1","Vigilance","CarveReality","Prostrate+1","Blasphemy+1","Wallop+1","CarveReality","BattleHymn+1","TalkToTheHand","LikeWater","SashWhip","Establishment+1","Protect","InnerPeace","DevaForm+1","FlyingSleeves","Perseverance+1","WindmillStrike+1","Conclude+1","Ghostly","Ghostly","Ghostly","Ghostly","Ghostly","MasterReality+1"],"relics":["PureWater","Centennial Puzzle","PreservedInsect","Lantern","MealTicket","Shuriken","Ectoplasm","Letter Opener","Torii","Matryoshka","Dream Catcher","War Paint","Red Mask","Lizard Tail","Busted Crown","Incense Burner","WingedGreaves","Bag of Marbles","HornCleat","Toy Ornithopter"],"acts_visited":["Exordium","TheCity","TheBeyond"],"potions_floor_usage":[6,14,18,19,25,27,27,36,38,38,50],"damage_taken":[{"damage":3,"enemies":"Jaw Worm","floor":1,"turns":5},{"damage":0,"enemies":"2 Louse","floor":3,"turns":4},{"damage":0,"enemies":"Cultist","floor":5,"turns":2},{"damage":29,"enemies":"3 Sentries","floor":6,"turns":8},{"damage":0,"enemies":"Red Slaver","floor":8,"turns":1},{"damage":0,"enemies":"Gremlin Nob","floor":10,"turns":1},{"damage":0,"enemies":"3 Louse","floor":11,"turns":1},{"damage":0,"enemies":"Exordium Wildlife","floor":14,"turns":2},{"damage":0,"enemies":"Slime Boss","floor":16,"turns":3},{"damage":0,"enemies":"3 Byrds","floor":18,"turns":4},{"damage":17,"enemies":"2 Thieves","floor":19,"turns":3},{"damage":0,"enemies":"Centurion and Healer","floor":20,"turns":4},{"damage":16,"enemies":"Snake Plant","floor":22,"turns":3},{"damage":3,"enemies":"Gremlin Leader","floor":23,"turns":4},{"damage":3,"enemies":"Book of Stabbing","floor":25,"turns":4},{"damage":18,"enemies":"Masked Bandits","floor":27,"turns":4},{"damage":40,"enemies":"Slavers","floor":29,"turns":6},{"damage":15,"enemies":"3 Cultists","floor":30,"turns":5},{"damage":1,"enemies":"Collector","floor":33,"turns":9},{"damage":9,"enemies":"3 Darklings","floor":35,"turns":3},{"damage":0,"enemies":"Mind Bloom Boss Battle","floor":36,"turns":6},{"damage":3,"enemies":"2 Orb Walkers","floor":37,"turns":6},{"damage":0,"enemies":"3 Shapes","floor":38,"turns":4},{"damage":0,"enemies":"Transient","floor":39,"turns":5},{"damage":1,"enemies":"Sphere and 2 Shapes","floor":41,"turns":5},{"damage":8,"enemies":"Spire Growth","floor":45,"turns":5},{"damage":12,"enemies":"Donu and Deca","floor":50,"turns":10}],"seed_played":"1971928917810394596","potions_obtained":[{"floor":1,"key":"StancePotion"},{"floor":6,"key":"Fire Potion"},{"floor":8,"key":"SkillPotion"},{"floor":16,"key":"SkillPotion"},{"floor":22,"key":"PowerPotion"},{"floor":23,"key":"PowerPotion"},{"floor":25,"key":"ColorlessPotion"},{"floor":30,"key":"Explosive Potion"},{"floor":33,"key":"SteroidPotion"},{"floor":36,"key":"Fruit Juice"},{"floor":37,"key":"EntropicBrew"},{"floor":39,"key":"Weak Potion"}],"is_trial":false,"path_per_floor":["M","?","M","?","M","E","R","M","T","E","M","$","R","M","R","B",null,"M","M","M","T","M","E","R","E","T","?","R","E","M","?","R","B",null,"M","?","?","M","M","R","M","$","T","R","M","?","R","T","R","B",null],"character_chosen":"WATCHER","items_purchased":["Shuriken","LikeWater","BlessingOfTheForge"],"campfire_rested":3,"item_purchase_floors":[12,12,42],"current_hp_per_floor":[62,51,51,51,51,22,43,43,43,43,43,58,58,58,58,58,69,69,52,52,52,36,33,54,51,51,33,54,14,36,36,36,35,36,27,32,29,29,29,29,28,41,41,41,33,33,33,33,33,26],"gold":4,"neow_bonus":"RANDOM_COMMON_RELIC","is_daily":false,"chose_seed":false,"campfire_upgraded":7,"win_rate":0.0,"timestamp":1611892427,"path_taken":["M","?","M","?","?","E","R","M","T","E","M","$","R","M","R","BOSS","M","M","M","?","M","E","R","E","T","?","R","E","M","?","R","BOSS","M","?","?","M","M","R","?","$","T","R","M","?","R","?","R","BOSS"],"items_purchased_type":["Relic","Card","Potion"],"build_version":"2020-12-22","purchased_purges":0,"victory":true,"max_hp_per_floor":[72,72,72,72,72,72,72,72,72,72,72,72,72,72,72,72,72,72,72,72,72,72,72,72,72,72,72,72,72,72,36,36,36,36,36,41,41,41,41,41,41,41,41,41,41,41,41,41,41,41],"card_choices":[{"not_picked":["BowlingBash","EmptyFist"],"picked":"CarveReality","floor":1},{"not_picked":["CutThroughFate","MentalFortress"],"picked":"Prostrate","floor":3},{"not_picked":["PathToVictory","Vengeance"],"picked":"Blasphemy","floor":5},{"not_picked":["CrushJoints","WreathOfFlame"],"picked":"Wallop","floor":6},{"not_picked":["Halt","ThirdEye"],"picked":"CarveReality","floor":8},{"not_picked":["FollowUp","Consecrate"],"picked":"BattleHymn","floor":10},{"not_picked":["CrushJoints","Halt"],"picked":"TalkToTheHand","floor":11},{"not_picked":["JustLucky","Evaluate"],"picked":"SashWhip","floor":14},{"not_picked":["Blasphemy","MasterReality"],"picked":"Establishment","floor":16},{"not_picked":["Evaluate","Adaptation"],"picked":"Protect","floor":18},{"not_picked":["Protect+1","Adaptation"],"picked":"InnerPeace","floor":19},{"not_picked":["SashWhip","Nirvana","Consecrate"],"picked":"SKIP","floor":20},{"not_picked":["EmptyBody","CrushJoints"],"picked":"DevaForm","floor":23},{"not_picked":["EmptyBody+1","Worship"],"picked":"FlyingSleeves","floor":25},{"not_picked":["SandsOfTime","FearNoEvil"],"picked":"Perseverance+1","floor":27},{"not_picked":["WreathOfFlame+1","EmptyMind"],"picked":"WindmillStrike","floor":29},{"not_picked":["CrushJoints","PathToVictory+1"],"picked":"Conclude+1","floor":30},{"not_picked":["DevaForm","Ragnarok"],"picked":"MasterReality","floor":33},{"not_picked":["WaveOfTheHand"],"picked":"SKIP","floor":35},{"not_picked":["EmptyFist"],"picked":"SKIP","floor":38},{"not_picked":["WreathOfFlame"],"picked":"SKIP","floor":39},{"not_picked":["PathToVictory"],"picked":"SKIP","floor":41},{"not_picked":["Protect"],"picked":"SKIP","floor":45}],"player_experience":264526,"relics_obtained":[{"floor":6,"key":"PreservedInsect"},{"floor":9,"key":"Lantern"},{"floor":10,"key":"MealTicket"},{"floor":21,"key":"Letter Opener"},{"floor":23,"key":"Torii"},{"floor":25,"key":"Matryoshka"},{"floor":26,"key":"Dream Catcher"},{"floor":26,"key":"War Paint"},{"floor":27,"key":"Red Mask"},{"floor":29,"key":"Lizard Tail"},{"floor":36,"key":"Incense Burner"},{"floor":37,"key":"WingedGreaves"},{"floor":43,"key":"Bag of Marbles"},{"floor":43,"key":"HornCleat"},{"floor":48,"key":"Toy Ornithopter"}],"event_choices":[{"damage_healed":0,"gold_gain":75,"player_choice":"Gather Gold","damage_taken":11,"max_hp_gain":0,"max_hp_loss":0,"event_name":"World of Goop","floor":2,"gold_loss":0},{"damage_healed":0,"gold_gain":0,"player_choice":"Upgraded","damage_taken":0,"max_hp_gain":0,"max_hp_loss":0,"event_name":"Upgrade Shrine","floor":4,"gold_loss":0,"cards_upgraded":["Eruption"]},{"damage_healed":0,"gold_gain":0,"player_choice":"Fought Bandits","damage_taken":0,"max_hp_gain":0,"max_hp_loss":0,"event_name":"Masked Bandits","floor":27,"gold_loss":0},{"damage_healed":0,"gold_gain":0,"player_choice":"Became a Ghost","damage_taken":0,"max_hp_gain":0,"max_hp_loss":36,"event_name":"Ghosts","floor":31,"gold_loss":0,"cards_obtained":["Ghostly","Ghostly","Ghostly","Ghostly","Ghostly"]},{"damage_healed":0,"gold_gain":0,"player_choice":"Fight","damage_taken":0,"max_hp_gain":0,"max_hp_loss":0,"event_name":"MindBloom","floor":36,"gold_loss":0},{"damage_healed":0,"gold_gain":0,"player_choice":"Fight","damage_taken":0,"max_hp_gain":0,"max_hp_loss":0,"event_name":"Mysterious Sphere","floor":37,"gold_loss":0},{"damage_healed":0,"gold_gain":0,"player_choice":"Memory 1","damage_taken":0,"max_hp_gain":0,"max_hp_loss":0,"event_name":"SensoryStone","floor":46,"gold_loss":0}],"is_beta":false,"boss_relics":[{"not_picked":["VioletLotus","Tiny House"],"picked":"Ectoplasm"},{"not_picked":["HolyWater","SacredBark"],"picked":"Busted Crown"}],"items_purged_floors":[],"is_endless":false,"potions_floor_spawned":[1,6,8,16,22,23,25,30,33,36,37,39,41],"ascension_level":13}}