{"host":"jhy70w0yh8dayqay","time":1611917365,"event":{"mods":["AchievementEnabler","BaseMod","Colored Map","Colored Powertips","DeckTracker","Minty Spire (QoL Compilation)","Permanent Neow","SuperFastMode"],"gold_per_floor":[111,125,125,145,159,190,207,241,241,254,254,254,254,273,273,375,375,386,53,152,152,16,16,46,46,98,122,122,138,150,162,162,264,264,275,286,121,121,131,131,131],"floor_reached":40,"language":"KOR","playtime":1175,"items_purged":["Strike_P","Strike_P","Strike_P"],"score":682,"play_id":"9de1b8e8-d2be-431e-b7f9-bee4558fa8fc","local_time":"20210129194925","is_ascension_mode":true,"campfire_choices":[{"data":"CrushJoints","floor":11.0,"key":"SMITH"},{"data":"Devotion","floor":15.0,"key":"SMITH"},{"data":"Ragnarok","floor":23.0,"key":"SMITH"},{"data":"Brilliance","floor":25.0,"key":"SMITH"},{"floor":28.0,"key":"REST"},{"data":"Tantrum","floor":32.0,"key":"SMITH"}],"circlet_count":0,"master_deck":["Strike_P","Defend_P","Defend_P","Defend_P","Defend_P","Eruption+1","Vigilance","FollowUp","EmptyFist","FollowUp","EmptyMind","EmptyFist","InnerPeace","Tantrum+1","CrushJoints+1","Devotion+1","Ragnarok+1","Tantrum+1","WreathOfFlame+1","Brilliance+1","ClearTheMind+1","ClearTheMind+1","Scrawl+1","Crescendo+1","Swivel+1","Prostrate+1"],"relics":["PureWater","NeowsBlessing","Ice Cream","InkBottle","TeardropLocket","Philosopher\u0027s Stone","Toxic Egg 2","Pantograph","Yang","Orichalcum","Tiny Chest","Fusion Hammer"],"acts_visited":["Exordium","TheCity","TheBeyond"],"potions_floor_usage":[],"damage_taken":[{"damage":0.0,"enemies":"Small Slimes","floor":1.0,"turns":1.0},{"damage":0.0,"enemies":"Jaw Worm","floor":2.0,"turns":1.0},{"damage":0.0,"enemies":"2 Louse","floor":4.0,"turns":1.0},{"damage":3.0,"enemies":"Exordium Wildlife","floor":5.0,"turns":3.0},{"damage":17.0,"enemies":"Lagavulin","floor":6.0,"turns":5.0},{"damage":8.0,"enemies":"Blue Slaver","floor":7.0,"turns":3.0},{"damage":12.0,"enemies":"3 Sentries","floor":8.0,"turns":4.0},{"damage":4.0,"enemies":"Lots of Slimes","floor":10.0,"turns":2.0},{"damage":0.0,"enemies":"Gremlin Gang","floor":14.0,"turns":2.0},{"damage":0.0,"enemies":"Slime Boss","floor":16.0,"turns":6.0},{"damage":0.0,"enemies":"Spheric Guardian","floor":18.0,"turns":1.0},{"damage":26.0,"enemies":"Slavers","floor":24.0,"turns":3.0},{"damage":0.0,"enemies":"2 Thieves","floor":29.0,"turns":1.0},{"damage":17.0,"enemies":"Centurion and Healer","floor":30.0,"turns":3.0},{"damage":0.0,"enemies":"Snecko","floor":31.0,"turns":3.0},{"damage":2.0,"enemies":"Champ","floor":33.0,"turns":6.0},{"damage":52.0,"enemies":"3 Shapes","floor":35.0,"turns":4.0},{"damage":0.0,"enemies":"3 Darklings","floor":36.0,"turns":2.0},{"damage":0.0,"enemies":"Writhing Mass","floor":38.0,"turns":1.0},{"damage":0.0,"enemies":"Spire Growth","floor":39.0,"turns":1.0},{"damage":20,"enemies":"Reptomancer","floor":40,"turns":2}],"seed_played":"764910338997260658","potions_obtained":[{"floor":4.0,"key":"Explosive Potion"},{"floor":7.0,"key":"StancePotion"},{"floor":8.0,"key":"PowerPotion"},{"floor":14.0,"key":"ColorlessPotion"},{"floor":24.0,"key":"Explosive Potion"},{"floor":29.0,"key":"LiquidBronze"},{"floor":33.0,"key":"FearPotion"},{"floor":36.0,"key":"SmokeBomb"}],"is_trial":false,"path_per_floor":["M","M","?","M","M","E","M","E","T","M","R","?","?","M","R","B",null,"M","$","?","?","$","R","E","R","T","T","R","M","M","M","R","B",null,"M","M","$","M","M","E"],"character_chosen":"WATCHER","items_purchased":["Toxic Egg 2","WreathOfFlame+1","Swivel+1"],"campfire_rested":1,"item_purchase_floors":[19,22,37],"current_hp_per_floor":[65,65,65,65,62,45,37,25,25,21,21,21,45,45,45,45,65,65,65,65,65,65,65,39,39,39,39,60,60,43,43,43,66,71,19,19,19,19,19,0,0],"gold":131,"neow_bonus":"THREE_ENEMY_KILL","is_daily":false,"chose_seed":false,"campfire_upgraded":5,"win_rate":0.0,"timestamp":1611917365,"path_taken":["M","M","?","M","M","E","M","E","T","M","R","?","?","M","R","BOSS","M","$","?","?","?","R","E","R","T","?","R","M","M","M","R","BOSS","M","?","$","M","M","E"],"items_purchased_type":["Relic","Card","Card"],"build_version":"2020-12-22","purchased_purges":3,"victory":false,"max_hp_per_floor":[72,72,72,72,72,72,72,72,72,72,72,72,72,72,72,72,72,72,72,72,72,72,72,72,72,72,72,72,72,72,72,72,72,72,72,72,72,72,72,72,72],"card_choices":[{"not_picked":["FlyingSleeves","Protect"],"picked":"FollowUp","floor":1.0},{"not_picked":["WheelKick","FlyingSleeves"],"picked":"EmptyFist","floor":2.0},{"not_picked":["JustLucky","CutThroughFate"],"picked":"FollowUp","floor":4.0},{"not_picked":["EmptyBody","Wireheading"],"picked":"EmptyMind","floor":5.0},{"not_picked":["CarveReality","Evaluate"],"picked":"EmptyFist","floor":6.0},{"not_picked":["Fasting2","Swivel"],"picked":"InnerPeace","floor":7.0},{"not_picked":["PathToVictory","BattleHymn"],"picked":"Tantrum","floor":8.0},{"not_picked":["Fasting2","Evaluate"],"picked":"CrushJoints","floor":10.0},{"not_picked":["CutThroughFate","Collect"],"picked":"Devotion","floor":14.0},{"not_picked":["Wish","Alpha"],"picked":"Ragnarok","floor":16.0},{"not_picked":["CrushJoints","Prostrate"],"picked":"Tantrum+1","floor":18.0},{"not_picked":["CarveReality","EmptyBody+1"],"picked":"Brilliance","floor":24.0},{"not_picked":["PathToVictory+1","EmptyFist+1","Halt+1"],"picked":"SKIP","floor":29.0},{"not_picked":["PathToVictory+1","EmptyFist+1","Halt+1"],"picked":"SKIP","floor":29.0},{"not_picked":["FlyingSleeves","BowlingBash+1"],"picked":"ClearTheMind+1","floor":30.0},{"not_picked":["CrushJoints+1","FlurryOfBlows"],"picked":"ClearTheMind+1","floor":31.0},{"not_picked":["DevaForm","SpiritShield+1"],"picked":"Scrawl+1","floor":33.0},{"not_picked":["Consecrate+1","Evaluate+1","FlyingSleeves"],"picked":"SKIP","floor":35.0},{"not_picked":["EmptyFist","JustLucky+1"],"picked":"Crescendo+1","floor":36.0},{"not_picked":["EmptyBody+1","Indignation+1"],"picked":"Prostrate+1","floor":39.0}],"player_experience":453998,"relics_obtained":[{"floor":6.0,"key":"Ice Cream"},{"floor":8.0,"key":"InkBottle"},{"floor":9.0,"key":"TeardropLocket"},{"floor":24.0,"key":"Yang"},{"floor":26.0,"key":"Orichalcum"},{"floor":27.0,"key":"Tiny Chest"}],"event_choices":[{"damage_healed":0.0,"max_hp_gain":0.0,"max_hp_loss":0.0,"gold_gain":0.0,"event_name":"Living Wall","player_choice":"Grow","floor":3.0,"gold_loss":0.0,"damage_taken":0.0,"cards_upgraded":["Eruption"]},{"damage_healed":0.0,"max_hp_gain":0.0,"max_hp_loss":0.0,"gold_gain":0.0,"event_name":"Liars Game","player_choice":"Ignored","floor":12.0,"gold_loss":0.0,"damage_taken":0.0},{"damage_healed":24.0,"max_hp_gain":0.0,"max_hp_loss":0.0,"gold_gain":0.0,"event_name":"Big Fish","player_choice":"Banana","floor":13.0,"gold_loss":0.0,"damage_taken":0.0},{"damage_healed":0.0,"max_hp_gain":0.0,"max_hp_loss":0.0,"gold_gain":99.0,"event_name":"Nest","player_choice":"Stole From Cult","floor":20.0,"gold_loss":0.0,"damage_taken":0.0},{"damage_healed":0.0,"max_hp_gain":0.0,"max_hp_loss":0.0,"gold_gain":0.0,"event_name":"The Mausoleum","player_choice":"Opened","floor":21.0,"gold_loss":0.0,"damage_taken":0.0,"relics_obtained":["Pantograph"]}],"is_beta":false,"boss_relics":[{"not_picked":["Ectoplasm","Busted Crown"],"picked":"Philosopher\u0027s Stone"},{"not_picked":["Cursed Key","SacredBark"],"picked":"Fusion Hammer"}],"items_purged_floors":[19,22,37],"is_endless":false,"potions_floor_spawned":[4,7,8,14,24,29,33,36,38],"killed_by":"Reptomancer","ascension_level":9}}