{"host":"k88fqnqg39joo1wf","time":1611879515,"event":{"mods":["Act Like it!","BaseMod","Colored Powertips","Downfall","Highlight Path","Mimic Mod","Minty Spire (QoL Compilation)","StSLib","Wandering Minibosses"],"gold_per_floor":[349,362,362,52,52,52,104,20,20,53,53,153,166,197,208,208,208],"floor_reached":16,"language":"ENG","playtime":860,"items_purged":["downfall:Malfunctioning"],"score":117,"play_id":"5e1c084e-d37c-4940-b6d1-7307534c2281","local_time":"20210128181835","is_ascension_mode":true,"campfire_choices":[{"data":"champ:Taunt","floor":1,"key":"SMITH"},{"floor":9,"key":"REST"},{"data":"expansioncontent:QuickStudy","floor":11,"key":"SMITH"}],"circlet_count":0,"master_deck":["champ:Strike","champ:Strike","champ:Strike","champ:Strike","champ:Defend+1","champ:Defend","champ:Defend+1","champ:Defend","champ:Execute","champ:Taunt+1","champ:RisingSlash+1","champ:FocusedBerserking","expansioncontent:QuickStudy+1","champ:PreciseThrust","downfall:Malfunctioning","champ:Haymaker","champ:BerserkerStyle","champ:Encircle","champ:FocusedBerserking"],"relics":["champ:ChampionCrown","Toy Ornithopter","champ:LiftRelic","Juzu Bracelet","Shuriken","champ:DefensiveTrainingManual"],"acts_visited":["Exordium"],"potions_floor_usage":[],"damage_taken":[{"damage":25,"enemies":"Jaw Worm","floor":2,"turns":5},{"damage":35,"enemies":"downfall:FleeingMerchant","floor":4,"turns":4},{"damage":40,"enemies":"downfall:FleeingMerchant","floor":8,"turns":4},{"damage":23,"enemies":"Gremlin Nob","floor":10,"turns":3},{"damage":0,"enemies":"Small Slimes","floor":13,"turns":1},{"damage":39,"enemies":"Lagavulin","floor":14,"turns":4},{"damage":10,"enemies":"2 Louse","floor":15,"turns":2},{"damage":77,"enemies":"IC_STATUS_ARCHETYPE","floor":16,"turns":4}],"seed_played":"7825150419086488335","potions_obtained":[{"floor":14,"key":"hexamod:SoulburnPotion"},{"floor":15,"key":"Strength Potion"}],"is_trial":false,"path_per_floor":["R","M","?","$","?","?","T","$","R","E","R","?","M","E","M","B"],"character_chosen":"THE_CHAMP","items_purchased":["expansioncontent:QuickStudy","champ:PreciseThrust","champ:BerserkerStyle"],"campfire_rested":1,"item_purchase_floors":[4,4,8],"current_hp_per_floor":[90,85,67,62,62,62,62,57,84,76,76,76,76,58,53,0,0,0],"gold":208,"neow_bonus":"TWO_FIFTY_GOLD","is_daily":false,"chose_seed":false,"campfire_upgraded":2,"win_rate":0.0,"timestamp":1611879515,"path_taken":["R","M","?","$","?","?","T","$","R","E","R","?","M","E","M","BOSS"],"items_purchased_type":["Card","Card","Card"],"build_version":"2020-12-22","purchased_purges":1,"victory":false,"max_hp_per_floor":[90,90,90,90,90,90,90,90,90,90,90,90,90,90,90,90,90],"card_choices":[{"not_picked":["champ:FocusedBerserking","champ:EnGarde"],"picked":"champ:RisingSlash","floor":2},{"not_picked":["champ:SkillfulDodge","champ:ViciousMockery"],"picked":"champ:FocusedBerserking","floor":4},{"not_picked":["champ:Circumvent","champ:FocusedDefense"],"picked":"champ:Haymaker","floor":8},{"not_picked":["champ:BringItOn","champ:BladeFlurry"],"picked":"champ:Encircle","floor":10},{"not_picked":["champ:SetATrap","champ:DefensiveShout","champ:PerfectedStrike"],"picked":"SKIP","floor":13},{"not_picked":["champ:EnGarde","champ:GladiatorStyle"],"picked":"champ:FocusedBerserking","floor":14},{"not_picked":["champ:ShieldSigil","champ:Parry","champ:Haymaker"],"picked":"SKIP","floor":15}],"player_experience":257113,"relics_obtained":[{"floor":7,"key":"Juzu Bracelet"},{"floor":10,"key":"Shuriken"},{"floor":14,"key":"champ:DefensiveTrainingManual"}],"event_choices":[{"damage_healed":0,"gold_gain":0,"player_choice":"Success","damage_taken":18,"relics_obtained":["Toy Ornithopter"],"max_hp_gain":0,"max_hp_loss":0,"event_name":"Scrap Ooze","floor":3,"gold_loss":0}],"is_beta":false,"boss_relics":[],"items_purged_floors":[4],"is_endless":false,"potions_floor_spawned":[14,15],"killed_by":"IC_STATUS_ARCHETYPE","ascension_level":2}}