{"host":"6p0attdrtjqaih7v","time":1611892478,"event":{"mods":["2.2 Compatiblity","AchievementEnabler","Bard","BaseMod","Better Skull","Better Third Choice","Colored Powertips","Hermit","Highlight Path","Key Reminder","Mad Scientist","Marisa????????","Minty Spire (QoL Compilation)","Permanent Neow","Quick Restart","Random Character Button","Relic Stats","Replay The Spire","Robot Space Explorer","Shade Mod","StSLib","The Gatherer","The Hayseed","The Problem Sleuth","The Runesmith"],"gold_per_floor":[116,43,43,55,55,55,73,104,104,136,136,146,146,157,157,157,157,157],"floor_reached":16,"language":"ENG","playtime":776,"items_purged":[],"score":110,"play_id":"cac37133-a068-4a81-b5e6-e44cbf3c1cf7","local_time":"20210128225438","is_ascension_mode":false,"campfire_choices":[{"data":"theSleuth:TakeInventory","floor":6,"key":"SMITH"},{"data":"theSleuth:KeyHandgun","floor":11,"key":"SMITH"},{"data":"theSleuth:CandyCornVampire","floor":13,"key":"SMITH"},{"data":"theSleuth:BenStillerBust","floor":15,"key":"SMITH"}],"circlet_count":0,"master_deck":["theSleuth:Strike","theSleuth:Strike","theSleuth:Strike","theSleuth:Strike","theSleuth:Defend","theSleuth:Defend+1","theSleuth:Defend","theSleuth:KeyHandgun+1","theSleuth:TakeInventory+1","theSleuth:FudgeDeck","theSleuth:BiteHardly+1","theSleuth:BenStillerBust+1","theSleuth:BenStillerBust","theSleuth:CandyCornVampire+1"],"relics":["theSleuth:Typewriter","Juzu Bracelet","Incense Burner","White Beast Statue","Lizard Tail"],"acts_visited":["Exordium"],"potions_floor_usage":[8,10,16,16],"damage_taken":[{"damage":2,"enemies":"Small Slimes","floor":1,"turns":4},{"damage":0,"enemies":"Jaw Worm","floor":4,"turns":5},{"damage":0,"enemies":"Cultist","floor":7,"turns":4},{"damage":14,"enemies":"Lagavulin","floor":8,"turns":8},{"damage":4,"enemies":"3 Sentries","floor":10,"turns":8},{"damage":3,"enemies":"Looter","floor":12,"turns":3},{"damage":0,"enemies":"Blue Slaver","floor":14,"turns":4},{"damage":12,"enemies":"Hexaghost","floor":16,"turns":8}],"seed_played":"-3348175371605657622","potions_obtained":[{"floor":4,"key":"SteroidPotion"},{"floor":8,"key":"Elixir"},{"floor":10,"key":"SteroidPotion"},{"floor":12,"key":"Doom Potion"},{"floor":14,"key":"FearPotion"}],"is_trial":false,"path_per_floor":["M","$","?","M","?","R","M","E","T","E","R","M","R","M","R","B"],"character_chosen":"THE_sleuth","items_purchased":["theSleuth:FudgeDeck"],"campfire_rested":0,"item_purchase_floors":[2],"current_hp_per_floor":[71,71,71,71,71,71,71,57,57,53,53,50,50,50,50,38,38,38],"gold":157,"neow_bonus":"RANDOM_COMMON_RELIC","is_daily":false,"chose_seed":false,"campfire_upgraded":4,"win_rate":0.0,"timestamp":1611892478,"path_taken":["M","$","?","M","?","R","M","E","T","E","R","M","R","M","R","BOSS"],"items_purchased_type":["Card"],"build_version":"2020-12-22","purchased_purges":0,"victory":false,"max_hp_per_floor":[73,73,73,73,73,73,73,73,73,73,73,73,73,73,73,73,73,73],"relic_stats":{"Lizard Tail":0,"counters":[8,44],"Juzu Bracelet":0,"obtain_stats":[{"Lizard Tail":10,"theSleuth:Typewriter":0,"Juzu Bracelet":0,"Incense Burner":8,"White Beast Statue":9},{"Lizard Tail":5,"theSleuth:Typewriter":0,"Juzu Bracelet":0,"Incense Burner":4,"White Beast Statue":4},{"Lizard Tail":29,"theSleuth:Typewriter":0,"Juzu Bracelet":0,"Incense Burner":21,"White Beast Statue":21}]},"card_choices":[{"not_picked":["theSleuth:VictoryPose","theSleuth:Fortify","theSleuth:Appropriate"],"picked":"SKIP","floor":1},{"not_picked":["theSleuth:SpadeDig","theSleuth:ThinkAhead"],"picked":"theSleuth:BenStillerBust","floor":4},{"not_picked":["theSleuth:PezUzi","theSleuth:ForceDeck","theSleuth:RetrieveArms"],"picked":"SKIP","floor":7},{"not_picked":["theSleuth:TorsoFlail","theSleuth:SnoopDoggBust","theSleuth:PezUzi"],"picked":"SKIP","floor":8},{"not_picked":["theSleuth:Unscale","theSleuth:HandCannon"],"picked":"theSleuth:BenStillerBust","floor":10},{"not_picked":["theSleuth:CharismaBlast","theSleuth:TruffleShuffle"],"picked":"theSleuth:CandyCornVampire","floor":12},{"not_picked":["theSleuth:VictoryPose","theSleuth:WizardSudoku","theSleuth:ThinkAhead"],"picked":"SKIP","floor":14}],"player_experience":925443,"relics_obtained":[{"floor":8,"key":"Incense Burner"},{"floor":9,"key":"White Beast Statue"},{"floor":10,"key":"Lizard Tail"}],"event_choices":[],"is_beta":false,"boss_relics":[],"items_purged_floors":[],"is_endless":false,"potions_floor_spawned":[4,8,10,12,14],"killed_by":"Hexaghost","ascension_level":0}}