{"host":"gndxudri6ebovps6","time":1611950943,"event":{"mods":["AchievementEnabler","Act Like it!","Aspiration","BaseMod","Better Altar","Better Match","Better Note","Better Sensory Stone","Better Skull","Better Vampires","BetterRewards","Block Reminder","Conspire","GifTheSpireLib","Hubris","Infinite Spire","Marked Mod","Minty Spire (QoL Compilation)","Pale of the Ancients","Quick Restart","Replay The Spire","Shop Mod","Spicy Shops","Spikes Relics","StSLib","Stuff the Spire","The Cursed","The Disciple","The Judge","The Mystic","The Necromancer","everything is the same but u backflip on backflip"],"gold_per_floor":[117,117,117,117,131,162,181,181,206,206,60,60,69,95,95,201,201,227,252,261,304,61,61,116,116,116,116,116,150,173,210,210,330,330,359,208,263,291,318,358,358,392,392,392,392,421,421,430,430,538,538,562,583,610,365,365,388,388,1,1,115,115,115,115],"floor_reached":63,"language":"ENG","playtime":3138,"items_purged":[],"score":2011,"play_id":"fd345f75-5b28-4ec1-91d1-6745d004cc40","local_time":"20210129180903","is_ascension_mode":true,"campfire_choices":[{"data":"StuffTheSpire:Incineration","floor":10.0,"key":"SMITH"},{"data":"Replay:Undeath\u0027s Touch","floor":12.0,"key":"SMITH"},{"data":"Clash","floor":15.0,"key":"SMITH"},{"data":"StuffTheSpire:Innocence","floor":23.0,"key":"SMITH"},{"data":"Infernal Blade","floor":25.0,"key":"SMITH"},{"data":"ReplayTheSpireMod:Muscle Training","floor":32.0,"key":"SMITH"},{"data":"Double Tap","floor":41.0,"key":"SMITH"},{"data":"hubris:StunningStrike","floor":45.0,"key":"SMITH"},{"data":"Flex","floor":47.0,"key":"SMITH"},{"data":"Twin Strike","floor":49.0,"key":"SMITH"},{"data":"TheCursedMod:CursedRelics","floor":56,"key":"SMITH"},{"data":"Pot Of Greed","floor":58,"key":"SMITH"}],"circlet_count":0,"master_deck":["Strike_R","Strike_R+1","Strike_R","Strike_R","Defend_R","Defend_R","Defend_R","Defend_R","Bash+1","Clash+1","Replay:Undeath\u0027s Touch+1","StuffTheSpire:Incineration+1","Berserk+1","Twin Strike+1","hubris:StunningStrike+1","Pommel Strike","Clash+1","StuffTheSpire:Innocence+1","Defy Death","Pot Of Greed+1","Pot Of Greed","Infernal Blade+1","Iron Wave+1","ReplayTheSpireMod:Muscle Training+1","Blood for Blood+1","Double Tap+1","Pot Of Greed","Rage+1","TheCursedMod:SurpriseAttack","Iron Wave","Body Slam","Rage+1","Havoc+1","Flex+1","StuffTheSpire:CuriosityCurse","TheCursedMod:CursedRelics+1","Pummel+1","StuffTheSpire:RagingBull+1","ReplayUltimateDefense+1","Pot Of Greed","Panache+1","Absolvement+1","Inflame+1","Limit Break"],"relics":["Burning Blood","NeowsBlessing","HornCleat","Gambling Chip","CeramicFish","PreservedInsect","Sandwich","hubris:DisguiseKit","Quantum Egg","Grinning Jar","conspire:BottledYoYo","Enchiridion","StuffTheSpire:HeavyRock","StuffTheSpire:CocoNut","Pet Ghost","Runic Cube","Boot","Du-Vu Doll","Bag of Preparation","Frozen Egg 2","aspiration:SeaSaltIceCream","Red Skull","hubris:MedicalManual","paleoftheancients:Timepiece","paleoftheancients:KeyRelic","Ice Cream","Mercury Hourglass","paleoftheancients:SoulOfTheWokeBloke","StuffTheSpire:OldFever","Lee\u0027s Waffle","StuffTheSpire:ForceGauntlet","King of Hearts","HailfireSword"],"acts_visited":["Exordium","TheCity","TheBeyond","paleoftheancients:PaleOfTheAncients","Exordium"],"potions_floor_usage":[],"damage_taken":[{"damage":0.0,"enemies":"2 Louse","floor":1.0,"turns":1.0},{"damage":0.0,"enemies":"Jaw Worm","floor":5.0,"turns":1.0},{"damage":0.0,"enemies":"Lagavulin","floor":6.0,"turns":1.0},{"damage":0.0,"enemies":"Small Slimes","floor":7.0,"turns":3.0},{"damage":8.0,"enemies":"Blue Slaver","floor":14.0,"turns":2.0},{"damage":26.0,"enemies":"Hexaghost","floor":16.0,"turns":7.0},{"damage":13.0,"enemies":"conspire:FuzzyDice","floor":18.0,"turns":5.0},{"damage":20.0,"enemies":"Shell Parasite","floor":19.0,"turns":3.0},{"damage":12.0,"enemies":"conspire:MimicChest","floor":21.0,"turns":4.0},{"damage":0.0,"enemies":"Nightmare","floor":24.0,"turns":5.0},{"damage":0.0,"enemies":"Gremlin Leader","floor":29.0,"turns":2.0},{"damage":2.0,"enemies":"Snecko","floor":30.0,"turns":3.0},{"damage":4.0,"enemies":"Book of Stabbing","floor":31.0,"turns":3.0},{"damage":0.0,"enemies":"Automaton","floor":33.0,"turns":6.0},{"damage":0.0,"enemies":"3 Darklings","floor":35.0,"turns":3.0},{"damage":3.0,"enemies":"2 Orb Walkers","floor":37.0,"turns":3.0},{"damage":0.0,"enemies":"3 Shapes","floor":38.0,"turns":3.0},{"damage":0.0,"enemies":"Writhing Mass","floor":39.0,"turns":3.0},{"damage":8.0,"enemies":"Nemesis","floor":40.0,"turns":3.0},{"damage":1.0,"enemies":"Nightmare","floor":42.0,"turns":4.0},{"damage":5.0,"enemies":"Maw","floor":46.0,"turns":5.0},{"damage":15.0,"enemies":"Donu and Deca","floor":50.0,"turns":3.0},{"damage":75,"enemies":"","floor":52,"turns":4},{"damage":46,"enemies":"","floor":53,"turns":6},{"damage":10,"enemies":"","floor":57,"turns":4},{"damage":44,"enemies":"paleoftheancients:N","floor":61,"turns":7},{"damage":0,"enemies":"Cultist","floor":63,"turns":1}],"seed_played":"4608256901514803559","potions_obtained":[{"floor":1.0,"key":"EssenceOfSteel"},{"floor":5.0,"key":"Fruit Juice"},{"floor":16.0,"key":"Ancient Potion"},{"floor":21.0,"key":"Fire Potion"},{"floor":24.0,"key":"Languid Potion"},{"floor":29.0,"key":"Elixir"},{"floor":31.0,"key":"Toxic Potion"},{"floor":33.0,"key":"Doom Potion"},{"floor":39.0,"key":"Death Potion"},{"floor":46.0,"key":"DuplicationPotion"},{"floor":53,"key":"Swift Potion"}],"is_trial":false,"path_per_floor":["M","?","?","?","M","E","M","?","T","R","$","R","?","M","R","B",null,"M","M","?","?","$","R","NM","R","T","?","T","E","M","E","R","B",null,"M","$","?","M","M","E","R","NM","T","?","R","M","R","?","R","B",null,"M","M","?","$","R","M","R","$","?","B",null,"M"],"character_chosen":"IRONCLAD","items_purchased":["PreservedInsect","Quantum Egg","Boot","StuffTheSpire:OldFever","Absolvement+1","Lee\u0027s Waffle","StuffTheSpire:ForceGauntlet","King of Hearts"],"campfire_rested":0,"item_purchase_floors":[11,22,36,55,55,55,59,59],"current_hp_per_floor":[78,78,71,71,77,80,80,80,80,80,80,80,80,78,78,58,75,68,59,44,38,38,38,44,44,44,28,28,41,45,47,47,53,82,88,88,91,92,92,90,90,92,92,92,92,92,92,92,92,83,90,57,55,55,99,99,97,97,97,97,79,94,94,94],"gold":115,"neow_bonus":"THREE_ENEMY_KILL","is_daily":false,"chose_seed":false,"campfire_upgraded":12,"win_rate":0.0,"timestamp":1611950943,"path_taken":["M","?","?","?","M","E","?","?","T","R","$","R","?","M","R","BOSS","M","M","?","?","?","R","NM","R","T","?","?","E","?","E","R","BOSS","M","$","?","M","M","E","R","NM","T","?","R","?","R","?","R","BOSS","M","M","?","$","R","M","R","$","?","BOSS","M"],"items_purchased_type":["Relic","Relic","Relic","Relic","Card","Relic","Relic","Relic"],"build_version":"2020-12-22","purchased_purges":0,"victory":false,"max_hp_per_floor":[80,80,80,80,80,80,80,80,80,80,80,80,80,80,80,80,80,80,85,85,85,85,85,85,85,85,85,85,92,92,92,92,92,92,92,92,92,92,92,92,92,92,92,92,92,92,92,92,92,92,92,92,92,92,99,99,99,99,99,99,99,99,99,99],"card_choices":[{"not_picked":["Twin Strike","True Grit"],"picked":"Clash","floor":1.0},{"not_picked":["Shrug It Off","Armaments"],"picked":"Clash","floor":5.0},{"not_picked":["Blood for Blood","Wild Strike"],"picked":"Replay:Undeath\u0027s Touch","floor":6.0},{"not_picked":["Replay:Undeath\u0027s Touch","Hemokinesis"],"picked":"StuffTheSpire:Incineration","floor":7.0},{"not_picked":["Run Through","Bloodletting"],"picked":"Twin Strike","floor":14.0},{"not_picked":["Exhume","Impervious"],"picked":"hubris:StunningStrike","floor":16.0},{"not_picked":["Clothesline","Sentinel"],"picked":"Pommel Strike","floor":18.0},{"not_picked":["StuffTheSpire:RockThrow","Headbutt"],"picked":"Clash+1","floor":19.0},{"not_picked":["Second Wind+1","Run Through"],"picked":"Defy Death","floor":21.0},{"not_picked":["Pommel Strike","Second Wind","TheCursedMod:HellfireBreathing"],"picked":"Infernal Blade","floor":24.0},{"not_picked":["Cleave+1","Wild Strike","TheCursedMod:CircleOfFocus"],"picked":"Iron Wave+1","floor":29.0},{"not_picked":["Sword Boomerang","Rage","TheCursedMod:RavingStaff"],"picked":"ReplayTheSpireMod:Muscle Training","floor":30.0},{"not_picked":["True Grit","Armaments","TheCursedMod:DoubleShield"],"picked":"Blood for Blood+1","floor":31.0},{"not_picked":["Impervious","Eclipse","TheCursedMod:ForbiddenAlchemy"],"picked":"Double Tap","floor":33.0},{"not_picked":["Battle Trance+1","Twin Strike","TheCursedMod:SpreadPlague"],"picked":"Rage+1","floor":35.0},{"not_picked":["Cleave","StuffTheSpire:RagingBull","infinitespire:OneForAll+1"],"picked":"TheCursedMod:SurpriseAttack","floor":37.0},{"not_picked":["Fire Breathing","StuffTheSpire:RockThrow+1","TheCursedMod:Grudge"],"picked":"Iron Wave","floor":38.0},{"not_picked":["Dropkick+1","Armaments","TheCursedMod:LuckyCharm"],"picked":"Body Slam","floor":39.0},{"not_picked":["Body Slam+1","hubris:SharpeningStone+1","TheCursedMod:Stigma"],"picked":"Rage+1","floor":40.0},{"not_picked":["Headbutt","conspire:HitWhereItHurts","TheCursedMod:PrepareRite"],"picked":"Havoc+1","floor":42.0},{"not_picked":["Warcry","Sever Soul+1","TheCursedMod:CircleOfCorruption"],"picked":"Flex","floor":46.0},{"not_picked":["Replay:Many Hands","conspire:Purge","Eclipse"],"picked":"TheCursedMod:CursedRelics","floor":50.0},{"not_picked":["Sword Boomerang+1","Run Through","TheCursedMod:Wield"],"picked":"Pummel+1","floor":52},{"not_picked":["Shrug It Off+1","hubris:SharpeningStone","TheCursedMod:CircleOfBlood"],"picked":"StuffTheSpire:RagingBull+1","floor":53},{"not_picked":["Feint","Good Instincts"],"picked":"ReplayUltimateDefense+1","floor":54},{"not_picked":["Crow Ritual+1","Purity"],"picked":"Panache+1","floor":54},{"not_picked":["Havoc+1","ReplayTheSpireMod:Strike From Hell","TheCursedMod:RapidMovement"],"picked":"Inflame+1","floor":57},{"not_picked":["conspire:Purge","conspire:HitWhereItHurts","TheCursedMod:Neurasthenia"],"picked":"Limit Break","floor":61}],"player_experience":514213,"relics_obtained":[{"floor":6.0,"key":"Gambling Chip"},{"floor":9.0,"key":"CeramicFish"},{"floor":21.0,"key":"hubris:DisguiseKit"},{"floor":24.0,"key":"Grinning Jar"},{"floor":26.0,"key":"conspire:BottledYoYo"},{"floor":27.0,"key":"Enchiridion"},{"floor":28.0,"key":"StuffTheSpire:HeavyRock"},{"floor":29.0,"key":"StuffTheSpire:CocoNut"},{"floor":31.0,"key":"Pet Ghost"},{"floor":37.0,"key":"Du-Vu Doll"},{"floor":40.0,"key":"Bag of Preparation"},{"floor":42.0,"key":"Frozen Egg 2"},{"floor":43.0,"key":"aspiration:SeaSaltIceCream"},{"floor":53,"key":"paleoftheancients:SoulOfTheWokeBloke"},{"floor":57,"key":"paleoftheancients:SoulOfTheDefect"}],"event_choices":[{"damage_healed":0.0,"max_hp_gain":0.0,"max_hp_loss":0.0,"gold_gain":0.0,"event_name":"Living Wall","player_choice":"Grow","floor":2.0,"gold_loss":0.0,"damage_taken":0.0,"cards_upgraded":["Bash"]},{"damage_healed":0.0,"max_hp_gain":0.0,"max_hp_loss":0.0,"gold_gain":0.0,"event_name":"Scrap Ooze","player_choice":"Success","floor":3.0,"gold_loss":0.0,"damage_taken":7.0,"relics_obtained":["HornCleat"]},{"cards_removed":["Strike_R"],"damage_healed":0.0,"max_hp_gain":0.0,"max_hp_loss":0.0,"gold_gain":0.0,"event_name":"Bonfire Elementals","player_choice":"Offered Basic","floor":4.0,"gold_loss":0.0,"damage_taken":0.0},{"damage_healed":0.0,"max_hp_gain":0.0,"max_hp_loss":0.0,"gold_gain":0.0,"event_name":"Cursed Tome","player_choice":"Obtained Book","floor":27.0,"gold_loss":0.0,"damage_taken":16.0},{"damage_healed":0.0,"max_hp_gain":0.0,"max_hp_loss":0.0,"gold_gain":0.0,"event_name":"Mysterious Sphere","player_choice":"Fight","floor":37.0,"gold_loss":0.0,"damage_taken":0.0},{"damage_healed":0.0,"max_hp_gain":0.0,"max_hp_loss":0.0,"gold_gain":0.0,"event_name":"SecretPortal","player_choice":"Ignored","floor":44.0,"gold_loss":0.0,"damage_taken":0.0},{"damage_healed":0,"gold_gain":4,"player_choice":"1","damage_taken":0,"max_hp_gain":0,"max_hp_loss":0,"event_name":"betterStone:BetterStone","floor":54,"gold_loss":0}],"is_beta":false,"boss_relics":[{"not_picked":["conspire:RoyalGoblet","aspiration:WatcherSkillbook"],"picked":"Sandwich"},{"not_picked":["CosmicIsotope","Empty Cage"],"picked":"Runic Cube"},{"not_picked":["Runic Dome","Pandora\u0027s Box","Snecko Eye"]},{"not_picked":["SacredBark","Replay:Bronze Core"],"picked":"HailfireSword"}],"items_purged_floors":[],"is_endless":true,"potions_floor_spawned":[1,5,16,21,24,29,31,33,39,46,53],"killed_by":"Cultist","ascension_level":7}}