{"host":"pgm1p3lvdjflie30","time":1611933944,"event":{"mods":["ATMod(阿瑾Mod)","AchievementEnabler","Alarm Clock","Aspiration","BaseMod","Colored Map","Colored Powertips","Conspire","Dark Map","Dota2Spire","Downfall","Energized Spire","GungeonMod","Hermit","Highlight Path","HornydragonMod","Minty Spire (QoL Compilation)","Quarter Circle Forward PUNCH!","Quick Restart","Relic Stats","Robot Space Explorer","Spicy Shops","StSLib","The Construct","The Hayseed","The IronCluck","The Jungle","Waifu the Spire","【?物卡牌】REMEMod","篝火指南"],"gold_per_floor":[0,19,19,31,16,116,116,132,144,154,154,173,2,17,30,134,134,34,309,327,340,351,370,421,446,346,356,356,171,186,214,247,343,343,243,243,253,253,266,266,338,349,28,28,28,28,28,45,57,87,87,87,87,87],"floor_reached":52,"language":"ZHS","playtime":2999,"items_purged":[],"score":840,"play_id":"70da7699-7b9f-4c11-9460-343032bc17f0","local_time":"20210129232544","is_ascension_mode":false,"campfire_choices":[{"floor":1,"key":"RECALL"},{"data":"champ:CheapShot","floor":18,"key":"SMITH"},{"data":"champ:PerfectedStrike","floor":26,"key":"SMITH"},{"data":"champ:UltimateStance","floor":28,"key":"SMITH"},{"data":"hermit:BlackWind","floor":35,"key":"SMITH"},{"data":"champ:HoldFirm","floor":40,"key":"SMITH"},{"data":"expansioncontent:HyperBeam","floor":47,"key":"SMITH"}],"circlet_count":0,"master_deck":["champ:Strike","champ:Strike","champ:Strike","champ:Strike","champ:Defend","champ:Execute","champ:Taunt","hermit:BlackWind+1","AT_FamilyPortrait","champ:BerserkerStyle","champ:GutPunch","champ:HoldFirm+1","champ:RisingSlash","champ:BringItOn","champ:UltimateStance+1","champ:AdrenalArmor","champ:Shatter+1","champ:FlashCut+1","champ:RisingSlash","champ:CheapShot+1","champ:FlashCut+1","champ:Haymaker+1","champ:EnGarde+1","champ:FanOfKnives+1","champ:BerserkersShout","champ:PerfectedStrike+1","champ:StanceDance","champ:Circumvent","champ:Encircle+1","champ:Lariat+1","champ:TornadoPunch","champ:TripleStrike+1","champ:VampiricStrike+1","expansioncontent:YouAreMine","expansioncontent:HyperBeam+1","expansioncontent:PrepareCrush","champ:ShieldWall+1","champ:BladeFlurry+1","champ:EnragedBash+1","champ:RecklessLeap+1","expansioncontent:AwakenDeath+1","champ:GladiatorStyle+1","champ:Haymaker+1"],"relics":["champ:ChampionCrown","AT_ATBox","REME_ComplimentaryCards","CloakClasp","Dota2Spire:BattleFury","AT_ArcaneBoots","AT_RedNoBalance","Lee\u0027s Waffle","Astrolabe","downfall:HeartBlessingRed","qcfpunch:Lotus_Statue","downfall:HeartBlessingBlue","theJungle:Creamberry","DemoMod:MeltedRock","energizedSpire:DeadBattery","downfall:HeartBlessingGreen","Frozen Egg 2","Pear","Sling","Blue Candle"],"acts_visited":["Exordium","Exordium","TheBeyond","TheEnding"],"potions_floor_usage":[4,6,16,25,30,31,33,33,43,43,48,48,50,50,50,50,50,50],"damage_taken":[{"damage":11,"enemies":"2 Louse","floor":2,"turns":2},{"damage":14,"enemies":"Cultist","floor":4,"turns":4},{"damage":10,"enemies":"downfall:FleeingMerchant","floor":5,"turns":4},{"damage":96,"enemies":"downfall:FleeingMerchant","floor":6,"turns":10},{"damage":0,"enemies":"Jaw Worm","floor":8,"turns":1},{"damage":28,"enemies":"Exordium Wildlife","floor":9,"turns":5},{"damage":3,"enemies":"Exordium Thugs","floor":10,"turns":2},{"damage":21,"enemies":"Large Slime","floor":12,"turns":4},{"damage":33,"enemies":"downfall:FleeingMerchant","floor":13,"turns":4},{"damage":33,"enemies":"Gremlin Gang","floor":14,"turns":2},{"damage":0,"enemies":"3 Louse","floor":15,"turns":1},{"damage":24,"enemies":"SI_SHIV_ARCHETYPE","floor":16,"turns":6},{"damage":7,"enemies":"Shell Parasite","floor":20,"turns":2},{"damage":12,"enemies":"theJungle:5_Spyders","floor":21,"turns":4},{"damage":31,"enemies":"theJungle:SlimyTreeVines","floor":22,"turns":3},{"damage":6,"enemies":"theJungle:Lyon","floor":23,"turns":3},{"damage":0,"enemies":"theJungle:MamaSnecko","floor":25,"turns":3},{"damage":21,"enemies":"theJungle:2_Snecko_Cultists","floor":27,"turns":2},{"damage":20,"enemies":"theJungle:2_Flameangoes","floor":30,"turns":2},{"damage":25,"enemies":"theJungle:Cassacara","floor":31,"turns":3},{"damage":3,"enemies":"theJungle:JungleHuntersEncounter","floor":32,"turns":2},{"damage":70,"enemies":"DF_ARCHETYPE_CLAW","floor":33,"turns":6},{"damage":20,"enemies":"3 Darklings","floor":37,"turns":2},{"damage":6,"enemies":"3 Shapes","floor":39,"turns":1},{"damage":5,"enemies":"Spire Growth","floor":42,"turns":3},{"damage":25,"enemies":"downfall:FleeingMerchant","floor":43,"turns":3},{"damage":7,"enemies":"Writhing Mass","floor":48,"turns":3},{"damage":1,"enemies":"Jaw Worm Horde","floor":49,"turns":2},{"damage":133,"enemies":"WA_ARCHETYPE_DIVINITY","floor":50,"turns":9},{"damage":238,"enemies":"downfall:CharBossMerchant","floor":52,"turns":7}],"seed_played":"-4928135094071768068","potions_obtained":[{"floor":3,"key":"Fire Potion"},{"floor":3,"key":"Dexterity Potion"},{"floor":3,"key":"TheSimpletonMod:MoonshinePotion"},{"floor":4,"key":"Fruit Juice"},{"floor":6,"key":"champ:CounterPotion"},{"floor":8,"key":"SpeedPotion"},{"floor":10,"key":"TheSimpletonMod:MoonshinePotion"},{"floor":16,"key":"SteroidPotion"},{"floor":25,"key":"DistilledChaos"},{"floor":30,"key":"ColorlessPotion"},{"floor":31,"key":"Dexterity Potion"},{"floor":33,"key":"AttackPotion"},{"floor":37,"key":"LiquidBronze"},{"floor":46,"key":"EntropicBrew"},{"floor":46,"key":"bronze:BurnAndBuffPotion"},{"floor":48,"key":"DuplicationPotion"},{"floor":49,"key":"ColorlessPotion"}],"is_trial":false,"path_per_floor":["R","M","?","M","$","?","T","M","M","M","T","M","$","M","M","B",null,"R","?","M","M","M","M","T","E","R","M","R","?","M","E","M","B",null,"R","?","M","?","M","R","T","M","$","?","?","?","R","M","M","B",null,"E"],"character_chosen":"THE_CHAMP","items_purchased":["Lee\u0027s Waffle","Whetstone","Pear","Sling","expansioncontent:AwakenDeath"],"campfire_rested":0,"item_purchase_floors":[13,43,43,43,43],"current_hp_per_floor":[108,107,107,108,108,62,62,62,44,41,41,50,120,58,58,58,120,120,120,113,111,110,104,104,104,114,113,113,113,105,100,97,52,130,130,120,120,112,106,106,106,106,116,111,111,111,111,104,103,50,140,0,0,0],"gold":87,"neow_bonus":"TWENTY_PERCENT_HP_BONUS","is_daily":false,"chose_seed":false,"campfire_upgraded":6,"win_rate":0.0,"timestamp":1611933944,"path_taken":["R","M","?","?","$","?","T","M","M","M","?","M","$","?","M","BOSS","R","?","?","M","M","M","T","E","R","M","R","?","M","E","M","BOSS","R","?","M","?","?","R","T","M","$","?","?","?","R","?","M","BOSS","E"],"items_purchased_type":["Relic","Relic","Relic","Relic","Card"],"build_version":"2020-12-22","purchased_purges":0,"victory":false,"max_hp_per_floor":[108,108,108,113,113,113,113,113,113,113,113,113,120,120,120,120,120,120,120,120,120,120,120,120,120,130,130,130,130,130,130,130,130,130,130,130,130,130,130,130,130,130,140,140,140,140,140,140,140,140,140,140,140,140],"relic_stats":{"Lee\u0027s Waffle":66,"counters":[30,105],"Astrolabe":["champ:FlashCut","champ:Haymaker","champ:EnGarde"],"Blue Candle":[0],"CloakClasp":[117],"obtain_stats":[{"Lee\u0027s Waffle":13,"AT_ATBox":0,"Pear":43,"downfall:HeartBlessingRed":18,"Astrolabe":17,"Blue Candle":44,"champ:ChampionCrown":0,"downfall:HeartBlessingGreen":35,"DemoMod:GlassGuonStoneRelic":4,"Dota2Spire:BattleFury":7,"AT_SilverBalance":11,"AT_ArcaneBoots":33,"CloakClasp":6,"theJungle:Creamberry":29,"Whetstone":43,"Frozen Egg 2":41,"energizedSpire:DeadBattery":34,"Sling":43,"AT_SpeedBoots":9,"qcfpunch:Lotus_Statue":25,"downfall:HeartBlessingBlue":26,"DemoMod:MeltedRock":31,"AT_RedNoBalance":14,"REME_ComplimentaryCards":0},{"Lee\u0027s Waffle":9,"AT_ATBox":0,"Pear":26,"downfall:HeartBlessingRed":12,"Astrolabe":12,"Blue Candle":26,"champ:ChampionCrown":0,"downfall:HeartBlessingGreen":22,"DemoMod:GlassGuonStoneRelic":2,"Dota2Spire:BattleFury":4,"AT_SilverBalance":7,"AT_ArcaneBoots":22,"CloakClasp":4,"theJungle:Creamberry":18,"Whetstone":26,"Frozen Egg 2":24,"energizedSpire:DeadBattery":22,"Sling":26,"AT_SpeedBoots":6,"qcfpunch:Lotus_Statue":17,"downfall:HeartBlessingBlue":17,"DemoMod:MeltedRock":20,"AT_RedNoBalance":10,"REME_ComplimentaryCards":0},{"Lee\u0027s Waffle":36,"AT_ATBox":0,"Pear":84,"downfall:HeartBlessingRed":45,"Astrolabe":45,"Blue Candle":84,"champ:ChampionCrown":0,"downfall:HeartBlessingGreen":75,"DemoMod:GlassGuonStoneRelic":6,"Dota2Spire:BattleFury":20,"AT_SilverBalance":28,"AT_ArcaneBoots":73,"CloakClasp":20,"theJungle:Creamberry":62,"Whetstone":84,"Frozen Egg 2":78,"energizedSpire:DeadBattery":75,"Sling":84,"AT_SpeedBoots":25,"qcfpunch:Lotus_Statue":60,"downfall:HeartBlessingBlue":60,"DemoMod:MeltedRock":67,"AT_RedNoBalance":36,"REME_ComplimentaryCards":0}]},"card_choices":[{"not_picked":["champ:AdrenalArmor","champ:Haymaker"],"picked":"champ:BerserkerStyle","floor":2},{"not_picked":["champ:FancyFootwork","champ:PreciseThrust"],"picked":"champ:GutPunch","floor":4},{"not_picked":["champ:CrownThrow","champ:GladiatorStyle"],"picked":"champ:HoldFirm","floor":5},{"not_picked":["champ:Shatter","champ:AdrenalArmor"],"picked":"champ:RisingSlash","floor":6},{"not_picked":["champ:CrownThrow","champ:SkillfulDodge"],"picked":"champ:BringItOn","floor":8},{"not_picked":["champ:BringItOn","champ:EnragedBash"],"picked":"champ:UltimateStance","floor":9},{"not_picked":["champ:BringItOn","champ:EnGarde"],"picked":"champ:AdrenalArmor","floor":10},{"not_picked":["champ:CalledShot","champ:TornadoPunch"],"picked":"champ:Encircle","floor":12},{"not_picked":["champ:Encircle","champ:Improvising"],"picked":"champ:Shatter","floor":13},{"not_picked":["champ:BerserkersShout","champ:PreciseThrust"],"picked":"champ:FlashCut","floor":14},{"not_picked":["champ:IronFortress","champ:Shatter"],"picked":"champ:RisingSlash","floor":15},{"not_picked":["champ:ShieldThrow","champ:SwordThrow"],"picked":"champ:CheapShot","floor":16},{"not_picked":["champ:RapidStrikes","champ:Circumvent+1"],"picked":"champ:FanOfKnives","floor":20},{"not_picked":["champ:BringItOn","champ:DefensiveStyle+1"],"picked":"champ:BerserkersShout","floor":21},{"not_picked":["champ:Backstep","champ:HoldFirm"],"picked":"champ:PerfectedStrike","floor":22},{"not_picked":["champ:HeartStrike","champ:BladeFlurry+1"],"picked":"champ:StanceDance","floor":23},{"not_picked":["champ:Shatter","champ:BringItOn"],"picked":"champ:Circumvent","floor":25},{"not_picked":["champ:Circumvent","champ:CrownThrow"],"picked":"champ:Encircle+1","floor":27},{"not_picked":["champ:AdrenalArmor","champ:BringItOn"],"picked":"champ:Lariat+1","floor":30},{"not_picked":["champ:DefensiveShout+1","champ:Circumvent+1"],"picked":"champ:TornadoPunch","floor":31},{"not_picked":["champ:Lariat+1","champ:DeathBlow+1"],"picked":"champ:TripleStrike+1","floor":32},{"not_picked":["champ:CheapShot+1","champ:GladiatorForm+1"],"picked":"champ:VampiricStrike+1","floor":33},{"not_picked":["expansioncontent:DecaShield","expansioncontent:Hexaburn"],"picked":"expansioncontent:YouAreMine","floor":36},{"not_picked":["expansioncontent:Hexaburn","expansioncontent:AwakenDeath"],"picked":"expansioncontent:HyperBeam","floor":36},{"not_picked":["expansioncontent:Hexaburn","expansioncontent:PolyBeam"],"picked":"expansioncontent:PrepareCrush","floor":36},{"not_picked":["champ:DefensiveShout","champ:Shatter"],"picked":"champ:ShieldWall+1","floor":37},{"not_picked":["champ:StanceDance","champ:DefensiveShout+1"],"picked":"champ:BladeFlurry+1","floor":39},{"not_picked":["champ:FancyFootwork+1","champ:GutPunch+1"],"picked":"champ:EnragedBash+1","floor":42},{"not_picked":["champ:TornadoPunch+1","champ:ArenaPreparation+1"],"picked":"champ:RecklessLeap+1","floor":43},{"not_picked":["champ:DefensiveShout+1","champ:EnGarde"],"picked":"champ:GladiatorStyle+1","floor":48},{"not_picked":["champ:TornadoPunch","champ:BerserkersShout+1"],"picked":"champ:Haymaker+1","floor":49}],"player_experience":319711,"relics_obtained":[{"floor":6,"key":"CloakClasp"},{"floor":7,"key":"Dota2Spire:BattleFury"},{"floor":11,"key":"AT_SilverBalance"},{"floor":25,"key":"qcfpunch:Lotus_Statue"},{"floor":31,"key":"DemoMod:MeltedRock"},{"floor":41,"key":"Frozen Egg 2"}],"event_choices":[{"damage_healed":0,"gold_gain":0,"player_choice":"Got Potions","damage_taken":0,"max_hp_gain":0,"max_hp_loss":0,"event_name":"Lab","floor":3,"gold_loss":0},{"cards_removed":["champ:Encircle"],"damage_healed":0,"gold_gain":0,"player_choice":"Removed Attack","damage_taken":0,"max_hp_gain":0,"max_hp_loss":0,"event_name":"Falling","floor":45,"gold_loss":0}],"is_beta":false,"boss_relics":[{"not_picked":["Fusion Hammer","Sozu"],"picked":"Astrolabe"},{"not_picked":["Pandora\u0027s Box","qcfpunch:Crimson_Sash"],"picked":"energizedSpire:DeadBattery"}],"items_purged_floors":[],"is_endless":false,"potions_floor_spawned":[4,6,8,10,15,16,25,30,31,33,37,48,49],"killed_by":"downfall:CharBossMerchant","ascension_level":0}}