{"host":"kpyf5rnb72uwap8k","time":1611884685,"event":{"mods":["AchievementEnabler","BaseMod","Colored Map","Colored Powertips","DeckTracker","Minty Spire (QoL Compilation)","Permanent Neow","Quick Restart","StSLib","SuperFastMode"],"gold_per_floor":[119,94,94,94,112,112,143,68,68,87,112,126,126,159,159,290,290,311,332,332,58,76,76,76,90,117,117,117],"floor_reached":27,"language":"KOR","playtime":4792,"items_purged":["Injury","Strike_R"],"score":245,"play_id":"bdfe9544-7f0c-4063-81f5-182e6c7e7079","local_time":"20210129104445","is_ascension_mode":true,"campfire_choices":[{"data":"Heavy Blade","floor":6.0,"key":"SMITH"},{"data":"Limit Break","floor":13.0,"key":"SMITH"},{"floor":15.0,"key":"REST"},{"data":"Heavy Blade","floor":23,"key":"SMITH"}],"circlet_count":0,"master_deck":["Strike_R","Strike_R","Strike_R","Strike_R","Defend_R","Defend_R","Defend_R","Defend_R","Bash","Body Slam+1","Heavy Blade+1","Spot Weakness","Shrug It Off","Armaments","Headbutt","Limit Break+1","Burning Pact","Impervious","Evolve","Apotheosis","Heavy Blade+1"],"relics":["Burning Blood","Anchor","Golden Idol","Matryoshka","Question Card","Bag of Marbles","Gremlin Horn","Mark of Pain","Orichalcum","Oddly Smooth Stone"],"acts_visited":["Exordium","TheCity"],"potions_floor_usage":[25],"damage_taken":[{"damage":4.0,"enemies":"2 Louse","floor":1.0,"turns":3.0},{"damage":0.0,"enemies":"Small Slimes","floor":5.0,"turns":3.0},{"damage":31.0,"enemies":"Lagavulin","floor":7.0,"turns":5.0},{"damage":0.0,"enemies":"Jaw Worm","floor":10.0,"turns":2.0},{"damage":3.0,"enemies":"Looter","floor":11.0,"turns":3.0},{"damage":0.0,"enemies":"Blue Slaver","floor":12.0,"turns":3.0},{"damage":32.0,"enemies":"Gremlin Nob","floor":14.0,"turns":4.0},{"damage":57.0,"enemies":"Slime Boss","floor":16.0,"turns":11.0},{"damage":2.0,"enemies":"Chosen","floor":18.0,"turns":3.0},{"damage":32.0,"enemies":"Spheric Guardian","floor":19.0,"turns":6.0},{"damage":12,"enemies":"Centurion and Healer","floor":22,"turns":10},{"damage":40,"enemies":"3 Cultists","floor":25,"turns":5},{"damage":15,"enemies":"Slavers","floor":27,"turns":2}],"seed_played":"8645443533728040623","potions_obtained":[{"floor":5.0,"key":"SteroidPotion"},{"floor":7.0,"key":"SpeedPotion"},{"floor":10.0,"key":"ElixirPotion"},{"floor":12.0,"key":"ColorlessPotion"}],"is_trial":false,"path_per_floor":["M","$","?","?","M","R","E","$","T","M","M","M","R","E","R","B",null,"M","M","?","$","M","R","?","M","T","E"],"character_chosen":"IRONCLAD","items_purchased":["Heavy Blade","Apotheosis"],"campfire_rested":1,"item_purchase_floors":[2,21],"current_hp_per_floor":[80,80,80,80,80,80,55,55,55,61,64,70,70,44,68,17,80,80,54,54,54,48,48,48,14,14,0,0],"gold":117,"neow_bonus":"RANDOM_COMMON_RELIC","is_daily":false,"chose_seed":false,"campfire_upgraded":3,"win_rate":0.0,"timestamp":1611884685,"path_taken":["M","$","?","?","M","R","E","$","T","M","M","?","R","E","R","BOSS","M","M","?","$","M","R","?","M","T","E"],"items_purchased_type":["Card","Card"],"build_version":"2020-12-22","purchased_purges":2,"victory":false,"max_hp_per_floor":[80,80,80,80,80,80,80,80,80,80,80,80,80,80,80,80,80,80,80,80,80,80,80,80,80,80,80,80],"card_choices":[{"not_picked":["Twin Strike","True Grit"],"picked":"Body Slam","floor":1.0},{"not_picked":["Fire Breathing","Flex"],"picked":"Spot Weakness","floor":5.0},{"not_picked":["Searing Blow","Flame Barrier"],"picked":"Shrug It Off","floor":7.0},{"not_picked":["Wild Strike","Brutality","Anger"],"picked":"Armaments","floor":10.0},{"not_picked":["Warcry","Carnage","Wild Strike"],"picked":"Headbutt","floor":11.0},{"not_picked":["Clash","Cleave","Heavy Blade"],"picked":"Limit Break","floor":12.0},{"not_picked":["Warcry","True Grit","Searing Blow"],"picked":"Burning Pact","floor":14.0},{"not_picked":["Bludgeon","Fiend Fire","Reaper"],"picked":"Impervious","floor":16.0},{"not_picked":["Clash","Havoc","Headbutt+1","Searing Blow"],"picked":"SKIP","floor":18.0},{"not_picked":["Shrug It Off","Clothesline+1","Twin Strike"],"picked":"Evolve","floor":19.0},{"not_picked":["Flex","Rampage","Havoc"],"picked":"Heavy Blade","floor":22},{"not_picked":["Sword Boomerang+1","Pommel Strike","Clash+1","Berserk"],"picked":"SKIP","floor":25}],"player_experience":228238,"relics_obtained":[{"floor":7.0,"key":"Matryoshka"},{"floor":9.0,"key":"Question Card"},{"floor":9.0,"key":"Bag of Marbles"},{"floor":14.0,"key":"Gremlin Horn"},{"floor":26,"key":"Orichalcum"},{"floor":26,"key":"Oddly Smooth Stone"}],"event_choices":[{"damage_healed":0.0,"max_hp_gain":0.0,"max_hp_loss":0.0,"gold_gain":0.0,"event_name":"Living Wall","player_choice":"Grow","floor":3.0,"gold_loss":0.0,"damage_taken":0.0,"cards_upgraded":["Body Slam"]},{"damage_healed":0.0,"max_hp_gain":0.0,"max_hp_loss":0.0,"gold_gain":0.0,"event_name":"Golden Idol","player_choice":"Take Wound","floor":4.0,"gold_loss":0.0,"damage_taken":0.0,"relics_obtained":["Golden Idol"],"cards_obtained":["Injury"]},{"damage_healed":0.0,"max_hp_gain":0.0,"max_hp_loss":0.0,"gold_gain":0.0,"event_name":"Vampires","player_choice":"Ignored","floor":20.0,"gold_loss":0.0,"damage_taken":0.0},{"damage_healed":0,"gold_gain":0,"player_choice":"Ignored","damage_taken":0,"max_hp_gain":0,"max_hp_loss":0,"event_name":"The Mausoleum","floor":24,"gold_loss":0}],"is_beta":false,"boss_relics":[{"not_picked":["Snecko Eye","Velvet Choker"],"picked":"Mark of Pain"}],"items_purged_floors":[8,21],"is_endless":false,"potions_floor_spawned":[5,7,10,12,19],"killed_by":"Slavers","ascension_level":2}}