{"host":"8i4doyxqctgl5qb0","time":1611941875,"event":{"mods":["AchievementEnabler","BaseMod","Block Reminder","Colored Powertips","Downfall","Minty Spire (QoL Compilation)","Permanent Neow","Potion Indicator Mod","Rare Cards Sparkle","StSLib","SuperFastMode","The Jungle"],"gold_per_floor":[117,133,133,148,3,3,21,21,21,21,35,35,53,53,53,174,174,199,212,226,241,241,241],"floor_reached":22,"language":"ZHS","playtime":825,"items_purged":["Injury"],"score":252,"play_id":"e4d8c600-3ed0-4678-b111-458c4e10b340","local_time":"20210130013755","is_ascension_mode":true,"campfire_choices":[{"data":"Backflip","floor":6.0,"key":"SMITH"},{"data":"Infinite Blades","floor":8.0,"key":"SMITH"},{"data":"Tools of the Trade","floor":10.0,"key":"SMITH"},{"floor":12.0,"key":"REST"},{"data":"Dagger Spray","floor":15.0,"key":"SMITH"}],"circlet_count":0,"master_deck":["Strike_G","Strike_G","Strike_G","Strike_G+1","Strike_G+1","Defend_G","Defend_G","Defend_G","Defend_G","Defend_G","Survivor","Neutralize","Infinite Blades+1","Backflip+1","PiercingWail","Well Laid Plans","Tools of the Trade+1","Dagger Spray+1","Envenom","Bane","Backflip","Backflip","Dagger Spray+1"],"relics":["Ring of the Snake","Golden Idol","Whetstone","Meat on the Bone","WristBlade"],"acts_visited":["Exordium","TheCity"],"potions_floor_usage":[20,22],"damage_taken":[{"damage":7.0,"enemies":"Small Slimes","floor":1.0,"turns":5.0},{"damage":5.0,"enemies":"Jaw Worm","floor":2.0,"turns":6.0},{"damage":0.0,"enemies":"Cultist","floor":4.0,"turns":4.0},{"damage":1.0,"enemies":"Large Slime","floor":7.0,"turns":9.0},{"damage":22.0,"enemies":"Exordium Thugs","floor":11.0,"turns":7.0},{"damage":4.0,"enemies":"2 Fungi Beasts","floor":13.0,"turns":4.0},{"damage":40.0,"enemies":"Hexaghost","floor":16.0,"turns":13.0},{"damage":8.0,"enemies":"2 Thieves","floor":18.0,"turns":4.0},{"damage":10.0,"enemies":"Chosen","floor":19.0,"turns":6.0},{"damage":0,"enemies":"3 Cultists","floor":20,"turns":3},{"damage":44,"enemies":"Snake Plant","floor":21,"turns":8},{"damage":46,"enemies":"Centurion and Healer","floor":22,"turns":7}],"seed_played":"2824906193083311437","potions_obtained":[{"floor":1.0,"key":"LiquidBronze"},{"floor":11.0,"key":"LiquidMemories"},{"floor":16.0,"key":"CunningPotion"},{"floor":18.0,"key":"Regen Potion"},{"floor":19.0,"key":"SkillPotion"}],"is_trial":false,"path_per_floor":["M","M","?","M","$","R","M","R","T","R","M","R","M","?","R","B",null,"M","M","M","M","M"],"character_chosen":"THE_SILENT","items_purchased":["Well Laid Plans"],"campfire_rested":1,"item_purchase_floors":[5],"current_hp_per_floor":[63,58,58,58,58,58,57,57,57,57,35,58,54,54,54,26,64,56,46,46,14,0,0],"gold":241,"neow_bonus":"TEN_PERCENT_HP_BONUS","is_daily":false,"chose_seed":false,"campfire_upgraded":4,"win_rate":0.0,"timestamp":1611941875,"path_taken":["M","M","?","M","$","R","M","R","T","R","M","R","M","?","R","BOSS","M","M","?","M","M"],"items_purchased_type":["Card"],"build_version":"2020-12-22","purchased_purges":1,"victory":false,"max_hp_per_floor":[77,77,77,77,77,77,77,77,77,77,77,77,77,77,77,77,77,77,77,77,77,77,77],"card_choices":[{"not_picked":["Acrobatics","Dash"],"picked":"Infinite Blades","floor":1.0},{"not_picked":["Predator","Deflect"],"picked":"Backflip","floor":2.0},{"not_picked":["Deflect","Sucker Punch"],"picked":"PiercingWail","floor":4.0},{"not_picked":["Dash","Skewer"],"picked":"Tools of the Trade","floor":7.0},{"not_picked":["PiercingWail","Sucker Punch","Bane"],"picked":"SKIP","floor":11.0},{"not_picked":["Acrobatics","Concentrate"],"picked":"Dagger Spray","floor":13.0},{"not_picked":["Tools of the Trade","Glass Knife"],"picked":"Envenom","floor":16.0},{"not_picked":["Underhanded Strike+1","Dash"],"picked":"Bane","floor":18.0},{"not_picked":["Riddle With Holes+1","Dodge and Roll"],"picked":"Backflip","floor":19.0},{"not_picked":["Dagger Throw","Outmaneuver"],"picked":"Backflip","floor":20},{"not_picked":["Dagger Throw","Sucker Punch+1"],"picked":"Dagger Spray+1","floor":21}],"player_experience":258569,"relics_obtained":[{"floor":9.0,"key":"Whetstone"}],"event_choices":[{"damage_healed":0.0,"max_hp_gain":0.0,"max_hp_loss":0.0,"gold_gain":0.0,"event_name":"Golden Idol","player_choice":"Take Wound","floor":3.0,"gold_loss":0.0,"damage_taken":0.0,"relics_obtained":["Golden Idol"],"cards_obtained":["Injury"]},{"damage_healed":0.0,"max_hp_gain":0.0,"max_hp_loss":0.0,"gold_gain":0.0,"event_name":"WeMeetAgain","player_choice":"Gave Potion","floor":14.0,"gold_loss":0.0,"damage_taken":0.0,"relics_obtained":["Meat on the Bone"]}],"is_beta":false,"boss_relics":[{"not_picked":["Busted Crown","Cursed Key"],"picked":"WristBlade"}],"items_purged_floors":[5],"is_endless":false,"potions_floor_spawned":[1,11,16,18,19],"killed_by":"Centurion and Healer","ascension_level":8}}