{"host":"ordk2y2ebcetabk6","time":1611946538,"event":{"mods":["AlwaysNeverKeys","Astrologer","Bard","BaseMod","Better Debug","Colored Map","Colored Powertips","Dark Map","Hermit","Highlight Path","Minty Spire (QoL Compilation)","Morshu Shopkeeper","Permanent Neow","Rare Cards Sparkle","Spire Arcade","StSLib","The Hydrologist"],"gold_per_floor":[367,101,113,113,126,126,150,0,0,0,0,18,37,112,112,112,112],"floor_reached":16,"language":"ENG","playtime":542,"items_purged":["bard:Strike","bard:Strike"],"score":117,"play_id":"1da5fb61-5b77-4662-9b1e-d19af7309cfd","local_time":"20210129115538","is_ascension_mode":false,"campfire_choices":[{"data":"bard:DervishDance","floor":6,"key":"SMITH"},{"data":"bard:Doot","floor":10,"key":"SMITH"},{"data":"bard:Inspire","floor":15,"key":"SMITH"}],"circlet_count":0,"master_deck":["bard:Strike","bard:Strike","bard:Defend","bard:Defend","bard:Defend","bard:Defend","bard:Riposte","bard:Inspire+1","bard:FirstStrike","bard:DervishDance+1","bard:FirstStrike","bard:ViciousMockery","bard:Doot+1","bard:FirstStrike"],"relics":["bard:PitchPipe","bard:BagPipes","DollysMirror","Golden Idol","Potion Belt"],"acts_visited":["Exordium"],"potions_floor_usage":[16,16],"damage_taken":[{"damage":4,"enemies":"2 Louse","floor":1,"turns":3},{"damage":0,"enemies":"Small Slimes","floor":3,"turns":1},{"damage":0,"enemies":"Cultist","floor":5,"turns":2},{"damage":5,"enemies":"Looter","floor":7,"turns":3},{"damage":0,"enemies":"Exordium Thugs","floor":12,"turns":2},{"damage":0,"enemies":"3 Louse","floor":13,"turns":1},{"damage":34,"enemies":"The Guardian","floor":16,"turns":8}],"seed_played":"-8841274169775656467","potions_obtained":[{"floor":3,"key":"SmokeBomb"},{"floor":5,"key":"CultistPotion"},{"floor":7,"key":"BlessingOfTheForge"},{"floor":13,"key":"LiquidMemories"}],"is_trial":false,"path_per_floor":["M","$","M","?","M","R","M","$","T","R","?","M","M","?","R","B"],"character_chosen":"BARD","items_purchased":["bard:DervishDance","DollysMirror","bard:FirstStrike"],"campfire_rested":0,"item_purchase_floors":[2,2,8],"current_hp_per_floor":[59,59,59,44,44,44,39,39,39,39,44,44,44,33,33,0,0],"gold":112,"neow_bonus":"TWO_FIFTY_GOLD","is_daily":false,"chose_seed":false,"campfire_upgraded":3,"win_rate":0.0,"timestamp":1611946538,"path_taken":["M","$","M","?","M","R","M","$","T","R","?","M","M","?","R","BOSS"],"items_purchased_type":["Card","Relic","Card"],"build_version":"2020-12-22","purchased_purges":2,"victory":false,"max_hp_per_floor":[63,63,63,63,63,63,63,63,63,63,68,68,68,68,68,68,68],"card_choices":[{"not_picked":["bard:Sift","bard:Parry"],"picked":"bard:FirstStrike","floor":1},{"not_picked":["bard:Rest","bard:ViciousMockery","bard:CuttingWords"],"picked":"SKIP","floor":3},{"not_picked":["bard:Rest","bard:CuttingWords"],"picked":"bard:ViciousMockery","floor":3},{"not_picked":["bard:GuardPoint","bard:ViciousMockery"],"picked":"bard:Doot","floor":5},{"not_picked":["bard:CuttingWords","bard:Thunderwave","bard:LingeringEcho"],"picked":"SKIP","floor":7},{"not_picked":["bard:LingeringPerformance","bard:QuickSong","bard:Flourish"],"picked":"SKIP","floor":12},{"not_picked":["bard:LifeDrain","bard:DervishDance","bard:Haste"],"picked":"SKIP","floor":13}],"player_experience":1084514,"relics_obtained":[{"floor":9,"key":"Potion Belt"}],"event_choices":[{"damage_healed":0,"gold_gain":0,"player_choice":"Take Damage","damage_taken":15,"relics_obtained":["Golden Idol"],"max_hp_gain":0,"max_hp_loss":0,"event_name":"Golden Idol","floor":4,"gold_loss":0},{"damage_healed":0,"gold_gain":0,"player_choice":"Donut","damage_taken":0,"max_hp_gain":5,"max_hp_loss":0,"event_name":"Big Fish","floor":11,"gold_loss":0},{"damage_healed":0,"gold_gain":75,"player_choice":"Gather Gold","damage_taken":11,"max_hp_gain":0,"max_hp_loss":0,"event_name":"World of Goop","floor":14,"gold_loss":0}],"is_beta":false,"boss_relics":[],"items_purged_floors":[2,8],"is_endless":false,"potions_floor_spawned":[3,5,7,13],"killed_by":"The Guardian","ascension_level":0}}