{"host":"iphsb0ccnjx0pfn6","time":1611929715,"event":{"mods":["2.2 Compatiblity","AchievementEnabler","BaseMod","Colored Map","DeckTracker","Keyboard Shortcuts","Minty Spire (QoL Compilation)","Permanent Neow","Quick Restart","Relic Stats","StSLib","SuperFastMode","Uncapped","everything is the same but u backflip on backflip"],"gold_per_floor":[111,36,48,48,48,48,88,88,164,180,180,220,220,233,233,326,326,344,344,344,344,360,360,410,448,474,474,514,514,557,581,581,581,581],"floor_reached":33,"language":"KOR","playtime":1065,"items_purged":[],"score":668,"play_id":"27cae150-ad6f-4d36-9c52-708e75e601fd","local_time":"20210129231515","is_ascension_mode":true,"campfire_choices":[{"data":"Sunder","floor":6.0,"key":"SMITH"},{"data":"Zap","floor":8.0,"key":"SMITH"},{"data":"Coolheaded","floor":11.0,"key":"SMITH"},{"data":"Dualcast","floor":13.0,"key":"SMITH"},{"data":"Ball Lightning","floor":15.0,"key":"SMITH"},{"floor":23,"key":"REST"},{"floor":27,"key":"REST"},{"floor":29,"key":"REST"},{"floor":32,"key":"REST"}],"circlet_count":0,"master_deck":["AscendersBane","Strike_B","Defend_B","Defend_B","Defend_B","Defend_B","Zap+1","Dualcast+1","Sunder+1","Amplify","Ball Lightning+1","Coolheaded+1","Sweeping Beam+1","Thunder Strike+1","Sunder+1","Coolheaded+1","Heatsinks","Capacitor+1","Thunder Strike+1"],"relics":["Cracked Core","NeowsBlessing","Golden Idol","Bag of Marbles","Molten Egg 2","Toy Ornithopter","Fusion Hammer","Enchiridion","Potion Belt","Strawberry","Sundial","HornCleat"],"acts_visited":["Exordium","TheCity"],"potions_floor_usage":[16,33,33],"damage_taken":[{"damage":0.0,"enemies":"2 Louse","floor":1.0,"turns":1.0},{"damage":0.0,"enemies":"Jaw Worm","floor":3.0,"turns":1.0},{"damage":0.0,"enemies":"3 Sentries","floor":7.0,"turns":1.0},{"damage":8.0,"enemies":"Small Slimes","floor":10.0,"turns":3.0},{"damage":8.0,"enemies":"Gremlin Nob","floor":12.0,"turns":3.0},{"damage":12.0,"enemies":"Exordium Wildlife","floor":14.0,"turns":4.0},{"damage":34,"enemies":"The Guardian","floor":16,"turns":11},{"damage":0,"enemies":"Spheric Guardian","floor":18,"turns":1},{"damage":0,"enemies":"Chosen","floor":22,"turns":2},{"damage":31,"enemies":"Slavers","floor":25,"turns":4},{"damage":43,"enemies":"Book of Stabbing","floor":28,"turns":4},{"damage":23,"enemies":"Gremlin Leader","floor":30,"turns":5},{"damage":0,"enemies":"Centurion and Healer","floor":31,"turns":3},{"damage":61,"enemies":"Automaton","floor":33,"turns":6}],"seed_played":"-6042278483483305394","potions_obtained":[{"floor":1.0,"key":"Regen Potion"},{"floor":3.0,"key":"Fire Potion"},{"floor":12.0,"key":"BlessingOfTheForge"},{"floor":18,"key":"Swift Potion"},{"floor":31,"key":"Fire Potion"}],"is_trial":false,"path_per_floor":["M","?","M","?","?","R","E","R","T","M","R","E","R","M","R","B",null,"M","?","?","?","M","R","?","E","T","R","E","R","E","M","R","B"],"character_chosen":"DEFECT","items_purchased":[],"campfire_rested":4,"item_purchase_floors":[],"current_hp_per_floor":[64,64,64,69,43,43,43,43,43,35,35,27,27,32,32,3,58,58,58,37,37,37,59,59,28,35,59,16,40,17,17,41,0,0],"gold":581,"neow_bonus":"THREE_ENEMY_KILL","is_daily":false,"chose_seed":false,"campfire_upgraded":5,"win_rate":0.0,"timestamp":1611929715,"path_taken":["M","?","M","?","?","R","E","R","T","M","R","E","R","M","R","BOSS","M","?","?","?","?","R","?","E","T","R","E","R","E","M","R","BOSS"],"items_purchased_type":[],"build_version":"2020-12-22","purchased_purges":0,"victory":false,"max_hp_per_floor":[71,71,71,76,76,76,76,76,76,76,76,76,76,76,76,76,76,76,76,76,76,76,76,76,76,83,83,83,83,83,83,83,83,83],"relic_stats":{"counters":[14,49],"Golden Idol":78,"Sundial":[2],"obtain_stats":[{"Potion Belt":25,"HornCleat":30,"NeowsBlessing":0,"Golden Idol":5,"Sundial":28,"Strawberry":26,"Enchiridion":20,"Molten Egg 2":9,"Fusion Hammer":17,"Bag of Marbles":7,"Cracked Core":0,"Toy Ornithopter":12},{"Potion Belt":10,"HornCleat":12,"NeowsBlessing":0,"Golden Idol":2,"Sundial":11,"Strawberry":10,"Enchiridion":8,"Molten Egg 2":3,"Fusion Hammer":7,"Bag of Marbles":3,"Cracked Core":0,"Toy Ornithopter":5},{"Potion Belt":31,"HornCleat":40,"NeowsBlessing":0,"Golden Idol":2,"Sundial":35,"Strawberry":31,"Enchiridion":25,"Molten Egg 2":3,"Fusion Hammer":24,"Bag of Marbles":3,"Cracked Core":0,"Toy Ornithopter":9}],"Toy Ornithopter":20},"card_choices":[{"not_picked":["Force Field","Gash"],"picked":"Sunder","floor":1.0},{"not_picked":["Stack","Ball Lightning"],"picked":"Amplify","floor":3.0},{"not_picked":["Consume","Steam"],"picked":"Ball Lightning","floor":7.0},{"not_picked":["Barrage+1","Redo"],"picked":"Coolheaded","floor":10.0},{"not_picked":["Double Energy","Loop","Leap"],"picked":"SKIP","floor":12.0},{"not_picked":["Steam Power","Conserve Battery"],"picked":"Sweeping Beam+1","floor":14.0},{"not_picked":["Core Surge+1","All For One+1"],"picked":"Thunder Strike+1","floor":16},{"not_picked":["Go for the Eyes+1","Stack","Beam Cell+1"],"picked":"SKIP","floor":18},{"not_picked":["Leap","Chaos"],"picked":"Heatsinks","floor":22},{"not_picked":["Stack","Hologram","Steam"],"picked":"SKIP","floor":25},{"not_picked":["Double Energy+1","Go for the Eyes+1"],"picked":"Capacitor+1","floor":28},{"not_picked":["Compile Driver+1","Redo"],"picked":"Thunder Strike+1","floor":30},{"not_picked":["Streamline+1","Barrage+1","Fusion"],"picked":"SKIP","floor":31}],"player_experience":1289418,"relics_obtained":[{"floor":7.0,"key":"Bag of Marbles"},{"floor":9.0,"key":"Molten Egg 2"},{"floor":12.0,"key":"Toy Ornithopter"},{"floor":20,"key":"Enchiridion"},{"floor":25,"key":"Potion Belt"},{"floor":26,"key":"Strawberry"},{"floor":28,"key":"Sundial"},{"floor":30,"key":"HornCleat"}],"event_choices":[{"cards_removed":["Strike_B"],"damage_healed":0.0,"max_hp_gain":0.0,"max_hp_loss":0.0,"gold_gain":0.0,"event_name":"The Cleric","player_choice":"Card Removal","floor":2.0,"gold_loss":75.0,"damage_taken":0.0},{"damage_healed":0.0,"max_hp_gain":5.0,"max_hp_loss":0.0,"gold_gain":0.0,"event_name":"Big Fish","player_choice":"Donut","floor":4.0,"gold_loss":0.0,"damage_taken":0.0},{"damage_healed":0.0,"max_hp_gain":0.0,"max_hp_loss":0.0,"gold_gain":0.0,"event_name":"Golden Idol","player_choice":"Take Damage","floor":5.0,"gold_loss":0.0,"damage_taken":26.0,"relics_obtained":["Golden Idol"]},{"damage_healed":0,"gold_gain":0,"cards_transformed":["Strike_B","Strike_B"],"player_choice":"Became Test Subject","damage_taken":0,"max_hp_gain":0,"max_hp_loss":0,"event_name":"Drug Dealer","floor":19,"gold_loss":0,"cards_obtained":["Sunder","Coolheaded"]},{"damage_healed":0,"gold_gain":0,"player_choice":"Obtained Book","damage_taken":21,"max_hp_gain":0,"max_hp_loss":0,"event_name":"Cursed Tome","floor":20,"gold_loss":0},{"damage_healed":0,"gold_gain":0,"player_choice":"Upgraded","damage_taken":0,"max_hp_gain":0,"max_hp_loss":0,"event_name":"Upgrade Shrine","floor":21,"gold_loss":0,"cards_upgraded":["Coolheaded"]},{"damage_healed":0,"gold_gain":50,"player_choice":"Stole From Cult","damage_taken":0,"max_hp_gain":0,"max_hp_loss":0,"event_name":"Nest","floor":24,"gold_loss":0}],"is_beta":false,"boss_relics":[{"not_picked":["FrozenCore","Astrolabe"],"picked":"Fusion Hammer"}],"items_purged_floors":[],"is_endless":false,"potions_floor_spawned":[1,3,12,18,31],"killed_by":"Automaton","ascension_level":20}}