{"host":"gfxjwtol062e9znw","time":1611960263,"event":{"mods":["BaseMod","Colored Map","Minty Spire (QoL Compilation)"],"gold_per_floor":[109,109,109,109,109,109,135,169,169,169,169],"floor_reached":10,"language":"ENG","playtime":2295,"items_purged":[],"score":101,"play_id":"1cf7bbd7-fcae-4d7d-a86f-d7f96fe430e7","local_time":"20210130094423","daily_mods":["Hoarder","Specialized","Vintage","Diverse","Heirloom","Elite Swarm"],"is_ascension_mode":true,"campfire_choices":[{"data":"Echo Form","floor":6,"key":"SMITH"}],"circlet_count":0,"master_deck":["Demon Form","Wraith Form v2+1","Echo Form+1","DevaForm","Strike_R","Strike_R","Strike_R","Strike_R","Strike_R","Defend_R","Defend_R","Defend_R","Defend_R","Rampage","Rampage","Rampage+1","Rampage","Rampage","Rampage","Rampage","Rampage","Rampage","Rampage","Rampage","Rampage","Rampage","Rampage","Rampage+1","Die Die Die","Die Die Die","Die Die Die"],"relics":["Snecko Eye","Unceasing Top","Gambling Chip","WingedGreaves","Juzu Bracelet","Matryoshka","Omamori","Incense Burner"],"acts_visited":["Exordium"],"potions_floor_usage":[],"damage_taken":[{"damage":0,"enemies":"Small Slimes","floor":1,"turns":3},{"damage":17,"enemies":"3 Sentries","floor":7,"turns":5},{"damage":6,"enemies":"Gremlin Nob","floor":8,"turns":3},{"damage":1,"enemies":"3 Sentries","floor":10,"turns":2}],"seed_played":"-2034601265046745522","potions_obtained":[{"floor":8,"key":"DuplicationPotion"}],"is_trial":true,"path_per_floor":["M","?","?","?","?","R","E","E","T","E"],"character_chosen":"IRONCLAD","items_purchased":[],"campfire_rested":0,"item_purchase_floors":[],"current_hp_per_floor":[80,85,68,61,61,61,44,38,38,37,37],"gold":169,"neow_bonus":"","is_daily":false,"chose_seed":false,"campfire_upgraded":1,"win_rate":0.0,"timestamp":1611960263,"path_taken":["M","?","?","?","?","R","E","E","T","E"],"items_purchased_type":[],"build_version":"2020-12-22","purchased_purges":0,"victory":false,"max_hp_per_floor":[80,85,85,85,85,85,85,85,85,85,85],"card_choices":[{"not_picked":["Night Terror","Devotion"],"picked":"Die Die Die","floor":7},{"not_picked":["Night Terror","Doppelganger","Die Die Die"],"picked":"SKIP","floor":8}],"player_experience":37310,"relics_obtained":[{"floor":1,"key":"WingedGreaves"},{"floor":7,"key":"Juzu Bracelet"},{"floor":8,"key":"Matryoshka"},{"floor":9,"key":"Omamori"},{"floor":9,"key":"Incense Burner"}],"event_choices":[{"damage_healed":0,"gold_gain":0,"player_choice":"Donut","damage_taken":0,"max_hp_gain":5,"max_hp_loss":0,"event_name":"Big Fish","floor":2,"gold_loss":0},{"damage_healed":0,"gold_gain":0,"player_choice":"Entered Light","damage_taken":17,"max_hp_gain":0,"max_hp_loss":0,"event_name":"Shining Light","floor":3,"gold_loss":0,"cards_upgraded":["Rampage","Rampage"]},{"cards_removed":["Bash"],"damage_healed":0,"gold_gain":0,"player_choice":"Card Removal","damage_taken":7,"max_hp_gain":0,"max_hp_loss":0,"event_name":"Golden Wing","floor":4,"gold_loss":0},{"damage_healed":0,"gold_gain":0,"player_choice":"Grow","damage_taken":0,"max_hp_gain":0,"max_hp_loss":0,"event_name":"Living Wall","floor":5,"gold_loss":0,"cards_upgraded":["Wraith Form v2"]}],"is_beta":false,"boss_relics":[],"items_purged_floors":[],"is_endless":false,"potions_floor_spawned":[8],"killed_by":"3 Sentries","ascension_level":1}}