{"host":"pjgcdp3h1plnbocs","time":1611944854,"event":{"mods":["AchievementEnabler","BaseMod","Colored Map","Downfall","Highlight Path","Minty Spire (QoL Compilation)","StSLib"],"gold_per_floor":[20,20,30,50,1,33,43,74,74,74,74,89,101,134,134,233,233,243,243,18,38,58,84,84,117,141,141,154,173,184,202,202,318,330,355,367,379,401,424,470,482,519,531,574,641,664,686,730,742,754,766,778,180,209,209],"floor_reached":56,"language":"ENG","playtime":2235,"items_purged":["Strike_G","Strike_G"],"score":1614,"play_id":"528ac245-38dd-4297-9236-1b270b83401b","local_time":"20210129192734","is_ascension_mode":true,"campfire_choices":[{"data":"Footwork","floor":10,"key":"SMITH"},{"data":"Cloak And Dagger","floor":15,"key":"SMITH"},{"floor":24,"key":"DIG"},{"floor":32,"key":"DIG"},{"floor":41,"key":"DIG"},{"floor":49,"key":"RECALL"},{"floor":52,"key":"DIG"}],"circlet_count":0,"master_deck":["Strike_G","Strike_G","Strike_G","Defend_G","Defend_G","Defend_G+1","Defend_G","Defend_G+1","Survivor","Neutralize","Storm of Steel+1","Poisoned Stab","Blade Dance+1","Footwork+1","Cloak And Dagger+1","After Image","Cloak And Dagger+1","Blade Dance+1","Backflip","Iron Wave","Accuracy+1","Terror+1","Accuracy","PiercingWail+1","Caltrops+1"],"relics":["Ring of the Snake","MealTicket","Kunai","Ginger","Du-Vu Doll","Black Star","Vajra","Shovel","Tough Bandages","Smiling Mask","Toy Ornithopter","Slimebound:PreparedRelic","Bag of Marbles","MawBank","HoveringKite","TungstenRod","Dream Catcher","Regal Pillow","Happy Flower","Slimebound:StickyStick","Oddly Smooth Stone","Orichalcum","Pen Nib","Anchor","Strawberry","Bottled Tornado","Pear","Bag of Preparation","Cauldron","War Paint","Ornamental Fan"],"acts_visited":["Exordium","TheCity","TheBeyond","TheEnding"],"potions_floor_usage":[8,14,16,18,25,30,33,48,53,55,55,55],"damage_taken":[{"damage":5,"enemies":"2 Louse","floor":1,"turns":3},{"damage":3,"enemies":"Jaw Worm","floor":3,"turns":2},{"damage":0,"enemies":"Cultist","floor":4,"turns":1},{"damage":28,"enemies":"Gremlin Nob","floor":6,"turns":4},{"damage":2,"enemies":"Looter","floor":7,"turns":2},{"damage":16,"enemies":"3 Sentries","floor":8,"turns":8},{"damage":0,"enemies":"2 Fungi Beasts","floor":12,"turns":1},{"damage":3,"enemies":"Red Slaver","floor":13,"turns":3},{"damage":6,"enemies":"Gremlin Nob","floor":14,"turns":3},{"damage":0,"enemies":"Slime Boss","floor":16,"turns":9},{"damage":40,"enemies":"2 Thieves","floor":18,"turns":4},{"damage":0,"enemies":"Spheric Guardian","floor":21,"turns":1},{"damage":14,"enemies":"Snecko","floor":22,"turns":4},{"damage":9,"enemies":"Gremlin Leader","floor":23,"turns":9},{"damage":15,"enemies":"Slavers","floor":25,"turns":5},{"damage":0,"enemies":"3 Cultists","floor":28,"turns":6},{"damage":0,"enemies":"Cultist and Chosen","floor":29,"turns":8},{"damage":0,"enemies":"Snecko","floor":30,"turns":4},{"damage":0,"enemies":"Snake Plant","floor":31,"turns":1},{"damage":4,"enemies":"Champ","floor":33,"turns":8},{"damage":0,"enemies":"3 Darklings","floor":35,"turns":3},{"damage":10,"enemies":"3 Shapes","floor":38,"turns":6},{"damage":0,"enemies":"Sphere and 2 Shapes","floor":39,"turns":2},{"damage":2,"enemies":"Giant Head","floor":40,"turns":7},{"damage":0,"enemies":"Reptomancer","floor":42,"turns":4},{"damage":0,"enemies":"Giant Head","floor":44,"turns":5},{"damage":0,"enemies":"Writhing Mass","floor":46,"turns":5},{"damage":3,"enemies":"Spire Growth","floor":47,"turns":5},{"damage":1,"enemies":"Reptomancer","floor":48,"turns":6},{"damage":0,"enemies":"Awakened One","floor":50,"turns":11},{"damage":29,"enemies":"Shield and Spear","floor":54,"turns":5},{"damage":31,"enemies":"The Heart","floor":55,"turns":8}],"seed_played":"5663084065147777660","potions_obtained":[{"floor":1,"key":"AttackPotion"},{"floor":3,"key":"CunningPotion"},{"floor":16,"key":"AttackPotion"},{"floor":23,"key":"ColorlessPotion"},{"floor":28,"key":"GhostInAJar"},{"floor":30,"key":"SpeedPotion"},{"floor":31,"key":"DistilledChaos"},{"floor":38,"key":"Weak Potion"},{"floor":40,"key":"SpeedPotion"},{"floor":53,"key":"Fruit Juice"},{"floor":53,"key":"Swift Potion"}],"is_trial":false,"path_per_floor":["M","?","M","M","$","E","M","E","T","R","?","M","M","E","R","B",null,"M","?","$","M","M","E","R","E","T","?","M","M","M","M","R","B",null,"M","?","?","M","M","E","R","E","T","E","T","M","M","E","R","B",null,"R","$","E","B",null],"character_chosen":"THE_SILENT","items_purchased":["ColorlessPotion","Vajra","Pear","Bag of Preparation","Cauldron"],"campfire_rested":0,"item_purchase_floors":[5,20,53,53,53],"current_hp_per_floor":[65,65,62,62,62,34,32,16,16,16,16,16,13,7,7,7,70,30,30,45,45,31,22,22,7,7,7,7,7,12,12,12,13,70,70,70,70,60,60,58,58,58,58,58,58,58,55,66,66,66,77,77,92,63,47],"gold":209,"neow_bonus":"THREE_RARE_CARDS","is_daily":false,"chose_seed":false,"campfire_upgraded":2,"win_rate":0.0,"timestamp":1611944854,"path_taken":["M","?","M","M","$","E","M","E","T","R","?","M","?","E","R","BOSS","M","?","$","M","M","E","R","E","T","?","?","M","?","M","R","BOSS","M","?","?","M","?","E","R","E","T","E","?","?","M","E","R","BOSS","R","$","E","BOSS"],"items_purchased_type":["Potion","Relic","Relic","Relic","Relic"],"build_version":"2020-12-22","purchased_purges":2,"victory":true,"max_hp_per_floor":[70,70,70,70,70,70,70,70,70,70,70,70,70,70,70,70,70,70,70,70,70,70,70,70,70,70,70,70,70,70,70,70,70,70,70,70,70,70,70,70,70,70,70,70,70,70,70,77,77,77,77,77,92,92,92],"card_choices":[{"not_picked":["Venomology","Tools of the Trade"],"picked":"Storm of Steel","floor":0},{"not_picked":["All Out Attack","Bouncing Flask"],"picked":"Poisoned Stab","floor":1},{"not_picked":["Dagger Throw","Concentrate"],"picked":"Choke","floor":3},{"not_picked":["Calculated Gamble","Predator","Heel Hook"],"picked":"SKIP","floor":4},{"not_picked":["Acrobatics","Backflip","Dagger Spray"],"picked":"SKIP","floor":6},{"not_picked":["Acrobatics","Backflip","Dagger Spray"],"picked":"SKIP","floor":6},{"not_picked":["Bane","Deflect"],"picked":"Blade Dance","floor":7},{"not_picked":["All Out Attack","Expertise"],"picked":"Footwork","floor":8},{"not_picked":["Infinite Blades","Skewer"],"picked":"Cloak And Dagger","floor":12},{"not_picked":["All Out Attack","Reflex","Deflect"],"picked":"SKIP","floor":13},{"not_picked":["Choke","Deflect","Quick Slash"],"picked":"SKIP","floor":14},{"not_picked":["Envenom","Phantasmal Killer"],"picked":"After Image","floor":16},{"not_picked":["Well Laid Plans","Dodge and Roll"],"picked":"Cloak And Dagger+1","floor":18},{"not_picked":["Bane","Dagger Throw"],"picked":"Blade Dance+1","floor":21},{"not_picked":["All Out Attack","Escape Plan","Caltrops"],"picked":"SKIP","floor":22},{"not_picked":["Quick Slash","Catalyst"],"picked":"Backflip","floor":23},{"not_picked":["Noxious Fumes+1","Flying Knee","Backstab"],"picked":"SKIP","floor":25},{"not_picked":["Bane","Escape Plan","Riddle With Holes"],"picked":"SKIP","floor":28},{"not_picked":["Acrobatics","Bane"],"picked":"Accuracy+1","floor":29},{"not_picked":["Tools of the Trade","Underhanded Strike+1","Backflip"],"picked":"SKIP","floor":30},{"not_picked":["Cloak And Dagger+1","Sucker Punch","Escape Plan"],"picked":"SKIP","floor":31},{"not_picked":["Outmaneuver+1","Dagger Spray","Leg Sweep"],"picked":"SKIP","floor":35},{"not_picked":["Catalyst","Dash","Slice"],"picked":"SKIP","floor":38},{"not_picked":["Reflex+1","Bane","Terror"],"picked":"SKIP","floor":39},{"not_picked":["Reflex","Riddle With Holes+1","Sucker Punch"],"picked":"SKIP","floor":40},{"not_picked":["Dagger Throw","Dagger Spray"],"picked":"Terror+1","floor":42},{"not_picked":["Distraction+1","Underhanded Strike"],"picked":"Accuracy","floor":44},{"not_picked":["Poisoned Stab+1","Skewer"],"picked":"PiercingWail+1","floor":46},{"not_picked":["Footwork","Quick Slash"],"picked":"Caltrops+1","floor":47},{"not_picked":["Dagger Spray+1","Prepared+1","Poisoned Stab+1"],"picked":"SKIP","floor":48},{"not_picked":["Malaise","Outmaneuver+1","Blade Dance"],"picked":"SKIP","floor":54}],"player_experience":213795,"relics_obtained":[{"floor":6,"key":"MealTicket"},{"floor":8,"key":"Kunai"},{"floor":9,"key":"Ginger"},{"floor":14,"key":"Du-Vu Doll"},{"floor":23,"key":"Shovel"},{"floor":23,"key":"Tough Bandages"},{"floor":24,"key":"Smiling Mask"},{"floor":25,"key":"Toy Ornithopter"},{"floor":25,"key":"Slimebound:PreparedRelic"},{"floor":26,"key":"Bag of Marbles"},{"floor":32,"key":"MawBank"},{"floor":40,"key":"TungstenRod"},{"floor":40,"key":"Dream Catcher"},{"floor":41,"key":"Regal Pillow"},{"floor":42,"key":"Happy Flower"},{"floor":42,"key":"Slimebound:StickyStick"},{"floor":44,"key":"Oddly Smooth Stone"},{"floor":44,"key":"Orichalcum"},{"floor":45,"key":"Pen Nib"},{"floor":48,"key":"Anchor"},{"floor":48,"key":"Strawberry"},{"floor":52,"key":"Bottled Tornado"},{"floor":54,"key":"War Paint"},{"floor":54,"key":"Ornamental Fan"}],"event_choices":[{"damage_healed":0,"gold_gain":0,"player_choice":"Grow","damage_taken":0,"max_hp_gain":0,"max_hp_loss":0,"event_name":"Living Wall","floor":2,"gold_loss":0,"cards_upgraded":["Storm of Steel"]},{"damage_healed":0,"gold_gain":0,"player_choice":"Upgraded","damage_taken":0,"max_hp_gain":0,"max_hp_loss":0,"event_name":"Upgrade Shrine","floor":11,"gold_loss":0,"cards_upgraded":["Blade Dance"]},{"damage_healed":0,"gold_gain":0,"player_choice":"Ignored","damage_taken":0,"max_hp_gain":0,"max_hp_loss":0,"event_name":"Vampires","floor":19,"gold_loss":0},{"cards_removed":["Choke"],"damage_healed":0,"gold_gain":0,"player_choice":"Took Card","damage_taken":0,"max_hp_gain":0,"max_hp_loss":0,"event_name":"NoteForYourself","floor":27,"gold_loss":0,"cards_obtained":["Iron Wave"]},{"damage_healed":0,"gold_gain":0,"player_choice":"Ignored","damage_taken":0,"max_hp_gain":0,"max_hp_loss":0,"event_name":"Tomb of Lord Red Mask","floor":36,"gold_loss":0},{"damage_healed":0,"gold_gain":0,"player_choice":"Ignored","damage_taken":0,"max_hp_gain":0,"max_hp_loss":0,"event_name":"SecretPortal","floor":37,"gold_loss":0}],"is_beta":false,"boss_relics":[{"not_picked":["SlaversCollar","Velvet Choker"],"picked":"Black Star"},{"not_picked":["Tiny House","Runic Dome"],"picked":"HoveringKite"}],"items_purged_floors":[20,53],"is_endless":false,"potions_floor_spawned":[1,3,6,16,23,28,30,31,38,40,46,54],"ascension_level":1}}