{"host":"cgwysqtmt736mr58","time":1611907208,"event":{"mods":["2.2 Compatiblity","Aspiration","BaseMod","Beaked The Cultist","BetterRewards","Colored Map","Colored Powertips","Downfall","Duelist Mod","GifTheSpireLib","Googly Eyes","Halation","Hermit","Hubris","Infinite Spire","Lobotomy","LobotomyExtend","Marisa????????","Minty Spire (QoL Compilation)","Relic Stats","Replay The Spire","Shade Mod","StSLib","The Construct","The Cursed","The Disciple","The Exalted","The Jungle","The Necromancer","The Runesmith","The Wild Card","Waifu the Spire","Yuri Mod"],"gold_per_floor":[99,117,20,39,49,49,49,49,77,77,105,116,116,116,128,231,231,131,141,158,368,368,368,368,268,280,315,315,215,8,20,38,143,143,143,157,170,181,201,14,41,61,10,10,60,78,78,78,88,88,88,88,123,25,25,25,25],"floor_reached":58,"language":"ENG","playtime":3084,"items_purged":[],"score":1531,"play_id":"e7f9a38e-97ce-4dae-a48a-3c86e679ea23","local_time":"20210129190008","is_ascension_mode":true,"campfire_choices":[{"floor":1,"key":"DIG"},{"floor":6,"key":"REST"},{"data":"bronze:InfiniteBeams","floor":8,"key":"SMITH"},{"floor":18,"key":"DIG"},{"floor":25,"key":"RECALL"},{"data":"infinitespire:Execution","floor":29,"key":"SMITH"},{"floor":47,"key":"REST"},{"data":"bronze:Library","floor":55,"key":"SMITH"}],"circlet_count":0,"master_deck":["bronze:Strike","bronze:Strike","bronze:Strike+1","bronze:Strike","bronze:Defend","bronze:Defend","bronze:Defend","bronze:Defend","bronze:Replicate","bronze:Goto","bronze:MaxOutput+1","bronze:FineTuning","bronze:InfiniteBeams+1","bronze:Iterate","bronze:ChosenStrike","bronze:Branch","bronze:Repair","bronze:AlphaBuild","bronze:HardenedForm","Doubt","Clumsy","hubris:Wrath","ReplayTheSpireMod:Splinters","bronze:Separator","infinitespire:Execution+1","bronze:OilSpill+1","bronze:DelayedSlice","bronze:GetLatest","bronze:Library+1","bronze:Break","bronze:DelayedSlice+1","bronze:Iterate+1","bronze:BronzeOrb","bronze:Mutator","bronze:ItsAFeature","infinitespire:Starlight","hubris:Fate","bronze:WhirlingStrike+1","bronze:Shell+1","bronze:Goto","Burst"],"relics":["bronze:BronzeCore","bronze:BronzeIdol","LetterFromLob","Akabeko","bronze:ProtectiveGoggles","halation:BottledLove","bronze:BottledCode","Replay:Ancient Bell","Bromod:ArcaneTempo","Runesmith:Nanobots","Ginger","downfall:HeartBlessingGreen","Orichalcum","Gambling Chip","ChewingGum","Bromod:ArcaneGuardian","downfall:HeartBlessingBlue","Anchor","downfall:HeartBlessingRed","Toy Ornithopter","construct:ClawGrip","aspiration:Nostalgia","m_TsuchinokoRing","aspiration:VileToxins","Pen Nib","Happy Flower","Tiny House","Bromod:ArcanePistoleer","Centennial Puzzle"],"acts_visited":["Exordium","TheCity","TheBeyond","TheEnding"],"potions_floor_usage":[3,16,30,33,33,40,50,50,50,56,57],"damage_taken":[{"damage":13,"enemies":"Jaw Worm","floor":2,"turns":4},{"damage":0,"enemies":"downfall:FleeingMerchant","floor":3,"turns":4},{"damage":6,"enemies":"Small Slimes","floor":4,"turns":5},{"damage":7,"enemies":"2 Louse","floor":5,"turns":3},{"damage":20,"enemies":"Lagavulin","floor":9,"turns":6},{"damage":9,"enemies":"3 Sentries","floor":11,"turns":5},{"damage":8,"enemies":"Blue Slaver","floor":12,"turns":3},{"damage":3,"enemies":"3 Louse","floor":15,"turns":3},{"damage":29,"enemies":"WA_ARCHETYPE_RETAIN","floor":16,"turns":7},{"damage":11,"enemies":"3 Byrds","floor":19,"turns":6},{"damage":0,"enemies":"Spheric Guardian","floor":20,"turns":3},{"damage":27,"enemies":"Centurion and Healer","floor":26,"turns":5},{"damage":4,"enemies":"Gremlin Leader","floor":27,"turns":4},{"damage":7,"enemies":"downfall:FleeingMerchant","floor":30,"turns":4},{"damage":0,"enemies":"Cultist and Chosen","floor":31,"turns":1},{"damage":0,"enemies":"Snecko","floor":32,"turns":2},{"damage":13,"enemies":"SI_MIRROR_ARCHETYPE","floor":33,"turns":5},{"damage":0,"enemies":"3 Shapes","floor":36,"turns":1},{"damage":3,"enemies":"3 Darklings","floor":37,"turns":3},{"damage":27,"enemies":"Writhing Mass","floor":38,"turns":3},{"damage":27,"enemies":"Spire Growth","floor":39,"turns":3},{"damage":0,"enemies":"downfall:FleeingMerchant","floor":40,"turns":3},{"damage":0,"enemies":"Transient","floor":42,"turns":5},{"damage":2,"enemies":"Maw","floor":46,"turns":3},{"damage":0,"enemies":"Spire Growth","floor":49,"turns":1},{"damage":35,"enemies":"IC_BLOCK_ARCHETYPE","floor":50,"turns":7},{"damage":4,"enemies":"downfall:CharBossMerchant","floor":53,"turns":5},{"damage":5,"enemies":"downfall:NeowBoss","floor":56,"turns":9},{"damage":23,"enemies":"downfall:NeowBossFinal","floor":57,"turns":5}],"seed_played":"3425282316316676503","potions_obtained":[{"floor":2,"key":"hexamod:SoulburnPotion"},{"floor":11,"key":"Swift Potion"},{"floor":12,"key":"PowerPotion"},{"floor":20,"key":"Flashbang"},{"floor":32,"key":"FearPotion"},{"floor":33,"key":"EssenceOfSteel"},{"floor":39,"key":"Dexterity Potion"},{"floor":46,"key":"Regen Potion"},{"floor":49,"key":"FearPotion"}],"is_trial":false,"path_per_floor":["R_BF","M","$","M","M","R","T","R","E","?","E","M","?","?","M","B",null,"R_BF","M","M","?","?","AVR","T","R","M","E","?","R","$","M","M","B",null,"R_BF","M","M","M","M","$","T","M","$","?","AVR","M","R","?","M","B",null,null,"E","$","R","B","B",null],"character_chosen":"THE_AUTOMATON","items_purchased":["bronze:InfiniteBeams","Toy Ornithopter","AttackPotion","bronze:ItsAFeature","aspiration:Nostalgia","aspiration:VileToxins","Pen Nib","ColorlessPotion","Adrenaline Potion","SpeedPotion"],"campfire_rested":2,"item_purchase_floors":[3,30,30,40,40,40,40,43,54,54],"current_hp_per_floor":[70,57,57,51,44,67,67,67,47,47,38,30,30,30,35,13,54,54,50,57,57,57,57,57,67,48,51,51,51,51,51,51,55,72,72,77,77,50,30,35,35,35,35,35,40,48,72,72,72,64,64,78,82,82,82,82,69],"gold":25,"neow_bonus":"TEN_PERCENT_HP_BONUS","is_daily":false,"chose_seed":false,"campfire_upgraded":3,"win_rate":0.0,"timestamp":1611907208,"path_taken":["R_BF","M","$","M","M","R","T","R","E","?","E","M","?","?","M","BOSS","R_BF","M","M","?","?","AVR","T","R","M","E","?","R","$","M","M","BOSS","R_BF","M","M","M","?","$","T","M","$","?","AVR","M","R","?","M","BOSS","E","$","R","BOSS","BOSS"],"items_purchased_type":["Card","Relic","Potion","Card","Relic","Relic","Relic","Potion","Potion","Potion"],"build_version":"2020-12-22","purchased_purges":0,"victory":true,"max_hp_per_floor":[77,77,77,77,77,77,77,77,77,77,77,77,77,67,67,67,67,67,67,67,67,67,67,67,77,77,77,77,77,77,77,77,77,77,77,77,77,77,77,77,77,77,77,77,82,82,82,82,82,82,82,82,82,82,82,82,82],"relic_stats":{"Centennial Puzzle":[6],"Happy Flower":[11],"counters":[29,118],"Gambling Chip":[26],"Pen Nib":[12],"Ginger":[40],"Orichalcum":[54],"obtain_stats":[{"bronze:BronzeCore":0,"Tiny House":45,"downfall:HeartBlessingGreen":18,"Bromod:ArcanePistoleer":45,"Ginger":17,"Centennial Puzzle":53,"downfall:BrokenWingStatue":10,"m_TsuchinokoRing":40,"downfall:HeartBlessingBlue":25,"Gambling Chip":22,"Bromod:ArcaneTempo":17,"Bromod:ArcaneGuardian":23,"aspiration:VileToxins":40,"Runesmith:Nanobots":17,"construct:ClawGrip":34,"downfall:HeartBlessingRed":29,"Happy Flower":41,"halation:BottledLove":11,"aspiration:Nostalgia":40,"Pen Nib":40,"Replay:Ancient Bell":17,"Orichalcum":18,"Akabeko":7,"bronze:BronzeIdol":1,"bronze:BottledCode":14,"Anchor":27,"bronze:ProtectiveGoggles":9,"ChewingGum":23,"LetterFromLob":2,"Toy Ornithopter":30},{"bronze:BronzeCore":0,"Tiny House":23,"downfall:HeartBlessingGreen":9,"Bromod:ArcanePistoleer":23,"Ginger":9,"Centennial Puzzle":27,"downfall:BrokenWingStatue":5,"m_TsuchinokoRing":22,"downfall:HeartBlessingBlue":11,"Gambling Chip":11,"Bromod:ArcaneTempo":9,"Bromod:ArcaneGuardian":11,"aspiration:VileToxins":22,"Runesmith:Nanobots":9,"construct:ClawGrip":17,"downfall:HeartBlessingRed":13,"Happy Flower":22,"halation:BottledLove":6,"aspiration:Nostalgia":22,"Pen Nib":22,"Replay:Ancient Bell":9,"Orichalcum":9,"Akabeko":4,"bronze:BronzeIdol":0,"bronze:BottledCode":7,"Anchor":13,"bronze:ProtectiveGoggles":5,"ChewingGum":11,"LetterFromLob":1,"Toy Ornithopter":14},{"bronze:BronzeCore":0,"Tiny House":88,"downfall:HeartBlessingGreen":40,"Bromod:ArcanePistoleer":88,"Ginger":40,"Centennial Puzzle":104,"downfall:BrokenWingStatue":22,"m_TsuchinokoRing":83,"downfall:HeartBlessingBlue":49,"Gambling Chip":49,"Bromod:ArcaneTempo":40,"Bromod:ArcaneGuardian":49,"aspiration:VileToxins":83,"Runesmith:Nanobots":40,"construct:ClawGrip":70,"downfall:HeartBlessingRed":58,"Happy Flower":83,"halation:BottledLove":27,"aspiration:Nostalgia":83,"Pen Nib":83,"Replay:Ancient Bell":40,"Orichalcum":40,"Akabeko":16,"bronze:BronzeIdol":0,"bronze:BottledCode":30,"Anchor":58,"bronze:ProtectiveGoggles":22,"ChewingGum":49,"LetterFromLob":4,"Toy Ornithopter":62}],"Toy Ornithopter":33},"card_choices":[{"not_picked":["bronze:Invalidate","bronze:BuggyMess"],"picked":"bronze:MaxOutput","floor":2},{"not_picked":["bronze:Invalidate","bronze:Allocate"],"picked":"bronze:FineTuning","floor":3},{"not_picked":["bronze:FollowUp","bronze:WhirlingStrike"],"picked":"bronze:Iterate","floor":4},{"not_picked":["bronze:Invalidate","bronze:Shield"],"picked":"bronze:ChosenStrike","floor":5},{"not_picked":["bronze:WildBeam","bronze:Shield"],"picked":"bronze:Branch","floor":9},{"not_picked":["bronze:Allocate","bronze:DelayedGuard"],"picked":"bronze:Repair","floor":11},{"not_picked":["bronze:BitShift","bronze:CutThrough","bronze:Return"],"picked":"SKIP","floor":12},{"not_picked":["bronze:BronzeOrb","bronze:Refactor"],"picked":"bronze:AlphaBuild","floor":15},{"not_picked":["bronze:Format","bronze:InfiniteLoop"],"picked":"bronze:HardenedForm","floor":16},{"not_picked":["ReplayTheSpireMod:Restless Dread","Hallucinations"],"picked":"Doubt","floor":17},{"not_picked":["ReplayTheSpireMod:Doomed","hubris:Despair"],"picked":"Clumsy","floor":17},{"not_picked":["theDuelist:GravekeeperCurse","Spreading Infection"],"picked":"hubris:Wrath","floor":17},{"not_picked":["bronze:DelayedGuard","bronze:NullPointer","bronze:ForLoop"],"picked":"SKIP","floor":19},{"not_picked":["bronze:Return","bronze:FineTuning"],"picked":"bronze:Verify","floor":20},{"not_picked":["bronze:Deprecate","bronze:MaxOutput"],"picked":"bronze:Separator","floor":21},{"not_picked":["bronze:WhirlingStrike","bronze:BronzeArmor"],"picked":"bronze:OilSpill+1","floor":26},{"not_picked":["bronze:NullPointer","bronze:Terminator"],"picked":"bronze:DelayedSlice","floor":27},{"not_picked":["bronze:WhirlingStrike","bronze:BronzeArmor+1"],"picked":"bronze:GetLatest","floor":30},{"not_picked":["bronze:OilSpill+1","bronze:Iterate"],"picked":"bronze:Library","floor":31},{"not_picked":["bronze:ChosenStrike","bronze:Separator","bronze:Shield"],"picked":"SKIP","floor":32},{"not_picked":["bronze:BurnOut","bronze:HardenedForm"],"picked":"bronze:Break","floor":33},{"not_picked":["bronze:BugBarrage","bronze:BitShift","bronze:CutThrough"],"picked":"SKIP","floor":36},{"not_picked":["bronze:ChildClass","bronze:Philosophize+1"],"picked":"bronze:DelayedSlice+1","floor":37},{"not_picked":["bronze:BugBarrage","bronze:ForceShield"],"picked":"bronze:Iterate+1","floor":38},{"not_picked":["bronze:Safeguard","bronze:WildBeam+1"],"picked":"bronze:BronzeOrb","floor":39},{"not_picked":["bronze:Terminator+1","bronze:ForLoop+1"],"picked":"bronze:Mutator","floor":40},{"not_picked":["bronze:BronzeArmor","bronze:DelayedSlice+1","bronze:BitShift+1"],"picked":"SKIP","floor":42},{"not_picked":["bronze:Invalidate","Dagger Spray+1"],"picked":"bronze:WhirlingStrike+1","floor":45},{"not_picked":["bronze:Deprecate","bronze:Turbo+1"],"picked":"bronze:Shell+1","floor":46},{"not_picked":["bronze:Deprecate","bronze:BronzeArmor+1"],"picked":"Burst","floor":49},{"not_picked":["bronze:Overload","bronze:Safeguard","bronze:Fortify"],"picked":"SKIP","floor":53}],"player_experience":1068246,"relics_obtained":[{"floor":1,"key":"bronze:BronzeIdol"},{"floor":2,"key":"LetterFromLob"},{"floor":7,"key":"Akabeko"},{"floor":9,"key":"bronze:ProtectiveGoggles"},{"floor":11,"key":"halation:BottledLove"},{"floor":18,"key":"Orichalcum"},{"floor":27,"key":"Anchor"},{"floor":41,"key":"Happy Flower"},{"floor":53,"key":"Centennial Puzzle"}],"event_choices":[{"damage_healed":0,"gold_gain":0,"player_choice":"Ignored","damage_taken":0,"max_hp_gain":0,"max_hp_loss":0,"event_name":"Vampires","floor":28,"gold_loss":0},{"cards_removed":["bronze:Verify"],"damage_healed":0,"gold_gain":0,"player_choice":"Removed Power","damage_taken":0,"max_hp_gain":0,"max_hp_loss":0,"event_name":"Falling","floor":44,"gold_loss":0}],"is_beta":false,"boss_relics":[{"not_picked":["beaked:MawFillet","halation:SmartPhone"],"picked":"Replay:Ancient Bell"},{"not_picked":["ReplayTheSpireMod:Lightbulb","Bromod:ArcaneNullifier"],"picked":"Bromod:ArcaneTempo"},{"not_picked":["Replay:Ringing Soul","InkBottle"],"picked":"Runesmith:Nanobots"},{"not_picked":["hubris:MedicalManual","Old Coin"],"picked":"Ginger"},{"not_picked":["Replay:Wanted Poster","Astrolabe"],"picked":"construct:ClawGrip"}],"items_purged_floors":[],"is_endless":false,"potions_floor_spawned":[2,11,12,20,32,33,39,46,49],"ascension_level":6}}