{"host":"2se5dq1do2gp0x9k","time":1611890491,"event":{"mods":["AchievementEnabler","BaseMod","Block Reminder","Colored Map","Colored Powertips","Minty Spire (QoL Compilation)","Relic Stats","StSLib","SuperFastMode"],"gold_per_floor":[109,129,26,101,101,133,133,143,143,174,193,36,71,86,86,160,160,172,172,72,98,98,98,98,433,433,451,485,502,502,209,209,284,284,304,359,359,375,385,413,430,430,457,477,489,148,148,174,174,174,174,174],"floor_reached":51,"language":"ENG","playtime":3000,"items_purged":["Pain","Strike_B","Strike_B","Defend_B"],"score":1626,"play_id":"07e511be-1d3e-45bd-accb-017c71ff15bb","local_time":"20210128192131","is_ascension_mode":true,"campfire_choices":[{"data":"Hologram","floor":7.0,"key":"SMITH"},{"data":"Recycle","floor":15.0,"key":"SMITH"},{"data":"Double Energy","floor":23.0,"key":"SMITH"},{"data":"Zap","floor":30.0,"key":"SMITH"},{"floor":32.0,"key":"REST"},{"floor":42.0,"key":"RECALL"},{"data":"Double Energy","floor":47.0,"key":"SMITH"},{"data":"Biased Cognition","floor":49.0,"key":"SMITH"}],"circlet_count":0,"master_deck":["AscendersBane","Defend_B","Defend_B","Zap+1","Dualcast","Undo","Cold Snap","Skim+1","Turbo","Hologram+1","Compile Driver","Core Surge","Self Repair","Ball Lightning","Steam","Double Energy+1","Recycle+1","Biased Cognition+1","Hologram+1","Discovery","Beam Cell","Compile Driver","Gash","Beam Cell","Go for the Eyes","Double Energy+1","Recycle+1","Gash","Reboot","Beam Cell","White Noise","Defragment","BootSequence","Gash","Echo Form","Stack+1","Capacitor","Master of Strategy+1","Conserve Battery+1"],"relics":["Cracked Core","NeowsBlessing","WarpedTongs","Lizard Tail","Pear","Akabeko","Unceasing Top","Sozu","Red Mask","Old Coin","Mummified Hand","Ginger","Orrery","Nuclear Battery","Dead Branch","Bottled Tornado","Membership Card","War Paint"],"acts_visited":["Exordium","TheCity","TheBeyond"],"potions_floor_usage":[],"damage_taken":[{"damage":0.0,"enemies":"Small Slimes","floor":1.0,"turns":1.0},{"damage":0.0,"enemies":"Jaw Worm","floor":2.0,"turns":1.0},{"damage":1.0,"enemies":"3 Sentries","floor":6.0,"turns":2.0},{"damage":12.0,"enemies":"Cultist","floor":8.0,"turns":4.0},{"damage":32.0,"enemies":"Gremlin Nob","floor":10.0,"turns":4.0},{"damage":13.0,"enemies":"Exordium Thugs","floor":11.0,"turns":7.0},{"damage":16.0,"enemies":"3 Sentries","floor":13.0,"turns":7.0},{"damage":0.0,"enemies":"Large Slime","floor":14.0,"turns":4.0},{"damage":15.0,"enemies":"The Guardian","floor":16.0,"turns":12.0},{"damage":34.0,"enemies":"3 Byrds","floor":18.0,"turns":5.0},{"damage":0.0,"enemies":"Masked Bandits","floor":21.0,"turns":4.0},{"damage":7.0,"enemies":"Slavers","floor":25.0,"turns":5.0},{"damage":1.0,"enemies":"2 Thieves","floor":27.0,"turns":4.0},{"damage":57.0,"enemies":"Gremlin Leader","floor":28.0,"turns":8.0},{"damage":8.0,"enemies":"3 Cultists","floor":29.0,"turns":5.0},{"damage":19.0,"enemies":"Champ","floor":33.0,"turns":8.0},{"damage":0.0,"enemies":"Orb Walker","floor":35.0,"turns":2.0},{"damage":13.0,"enemies":"2 Orb Walkers","floor":36.0,"turns":4.0},{"damage":14.0,"enemies":"3 Darklings","floor":38.0,"turns":4.0},{"damage":0.0,"enemies":"Spire Growth","floor":39.0,"turns":3.0},{"damage":4.0,"enemies":"Nemesis","floor":40.0,"turns":5.0},{"damage":0.0,"enemies":"Jaw Worm Horde","floor":41.0,"turns":2.0},{"damage":0.0,"enemies":"3 Darklings","floor":44.0,"turns":2.0},{"damage":16.0,"enemies":"4 Shapes","floor":45.0,"turns":2.0},{"damage":0.0,"enemies":"Reptomancer","floor":48.0,"turns":2.0},{"damage":59.0,"enemies":"Time Eater","floor":50.0,"turns":8.0},{"damage":34,"enemies":"Awakened One","floor":51,"turns":7}],"seed_played":"7532537777604481247","potions_obtained":[{"floor":2.0,"key":"FocusPotion"},{"floor":8.0,"key":"LiquidBronze"},{"floor":13.0,"key":"Fruit Juice"},{"floor":16.0,"key":"FairyPotion"}],"is_trial":false,"path_per_floor":["M","M","$","?","?","E","R","M","T","E","M","$","E","M","R","B",null,"M","?","$","?","?","R","?","E","T","M","E","M","R","$","R","B",null,"M","?","?","M","M","E","M","R","T","M","M","$","R","E","R","B","B"],"character_chosen":"DEFECT","items_purchased":["Skim","Turbo","Ball Lightning","Steam","Orrery","Membership Card","Master of Strategy"],"campfire_rested":1,"item_purchase_floors":[3,3,12,12,31,46,46],"current_hp_per_floor":[64,64,64,53,53,52,52,40,50,18,5,5,40,47,47,44,76,49,37,37,44,44,44,44,47,47,46,35,34,34,34,59,47,76,76,70,70,63,73,76,83,83,83,86,77,77,77,84,84,32,0,0],"gold":174,"neow_bonus":"THREE_ENEMY_KILL","is_daily":false,"chose_seed":false,"campfire_upgraded":6,"win_rate":0.0,"timestamp":1611890491,"path_taken":["M","M","$","?","?","E","R","M","T","E","M","$","E","M","R","BOSS","M","?","?","?","?","R","?","E","T","M","E","M","R","$","R","BOSS","M","?","?","M","M","E","M","R","T","M","M","$","R","E","R","BOSS","BOSS"],"items_purchased_type":["Card","Card","Card","Card","Relic","Relic","Card"],"build_version":"2020-12-22","purchased_purges":4,"victory":false,"max_hp_per_floor":[71,71,71,71,71,71,71,71,81,81,81,81,81,81,81,86,86,86,86,86,86,86,86,86,86,86,86,86,86,86,86,86,86,86,86,86,86,86,86,86,86,86,86,86,86,86,86,86,86,86,86,86],"relic_stats":{"Sozu":9,"Lizard Tail":40,"counters":[27,122],"Mummified Hand":[52],"Dead Branch":[77],"Ginger":[4],"War Paint":["Master of Strategy","Skim"],"obtain_stats":[{"Pear":9,"NeowsBlessing":0,"Dead Branch":36,"Ginger":28,"Bottled Tornado":40,"War Paint":48,"Akabeko":10,"WarpedTongs":5,"Old Coin":25,"Nuclear Battery":34,"Sozu":17,"Lizard Tail":6,"Mummified Hand":26,"Orrery":31,"Red Mask":21,"Membership Card":46,"Cracked Core":0,"Unceasing Top":13},{"Pear":4,"NeowsBlessing":0,"Dead Branch":18,"Ginger":14,"Bottled Tornado":21,"War Paint":25,"Akabeko":5,"WarpedTongs":2,"Old Coin":12,"Nuclear Battery":16,"Sozu":9,"Lizard Tail":3,"Mummified Hand":12,"Orrery":15,"Red Mask":11,"Membership Card":24,"Cracked Core":0,"Unceasing Top":7},{"Pear":8,"NeowsBlessing":0,"Dead Branch":87,"Ginger":68,"Bottled Tornado":99,"War Paint":107,"Akabeko":12,"WarpedTongs":2,"Old Coin":56,"Nuclear Battery":81,"Sozu":42,"Lizard Tail":4,"Mummified Hand":56,"Orrery":73,"Red Mask":51,"Membership Card":105,"Cracked Core":0,"Unceasing Top":26}],"Unceasing Top":[178],"WarpedTongs":[120]},"card_choices":[{"not_picked":["Rebound","Recycle"],"picked":"Undo","floor":1.0},{"not_picked":["Force Field","Rebound"],"picked":"Cold Snap","floor":2.0},{"not_picked":["Undo","Sweeping Beam"],"picked":"Hologram","floor":6.0},{"not_picked":["FTL","Conserve Battery"],"picked":"Compile Driver","floor":8.0},{"not_picked":["Genetic Algorithm","Beam Cell"],"picked":"Core Surge","floor":10.0},{"not_picked":["Storm","Stack"],"picked":"Self Repair","floor":11.0},{"not_picked":["Coolheaded","Static Discharge"],"picked":"Double Energy","floor":13.0},{"not_picked":["Reprogram","Cold Snap"],"picked":"Recycle","floor":14.0},{"not_picked":["Buffer","Thunder Strike"],"picked":"Biased Cognition","floor":16.0},{"not_picked":["Ball Lightning","Static Discharge"],"picked":"Hologram+1","floor":18.0},{"not_picked":["Static Discharge","Reprogram"],"picked":"Beam Cell","floor":21.0},{"not_picked":["Streamline","Force Field","Capacitor"],"picked":"SKIP","floor":25.0},{"not_picked":["Coolheaded","Hologram","Steam Power"],"picked":"SKIP","floor":27.0},{"not_picked":["Storm","Skim"],"picked":"Beam Cell","floor":28.0},{"not_picked":["Machine Learning","Streamline"],"picked":"Go for the Eyes","floor":29.0},{"not_picked":["Leap","Sweeping Beam+1"],"picked":"Double Energy","floor":31.0},{"not_picked":["Ball Lightning","Tempest"],"picked":"Recycle+1","floor":31.0},{"not_picked":["Hologram","Sunder"],"picked":"Gash","floor":31.0},{"not_picked":["Rainbow","Multi-Cast"],"picked":"Reboot","floor":33.0},{"not_picked":["Hello World","Conserve Battery"],"picked":"Beam Cell","floor":35.0},{"not_picked":["Chaos","Barrage"],"picked":"White Noise","floor":36.0},{"not_picked":["Sunder","Ball Lightning+1"],"picked":"Defragment","floor":38.0},{"not_picked":["Steam Power","Steam"],"picked":"BootSequence","floor":39.0},{"not_picked":["Steam","Turbo+1"],"picked":"Gash","floor":40.0},{"not_picked":["Compile Driver","Rip and Tear+1"],"picked":"Echo Form","floor":41.0},{"not_picked":["Conserve Battery+1","Chill"],"picked":"Stack+1","floor":44.0},{"not_picked":["Conserve Battery","Rip and Tear+1"],"picked":"Capacitor","floor":45.0},{"not_picked":["Hologram","Compile Driver"],"picked":"Conserve Battery+1","floor":48.0}],"player_experience":3960827,"relics_obtained":[{"floor":6.0,"key":"Lizard Tail"},{"floor":9.0,"key":"Pear"},{"floor":10.0,"key":"Akabeko"},{"floor":13.0,"key":"Unceasing Top"},{"floor":21.0,"key":"Red Mask"},{"floor":25.0,"key":"Old Coin"},{"floor":26.0,"key":"Mummified Hand"},{"floor":28.0,"key":"Ginger"},{"floor":36.0,"key":"Dead Branch"},{"floor":40.0,"key":"Bottled Tornado"},{"floor":48.0,"key":"War Paint"}],"event_choices":[{"damage_healed":0.0,"max_hp_gain":0.0,"max_hp_loss":0.0,"gold_gain":75.0,"event_name":"World of Goop","player_choice":"Gather Gold","floor":4.0,"gold_loss":0.0,"damage_taken":11.0},{"damage_healed":0.0,"max_hp_gain":0.0,"max_hp_loss":0.0,"gold_gain":0.0,"event_name":"Accursed Blacksmith","player_choice":"Rummage","floor":5.0,"gold_loss":0.0,"damage_taken":0.0,"relics_obtained":["WarpedTongs"],"cards_obtained":["Pain"]},{"damage_healed":0.0,"max_hp_gain":0.0,"max_hp_loss":0.0,"gold_gain":0.0,"event_name":"Knowing Skull","player_choice":"CARD ","floor":19.0,"potions_obtained":[],"gold_loss":0.0,"damage_taken":12.0,"cards_obtained":["Discovery"]},{"damage_healed":0.0,"max_hp_gain":0.0,"max_hp_loss":0.0,"gold_gain":0.0,"event_name":"Masked Bandits","player_choice":"Fought Bandits","floor":21.0,"gold_loss":0.0,"damage_taken":0.0},{"damage_healed":0.0,"max_hp_gain":0.0,"max_hp_loss":0.0,"gold_gain":0.0,"event_name":"The Mausoleum","player_choice":"Ignored","floor":22.0,"gold_loss":0.0,"damage_taken":0.0},{"damage_healed":0.0,"max_hp_gain":0.0,"max_hp_loss":0.0,"gold_gain":0.0,"cards_transformed":["Strike_B","Strike_B"],"event_name":"Drug Dealer","player_choice":"Became Test Subject","floor":24.0,"gold_loss":0.0,"damage_taken":0.0,"cards_obtained":["Compile Driver","Gash"]},{"damage_healed":0.0,"max_hp_gain":0.0,"max_hp_loss":0.0,"gold_gain":0.0,"event_name":"Mysterious Sphere","player_choice":"Fight","floor":36.0,"gold_loss":0.0,"damage_taken":0.0},{"cards_removed":["Defend_B"],"damage_healed":0.0,"max_hp_gain":0.0,"max_hp_loss":0.0,"gold_gain":0.0,"event_name":"Falling","player_choice":"Removed Skill","floor":37.0,"gold_loss":0.0,"damage_taken":0.0}],"is_beta":false,"boss_relics":[{"not_picked":["Coffee Dripper","Ectoplasm"],"picked":"Sozu"},{"not_picked":["Tiny House","SlaversCollar"],"picked":"Nuclear Battery"}],"items_purged_floors":[12,20,31,46],"is_endless":false,"potions_floor_spawned":[2,8,13,14,16,18,21,27,28,38,40,41,45,48],"killed_by":"Awakened One","ascension_level":20}}