{"host":"8is2j71l4wmybkoi","time":1611925824,"event":{"mods":["AchievementEnabler","BaseMod","Colored Map","Minty Spire (QoL Compilation)","Rare Cards Sparkle","StSLib","SuperFastMode"],"gold_per_floor":[116,133,146,146,163,163,163,163,163,178,178,207,220,220,220,323,323,335,345,345,86,86,86,86,116,116,128,208,208,57,69,69,169,169,186,231,231,244,244,244,273,293,318,318,348,348,381,399,399,399,399,399,25,57,57],"floor_reached":56,"language":"KOR","playtime":2270,"items_purged":["Writhe","Defend_B"],"score":1892,"play_id":"82c84db4-1c5b-4333-b4fa-f5590c0d5d28","local_time":"20210129221024","is_ascension_mode":true,"campfire_choices":[{"data":"Defragment","floor":6.0,"key":"SMITH"},{"data":"Defragment","floor":15.0,"key":"SMITH"},{"data":"Zap","floor":23,"key":"SMITH"},{"data":"Skim","floor":29,"key":"SMITH"},{"data":"Dualcast","floor":32,"key":"SMITH"},{"floor":40,"key":"RECALL"},{"floor":49,"key":"REST"},{"floor":52,"key":"REST"}],"circlet_count":0,"master_deck":["AscendersBane","Strike_B","Strike_B","Defend_B","Defend_B","Defend_B","Zap+1","Dualcast+1","Cold Snap","Core Surge","Defragment+1","Conserve Battery","Compile Driver","Defragment+1","Echo Form","Chill","Sweeping Beam+1","Skim+1","Gash","Glacier","Redo+1","Meteor Strike","Rebound+1","Coolheaded","Recycle+1","White Noise+1","Coolheaded+1","Echo Form","Reboot"],"relics":["Cracked Core","InkBottle","Bronze Scales","Lizard Tail","Sundial","Runic Pyramid","Shuriken","Centennial Puzzle","Du-Vu Doll","Mummified Hand","Runic Capacitor","Fusion Hammer","Unceasing Top","Pear","Meat on the Bone","Omamori","Emotion Chip","Singing Bowl","TheAbacus","Happy Flower"],"acts_visited":["Exordium","TheCity","TheBeyond","TheEnding"],"potions_floor_usage":[16,25,31,35,36,47,47,55,55,55],"damage_taken":[{"damage":1.0,"enemies":"Cultist","floor":1.0,"turns":3.0},{"damage":8.0,"enemies":"Small Slimes","floor":2.0,"turns":3.0},{"damage":2.0,"enemies":"2 Louse","floor":3.0,"turns":2.0},{"damage":5.0,"enemies":"Exordium Wildlife","floor":5.0,"turns":3.0},{"damage":0.0,"enemies":"Looter","floor":10.0,"turns":2.0},{"damage":11.0,"enemies":"Lagavulin","floor":12.0,"turns":5.0},{"damage":0.0,"enemies":"Large Slime","floor":13.0,"turns":5.0},{"damage":15,"enemies":"The Guardian","floor":16,"turns":9},{"damage":23,"enemies":"Shell Parasite","floor":18,"turns":6},{"damage":7,"enemies":"Chosen","floor":19,"turns":5},{"damage":12,"enemies":"Gremlin Leader","floor":25,"turns":6},{"damage":3,"enemies":"Snecko","floor":27,"turns":6},{"damage":2,"enemies":"3 Cultists","floor":31,"turns":5},{"damage":9,"enemies":"Automaton","floor":33,"turns":8},{"damage":0,"enemies":"3 Shapes","floor":35,"turns":3},{"damage":14,"enemies":"2 Orb Walkers","floor":36,"turns":4},{"damage":0,"enemies":"3 Darklings","floor":38,"turns":4},{"damage":3,"enemies":"Giant Head","floor":41,"turns":9},{"damage":0,"enemies":"Jaw Worm Horde","floor":42,"turns":4},{"damage":0,"enemies":"Nemesis","floor":45,"turns":7},{"damage":4,"enemies":"Reptomancer","floor":47,"turns":4},{"damage":27,"enemies":"Transient","floor":48,"turns":5},{"damage":0,"enemies":"Donu and Deca","floor":50,"turns":6},{"damage":29,"enemies":"Shield and Spear","floor":54,"turns":5},{"damage":26,"enemies":"The Heart","floor":55,"turns":6}],"seed_played":"-855059843717923276","potions_obtained":[{"floor":0.0,"key":"Fire Potion"},{"floor":0.0,"key":"BlessingOfTheForge"},{"floor":0.0,"key":"Block Potion"},{"floor":5.0,"key":"ColorlessPotion"},{"floor":10.0,"key":"EssenceOfDarkness"},{"floor":18,"key":"SpeedPotion"},{"floor":19,"key":"Fire Potion"},{"floor":35,"key":"AttackPotion"},{"floor":41,"key":"Weak Potion"},{"floor":45,"key":"BlessingOfTheForge"},{"floor":48,"key":"EssenceOfSteel"}],"is_trial":false,"path_per_floor":["M","M","M","T","M","R","?","?","T","M","T","E","M","?","R","B",null,"M","M","?","$","?","R","?","E","T","M","T","R","$","M","R","B",null,"M","?","T","M","?","R","E","M","T","?","E","?","E","M","R","B",null,"R","$","E","B",null],"character_chosen":"DEFECT","items_purchased":["Skim","Gash","Explosive Potion","Runic Capacitor","TheAbacus","DuplicationPotion","Swift Potion"],"campfire_rested":2,"item_purchase_floors":[21,21,21,30,53,53,53],"current_hp_per_floor":[67,59,57,57,52,52,52,45,45,45,45,34,34,39,39,24,66,43,36,36,36,36,36,62,50,50,47,47,47,47,45,45,36,69,69,55,65,65,65,65,62,62,62,85,85,85,83,58,86,86,92,94,94,65,51],"gold":57,"neow_bonus":"THREE_SMALL_POTIONS","is_daily":false,"chose_seed":false,"campfire_upgraded":5,"win_rate":0.0,"timestamp":1611925824,"path_taken":["M","M","M","?","M","R","?","?","T","M","?","E","?","?","R","BOSS","M","M","?","$","?","R","?","E","T","?","?","R","$","M","R","BOSS","M","?","?","M","?","R","E","M","T","?","E","?","E","?","R","BOSS","R","$","E","BOSS"],"items_purchased_type":["Card","Card","Potion","Relic","Relic","Potion","Potion"],"build_version":"2020-12-22","purchased_purges":2,"victory":true,"max_hp_per_floor":[75,75,75,75,75,75,75,75,75,75,75,75,75,80,80,80,80,80,80,80,80,80,80,80,80,80,80,80,80,80,80,80,80,80,80,80,90,90,90,90,90,90,90,90,90,90,92,94,94,94,94,94,94,94,94],"card_choices":[{"not_picked":["Conserve Battery","Ball Lightning"],"picked":"Cold Snap","floor":1.0},{"not_picked":["Sunder","Redo"],"picked":"Core Surge","floor":2.0},{"not_picked":["Streamline","Reprogram"],"picked":"Defragment","floor":3.0},{"not_picked":["Chaos","Heatsinks","Leap"],"picked":"SKIP","floor":5.0},{"not_picked":["Ball Lightning","Fusion"],"picked":"Conserve Battery","floor":10.0},{"not_picked":["Streamline","Steam"],"picked":"Compile Driver","floor":12.0},{"not_picked":["Beam Cell","Hologram"],"picked":"Defragment","floor":13.0},{"not_picked":["Multi-Cast","Thunder Strike"],"picked":"Echo Form","floor":16},{"not_picked":["Reprogram","Doom and Gloom"],"picked":"Chill","floor":18},{"not_picked":["Gash","Steam+1"],"picked":"Sweeping Beam+1","floor":19},{"not_picked":["Reprogram","Rebound+1"],"picked":"Glacier","floor":25},{"not_picked":["Leap","Aggregate+1","Undo"],"picked":"SKIP","floor":27},{"not_picked":["Ball Lightning","Conserve Battery"],"picked":"Redo+1","floor":31},{"not_picked":["All For One","Reboot"],"picked":"Meteor Strike","floor":33},{"not_picked":["Stack+1","Rebound+1","Redo"],"picked":"SKIP","floor":35},{"not_picked":["Stack+1","Redo"],"picked":"Rebound+1","floor":35},{"not_picked":["FTL+1","Reprogram+1"],"picked":"Coolheaded","floor":36},{"not_picked":["Rebound","Barrage","Darkness+1"],"picked":"SKIP","floor":38},{"not_picked":["Streamline","Blizzard"],"picked":"Recycle+1","floor":41},{"not_picked":["Beam Cell","Rebound+1"],"picked":"White Noise+1","floor":42},{"not_picked":["Ball Lightning","Self Repair+1"],"picked":"Coolheaded+1","floor":45},{"not_picked":["Undo+1","Reprogram+1","Ball Lightning+1"],"picked":"Singing Bowl","floor":47},{"not_picked":["Doom and Gloom+1","Beam Cell+1","Steam"],"picked":"Singing Bowl","floor":48},{"not_picked":["Coolheaded","Steam"],"picked":"Reboot","floor":54}],"player_experience":838147,"relics_obtained":[{"floor":4.0,"key":"InkBottle"},{"floor":11.0,"key":"Lizard Tail"},{"floor":12.0,"key":"Sundial"},{"floor":25,"key":"Centennial Puzzle"},{"floor":26,"key":"Du-Vu Doll"},{"floor":28,"key":"Mummified Hand"},{"floor":36,"key":"Unceasing Top"},{"floor":37,"key":"Pear"},{"floor":41,"key":"Meat on the Bone"},{"floor":43,"key":"Omamori"},{"floor":45,"key":"Emotion Chip"},{"floor":47,"key":"Singing Bowl"},{"floor":54,"key":"Happy Flower"}],"event_choices":[{"cards_removed":["Strike_B"],"damage_healed":0.0,"max_hp_gain":0.0,"max_hp_loss":0.0,"gold_gain":0.0,"event_name":"Living Wall","player_choice":"Forget","floor":7.0,"gold_loss":0.0,"damage_taken":0.0},{"damage_healed":0.0,"max_hp_gain":0.0,"max_hp_loss":0.0,"gold_gain":0.0,"event_name":"Scrap Ooze","player_choice":"Success","floor":8.0,"gold_loss":0.0,"damage_taken":7.0,"relics_obtained":["Bronze Scales"]},{"damage_healed":0.0,"max_hp_gain":5.0,"max_hp_loss":0.0,"gold_gain":0.0,"event_name":"Big Fish","player_choice":"Donut","floor":14.0,"gold_loss":0.0,"damage_taken":0.0},{"damage_healed":0,"gold_gain":0,"player_choice":"Opened","damage_taken":0,"relics_obtained":["Shuriken"],"max_hp_gain":0,"max_hp_loss":0,"event_name":"The Mausoleum","floor":20,"gold_loss":0,"cards_obtained":["Writhe"]},{"damage_healed":0,"gold_gain":0,"player_choice":"Ignored","damage_taken":0,"max_hp_gain":0,"max_hp_loss":0,"event_name":"Ghosts","floor":22,"gold_loss":0},{"damage_healed":26,"gold_gain":0,"player_choice":"Heal","damage_taken":0,"max_hp_gain":0,"max_hp_loss":0,"event_name":"The Library","floor":24,"gold_loss":0},{"damage_healed":0,"gold_gain":0,"player_choice":"Fight","damage_taken":0,"max_hp_gain":0,"max_hp_loss":0,"event_name":"Mysterious Sphere","floor":36,"gold_loss":0},{"cards_removed":["Strike_B"],"damage_healed":0,"gold_gain":0,"player_choice":"Removed Attack","damage_taken":0,"max_hp_gain":0,"max_hp_loss":0,"event_name":"Falling","floor":39,"gold_loss":0},{"damage_healed":23,"gold_gain":0,"player_choice":"Writhe","damage_taken":0,"max_hp_gain":0,"max_hp_loss":0,"event_name":"Winding Halls","floor":44,"gold_loss":0,"cards_obtained":["Writhe"]},{"damage_healed":0,"gold_gain":0,"player_choice":"Copied","damage_taken":0,"max_hp_gain":0,"max_hp_loss":0,"event_name":"Duplicator","floor":46,"gold_loss":0,"cards_obtained":["Echo Form"]}],"is_beta":false,"boss_relics":[{"not_picked":["Busted Crown","Coffee Dripper"],"picked":"Runic Pyramid"},{"not_picked":["Velvet Choker","Sozu"],"picked":"Fusion Hammer"}],"items_purged_floors":[21,53],"is_endless":false,"potions_floor_spawned":[3,5,10,18,19,35,41,45,48],"ascension_level":10}}