{"host":"pgm1p3lvdjflie30","time":1611910748,"event":{"mods":["100% Spire Juice","ATMod(阿瑾Mod)","AchievementEnabler","Alarm Clock","Aspiration","BaseMod","Colored Map","Colored Powertips","Conspire","Dark Map","Dota2Spire","Downfall","Energized Spire","Gremlin Mod","Highlight Path","Minty Spire (QoL Compilation)","MostiFishMod","Quarter Circle Forward PUNCH!","Quick Restart","Relic Stats","Replay The Spire","Spicy Shops","StSLib","TestMod","The IronCluck","The Jungle","Waifu the Spire","【?物卡牌】REMEMod","篝火指南"],"gold_per_floor":[113,113,129,129,149,149,184,184,230,247,247,247,261,275,275,374,374,387,85,85,132,132,145,145,192,192,220,255,316,169,232,232,336,336,384,384,399,399,417,417,451,451,504,55,113,113,166,178,178,208,208,208,2,34,34],"floor_reached":56,"language":"ZHS","playtime":5885,"items_purged":[],"score":1411,"play_id":"94ffe0d6-f292-4e6b-beed-2787f2533247","local_time":"20210129165908","is_ascension_mode":false,"campfire_choices":[{"floor":6,"key":"RECALL"},{"data":"AT_OneInchPunch","floor":8,"key":"SMITH"},{"data":"Slimebound:PrepareCrush","floor":24,"key":"SMITH"},{"floor":32,"key":"DIG"},{"data":"Gremlin:DaggerDance","floor":40,"key":"SMITH"},{"data":"Gremlin:GremlinMeal","floor":42,"key":"SMITH"},{"data":"Gremlin:GremlinMeal","floor":46,"key":"SMITH"},{"data":"Moonworks:JonathanRush","floor":49,"key":"SMITH"},{"data":"Gremlin:GremlinDance","floor":52,"key":"SMITH"}],"circlet_count":0,"master_deck":["Gremlin:Strike+1","Gremlin:Strike+1","Gremlin:Strike+1","Gremlin:Strike+1","Gremlin:Defend","Gremlin:Defend","Gremlin:Defend","Gremlin:Defend","Gremlin:TagTeam","Gremlin:GremlinDance+1","Machine Learning","AT_OneInchPunch+1","Gremlin:PinNeedle","Gremlin:DaggerDance+1","Gremlin:GremlinMeal+1","Gremlin:Dazzle","Gremlin:GremlinMeal+1","champ:ShieldWall","Sword Boomerang","Slimebound:PrepareCrush+1","Thunderclap","Replay:Undeath\u0027s Touch","Sword Boomerang","Replay:BluntJabs","conspire:DoublingDagger","Moonworks:JonathanRush+1","Limit Break+1","Slimebound:RollThrough","Slimebound:SplitLeeching+1","WreathOfFlame+1","Flying Knee","Moonworks:JonathanRush+1","Gremlin:Irritability+1","Twin Strike+1","Thunderclap+1"],"relics":["Gremlin:GremlinKnob","AT_ATBox","DaveBox","testmod-TestBox","REME_ComplimentaryCards","testmod-Hope","PatriotShield","NeowsBlessing","SynthV:TestCard","Pear","Ring of Fury","ReplayTheSpireMod:Ring of Addiction","SacredBark","Potion Belt","Replay:Bottled Eggs","PrismaticShard","RhineSuit","Dota2Spire:HandOfMidas","Toolbox","testmod-LifeArmor","testmod-ConstraintPeriapt","Red Mask","Blue Doll","AT_RedTearstoneRing","Lee\u0027s Waffle","Dota2Spire:Butterfly","PreservedInsect","energizedSpire:DeadBattery","ReplayTheSpireMod:TigerMarble","AT_ArchangelStaff","conspire:TreasureMap","Replay:Mystery Machine","Dota2Spire:MaskOfMadness","AT_BellDemon","testmod-BlackFramedGlasses","Happy Flower","Bag of Marbles","Replay:Wax Seal","aspiration:Nostalgia","Replay:M_StaffOfTheSnake","conspire:TopHat","Dota2Spire:MagicBottle"],"acts_visited":["Exordium","TheCity","TheBeyond","TheEnding"],"potions_floor_usage":[7,10,16,21,27,28,31,37,50,54,55,55],"damage_taken":[{"damage":0,"enemies":"Jaw Worm","floor":1,"turns":1},{"damage":0,"enemies":"2 Louse","floor":3,"turns":1},{"damage":0,"enemies":"conspire:RoseBush","floor":5,"turns":1},{"damage":0,"enemies":"Lagavulin","floor":7,"turns":2},{"damage":0,"enemies":"Lots of Slimes","floor":10,"turns":1},{"damage":0,"enemies":"Looter","floor":13,"turns":1},{"damage":0,"enemies":"Red Slaver","floor":14,"turns":2},{"damage":9,"enemies":"Fading Forest","floor":16,"turns":11},{"damage":0,"enemies":"Shell Parasite","floor":18,"turns":1},{"damage":0,"enemies":"2 Thieves","floor":21,"turns":1},{"damage":0,"enemies":"Sentry and Sphere","floor":23,"turns":1},{"damage":0,"enemies":"Masked Bandits","floor":27,"turns":1},{"damage":0,"enemies":"Gremlin Leader","floor":28,"turns":2},{"damage":9,"enemies":"Slavers","floor":31,"turns":2},{"damage":2,"enemies":"Champ","floor":33,"turns":4},{"damage":0,"enemies":"3 Darklings","floor":35,"turns":1},{"damage":0,"enemies":"Orb Walker","floor":37,"turns":1},{"damage":0,"enemies":"3 Darklings","floor":39,"turns":1},{"damage":0,"enemies":"conspire:MimicChest","floor":41,"turns":2},{"damage":0,"enemies":"Giant Head","floor":45,"turns":2},{"damage":0,"enemies":"2 Orb Walkers","floor":47,"turns":1},{"damage":0,"enemies":"Jaw Worm Horde","floor":48,"turns":1},{"damage":0,"enemies":"Awakened One","floor":50,"turns":3},{"damage":0,"enemies":"Shield and Spear","floor":54,"turns":1},{"damage":23,"enemies":"The Heart","floor":55,"turns":3}],"seed_played":"3132868318369001050","potions_obtained":[{"floor":1,"key":"testmod-TestPotion"},{"floor":3,"key":"Dota2Spire:Clarity"},{"floor":4,"key":"ColorlessPotion"},{"floor":4,"key":"Swift Potion"},{"floor":4,"key":"Swift Potion"},{"floor":15,"key":"SmokeBomb"},{"floor":15,"key":"SneckoOil"},{"floor":16,"key":"Dota2Spire:HealingSalve"},{"floor":20,"key":"Slimebound:ThreeZeroPotion"},{"floor":20,"key":"Dexterity Potion"},{"floor":20,"key":"Explosive Potion"},{"floor":21,"key":"SteroidPotion"},{"floor":28,"key":"Adrenaline Potion"},{"floor":29,"key":"Fire Potion"},{"floor":29,"key":"testmod-EscapePotion"},{"floor":31,"key":"GamblersBrew"},{"floor":33,"key":"testmod-TestPotion"},{"floor":39,"key":"DistilledChaos"},{"floor":41,"key":"champ:CounterPotion"}],"is_trial":false,"path_per_floor":["M","?","M","?","M","R","E","R","T","M","?","?","M","M","R_BF","B",null,"M","$","?","M","?","M","R","T","T","?","E","?","$","E","R_BF","B",null,"M","?","M","?","M","R","?","R","T","$","E","R","?","M","R","B",null,"R","$","E","B",null],"character_chosen":"GREMLIN","items_purchased":["Dota2Spire:HandOfMidas","Toolbox","Lee\u0027s Waffle","conspire:TreasureMap","Replay:Mystery Machine","Dota2Spire:MaskOfMadness","Replay:Wax Seal","aspiration:Nostalgia"],"campfire_rested":0,"item_purchase_floors":[19,19,30,44,44,44,53,53],"current_hp_per_floor":[20,21,21,21,21,21,21,21,21,21,21,22,22,21,21,21,21,21,21,20,20,20,20,20,19,19,19,19,15,21,21,21,19,21,20,20,20,20,20,20,19,19,19,18,18,18,17,17,17,16,16,16,16,15,14],"gold":34,"neow_bonus":"THREE_ENEMY_KILL","is_daily":false,"chose_seed":false,"campfire_upgraded":7,"win_rate":0.0,"timestamp":1611910748,"path_taken":["M","?","M","?","M","R","E","R","T","M","?","?","?","M","R_BF","BOSS","M","$","?","?","?","M","R","?","T","?","E","?","?","E","R_BF","BOSS","M","?","M","?","?","R","?","R","T","?","E","R","?","?","R","BOSS","R","$","E","BOSS"],"items_purchased_type":["Relic","Relic","Relic","Relic","Relic","Relic","Relic","Relic"],"build_version":"2020-12-22","purchased_purges":0,"victory":true,"max_hp_per_floor":[20,22,22,22,22,22,22,22,22,22,22,22,22,21,21,21,21,21,21,20,20,20,20,20,19,19,19,19,19,21,21,21,21,21,20,20,20,20,20,20,19,19,19,18,18,18,17,17,17,16,16,16,16,15,15],"relic_stats":{"Lee\u0027s Waffle":6,"Happy Flower":[2],"counters":[25,48],"PreservedInsect":193,"obtain_stats":[{"AT_BellDemon":45,"Dota2Spire:MaskOfMadness":44,"PatriotShield":0,"AT_ATBox":0,"DaveBox":0,"SacredBark":4,"RhineSuit":17,"Blue Doll":28,"testmod-LifeArmor":25,"Replay:Mystery Machine":44,"PrismaticShard":11,"AT_ArchangelStaff":43,"testmod-BlackFramedGlasses":47,"conspire:TopHat":54,"Dota2Spire:MagicBottle":54,"Toolbox":19,"Red Mask":27,"Replay:Bottled Eggs":7,"Replay:Wax Seal":53,"Potion Belt":4,"Dota2Spire:HandOfMidas":19,"AT_RedTearstoneRing":29,"Lee\u0027s Waffle":30,"conspire:TreasureMap":44,"testmod-TestBox":0,"Pear":2,"Replay:M_StaffOfTheSnake":53,"NeowsBlessing":0,"Happy Flower":47,"aspiration:Nostalgia":53,"ReplayTheSpireMod:Ring of Addiction":4,"PreservedInsect":32,"testmod-ConstraintPeriapt":26,"energizedSpire:DeadBattery":34,"SynthV:TestCard":1,"Dota2Spire:Butterfly":31,"Gremlin:GremlinKnob":0,"testmod-Hope":0,"Ring of Fury":4,"ReplayTheSpireMod:TigerMarble":41,"Bag of Marbles":48,"REME_ComplimentaryCards":0},{"AT_BellDemon":20,"Dota2Spire:MaskOfMadness":19,"PatriotShield":0,"AT_ATBox":0,"DaveBox":0,"SacredBark":2,"RhineSuit":8,"Blue Doll":13,"testmod-LifeArmor":11,"Replay:Mystery Machine":19,"PrismaticShard":5,"AT_ArchangelStaff":19,"testmod-BlackFramedGlasses":21,"conspire:TopHat":24,"Dota2Spire:MagicBottle":24,"Toolbox":9,"Red Mask":12,"Replay:Bottled Eggs":4,"Replay:Wax Seal":23,"Potion Belt":2,"Dota2Spire:HandOfMidas":9,"AT_RedTearstoneRing":13,"Lee\u0027s Waffle":13,"conspire:TreasureMap":19,"testmod-TestBox":0,"Pear":1,"Replay:M_StaffOfTheSnake":23,"NeowsBlessing":0,"Happy Flower":21,"aspiration:Nostalgia":23,"ReplayTheSpireMod:Ring of Addiction":2,"PreservedInsect":14,"testmod-ConstraintPeriapt":11,"energizedSpire:DeadBattery":15,"SynthV:TestCard":1,"Dota2Spire:Butterfly":14,"Gremlin:GremlinKnob":0,"testmod-Hope":0,"Ring of Fury":2,"ReplayTheSpireMod:TigerMarble":19,"Bag of Marbles":22,"REME_ComplimentaryCards":0},{"AT_BellDemon":39,"Dota2Spire:MaskOfMadness":37,"PatriotShield":0,"AT_ATBox":0,"DaveBox":0,"SacredBark":2,"RhineSuit":20,"Blue Doll":26,"testmod-LifeArmor":23,"Replay:Mystery Machine":37,"PrismaticShard":6,"AT_ArchangelStaff":37,"testmod-BlackFramedGlasses":40,"conspire:TopHat":45,"Dota2Spire:MagicBottle":45,"Toolbox":21,"Red Mask":24,"Replay:Bottled Eggs":5,"Replay:Wax Seal":44,"Potion Belt":2,"Dota2Spire:HandOfMidas":21,"AT_RedTearstoneRing":26,"Lee\u0027s Waffle":26,"conspire:TreasureMap":37,"testmod-TestBox":0,"Pear":1,"Replay:M_StaffOfTheSnake":44,"NeowsBlessing":0,"Happy Flower":40,"aspiration:Nostalgia":44,"ReplayTheSpireMod:Ring of Addiction":2,"PreservedInsect":28,"testmod-ConstraintPeriapt":23,"energizedSpire:DeadBattery":32,"SynthV:TestCard":1,"Dota2Spire:Butterfly":28,"Gremlin:GremlinKnob":0,"testmod-Hope":0,"Ring of Fury":2,"ReplayTheSpireMod:TigerMarble":37,"Bag of Marbles":41,"REME_ComplimentaryCards":0}]},"card_choices":[{"not_picked":["Gremlin:FeelTheAudience","Gremlin:BulkUp"],"picked":"Gremlin:PinNeedle","floor":1},{"not_picked":["Gremlin:PinNeedle","Gremlin:Presto","Gremlin:GremlinOffensive","Gremlin:PourSalt"],"picked":"Gremlin:DaggerDance","floor":3},{"not_picked":["Gremlin:Tadah","Gremlin:CounterStrike","Gremlin:ShankStone","Gremlin:Pinprick"],"picked":"Gremlin:GremlinMeal","floor":5},{"not_picked":["Gremlin:ProperTools","Gremlin:Duplicate","Gremlin:FeelTheAudience","Gremlin:BulkUp"],"picked":"Gremlin:Dazzle","floor":7},{"not_picked":["Gremlin:PourSalt","Gremlin:BulkUp","Gremlin:CatScratch","Gremlin:Pinprick"],"picked":"Gremlin:GremlinMeal","floor":10},{"not_picked":["sneckomod:SoulDraw","Havoc","Panic Button","Moonworks:BigMagnum"],"picked":"champ:ShieldWall","floor":13},{"not_picked":["Replay:SS_fish_1","FearNoEvil","ClearTheMind","Moonworks:RedAndBlue"],"picked":"Sword Boomerang","floor":14},{"not_picked":["MostiFishMod:RacingGame","Guardian:StasisField","Replay:AllIn","MostiFishMod:Exploitation"],"picked":"Slimebound:PrepareCrush","floor":16},{"not_picked":["Dash","LikeWater","ReplayReversal","ReplayTheSpireMod:GoodbyeWorld"],"picked":"Thunderclap","floor":18},{"not_picked":["Guardian:TemporalStrike","sneckomod:UnknownDraw","hexamod:SpectersWail","MostiFishMod:Opportunism"],"picked":"Replay:Undeath\u0027s Touch","floor":21},{"not_picked":["LikeWater","AT_HeatAcrobatics","bronze:BitShift","champ:BerserkersShout+1"],"picked":"Slimebound:Dissolve","floor":23},{"not_picked":["Slimebound:LivingWall","Meditate","champ:GladiatorStyle+1","Aggregate"],"picked":"Sword Boomerang","floor":27},{"not_picked":["expansioncontent:AwakenDeath","SandsOfTime+1","Slimebound:SamplingLick","ReplayTheSpireMod:Dual Polarity"],"picked":"Replay:BluntJabs","floor":28},{"not_picked":["hexamod:InspiringFlames","Slimebound:ItLooksTasty","Slimebound:RollThrough","testmod-HandmadeProducts"],"picked":"conspire:DoublingDagger","floor":29},{"not_picked":["Hidden Blade","ReplaySort","sneckomod:UnknownClassPURPLE","sneckomod:QuickMove"],"picked":"Moonworks:JonathanRush","floor":31},{"not_picked":["Vault","Malaise","MostiFishMod:DisColor","Biased Cognition"],"picked":"Limit Break","floor":33},{"not_picked":["sneckomod:UnknownClassGUARDIAN+1","Moonworks:Flamethrower","bronze:DelayedSlice","MostiFishMod:PerfectParry+1"],"picked":"Slimebound:RollThrough","floor":35},{"not_picked":["True Grit","sneckomod:DiceBlock","Havoc+1","bronze:Branch+1"],"picked":"Slimebound:SplitLeeching+1","floor":37},{"not_picked":["Gremlin:GlitterGuard+1","hexamod:ShieldOfDarkness","Slimebound:RallyTheTroops","sneckomod:UnknownClassGREMLIN+1"],"picked":"WreathOfFlame+1","floor":39},{"not_picked":["bronze:ChosenStrike","Steam+1","bronze:Branch","AT_IchimonjiDouble+1"],"picked":"Flying Knee","floor":41},{"not_picked":["Slimebound:SlimeSpikes","Guardian:Gem_Yellow","Guardian:Gem_Lightblue","Guardian:PiercingHide"],"picked":"Moonworks:JonathanRush+1","floor":45},{"not_picked":["Slimebound:GoopSpray","champ:FlashCut+1","testmod-Librarian","Conserve Battery+1"],"picked":"Gremlin:Irritability+1","floor":47},{"not_picked":["Pommel Strike","Guardian:Gem_Crimson","MostiFishMod:InvigoratingSolution","champ:ShieldSlam+1"],"picked":"Twin Strike+1","floor":48},{"not_picked":["CutThroughFate","hexamod:BurningTouch","testmod-Bloodthirsty","Slimebound:BestDefense"],"picked":"Thunderclap+1","floor":54}],"player_experience":240643,"relics_obtained":[{"floor":1,"key":"SynthV:TestCard"},{"floor":4,"key":"Ring of Fury"},{"floor":4,"key":"ReplayTheSpireMod:Ring of Addiction"},{"floor":4,"key":"SacredBark"},{"floor":4,"key":"Potion Belt"},{"floor":7,"key":"Replay:Bottled Eggs"},{"floor":25,"key":"testmod-LifeArmor"},{"floor":26,"key":"testmod-ConstraintPeriapt"},{"floor":27,"key":"Red Mask"},{"floor":28,"key":"Blue Doll"},{"floor":29,"key":"AT_RedTearstoneRing"},{"floor":31,"key":"Dota2Spire:Butterfly"},{"floor":32,"key":"PreservedInsect"},{"floor":41,"key":"ReplayTheSpireMod:TigerMarble"},{"floor":43,"key":"AT_ArchangelStaff"},{"floor":45,"key":"AT_BellDemon"},{"floor":47,"key":"testmod-BlackFramedGlasses"},{"floor":47,"key":"Happy Flower"},{"floor":48,"key":"Bag of Marbles"},{"floor":54,"key":"conspire:TopHat"},{"floor":54,"key":"Dota2Spire:MagicBottle"}],"event_choices":[{"damage_healed":0,"gold_gain":0,"player_choice":"Success","damage_taken":1,"relics_obtained":["Pear"],"max_hp_gain":0,"max_hp_loss":0,"event_name":"Scrap Ooze","floor":2,"gold_loss":0},{"damage_healed":1,"gold_gain":0,"player_choice":"Full Heal","damage_taken":0,"max_hp_gain":0,"max_hp_loss":0,"event_name":"Wheel of Change","floor":12,"gold_loss":0},{"damage_healed":0,"gold_gain":0,"player_choice":"Got Potions","damage_taken":0,"max_hp_gain":0,"max_hp_loss":0,"event_name":"Lab","floor":20,"gold_loss":0},{"damage_healed":0,"gold_gain":0,"player_choice":"Ignored","damage_taken":0,"max_hp_gain":0,"max_hp_loss":0,"event_name":"Cursed Tome","floor":22,"gold_loss":0},{"damage_healed":0,"gold_gain":0,"player_choice":"Fought Bandits","damage_taken":0,"max_hp_gain":0,"max_hp_loss":0,"event_name":"Masked Bandits","floor":27,"gold_loss":0},{"cards_removed":["Slimebound:Dissolve"],"damage_healed":0,"gold_gain":0,"player_choice":"Removed Skill","damage_taken":0,"max_hp_gain":0,"max_hp_loss":0,"event_name":"Falling","floor":36,"gold_loss":0},{"damage_healed":0,"gold_gain":0,"player_choice":"Forge","damage_taken":0,"max_hp_gain":0,"max_hp_loss":0,"event_name":"Accursed Blacksmith","floor":38,"gold_loss":0,"cards_upgraded":["Limit Break"]},{"damage_healed":0,"gold_gain":0,"player_choice":"Fight","damage_taken":0,"max_hp_gain":0,"max_hp_loss":0,"event_name":"Mysterious Sphere","floor":47,"gold_loss":0}],"is_beta":false,"boss_relics":[{"not_picked":["RhineCircuit","qcfpunch:Killian_Engine_Alpha"],"picked":"RhineSuit"},{"not_picked":["aspiration:SecretTechniqueScroll","energizedSpire:EnergizedDie"],"picked":"energizedSpire:DeadBattery"}],"items_purged_floors":[],"is_endless":false,"potions_floor_spawned":[1,3,16,21,28,31,33,39,41,45],"ascension_level":0}}