{"host":"59fzh68erzs7h44i","time":1611951880,"event":{"mods":["AchievementEnabler","BaseMod","Downfall","Minty Spire (QoL Compilation)","StSLib","The Jungle"],"gold_per_floor":[111,36,111,127,145,171,171,190,216,230,250,250,250,266,266,266,266],"floor_reached":16,"language":"ENG","playtime":544,"items_purged":["Defend_P"],"score":129,"play_id":"ae7ec72d-7a56-4b20-91db-055d0597a472","local_time":"20210129152440","is_ascension_mode":false,"campfire_choices":[{"data":"Omniscience","floor":15,"key":"SMITH"}],"circlet_count":0,"master_deck":["Strike_P","Strike_P","Strike_P","Strike_P","Defend_P","Defend_P","Eruption","Vigilance+1","CutThroughFate","ReachHeaven","Indignation+1","BowlingBash","Omniscience+1","Weave","Sanctity","CutThroughFate","Devotion"],"relics":["PureWater","NeowsBlessing","Blood Vial","War Paint","Blue Candle"],"acts_visited":["Exordium"],"potions_floor_usage":[16,16],"damage_taken":[{"damage":0,"enemies":"2 Louse","floor":1,"turns":1},{"damage":0,"enemies":"Cultist","floor":4,"turns":1},{"damage":0,"enemies":"Small Slimes","floor":5,"turns":1},{"damage":0,"enemies":"Gremlin Nob","floor":6,"turns":2},{"damage":13,"enemies":"Red Slaver","floor":8,"turns":3},{"damage":0,"enemies":"2 Fungi Beasts","floor":10,"turns":2},{"damage":0,"enemies":"Blue Slaver","floor":11,"turns":2},{"damage":9,"enemies":"Lots of Slimes","floor":14,"turns":4},{"damage":61,"enemies":"Hexaghost","floor":16,"turns":3}],"seed_played":"3197408148533902693","potions_obtained":[{"floor":5,"key":"PowerPotion"},{"floor":11,"key":"sneckomod:MuddlingPotion"},{"floor":14,"key":"AttackPotion"}],"is_trial":false,"path_per_floor":["M","$","?","M","M","E","?","M","T","M","M","?","T","M","R","B"],"character_chosen":"WATCHER","items_purchased":[],"campfire_rested":0,"item_purchase_floors":[],"current_hp_per_floor":[72,72,65,65,65,65,65,54,54,56,58,63,63,56,56,0,0],"gold":266,"neow_bonus":"THREE_ENEMY_KILL","is_daily":false,"chose_seed":false,"campfire_upgraded":1,"win_rate":0.0,"timestamp":1611951880,"path_taken":["M","$","?","M","?","E","?","M","T","?","M","?","?","M","R","BOSS"],"items_purchased_type":[],"build_version":"2020-12-22","purchased_purges":1,"victory":false,"max_hp_per_floor":[72,72,72,72,72,72,72,72,72,72,72,77,77,77,77,77,77],"card_choices":[{"not_picked":["FollowUp","ReachHeaven"],"picked":"CutThroughFate","floor":1},{"not_picked":["FlurryOfBlows","FollowUp"],"picked":"ReachHeaven","floor":4},{"not_picked":["ClearTheMind","Tantrum"],"picked":"Indignation","floor":5},{"not_picked":["TalkToTheHand","Halt"],"picked":"BowlingBash","floor":6},{"not_picked":["FlurryOfBlows","Halt"],"picked":"Weave","floor":8},{"not_picked":["Evaluate","Wallop"],"picked":"Sanctity","floor":10},{"not_picked":["SashWhip","Sanctity"],"picked":"CutThroughFate","floor":11},{"not_picked":["ClearTheMind","Swivel"],"picked":"Devotion","floor":14}],"player_experience":185452,"relics_obtained":[{"floor":6,"key":"Blood Vial"},{"floor":9,"key":"War Paint"},{"floor":13,"key":"Blue Candle"}],"event_choices":[{"damage_healed":0,"gold_gain":75,"player_choice":"Touch","damage_taken":7,"max_hp_gain":0,"max_hp_loss":0,"event_name":"FaceTrader","floor":3,"gold_loss":0},{"damage_healed":0,"gold_gain":0,"cards_transformed":["Defend_P"],"player_choice":"Transformed","damage_taken":0,"max_hp_gain":0,"max_hp_loss":0,"event_name":"Transmorgrifier","floor":7,"gold_loss":0,"cards_obtained":["Omniscience"]},{"damage_healed":0,"gold_gain":0,"player_choice":"Donut","damage_taken":0,"max_hp_gain":5,"max_hp_loss":0,"event_name":"Big Fish","floor":12,"gold_loss":0}],"is_beta":false,"boss_relics":[],"items_purged_floors":[2],"is_endless":false,"potions_floor_spawned":[5,11,14],"killed_by":"Hexaghost","ascension_level":0}}