{"host":"045thl4ktq791vfm","time":1611921297,"event":{"mods":["AchievementEnabler","BaseMod","Better Note","Colored Map","Colored Powertips","Downfall","Googly Eyes","Minty Spire (QoL Compilation)","Quick Restart","Rare Cards Sparkle","StSLib"],"gold_per_floor":[99,118,133,144,244,144,144,144,144,144],"floor_reached":8,"language":"ENG","playtime":510,"items_purged":[],"score":46,"play_id":"8fcd6f76-6f34-4d94-9d20-c922a90ddfc4","local_time":"20210129145457","is_ascension_mode":false,"campfire_choices":[{"floor":1,"key":"RECALL"},{"data":"champ:Taunt","floor":6,"key":"SMITH"}],"circlet_count":0,"master_deck":["champ:Strike","champ:Strike","champ:Strike","champ:Defend","champ:Defend","champ:Defend","champ:Execute","champ:Taunt+1","champ:Duel+1","champ:FlashCut","champ:ShieldWall"],"relics":["champ:ChampionCrown","downfall:HeartBlessingRed","Blue Candle"],"acts_visited":["Exordium"],"potions_floor_usage":[5],"damage_taken":[{"damage":6,"enemies":"2 Louse","floor":2,"turns":4},{"damage":0,"enemies":"Jaw Worm","floor":3,"turns":3},{"damage":18,"enemies":"Small Slimes","floor":4,"turns":3},{"damage":84,"enemies":"downfall:Heads","floor":5,"turns":9},{"damage":24,"enemies":"3 Sentries","floor":8,"turns":5}],"seed_played":"4095293499043699117","potions_obtained":[{"floor":4,"key":"champ:OpenerPotion"},{"floor":5,"key":"FearPotion"}],"is_trial":false,"path_per_floor":["R","M","M","M","?","R","T","E"],"character_chosen":"THE_CHAMP","items_purchased":[],"campfire_rested":0,"item_purchase_floors":[],"current_hp_per_floor":[99,98,98,95,21,21,21,0,0,0],"gold":144,"neow_bonus":"TEN_PERCENT_HP_BONUS","is_daily":false,"chose_seed":false,"campfire_upgraded":1,"win_rate":0.0,"timestamp":1611921297,"path_taken":["R","M","M","M","?","R","T","E"],"items_purchased_type":[],"build_version":"2020-12-22","purchased_purges":0,"victory":false,"max_hp_per_floor":[99,99,99,99,99,99,99,99,99,99],"card_choices":[{"not_picked":["champ:PreciseThrust","champ:ShieldWall"],"picked":"champ:Duel","floor":2},{"not_picked":["champ:EnGarde","champ:PerfectedStrike","champ:BerserkersShout"],"picked":"SKIP","floor":3},{"not_picked":["champ:Backstep","champ:PerfectedStrike","champ:Haymaker"],"picked":"SKIP","floor":4},{"not_picked":["champ:TornadoPunch","champ:GutPunch"],"picked":"champ:FlashCut","floor":5}],"player_experience":158660,"relics_obtained":[{"floor":7,"key":"Blue Candle"}],"event_choices":[],"is_beta":false,"boss_relics":[],"items_purged_floors":[],"is_endless":false,"potions_floor_spawned":[4,5],"killed_by":"3 Sentries","ascension_level":0}}