{"host":"3y2rtlgteqp2nuo3","time":1611910962,"event":{"mods":["2.2 Compatiblity","AchievementEnabler","BaseMod","Colored Map","DeckTracker","Highlight Path","Keyboard Shortcuts","Minty Spire (QoL Compilation)","Permanent Neow","Quick Restart","StSLib","SuperFastMode","everything is the same but u backflip on backflip"],"gold_per_floor":[119,138,154,170,185,218,218,253,253,253,253],"floor_reached":10,"language":"KOR","playtime":207,"items_purged":[],"score":112,"play_id":"d0c89cb5-09ee-4cab-bc9c-0325664cbd8c","local_time":"20210129180242","is_ascension_mode":true,"campfire_choices":[{"floor":7.0,"key":"REST"}],"circlet_count":0,"master_deck":["Strike_R","Strike_R","Strike_R","Strike_R","Defend_R","Defend_R","Defend_R","Defend_R","Bash","Exhume","Cleave","Perfected Strike","Brutality","Pommel Strike","Limit Break","Ghostly Armor"],"relics":["Burning Blood","Potion Belt","Gambling Chip","Lizard Tail"],"acts_visited":["Exordium"],"potions_floor_usage":[],"damage_taken":[{"damage":6.0,"enemies":"Cultist","floor":1.0,"turns":3.0},{"damage":1.0,"enemies":"Small Slimes","floor":2.0,"turns":4.0},{"damage":16.0,"enemies":"Jaw Worm","floor":3.0,"turns":4.0},{"damage":35.0,"enemies":"Large Slime","floor":4.0,"turns":7.0},{"damage":16.0,"enemies":"Exordium Thugs","floor":5.0,"turns":4.0},{"damage":39.0,"enemies":"Lagavulin","floor":6.0,"turns":6.0},{"damage":32.0,"enemies":"Gremlin Nob","floor":8.0,"turns":4.0},{"damage":0,"enemies":"Lagavulin","floor":10,"turns":1}],"seed_played":"5122693365050215631","potions_obtained":[{"floor":2.0,"key":"SpeedPotion"},{"floor":4.0,"key":"HeartOfIron"},{"floor":5.0,"key":"Regen Potion"},{"floor":8.0,"key":"PowerPotion"}],"is_trial":false,"path_per_floor":["M","M","M","M","M","E","R","E","T","E"],"character_chosen":"IRONCLAD","items_purchased":[],"campfire_rested":1,"item_purchase_floors":[],"current_hp_per_floor":[72,77,67,38,28,9,33,7,7,7,7],"gold":253,"neow_bonus":"TRANSFORM_CARD","is_daily":false,"chose_seed":false,"campfire_upgraded":0,"win_rate":0.0,"timestamp":1611910962,"path_taken":["M","M","M","M","M","E","R","E","T","E"],"items_purchased_type":[],"build_version":"2020-12-22","purchased_purges":0,"victory":false,"max_hp_per_floor":[80,80,80,80,80,80,80,80,80,80,80],"card_choices":[{"not_picked":["Flex","Anger"],"picked":"Cleave","floor":1.0},{"not_picked":["Sever Soul","Iron Wave"],"picked":"Perfected Strike","floor":2.0},{"not_picked":["Clothesline","Dark Embrace"],"picked":"Brutality","floor":3.0},{"not_picked":["Entrench","Pommel Strike","Ghostly Armor"],"picked":"SKIP","floor":4.0},{"not_picked":["Entrench","Ghostly Armor"],"picked":"Pommel Strike","floor":4.0},{"not_picked":["Metallicize","Havoc","Body Slam"],"picked":"SKIP","floor":5.0},{"not_picked":["Pommel Strike","Shrug It Off"],"picked":"Limit Break","floor":6.0},{"not_picked":["Iron Wave","Body Slam"],"picked":"Ghostly Armor","floor":8.0}],"player_experience":728537,"relics_obtained":[{"floor":6.0,"key":"Potion Belt"},{"floor":8.0,"key":"Gambling Chip"},{"floor":9.0,"key":"Lizard Tail"}],"event_choices":[],"is_beta":false,"boss_relics":[],"items_purged_floors":[],"is_endless":false,"potions_floor_spawned":[2,4,5,8],"killed_by":"Lagavulin","ascension_level":8}}