{"host":"u8jm3mkzbb0z8q6m","time":1611889324,"event":{"mods":["BaseMod","Challenge The Spire","Colored Powertips","Minty Spire (QoL Compilation)","Quick Restart","Replay The Spire","Spicy Shops","StSLib","¡¾ÒÅÎï¿¨ÅÆ¡¿REMEMod"],"gold_per_floor":[348,15,40,75,100,100,24,24,59,385,416,416,22,22,52,87,141,201],"floor_reached":19,"language":"ZHS","playtime":1447,"items_purged":["Replay:Hysterical Blindness"],"score":445,"play_id":"ac5e4896-5926-4776-9873-ac60629afe8b","local_time":"20210129120204","daily_mods":["challengethespire:Bronze Difficulty","challengethespire:Elite Rush","Uncertain Future"],"is_ascension_mode":false,"campfire_choices":[{"data":"Accuracy","floor":8,"key":"SMITH"},{"data":"Infinite Blades","floor":8,"key":"SMITH"},{"data":"Hidden Blade","floor":14,"key":"SMITH"},{"data":"Blade Dance","floor":14,"key":"SMITH"}],"circlet_count":0,"master_deck":["Strike_G","Strike_G","Strike_G","Strike_G","Strike_G","Defend_G","Defend_G","Defend_G","Defend_G","Defend_G","Survivor","Neutralize","Accuracy+1","Infinite Blades+1","Hidden Blade+1","Blade Dance+1","PiercingWail","Hidden Blade+1","Prepared+1","Prepared+1","Tactician+1","Prepared+1","Concentrate+1","Hidden Blade+1","ReplayTheSpireMod:The Works+1"],"relics":["Ring of the Snake","Black Star","Sling","PreservedInsect","REME_ComplimentaryCards","REME_OnlineShoppingPlatform","Unceasing Top","Replay:Wax Seal","Quantum Egg","StrikeDummy","Replay:Arrowhead","Toxic Egg 2","Lantern","Akabeko","Centennial Puzzle","ChewingGum","ReplayTheSpireMod:CursedCoin","REME_CardOfGreed","Basket Of Snakes","Vampiric Spirits","Happy Flower","Old Coin","Tingsha","Ninja Scroll","REME_LowDesire","ReplayTheSpireMod:Lightbulb","REME_PuzzleBoxRelic","Mirror","Lee\u0027s Waffle","Vajra","Blue Candle","Frozen Egg 2","Replay:Bandana","Anchor","White Beast Statue","Pocketwatch"],"acts_visited":["Exordium"],"potions_floor_usage":[],"damage_taken":[{"damage":0,"enemies":"Gremlin Nob","floor":3,"turns":2},{"damage":13,"enemies":"3 Sentries","floor":4,"turns":4},{"damage":9,"enemies":"Lagavulin","floor":5,"turns":3},{"damage":14,"enemies":"Slavers","floor":9,"turns":3},{"damage":0,"enemies":"Book of Stabbing","floor":10,"turns":2},{"damage":0,"enemies":"Gremlin Leader","floor":11,"turns":2},{"damage":6,"enemies":"Giant Head","floor":15,"turns":3},{"damage":13,"enemies":"Reptomancer","floor":16,"turns":2},{"damage":0,"enemies":"Nemesis","floor":17,"turns":1},{"damage":2,"enemies":"Shield and Spear","floor":18,"turns":2}],"seed_played":"-1800430837952273500","potions_obtained":[],"is_trial":true,"path_per_floor":["$","$","E","E","E","T","$","R","E","E","E","T","$","R","E","E","E","E",null],"character_chosen":"THE_SILENT","items_purchased":["Infinite Blades","Hidden Blade","REME_OnlineShoppingPlatform","Unceasing Top","Blade Dance","Replay:Wax Seal","Quantum Egg","ReplayTheSpireMod:CursedCoin","REME_CardOfGreed","Mirror","Lee\u0027s Waffle"],"campfire_rested":0,"item_purchase_floors":[1,1,1,1,2,2,2,7,7,13,13],"current_hp_per_floor":[70,70,70,57,48,48,48,48,34,43,50,50,77,77,71,64,77,75],"gold":201,"neow_bonus":"","is_daily":false,"chose_seed":false,"campfire_upgraded":4,"win_rate":0.0,"timestamp":1611889324,"path_taken":["$","$","E","E","E","T","$","R","E","E","E","T","$","R","E","E","E","E"],"items_purchased_type":["Card","Card","Relic","Relic","Card","Relic","Relic","Relic","Relic","Relic","Relic"],"build_version":"2020-12-22","purchased_purges":1,"victory":true,"max_hp_per_floor":[70,70,70,70,70,70,70,70,70,70,70,70,77,77,77,77,77,77],"card_choices":[],"player_experience":24270,"relics_obtained":[{"floor":3,"key":"StrikeDummy"},{"floor":3,"key":"Replay:Arrowhead"},{"floor":4,"key":"Toxic Egg 2"},{"floor":4,"key":"Lantern"},{"floor":5,"key":"Akabeko"},{"floor":5,"key":"Centennial Puzzle"},{"floor":9,"key":"Basket Of Snakes"},{"floor":9,"key":"Vampiric Spirits"},{"floor":10,"key":"Happy Flower"},{"floor":10,"key":"Old Coin"},{"floor":11,"key":"Tingsha"},{"floor":11,"key":"Ninja Scroll"},{"floor":12,"key":"ReplayTheSpireMod:Lightbulb"},{"floor":12,"key":"REME_PuzzleBoxRelic"},{"floor":15,"key":"Vajra"},{"floor":15,"key":"Blue Candle"},{"floor":16,"key":"Frozen Egg 2"},{"floor":16,"key":"Replay:Bandana"},{"floor":17,"key":"Anchor"},{"floor":18,"key":"White Beast Statue"},{"floor":18,"key":"Pocketwatch"}],"event_choices":[],"is_beta":false,"boss_relics":[{"not_picked":["Velvet Choker","Astrolabe"],"picked":"ChewingGum"},{"not_picked":["SacredBark","Replay:Wanted Poster"],"picked":"REME_LowDesire"}],"items_purged_floors":[7],"is_endless":false,"potions_floor_spawned":[9,15,16,18],"ascension_level":0}}