{"host":"g07ql0oly65lqxqj","time":1611925800,"event":{"mods":["Act Like it!","BaseMod","Conspire","Gensokyo","Koishi","Lobotomy","Marisa£®ÏF”Í°°ƒß¿Ì…≥£©","Minty Spire (QoL Compilation)","StSLib","Synergy Search","The Blackbeard","The Hierophant"],"gold_per_floor":[111,111,141,171,201,245,257,269,308,331,343,355,387,399,411,519,531,561,585,609,641,653,665,720,657,669,735,747,759,807,859,871,1009,1021,1076,1124,1171,1183,1495,1532,1532,1532],"floor_reached":40,"language":"ZHS","playtime":2123,"items_purged":[],"score":437,"play_id":"3ed85091-a6eb-4079-8c6f-2240d300f044","local_time":"20210129211000","is_ascension_mode":false,"campfire_choices":[{"data":"blackbeard:DoubleCannonball","floor":8.0,"key":"SMITH"},{"data":"blackbeard:Provisioning","floor":12.0,"key":"SMITH"},{"floor":15.0,"key":"REST"},{"data":"blackbeard:InfiniteBarrage","floor":23.0,"key":"SMITH"},{"data":"blackbeard:CaptainsHat","floor":32,"key":"SMITH"}],"circlet_count":0,"master_deck":["blackbeard:BlackbeardStrike","blackbeard:BlackbeardStrike","blackbeard:BlackbeardStrike","blackbeard:IntimidatingStrike","blackbeard:BlackbeardDefend","blackbeard:BlackbeardDefend","blackbeard:BlackbeardDefend","blackbeard:BlackbeardDefend","blackbeard:Cutlass","blackbeard:CaptainsCabin","blackbeard:PiratesWill","blackbeard:JollyRoger","blackbeard:CaptainsCabin","blackbeard:DoubleCannonball+1","Seeing Red","blackbeard:Provisioning+1","blackbeard:CloakAndCannonball","blackbeard:InfiniteBarrage+1","blackbeard:CaptainsHat+1","blackbeard:PiratesWill+1","blackbeard:CloakAndCannonball+1","blackbeard:Bandana","blackbeard:UndeadForm","blackbeard:FieryDefense+1"],"relics":["blackbeard:LoadTheCannons","MawBank","Boot","Black Star","Thread and Needle","Bag of Marbles","Mercury Hourglass","conspire:RunicOctahedron"],"acts_visited":["Exordium","TheCity","TheBeyond"],"potions_floor_usage":[30,31,33,33,33,33,33,35,36,36,37,37,40,40,40],"damage_taken":[{"damage":6.0,"enemies":"2 Louse","floor":1.0,"turns":3.0},{"damage":2.0,"enemies":"Small Slimes","floor":3.0,"turns":3.0},{"damage":14.0,"enemies":"conspire:RoseBush","floor":4.0,"turns":4.0},{"damage":17.0,"enemies":"Exordium Wildlife","floor":5.0,"turns":7.0},{"damage":11.0,"enemies":"Lagavulin","floor":6.0,"turns":7.0},{"damage":2.0,"enemies":"Exordium Thugs","floor":10.0,"turns":6.0},{"damage":7.0,"enemies":"Blue Slaver","floor":13.0,"turns":3.0},{"damage":25.0,"enemies":"Hexaghost","floor":16.0,"turns":9.0},{"damage":3.0,"enemies":"conspire:FuzzyDice","floor":18.0,"turns":7.0},{"damage":20.0,"enemies":"2 Thieves","floor":19.0,"turns":4.0},{"damage":2.0,"enemies":"Chosen and Byrds","floor":20.0,"turns":8.0},{"damage":6.0,"enemies":"Snake Plant","floor":21.0,"turns":6.0},{"damage":8.0,"enemies":"Centurion and Healer","floor":24.0,"turns":7.0},{"damage":4.0,"enemies":"Book of Stabbing","floor":27.0,"turns":6.0},{"damage":12,"enemies":"Shelled Parasite and Fungi","floor":30,"turns":5},{"damage":6,"enemies":"3 Cultists","floor":31,"turns":6},{"damage":36,"enemies":"Collector","floor":33,"turns":9},{"damage":13,"enemies":"Orb Walker","floor":35,"turns":5},{"damage":19,"enemies":"3 Darklings","floor":36,"turns":5},{"damage":19,"enemies":"Transient","floor":37,"turns":5},{"damage":48,"enemies":"Giant Head","floor":40,"turns":10}],"seed_played":"-6177673006432416010","potions_obtained":[{"floor":1.0,"key":"SpeedPotion"},{"floor":3.0,"key":"EssenceOfSteel"},{"floor":4.0,"key":"ColorlessPotion"},{"floor":10.0,"key":"blackbeard:OrangeJuicePotion"},{"floor":16.0,"key":"Regen Potion"},{"floor":19.0,"key":"blackbeard:OrangeJuicePotion"},{"floor":24.0,"key":"Weak Potion"},{"floor":30,"key":"Regen Potion"},{"floor":31,"key":"ColorlessPotion"},{"floor":33,"key":"Energy Potion"},{"floor":35,"key":"GamblersBrew"},{"floor":36,"key":"SpeedPotion"}],"is_trial":false,"path_per_floor":["M","?","M","M","M","E","?","R","T","M","?","R","M","$","R","B",null,"M","M","M","M","$","R","M","?","T","E","?","?","M","M","R","B",null,"M","M","M","$","?","E"],"character_chosen":"BLACKBEARD_CLASS","items_purchased":[],"campfire_rested":1,"item_purchase_floors":[],"current_hp_per_floor":[76,76,74,60,43,32,32,32,32,30,30,30,23,23,47,30,82,79,76,81,75,75,75,67,67,67,63,63,63,51,60,60,24,82,69,62,43,43,43,0,0,0],"gold":1532,"neow_bonus":"TEN_PERCENT_HP_BONUS","is_daily":false,"chose_seed":false,"campfire_upgraded":4,"win_rate":0.0,"timestamp":1611925800,"path_taken":["M","?","M","M","M","E","?","R","T","?","?","R","M","?","R","BOSS","M","M","M","M","$","R","M","?","T","E","?","?","?","M","R","BOSS","M","?","M","$","?","E"],"items_purchased_type":[],"build_version":"2020-12-22","purchased_purges":0,"victory":false,"max_hp_per_floor":[82,82,82,82,82,82,82,82,82,82,82,82,82,82,82,82,82,82,82,82,82,82,82,82,82,82,82,82,82,82,82,82,82,82,82,82,82,82,82,82,82,82],"card_choices":[{"not_picked":["blackbeard:BeatUp","blackbeard:GoldenStrike"],"picked":"blackbeard:CaptainsCabin","floor":1.0},{"not_picked":["blackbeard:Shrapnel","blackbeard:Upgrade"],"picked":"blackbeard:PiratesWill","floor":3.0},{"not_picked":["blackbeard:DeadlyArsenal","blackbeard:ChaoticDefense"],"picked":"blackbeard:JollyRoger","floor":4.0},{"not_picked":["blackbeard:GoldenStrike","blackbeard:Fencing"],"picked":"blackbeard:CaptainsCabin","floor":5.0},{"not_picked":["blackbeard:PirateEarring","blackbeard:Toast"],"picked":"blackbeard:DoubleCannonball","floor":6.0},{"not_picked":["blackbeard:Eyepatch","blackbeard:GoldenDefense"],"picked":"blackbeard:Provisioning","floor":10.0},{"not_picked":["blackbeard:BeatUp","blackbeard:Shrapnel"],"picked":"blackbeard:InfiniteBarrage","floor":13.0},{"not_picked":["blackbeard:Parrot","blackbeard:PowerHungry"],"picked":"blackbeard:CaptainsHat","floor":16.0},{"not_picked":["blackbeard:Toast+1","blackbeard:CatONineTails"],"picked":"blackbeard:PiratesWill+1","floor":18.0},{"not_picked":["blackbeard:Provisioning+1","blackbeard:WiseDefense"],"picked":"blackbeard:CloakAndCannonball+1","floor":19.0},{"not_picked":["blackbeard:GoldenCannonball","blackbeard:GoldenRain","blackbeard:Provisioning"],"picked":"SKIP","floor":20.0},{"not_picked":["blackbeard:BlindAttacks","blackbeard:CannonBarrage"],"picked":"blackbeard:Bandana","floor":21.0},{"not_picked":["blackbeard:GoldenDefense+1","blackbeard:BeatUp+1","blackbeard:CloakAndCannonball"],"picked":"SKIP","floor":24.0},{"not_picked":["blackbeard:Sharpening","blackbeard:SwordDance","blackbeard:CatONineTails+1"],"picked":"SKIP","floor":27.0},{"not_picked":["blackbeard:BlindAttacks","blackbeard:Scrap+1","blackbeard:Spear"],"picked":"SKIP","floor":30},{"not_picked":["blackbeard:WiseDefense","blackbeard:CannonBarrage","blackbeard:Sharpening"],"picked":"SKIP","floor":31},{"not_picked":["blackbeard:GoldenRain","blackbeard:PirateStrength"],"picked":"blackbeard:UndeadForm","floor":33},{"not_picked":["blackbeard:TacticalRetreat","blackbeard:GhostInTheRum","blackbeard:SmithingHammer"],"picked":"SKIP","floor":35},{"not_picked":["blackbeard:GoldenStrike+1","blackbeard:Boarding","blackbeard:DeadlyArsenal+1"],"picked":"SKIP","floor":36},{"not_picked":["blackbeard:SwordDance","blackbeard:Spear+1"],"picked":"blackbeard:FieryDefense+1","floor":37}],"player_experience":414306,"relics_obtained":[{"floor":6.0,"key":"Boot"},{"floor":26.0,"key":"Thread and Needle"},{"floor":27.0,"key":"Bag of Marbles"},{"floor":27.0,"key":"Mercury Hourglass"}],"event_choices":[{"damage_healed":0.0,"max_hp_gain":0.0,"max_hp_loss":0.0,"gold_gain":0.0,"event_name":"Big Fish","player_choice":"Box","floor":2.0,"gold_loss":0.0,"damage_taken":0.0,"relics_obtained":["MawBank"],"cards_obtained":["Regret"]},{"cards_removed":["Regret"],"damage_healed":0.0,"max_hp_gain":0.0,"max_hp_loss":0.0,"gold_gain":0.0,"event_name":"NoteForYourself","player_choice":"Took Card","floor":7.0,"gold_loss":0.0,"damage_taken":0.0,"cards_obtained":["Seeing Red"]},{"damage_healed":0.0,"max_hp_gain":0.0,"max_hp_loss":0.0,"gold_gain":0.0,"event_name":"Match and Keep!","player_choice":"1 cards matched","floor":11.0,"gold_loss":0.0,"damage_taken":0.0,"cards_obtained":["blackbeard:CloakAndCannonball"]},{"cards_removed":["blackbeard:BlackbeardStrike"],"damage_healed":0.0,"max_hp_gain":0.0,"max_hp_loss":0.0,"gold_gain":0.0,"event_name":"Beggar","player_choice":"Gave Gold","floor":25.0,"gold_loss":75.0,"damage_taken":0.0},{"damage_healed":0.0,"max_hp_gain":0.0,"max_hp_loss":0.0,"gold_gain":0.0,"event_name":"conspire:Investor","player_choice":"Leave","floor":28.0,"gold_loss":0.0,"damage_taken":0.0},{"damage_healed":0,"gold_gain":0,"player_choice":"Leave","damage_taken":0,"max_hp_gain":0,"max_hp_loss":0,"event_name":"FaceTrader","floor":29,"gold_loss":0},{"damage_healed":0,"gold_gain":300,"player_choice":"Gold","damage_taken":0,"max_hp_gain":0,"max_hp_loss":0,"event_name":"Wheel of Change","floor":39,"gold_loss":0}],"is_beta":false,"boss_relics":[{"not_picked":["Runic Pyramid","Ectoplasm"],"picked":"Black Star"},{"not_picked":["Pandora\u0027s Box","Velvet Choker"],"picked":"conspire:RunicOctahedron"}],"items_purged_floors":[],"is_endless":false,"potions_floor_spawned":[1,3,4,10,13,16,19,24,30,31,33,35,36],"killed_by":"Giant Head","ascension_level":0}}