{"host":"i2s4iw62z1dejrqn","time":1611909864,"event":{"mods":["AchievementEnabler","BaseMod","Minty Spire (QoL Compilation)","Random Character Button","SuperFastMode"],"gold_per_floor":[119,131,143,143,218,218,238,270,297,297,0,0,31,49,49,145,145,157,182,193,40,54,54,54],"floor_reached":23,"language":"KOR","playtime":909,"items_purged":["Strike_R"],"score":375,"play_id":"21a7d428-8e6e-4fcc-b8de-61af4c624abd","local_time":"20210129174424","is_ascension_mode":true,"campfire_choices":[{"data":"Bash","floor":6,"key":"SMITH"},{"floor":12,"key":"RECALL"},{"data":"Fiend Fire","floor":15,"key":"SMITH"}],"circlet_count":0,"master_deck":["Strike_R","Strike_R+1","Strike_R","Strike_R","Defend_R","Defend_R+1","Defend_R","Defend_R","Bash+1","Fire Breathing","Inflame","Burning Pact","Offering","Fiend Fire+1","Battle Trance","Limit Break","Heavy Blade+1","Reaper"],"relics":["Burning Blood","NeowsBlessing","Omamori","Toy Ornithopter","Strange Spoon","Art of War","Velvet Choker","Red Mask","Bag of Preparation"],"acts_visited":["Exordium","TheCity"],"potions_floor_usage":[8,10,13,19],"damage_taken":[{"damage":0,"enemies":"Cultist","floor":1,"turns":1},{"damage":0,"enemies":"Jaw Worm","floor":2,"turns":1},{"damage":0,"enemies":"Small Slimes","floor":3,"turns":1},{"damage":9,"enemies":"2 Fungi Beasts","floor":7,"turns":4},{"damage":45,"enemies":"Lagavulin","floor":8,"turns":7},{"damage":0,"enemies":"Gremlin Gang","floor":10,"turns":1},{"damage":6,"enemies":"Gremlin Nob","floor":13,"turns":2},{"damage":14,"enemies":"Blue Slaver","floor":14,"turns":2},{"damage":6,"enemies":"The Guardian","floor":16,"turns":8},{"damage":11,"enemies":"Spheric Guardian","floor":18,"turns":3},{"damage":40,"enemies":"Masked Bandits","floor":19,"turns":4},{"damage":14,"enemies":"Chosen","floor":20,"turns":2},{"damage":16,"enemies":"Centurion and Healer","floor":22,"turns":6},{"damage":17,"enemies":"Slavers","floor":23,"turns":2}],"seed_played":"-5037397136032450679","potions_obtained":[{"floor":3,"key":"BlessingOfTheForge"},{"floor":7,"key":"SmokeBomb"},{"floor":8,"key":"Weak Potion"},{"floor":18,"key":"SpeedPotion"},{"floor":20,"key":"ElixirPotion"}],"is_trial":false,"path_per_floor":["M","M","M","?","?","R","M","E","T","M","$","R","E","M","R","B",null,"M","?","M","$","M","E"],"character_chosen":"IRONCLAD","items_purchased":["Strange Spoon","Fiend Fire","Bag of Preparation"],"campfire_rested":0,"item_purchase_floors":[11,11,21],"current_hp_per_floor":[78,80,80,64,53,53,50,11,11,22,22,22,27,19,19,19,65,60,31,23,23,17,0,0],"gold":54,"neow_bonus":"THREE_ENEMY_KILL","is_daily":false,"chose_seed":false,"campfire_upgraded":2,"win_rate":0.0,"timestamp":1611909864,"path_taken":["M","M","M","?","?","R","M","E","T","?","?","R","E","M","R","BOSS","M","?","M","$","M","E"],"items_purchased_type":["Relic","Card","Relic"],"build_version":"2020-12-22","purchased_purges":1,"victory":false,"max_hp_per_floor":[80,80,80,80,80,80,80,80,80,80,80,80,80,80,80,80,80,80,80,80,80,80,80,80],"card_choices":[{"not_picked":["Wild Strike","Headbutt"],"picked":"Fire Breathing","floor":1},{"not_picked":["Carnage","Sentinel"],"picked":"Inflame","floor":2},{"not_picked":["Clothesline","Pummel"],"picked":"Burning Pact","floor":3},{"not_picked":["Dual Wield","Cleave","Iron Wave"],"picked":"SKIP","floor":7},{"not_picked":["Disarm","Searing Blow"],"picked":"Offering","floor":8},{"not_picked":["Twin Strike","Wild Strike"],"picked":"Battle Trance","floor":13},{"not_picked":["Perfected Strike","Havoc","Iron Wave"],"picked":"SKIP","floor":14},{"not_picked":["Juggernaut","Brutality"],"picked":"Limit Break","floor":16},{"not_picked":["Cleave","Perfected Strike"],"picked":"Heavy Blade+1","floor":18},{"not_picked":["Twin Strike","Carnage"],"picked":"Reaper","floor":20},{"not_picked":["Anger+1","Wild Strike","Perfected Strike"],"picked":"SKIP","floor":22}],"player_experience":438670,"relics_obtained":[{"floor":8,"key":"Omamori"},{"floor":9,"key":"Toy Ornithopter"},{"floor":13,"key":"Art of War"},{"floor":19,"key":"Red Mask"}],"event_choices":[{"damage_healed":0,"gold_gain":0,"player_choice":"Entered Light","damage_taken":16,"max_hp_gain":0,"max_hp_loss":0,"event_name":"Shining Light","floor":4,"gold_loss":0,"cards_upgraded":["Defend_R","Strike_R"]},{"damage_healed":0,"gold_gain":75,"player_choice":"Gather Gold","damage_taken":11,"max_hp_gain":0,"max_hp_loss":0,"event_name":"World of Goop","floor":5,"gold_loss":0},{"damage_healed":0,"gold_gain":0,"player_choice":"Fought Bandits","damage_taken":0,"max_hp_gain":0,"max_hp_loss":0,"event_name":"Masked Bandits","floor":19,"gold_loss":0}],"is_beta":false,"boss_relics":[{"not_picked":["Pandora\u0027s Box","Cursed Key"],"picked":"Velvet Choker"}],"items_purged_floors":[11],"is_endless":false,"potions_floor_spawned":[3,7,8,10,18,20],"killed_by":"Slavers","ascension_level":7}}