{"host":"d7fiu2yjkssjxoz6","time":1611910488,"event":{"mods":["AchievementEnabler","BaseMod","Duelist Mod","Minty Spire (QoL Compilation)","StSLib"],"gold_per_floor":[137,137,146,71,71,101,1,28,28,28,28],"floor_reached":10,"language":"ENG","playtime":332,"items_purged":["theDuelist:CursedBill","theDuelist:CurseAnubis"],"score":141,"play_id":"4d2e2f16-1e51-42ce-ba2a-5f2aa676a4d7","local_time":"20210129005448","is_ascension_mode":true,"campfire_choices":[],"circlet_count":0,"master_deck":["theDuelist:OjamaCountry","theDuelist:PsiCurse","theDuelist:OjamaGreen","theDuelist:PsiCurse","theDuelist:GraniteLoyalist","theDuelist:OjamaGreen","theDuelist:ScrapFactory","theDuelist:Ojamuscle","theDuelist:OjamaYellow","theDuelist:OjamaCountry","theDuelist:OjamaBlack","theDuelist:OjamaBlack","AscendersBane","theDuelist:OjamaYellow","theDuelist:OjamaTrio","theDuelist:TrapHole"],"relics":["theDuelist:MillenniumPuzzle","theDuelist:CardPoolRelic","theDuelist:CardPoolBasicRelic","theDuelist:BoosterPackPoolRelic","theDuelist:CardPoolAddRelic","theDuelist:CardPoolMinusRelic","theDuelist:CardPoolSaveRelic","theDuelist:CardPoolOptionsRelic","theDuelist:BoosterExtraAllRaresRelic","theDuelist:NamelessPowerRelicB","theDuelist:NamelessWarRelicA","Ornamental Fan","PreservedInsect","Mango"],"acts_visited":["Exordium"],"potions_floor_usage":[10],"damage_taken":[{"damage":11,"enemies":"Small Slimes","floor":1,"turns":2},{"damage":3,"enemies":"Jaw Worm","floor":3,"turns":2},{"damage":8,"enemies":"Lagavulin","floor":6,"turns":4},{"damage":13,"enemies":"3 Sentries","floor":8,"turns":3},{"damage":53,"enemies":"Gremlin Nob","floor":10,"turns":3}],"seed_played":"-1045379665963962667","potions_obtained":[{"floor":6,"key":"Weak Potion"}],"is_trial":false,"path_per_floor":["M","?","M","$","?","E","$","E","T","E"],"character_chosen":"THE_DUELIST","items_purchased":[],"campfire_rested":0,"item_purchase_floors":[],"current_hp_per_floor":[52,64,61,61,57,49,49,36,50,0,0],"gold":28,"neow_bonus":"ONE_RARE_RELIC","is_daily":false,"chose_seed":false,"campfire_upgraded":0,"win_rate":0.0,"timestamp":1611910488,"path_taken":["M","?","M","$","?","E","$","E","T","E"],"items_purchased_type":[],"build_version":"2020-12-22","purchased_purges":2,"victory":false,"max_hp_per_floor":[63,75,75,75,78,78,78,78,92,92,92],"card_choices":[{"not_picked":["theDuelist:Hinotama","theDuelist:FluteKuriboh","theDuelist:WormApocalypse","theDuelist:BigKoala"],"picked":"theDuelist:ScrapFactory","floor":1},{"not_picked":["theDuelist:DarklordSuperbia","theDuelist:PurplePainOni","theDuelist:GolemSentry","theDuelist:GilfordLegend","theDuelist:CastleDarkIllusions"],"picked":"SKIP","floor":3},{"not_picked":["theDuelist:OrbMetronome","theDuelist:Mathematician","theDuelist:FeatherPho","theDuelist:PotGenerosity"],"picked":"theDuelist:GraniteLoyalist","floor":6},{"not_picked":["theDuelist:LightningDarts","theDuelist:TimeSeal","theDuelist:OrbitalBombardment","theDuelist:RainbowJar"],"picked":"theDuelist:TrapHole","floor":8}],"player_experience":343771,"relics_obtained":[{"floor":6,"key":"Ornamental Fan"},{"floor":8,"key":"PreservedInsect"},{"floor":9,"key":"Mango"}],"event_choices":[{"damage_healed":0,"gold_gain":0,"player_choice":"Break - +12 Max HP","duelist":true,"damage_taken":0,"max_hp_gain":0,"max_hp_loss":0,"event_name":"Tomb of the Nameless","floor":2,"gold_loss":0},{"power_reward":3,"total_magic_score":10,"gold_gain":0,"duelist":true,"damage_taken":11,"relics_obtained":["theDuelist:NamelessPowerRelicB","theDuelist:NamelessWarRelicA"],"points":5,"war_reward":1,"max_hp_gain":7,"max_hp_loss":4,"spent_points":{"magic":0,"greed":0,"war":1,"power":3,"hunger":1},"event_name":"Nameless Tomb","hunger_reward":1,"floor":5,"gold_loss":0,"cards_obtained":["theDuelist:PsiCurse"]}],"is_beta":false,"boss_relics":[],"items_purged_floors":[4,7],"is_endless":false,"potions_floor_spawned":[6],"killed_by":"Gremlin Nob","ascension_level":18}}