{"host":"n0aqkby80ppfgdru","time":1611955211,"event":{"mods":["BaseMod","Block Reminder","Minty Spire (QoL Compilation)","Permanent Neow","Quick Restart"],"gold_per_floor":[118,218,143,162,178,178,188,200,200,100,117,136,156,169,169,273,273,286,84,103,117,131,131,148,159,159,175,175,202,202,52,52,148,198,217,42,60,110,126,126,143,143,166,166,192,245,245,271,271,271],"floor_reached":51,"language":"ENG","playtime":3482,"items_purged":["Phantasmal Killer","Flying Knee","Concentrate+1","Expertise","Footwork+1"],"score":1050,"play_id":"d55b2221-497b-4726-a32a-c3308139ef56","local_time":"20210129162011","is_ascension_mode":false,"campfire_choices":[{"data":"Tactician","floor":6.0,"key":"SMITH"},{"data":"Acrobatics","floor":15.0,"key":"SMITH"},{"data":"Reflex","floor":23.0,"key":"SMITH"},{"data":"Burst","floor":28.0,"key":"SMITH"},{"data":"Tools of the Trade","floor":32.0,"key":"SMITH"},{"data":"Escape Plan","floor":40.0,"key":"SMITH"},{"data":"Corpse Explosion","floor":49,"key":"SMITH"}],"circlet_count":0,"master_deck":["Survivor+1","Neutralize","Tools of the Trade+1","Slice","Corpse Explosion+1","Tactician+1","Escape Plan+1","Acrobatics+1","Burst+1","Reflex+1"],"relics":["Pandora\u0027s Box","Du-Vu Doll","Astrolabe","White Beast Statue","Mango","Nilry\u0027s Codex","Tiny House","TungstenRod","Ancient Tea Set","Pocketwatch","Tough Bandages"],"acts_visited":["Exordium","TheCity","TheBeyond"],"potions_floor_usage":[50,50,50],"damage_taken":[{"damage":0.0,"enemies":"Small Slimes","floor":1.0,"turns":3.0},{"damage":4.0,"enemies":"Cultist","floor":4.0,"turns":3.0},{"damage":8.0,"enemies":"Jaw Worm","floor":5.0,"turns":3.0},{"damage":0.0,"enemies":"Large Slime","floor":7.0,"turns":4.0},{"damage":1.0,"enemies":"Blue Slaver","floor":8.0,"turns":3.0},{"damage":4.0,"enemies":"2 Fungi Beasts","floor":11.0,"turns":2.0},{"damage":0.0,"enemies":"3 Louse","floor":12.0,"turns":1.0},{"damage":1.0,"enemies":"Blue Slaver","floor":13.0,"turns":3.0},{"damage":8.0,"enemies":"2 Fungi Beasts","floor":14.0,"turns":2.0},{"damage":13.0,"enemies":"Hexaghost","floor":16.0,"turns":7.0},{"damage":0.0,"enemies":"Shell Parasite","floor":18.0,"turns":3.0},{"damage":0.0,"enemies":"Spheric Guardian","floor":20.0,"turns":1.0},{"damage":0.0,"enemies":"Cultist and Chosen","floor":21.0,"turns":3.0},{"damage":0.0,"enemies":"Snake Plant","floor":22.0,"turns":2.0},{"damage":11.0,"enemies":"Snecko","floor":24.0,"turns":5.0},{"damage":0.0,"enemies":"Centurion and Healer","floor":25.0,"turns":2.0},{"damage":0.0,"enemies":"Snake Plant","floor":27.0,"turns":2.0},{"damage":0.0,"enemies":"Book of Stabbing","floor":29.0,"turns":1.0},{"damage":0.0,"enemies":"Champ","floor":33.0,"turns":1.0},{"damage":2.0,"enemies":"Orb Walker","floor":35.0,"turns":3.0},{"damage":17.0,"enemies":"3 Darklings","floor":37.0,"turns":2.0},{"damage":0.0,"enemies":"Mind Bloom Boss Battle","floor":38.0,"turns":2.0},{"damage":0.0,"enemies":"Spire Growth","floor":39.0,"turns":2.0},{"damage":5.0,"enemies":"Jaw Worm Horde","floor":41.0,"turns":2.0},{"damage":0.0,"enemies":"Giant Head","floor":45.0,"turns":1.0},{"damage":0,"enemies":"2 Orb Walkers","floor":46,"turns":1},{"damage":0,"enemies":"Nemesis","floor":48,"turns":1},{"damage":0,"enemies":"Awakened One","floor":50,"turns":3}],"seed_played":"7077967460665400660","potions_obtained":[{"floor":5.0,"key":"SmokeBomb"},{"floor":8.0,"key":"Regen Potion"},{"floor":11.0,"key":"CunningPotion"},{"floor":13.0,"key":"Dexterity Potion"},{"floor":16.0,"key":"Explosive Potion"},{"floor":24.0,"key":"Fire Potion"},{"floor":27.0,"key":"Swift Potion"},{"floor":33.0,"key":"PowerPotion"},{"floor":35.0,"key":"BlessingOfTheForge"},{"floor":37.0,"key":"SteroidPotion"},{"floor":41.0,"key":"FearPotion"}],"is_trial":false,"path_per_floor":["M","?","$","M","M","R","M","M","T","$","M","M","M","M","R","B",null,"M","$","M","M","M","R","M","M","T","M","R","E","?","$","R","B",null,"M","$","M","?","M","R","M","?","T","$","E","?","?","E","R","B",null],"character_chosen":"THE_SILENT","items_purchased":["Reflex"],"campfire_rested":0,"item_purchase_floors":[19],"current_hp_per_floor":[70,70,70,66,58,58,58,57,57,57,53,53,52,44,44,31,70,70,70,70,70,70,70,59,59,59,59,59,73,57,57,57,57,89,87,87,70,70,70,70,65,65,65,65,65,65,65,65,65,70],"gold":271,"neow_bonus":"BOSS_RELIC","is_daily":false,"chose_seed":false,"campfire_upgraded":7,"win_rate":0.0,"timestamp":1611955211,"path_taken":["M","?","?","M","M","R","M","?","T","$","M","M","M","M","R","BOSS","M","$","M","M","M","R","M","M","T","M","R","E","?","$","R","BOSS","M","$","M","?","M","R","M","?","T","$","E","?","?","E","R","BOSS"],"items_purchased_type":["Card"],"build_version":"2020-12-22","purchased_purges":5,"victory":true,"max_hp_per_floor":[70,70,70,70,70,70,70,70,70,70,70,70,70,70,70,70,70,70,70,70,70,70,70,70,70,70,70,70,84,84,84,84,84,89,89,89,89,89,89,89,89,85,85,85,85,85,85,85,85,85],"card_choices":[{"not_picked":["Dodge and Roll","Blade Dance","Poisoned Stab"],"picked":"SKIP","floor":1.0},{"not_picked":["Deadly Poison","Outmaneuver","All Out Attack"],"picked":"SKIP","floor":4.0},{"not_picked":["Underhanded Strike","Poisoned Stab","Riddle With Holes"],"picked":"SKIP","floor":5.0},{"not_picked":["Leg Sweep","Flying Knee","Catalyst"],"picked":"SKIP","floor":7.0},{"not_picked":["Dagger Spray","Underhanded Strike"],"picked":"Escape Plan","floor":8.0},{"not_picked":["Calculated Gamble","Deadly Poison","Unload"],"picked":"SKIP","floor":11.0},{"not_picked":["Bane","Quick Slash","Eviscerate"],"picked":"SKIP","floor":12.0},{"not_picked":["Terror","Masterful Stab","Dagger Spray"],"picked":"SKIP","floor":13.0},{"not_picked":["Finisher","Concentrate"],"picked":"Acrobatics","floor":14.0},{"not_picked":["Grand Finale","Bullet Time"],"picked":"Burst","floor":16.0},{"not_picked":["PiercingWail","Tactician","Poisoned Stab"],"picked":"SKIP","floor":18.0},{"not_picked":["Quick Slash","Cloak And Dagger","Underhanded Strike"],"picked":"SKIP","floor":20.0},{"not_picked":["Setup+1","Underhanded Strike","Slice"],"picked":"SKIP","floor":21.0},{"not_picked":["Underhanded Strike","Deflect","Skewer"],"picked":"SKIP","floor":22.0},{"not_picked":["Noxious Fumes+1","Eviscerate+1","Catalyst+1"],"picked":"SKIP","floor":24.0},{"not_picked":["Expertise","Deadly Poison","Blade Dance"],"picked":"SKIP","floor":25.0},{"not_picked":["Deadly Poison","Poisoned Stab","Envenom"],"picked":"SKIP","floor":27.0},{"not_picked":["Dagger Spray","Eviscerate","Blade Dance"],"picked":"SKIP","floor":29.0},{"not_picked":["Deadly Poison","Deflect","Terror"],"picked":"SKIP","floor":35.0},{"not_picked":["Flechettes","Backstab+1","Dagger Spray"],"picked":"SKIP","floor":37.0},{"not_picked":["Burst","Skewer+1","Finisher"],"picked":"SKIP","floor":39.0},{"not_picked":["Caltrops","Blade Dance","Catalyst+1"],"picked":"SKIP","floor":41.0},{"not_picked":["Prepared","Slice","Calculated Gamble"],"picked":"SKIP","floor":45},{"not_picked":["Dagger Throw","Quick Slash+1","Infinite Blades"],"picked":"SKIP","floor":48}],"player_experience":1269239,"relics_obtained":[{"floor":9.0,"key":"Du-Vu Doll"},{"floor":26.0,"key":"White Beast Statue"},{"floor":29.0,"key":"Mango"},{"floor":30.0,"key":"Nilry\u0027s Codex"},{"floor":38.0,"key":"TungstenRod"},{"floor":43.0,"key":"Ancient Tea Set"},{"floor":46,"key":"Pocketwatch"},{"floor":48,"key":"Tough Bandages"}],"event_choices":[{"damage_healed":0.0,"max_hp_gain":0.0,"max_hp_loss":0.0,"gold_gain":100.0,"event_name":"Golden Shrine","player_choice":"Pray","floor":2.0,"gold_loss":0.0,"damage_taken":0.0},{"damage_healed":0.0,"max_hp_gain":0.0,"max_hp_loss":0.0,"gold_gain":0.0,"event_name":"Cursed Tome","player_choice":"Obtained Book","floor":30.0,"gold_loss":0.0,"damage_taken":16.0},{"damage_healed":0.0,"max_hp_gain":0.0,"max_hp_loss":0.0,"gold_gain":0.0,"event_name":"MindBloom","player_choice":"Fight","floor":38.0,"gold_loss":0.0,"damage_taken":0.0},{"damage_healed":0.0,"max_hp_gain":0.0,"max_hp_loss":4.0,"gold_gain":0.0,"event_name":"Winding Halls","player_choice":"Max HP","floor":42.0,"gold_loss":0.0,"damage_taken":0.0},{"damage_healed":0,"gold_gain":0,"player_choice":"Fight","damage_taken":0,"max_hp_gain":0,"max_hp_loss":0,"event_name":"Mysterious Sphere","floor":46,"gold_loss":0},{"cards_removed":["Eviscerate"],"damage_healed":0,"gold_gain":0,"player_choice":"Removed Attack","damage_taken":0,"max_hp_gain":0,"max_hp_loss":0,"event_name":"Falling","floor":47,"gold_loss":0}],"is_beta":false,"boss_relics":[{"not_picked":["Runic Dome","Ectoplasm"],"picked":"Astrolabe"},{"not_picked":["HoveringKite","Sozu"],"picked":"Tiny House"}],"items_purged_floors":[3,10,19,31,36],"is_endless":false,"potions_floor_spawned":[5,8,11,13,16,20,22,24,27,29,33,35,37,38,39,41,45,46,48],"ascension_level":0}}