{"host":"3zb3nk4wvq0dtbuh","time":1611924029,"event":{"mods":["AchievementEnabler","BaseMod","Lobotomy","Minty Spire (QoL Compilation)","Quick Restart","Relic Filter Mod","StSLib","SuperFastMode","The Blackbeard"],"gold_per_floor":[10,30,45,45,10,39,39,71,71,86,115,115,132,150,150,253,253,268,31,31,44,59,59,69,87,114,214,214,139,153,168,168,264,264,264],"floor_reached":34,"language":"ZHS","playtime":817,"items_purged":[],"score":426,"play_id":"23d333df-69a0-4933-98b8-4d756e76bc4b","local_time":"20210129204029","is_ascension_mode":false,"campfire_choices":[{"data":"Whirlwind","floor":15,"key":"SMITH"},{"data":"Limit Break","floor":23,"key":"SMITH"},{"data":"Flex","floor":32,"key":"SMITH"}],"circlet_count":0,"master_deck":["Strike_R","Defend_R","Defend_R","Defend_R","Defend_R","Bash","Feed+1","Clash","Evolve","Whirlwind+1","Limit Break+1","Disarm","Metallicize","Feed","Body Slam+1","Bloodletting","Flex+1","Battle Trance","Metallicize+1","Armaments+1","Offering","Entrench+1","Anger+1","Cleave+1"],"relics":["Burning Blood","Shuriken","Bronze Scales","InkBottle","Strawberry","Coffee Dripper","HandDrill","Vajra","FossilizedHelix","Meat on the Bone","HornCleat","Astrolabe"],"acts_visited":["Exordium","TheCity","TheBeyond"],"potions_floor_usage":[],"damage_taken":[{"damage":13,"enemies":"2 Louse","floor":1,"turns":4},{"damage":15,"enemies":"Cultist","floor":2,"turns":6},{"damage":6,"enemies":"Small Slimes","floor":3,"turns":5},{"damage":35,"enemies":"Gremlin Nob","floor":6,"turns":7},{"damage":36,"enemies":"3 Sentries","floor":8,"turns":7},{"damage":20,"enemies":"Exordium Thugs","floor":10,"turns":6},{"damage":34,"enemies":"Gremlin Nob","floor":11,"turns":7},{"damage":16,"enemies":"Lots of Slimes","floor":13,"turns":4},{"damage":0,"enemies":"Large Slime","floor":14,"turns":6},{"damage":86,"enemies":"The Guardian","floor":16,"turns":13},{"damage":34,"enemies":"Shell Parasite","floor":18,"turns":11},{"damage":3,"enemies":"3 Byrds","floor":21,"turns":8},{"damage":21,"enemies":"Centurion and Healer","floor":22,"turns":9},{"damage":45,"enemies":"Cultist and Chosen","floor":24,"turns":7},{"damage":77,"enemies":"3 Cultists","floor":25,"turns":9},{"damage":40,"enemies":"Colosseum Slavers","floor":27,"turns":8},{"damage":48,"enemies":"Colosseum Nobs","floor":27,"turns":7},{"damage":25,"enemies":"Snake Plant","floor":30,"turns":7},{"damage":26,"enemies":"Sentry and Sphere","floor":31,"turns":8},{"damage":114,"enemies":"Champ","floor":33,"turns":14}],"seed_played":"6106623611736932405","potions_obtained":[{"floor":1,"key":"Energy Potion"},{"floor":6,"key":"SpeedPotion"},{"floor":11,"key":"ColorlessPotion"},{"floor":21,"key":"PowerPotion"}],"is_trial":false,"path_per_floor":["M","M","M","?","$","E","$","E","T","M","E","?","M","M","R","B",null,"M","$","?","M","M","R","M","M","T","?","T","?","M","M","R","B",null],"character_chosen":"IRONCLAD","items_purchased":["Whirlwind","Bloodletting","Flex","HandDrill"],"campfire_rested":0,"item_purchase_floors":[5,19,19,19],"current_hp_per_floor":[83,86,89,81,81,89,89,92,92,95,105,105,105,109,109,109,109,113,113,113,120,124,124,127,134,134,145,145,145,149,157,157,157,157,157],"gold":264,"neow_bonus":"THREE_RARE_CARDS","is_daily":false,"chose_seed":false,"campfire_upgraded":3,"win_rate":0.0,"timestamp":1611924029,"path_taken":["M","M","M","?","$","E","?","E","T","M","E","?","?","M","R","BOSS","M","?","?","M","M","R","M","M","T","?","?","?","?","M","R","BOSS"],"items_purchased_type":["Card","Card","Card","Relic"],"build_version":"2020-12-22","purchased_purges":0,"victory":false,"max_hp_per_floor":[83,86,89,89,89,89,89,92,92,95,105,105,105,109,109,109,109,113,113,113,120,124,124,127,134,134,145,145,145,149,157,157,157,157,157],"card_choices":[{"not_picked":["Exhume","Demon Form"],"picked":"Feed","floor":0},{"not_picked":["Feel No Pain","Shrug It Off"],"picked":"Clash","floor":1},{"not_picked":["Perfected Strike","Power Through","Rampage"],"picked":"SKIP","floor":2},{"not_picked":["Warcry","Power Through"],"picked":"Evolve","floor":3},{"not_picked":["Thunderclap","Blood for Blood","Entrench"],"picked":"SKIP","floor":6},{"not_picked":["Power Through","Spot Weakness"],"picked":"Limit Break","floor":8},{"not_picked":["Shrug It Off","Perfected Strike","Seeing Red"],"picked":"SKIP","floor":10},{"not_picked":["Pummel","Headbutt","Anger"],"picked":"SKIP","floor":11},{"not_picked":["Reaper","Anger"],"picked":"Disarm","floor":13},{"not_picked":["Dark Embrace","Clash"],"picked":"Metallicize","floor":14},{"not_picked":["Impervious","Demon Form"],"picked":"Feed","floor":16},{"not_picked":["Shrug It Off","Blood for Blood"],"picked":"Body Slam+1","floor":18},{"not_picked":["Rupture","Sword Boomerang","Rampage"],"picked":"SKIP","floor":21},{"not_picked":["Wild Strike","Twin Strike+1"],"picked":"Metallicize+1","floor":22},{"not_picked":["Thunderclap","Heavy Blade","Pommel Strike"],"picked":"SKIP","floor":24},{"not_picked":["Perfected Strike+1","Clothesline","Anger"],"picked":"SKIP","floor":25},{"not_picked":["Bludgeon","Bloodletting"],"picked":"Armaments+1","floor":30},{"not_picked":["Anger","Fire Breathing","Evolve+1"],"picked":"SKIP","floor":31},{"not_picked":["Double Tap","Corruption"],"picked":"Offering","floor":33}],"player_experience":44658,"relics_obtained":[{"floor":6,"key":"Shuriken"},{"floor":8,"key":"Bronze Scales"},{"floor":9,"key":"InkBottle"},{"floor":11,"key":"Strawberry"},{"floor":26,"key":"Vajra"},{"floor":27,"key":"FossilizedHelix"},{"floor":27,"key":"Meat on the Bone"},{"floor":28,"key":"HornCleat"}],"event_choices":[{"damage_healed":0,"gold_gain":0,"player_choice":"Damaged","damage_taken":8,"max_hp_gain":0,"max_hp_loss":0,"event_name":"Wheel of Change","floor":4,"gold_loss":0},{"damage_healed":0,"gold_gain":0,"player_choice":"Grow","damage_taken":0,"max_hp_gain":0,"max_hp_loss":0,"event_name":"Living Wall","floor":12,"gold_loss":0,"cards_upgraded":["Feed"]},{"damage_healed":0,"gold_gain":0,"player_choice":"Read","damage_taken":0,"max_hp_gain":0,"max_hp_loss":0,"event_name":"The Library","floor":20,"gold_loss":0,"cards_obtained":["Battle Trance"]},{"damage_healed":0,"gold_gain":0,"player_choice":"Fight","damage_taken":0,"max_hp_gain":0,"max_hp_loss":0,"event_name":"Colosseum","floor":27,"gold_loss":0},{"damage_healed":0,"gold_gain":0,"player_choice":"Fought Nobs","damage_taken":0,"max_hp_gain":0,"max_hp_loss":0,"event_name":"Colosseum","floor":27,"gold_loss":0},{"cards_removed":["Strike_R"],"damage_healed":0,"gold_gain":0,"player_choice":"Gave Gold","damage_taken":0,"max_hp_gain":0,"max_hp_loss":0,"event_name":"Beggar","floor":29,"gold_loss":75}],"is_beta":false,"boss_relics":[{"not_picked":["Tiny House","Runic Cube"],"picked":"Coffee Dripper"},{"not_picked":["SacredBark","Fusion Hammer"],"picked":"Astrolabe"}],"items_purged_floors":[],"is_endless":false,"potions_floor_spawned":[1,6,11,13,14,18,21,27,31,33],"ascension_level":0}}