{"host":"npubv26u89aif4fa","time":1611907187,"event":{"mods":["Astrologer","BaseMod","Better Vampires","Better-Laid Plans","Colored Powertips","GifTheSpireLib","GungeonMod","HornydragonMod","Hubris","Jedi Mod","Minty Spire (QoL Compilation)","Quick Restart","Remilia（蕾米莉亚）","Replay The Spire","StSLib","Td1madao Mod","The Administrix","The Alterego","The Bug Knight","The Cursed","The Runesmith","Yuri Mod","残留之物"],"gold_per_floor":[87,97,97,112,283,283,301,354,403,623,836,894,894,1499,1499,2319,2319],"floor_reached":16,"language":"ZHS","playtime":1028,"items_purged":[],"score":172,"play_id":"170a9bff-0fa2-4bed-82e2-436c21bea246","local_time":"20210129155947","is_ascension_mode":true,"campfire_choices":[{"data":"GetStonks","floor":6,"key":"SMITH"},{"floor":13,"key":"REST"},{"floor":15,"key":"REST"}],"circlet_count":0,"master_deck":["Strike_HD","Strike_HD","Strike_HD","Strike_HD","DrunkenFist","Defend_HD","Defend_HD","Defend_HD","Defend_HD","AlcoholBarrier","BreakDrink","Metabolism","GetStonks+1","FearFace","CardReborn","ShrimpCocktail","ShrimpCocktail","AlcoholGun","GetStonks","GasterBlaster","Sadman570"],"relics":["WineBottle","NeowsBlessing","Replay:Wax Seal","hubris:OldNail"],"acts_visited":["Exordium"],"potions_floor_usage":[14,14,14,16],"damage_taken":[{"damage":0.0,"enemies":"Jaw Worm","floor":1.0,"turns":1.0},{"damage":0.0,"enemies":"Cultist","floor":2.0,"turns":1.0},{"damage":0,"enemies":"Small Slimes","floor":4,"turns":1},{"damage":16,"enemies":"Exordium Thugs","floor":5,"turns":6},{"damage":8,"enemies":"Gremlin Gang","floor":7,"turns":5},{"damage":4,"enemies":"Blue Slaver","floor":8,"turns":3},{"damage":29,"enemies":"Gremlin Nob","floor":10,"turns":5},{"damage":10,"enemies":"Looter","floor":11,"turns":4},{"damage":2,"enemies":"Large Slime","floor":12,"turns":6},{"damage":30,"enemies":"3 Sentries","floor":14,"turns":9},{"damage":41,"enemies":"Fading Forest","floor":16,"turns":7}],"seed_played":"-3524223011054716192","potions_obtained":[{"floor":2.0,"key":"Swift Potion"},{"floor":5,"key":"ColorlessPotion"},{"floor":11,"key":"jedi:wingpotion"}],"is_trial":false,"path_per_floor":["M","M","?","M","M","R","M","M","T","E","M","M","R","E","R","B"],"character_chosen":"HORNYDRAGON","items_purchased":[],"campfire_rested":2,"item_purchase_floors":[],"current_hp_per_floor":[87,87,87,87,71,71,63,59,59,30,20,18,44,14,40,0,0],"gold":2319,"neow_bonus":"THREE_ENEMY_KILL","is_daily":false,"chose_seed":false,"campfire_upgraded":1,"win_rate":0.0,"timestamp":1611907187,"path_taken":["M","M","?","?","M","R","M","M","T","E","M","M","R","E","R","BOSS"],"items_purchased_type":[],"build_version":"2020-12-22","purchased_purges":0,"victory":false,"max_hp_per_floor":[87,87,87,87,87,87,87,87,87,87,87,87,87,87,87,87,87],"card_choices":[{"not_picked":["Yeast","Bike"],"picked":"Metabolism","floor":1.0},{"not_picked":["Conch","BunnyJump"],"picked":"GetStonks","floor":2.0},{"not_picked":["LuckyCoin","Ahahah"],"picked":"ShrimpCocktail","floor":4},{"not_picked":["BottleAttack","AlcoholAttack"],"picked":"ShrimpCocktail","floor":5},{"not_picked":["DrunkForget","HeadDefend"],"picked":"AlcoholGun","floor":7},{"not_picked":["Yeast","DrunkenFist","BunnyJump"],"picked":"SKIP","floor":8},{"not_picked":["AlcoholAttack","Wtf"],"picked":"GetStonks","floor":10},{"not_picked":["BottleAttack","PowerGlove"],"picked":"GasterBlaster","floor":11},{"not_picked":["Wtf","Ocd","PowerGlove"],"picked":"SKIP","floor":12},{"not_picked":["DrumStick","Blue"],"picked":"Sadman570","floor":14}],"player_experience":375943,"relics_obtained":[{"floor":10,"key":"Replay:Wax Seal"},{"floor":14,"key":"hubris:OldNail"}],"event_choices":[{"damage_healed":0,"gold_gain":0,"player_choice":"2 cards matched","damage_taken":0,"max_hp_gain":0,"max_hp_loss":0,"event_name":"Match and Keep!","floor":3,"gold_loss":0,"cards_obtained":["FearFace","CardReborn"]}],"is_beta":false,"boss_relics":[],"items_purged_floors":[],"is_endless":false,"potions_floor_spawned":[2,5,11,12,14],"killed_by":"Fading Forest","ascension_level":1}}