{"host":"5h6e4l6hpn0p5lap","time":1611951947,"event":{"mods":["AchievementEnabler","BaseMod","Better Altar","Better Match","Better Sensory Stone","Better Skull","Better Third Choice","Filter the Spire","Highlight Path","Minty Spire (QoL Compilation)","StSLib"],"gold_per_floor":[109,109,121,141,91,120,120,120,145,145,156,59,70,97,97,199,249,264,284,171,171,185,185,203,228,228,228,240,165,182,202,202,202,202],"floor_reached":33,"language":"ENG","playtime":3181,"items_purged":["Strike_B"],"score":363,"play_id":"0362f952-b02a-4e89-8d94-aa45af7effc1","local_time":"20210129152547","is_ascension_mode":true,"campfire_choices":[{"floor":8.0,"key":"REST"},{"data":"Hyperbeam","floor":10.0,"key":"SMITH"},{"data":"Defragment","floor":15.0,"key":"SMITH"},{"floor":23,"key":"REST"},{"floor":27,"key":"REST"},{"data":"Redo","floor":32,"key":"SMITH"}],"circlet_count":0,"master_deck":["Strike_B","Strike_B","Defend_B","Defend_B","Defend_B","Defend_B","Zap","Dualcast","Conserve Battery","Tempest","Streamline","Glacier","Defragment+1","Go for the Eyes","Coolheaded","Hologram+1","Machine Learning","Turbo+1","Skim","Loop","Defragment","Stack","Leap","Ball Lightning+1","Redo+1"],"relics":["Cracked Core","betterAltar:BloodRelic","Orichalcum","Regal Pillow","Bag of Preparation","Singing Bowl","Tiny House","Anchor","Question Card"],"acts_visited":["Exordium","TheCity"],"potions_floor_usage":[19,19],"damage_taken":[{"damage":2.0,"enemies":"Jaw Worm","floor":1.0,"turns":3.0},{"damage":1.0,"enemies":"Cultist","floor":3.0,"turns":3.0},{"damage":0.0,"enemies":"2 Louse","floor":4.0,"turns":2.0},{"damage":23.0,"enemies":"Lagavulin","floor":6.0,"turns":5.0},{"damage":0.0,"enemies":"Large Slime","floor":11.0,"turns":3.0},{"damage":0.0,"enemies":"Looter","floor":13.0,"turns":2.0},{"damage":4.0,"enemies":"3 Sentries","floor":14.0,"turns":3.0},{"damage":18.0,"enemies":"Hexaghost","floor":16.0,"turns":15.0},{"damage":15.0,"enemies":"Spheric Guardian","floor":18.0,"turns":4.0},{"damage":7,"enemies":"2 Thieves","floor":19,"turns":2},{"damage":21,"enemies":"Centurion and Healer","floor":22,"turns":8},{"damage":6,"enemies":"Snecko","floor":24,"turns":5},{"damage":33,"enemies":"Gremlin Leader","floor":25,"turns":8},{"damage":0,"enemies":"3 Cultists","floor":28,"turns":2},{"damage":14,"enemies":"Cultist and Chosen","floor":30,"turns":8},{"damage":17,"enemies":"Centurion and Healer","floor":31,"turns":9},{"damage":130,"enemies":"Automaton","floor":33,"turns":16}],"seed_played":"-3513729827764070150","potions_obtained":[{"floor":2.0,"key":"AttackPotion"},{"floor":2.0,"key":"Fire Potion"},{"floor":2.0,"key":"FairyPotion"},{"floor":6.0,"key":"Dexterity Potion"},{"floor":11.0,"key":"Explosive Potion"},{"floor":16.0,"key":"Explosive Potion"},{"floor":17.0,"key":"FocusPotion"},{"floor":19,"key":"Strength Potion"},{"floor":24,"key":"Swift Potion"},{"floor":25,"key":"GamblersBrew"},{"floor":28,"key":"LiquidBronze"}],"is_trial":false,"path_per_floor":["M","?","M","M","?","E","?","R","T","R","M","$","M","E","R","B",null,"M","M","$","?","M","R","M","E","T","R","M","?","M","M","R","B"],"character_chosen":"DEFECT","items_purchased":["Defragment","Go for the Eyes","Loop"],"campfire_rested":3,"item_purchase_floors":[12,12,20],"current_hp_per_floor":[68,68,69,71,71,50,38,75,75,75,75,75,75,71,71,55,77,64,59,59,55,38,77,77,48,48,84,84,84,70,57,57,0,0],"gold":202,"neow_bonus":"RANDOM_COMMON_RELIC","is_daily":false,"chose_seed":false,"campfire_upgraded":3,"win_rate":0.0,"timestamp":1611951947,"path_taken":["M","?","?","M","?","E","?","R","T","R","M","$","M","E","R","BOSS","M","M","$","?","M","R","M","E","T","R","M","?","M","M","R","BOSS"],"items_purchased_type":["Card","Card","Card"],"build_version":"2020-12-22","purchased_purges":1,"victory":false,"max_hp_per_floor":[75,75,75,75,75,75,75,75,75,75,75,75,75,75,75,75,82,82,82,82,82,82,82,84,84,84,84,84,84,84,84,84,84,84],"card_choices":[{"not_picked":["Force Field","BootSequence"],"picked":"Conserve Battery","floor":1.0},{"not_picked":["Turbo","Redo"],"picked":"Tempest","floor":3.0},{"not_picked":["Steam","Coolheaded"],"picked":"Streamline","floor":4.0},{"not_picked":["Heatsinks","White Noise"],"picked":"Hyperbeam","floor":6.0},{"not_picked":["White Noise","Go for the Eyes"],"picked":"Glacier","floor":11.0},{"not_picked":["Compile Driver","Gash"],"picked":"Coolheaded","floor":13.0},{"not_picked":["Blizzard","Gash"],"picked":"Hologram","floor":14.0},{"not_picked":["Echo Form","Creative AI"],"picked":"Machine Learning","floor":16.0},{"not_picked":["Reprogram","Compile Driver","Gash"],"picked":"Singing Bowl","floor":17.0},{"not_picked":["Chaos","Doom and Gloom"],"picked":"Turbo+1","floor":18.0},{"not_picked":["Coolheaded","Hello World+1"],"picked":"Skim","floor":19},{"not_picked":["Redo","Leap+1"],"picked":"Defragment","floor":22},{"not_picked":["Leap","Static Discharge","Go for the Eyes"],"picked":"Singing Bowl","floor":24},{"not_picked":["Multi-Cast","Defragment"],"picked":"Stack","floor":25},{"not_picked":["Recycle","Streamline","Rip and Tear"],"picked":"Leap","floor":28},{"not_picked":["Conserve Battery","Beam Cell+1","Sweeping Beam"],"picked":"Ball Lightning+1","floor":30},{"not_picked":["Go for the Eyes","Coolheaded+1","Beam Cell"],"picked":"Redo","floor":31}],"player_experience":1018217,"relics_obtained":[{"floor":6.0,"key":"Orichalcum"},{"floor":9.0,"key":"Bag of Preparation"},{"floor":14.0,"key":"Singing Bowl"},{"floor":25,"key":"Anchor"},{"floor":26,"key":"Question Card"}],"event_choices":[{"damage_healed":0.0,"max_hp_gain":0.0,"max_hp_loss":0.0,"gold_gain":0.0,"event_name":"Lab","player_choice":"Got Potions","floor":2.0,"gold_loss":0.0,"damage_taken":0.0},{"cards_removed":["Strike_B"],"damage_healed":0.0,"max_hp_gain":0.0,"max_hp_loss":0.0,"gold_gain":0.0,"event_name":"The Cleric","player_choice":"Card Removal","floor":5.0,"gold_loss":50.0,"damage_taken":0.0},{"damage_healed":0.0,"max_hp_gain":0.0,"max_hp_loss":0.0,"gold_gain":0.0,"event_name":"betterThird:BetterScrap","player_choice":"Relic ","floor":7.0,"gold_loss":0.0,"damage_taken":12.0,"cards_obtained":["Omniscience"]},{"damage_healed":0,"gold_gain":0,"player_choice":" RottenVial ","damage_taken":4,"relics_obtained":["betterAltar:BloodRelic"],"max_hp_gain":59,"max_hp_loss":55,"event_name":"betterAltar:BetterAltar","floor":21,"potions_obtained":[],"relics_lost":["Blood Vial"],"gold_loss":0},{"cards_removed":["Hyperbeam"],"damage_healed":0,"gold_gain":0,"player_choice":"Gave Gold","damage_taken":0,"max_hp_gain":0,"max_hp_loss":0,"event_name":"Beggar","floor":29,"gold_loss":75}],"is_beta":false,"boss_relics":[{"not_picked":["Snecko Eye","Velvet Choker"],"picked":"Tiny House"}],"items_purged_floors":[20],"is_endless":false,"potions_floor_spawned":[3,6,11,16,19,24,25,28],"killed_by":"Automaton","ascension_level":6}}