{"host":"06e3yyzgn8o619wl","time":1611929366,"event":{"mods":["BaseMod","Block Reminder","Colored Map","Colored Powertips","DeckTracker","Minty Spire (QoL Compilation)","Relic Stats","StSLib"],"gold_per_floor":[113,3,23,36,36,36,63,63,90,90,124,124,154,167,167,167,167],"floor_reached":16,"language":"JPN","playtime":675,"items_purged":["Strike_P"],"score":153,"play_id":"d8f1ee2c-7560-464b-b064-aaff95edb5e4","local_time":"20210129230926","is_ascension_mode":true,"campfire_choices":[{"data":"WaveOfTheHand","floor":6,"key":"SMITH"},{"floor":10,"key":"REST"},{"floor":12,"key":"REST"},{"data":"Vigilance","floor":15,"key":"SMITH"}],"circlet_count":0,"master_deck":["Strike_P","Strike_P","Strike_P","Defend_P","Defend_P","Defend_P","Defend_P","Eruption","Vigilance+1","MentalFortress","WaveOfTheHand+1","MasterReality","CutThroughFate","BowlingBash","DevaForm","Conclude"],"relics":["PureWater","The Courier","Toxic Egg 2","Lantern","Juzu Bracelet","Art of War"],"acts_visited":["Exordium"],"potions_floor_usage":[13,13,16],"damage_taken":[{"damage":12,"enemies":"2 Louse","floor":1,"turns":3},{"damage":4,"enemies":"Jaw Worm","floor":3,"turns":5},{"damage":0,"enemies":"Cultist","floor":4,"turns":6},{"damage":48,"enemies":"Gremlin Nob","floor":7,"turns":6},{"damage":10,"enemies":"Lagavulin","floor":11,"turns":10},{"damage":26,"enemies":"Gremlin Nob","floor":13,"turns":5},{"damage":4,"enemies":"Red Slaver","floor":14,"turns":5},{"damage":15,"enemies":"The Guardian","floor":16,"turns":6}],"seed_played":"-5254506172435481222","potions_obtained":[{"floor":1,"key":"DuplicationPotion"},{"floor":3,"key":"ColorlessPotion"},{"floor":11,"key":"Block Potion"},{"floor":14,"key":"Swift Potion"}],"is_trial":false,"path_per_floor":["M","$","M","M","?","R","E","T","T","R","E","R","E","M","R","B"],"character_chosen":"WATCHER","items_purchased":["WaveOfTheHand"],"campfire_rested":2,"item_purchase_floors":[2],"current_hp_per_floor":[60,60,56,56,56,56,8,8,8,31,21,44,18,14,14,0,0],"gold":167,"neow_bonus":"TEN_PERCENT_HP_BONUS","is_daily":false,"chose_seed":false,"campfire_upgraded":2,"win_rate":0.0,"timestamp":1611929366,"path_taken":["M","$","M","M","?","R","E","?","T","R","E","R","E","M","R","BOSS"],"items_purchased_type":["Card"],"build_version":"2020-12-22","purchased_purges":1,"victory":false,"max_hp_per_floor":[79,79,79,79,79,79,79,79,79,79,79,79,79,79,79,79,79],"relic_stats":{"counters":[8,46],"Juzu Bracelet":0,"Art of War":[4],"obtain_stats":[{"Lantern":9,"The Courier":7,"Juzu Bracelet":11,"Art of War":13,"PureWater":0,"Toxic Egg 2":8},{"Lantern":4,"The Courier":4,"Juzu Bracelet":5,"Art of War":6,"PureWater":0,"Toxic Egg 2":4},{"Lantern":20,"The Courier":20,"Juzu Bracelet":30,"Art of War":35,"PureWater":0,"Toxic Egg 2":20}]},"card_choices":[{"not_picked":["Protect","CutThroughFate"],"picked":"MentalFortress","floor":1},{"not_picked":["PathToVictory","EmptyBody"],"picked":"MasterReality","floor":3},{"not_picked":["FlurryOfBlows","PathToVictory"],"picked":"CutThroughFate","floor":4},{"not_picked":["Perseverance","ForeignInfluence"],"picked":"BowlingBash","floor":7},{"not_picked":["Crescendo+1","Wireheading"],"picked":"DevaForm","floor":11},{"not_picked":["Devotion","FlurryOfBlows"],"picked":"Conclude","floor":13},{"not_picked":["Study","ForeignInfluence+1","FlurryOfBlows"],"picked":"SKIP","floor":14}],"player_experience":120583,"relics_obtained":[{"floor":7,"key":"The Courier"},{"floor":8,"key":"Toxic Egg 2"},{"floor":9,"key":"Lantern"},{"floor":11,"key":"Juzu Bracelet"},{"floor":13,"key":"Art of War"}],"event_choices":[{"damage_healed":0,"gold_gain":0,"player_choice":"Ignored","damage_taken":0,"max_hp_gain":0,"max_hp_loss":0,"event_name":"Liars Game","floor":5,"gold_loss":0}],"is_beta":false,"boss_relics":[],"items_purged_floors":[2],"is_endless":false,"potions_floor_spawned":[1,3,11,14],"killed_by":"The Guardian","ascension_level":6}}