{"host":"lfvf97io7xuhaz8c","time":1611940860,"event":{"mods":["2.2 Compatiblity","BaseMod","Bestiary","Colored Map","Colored Powertips","Curses Come First","Highlight Path","Keyboard Shortcuts","Minty Spire (QoL Compilation)","Relic Stats","StSLib","SuperFastMode"],"gold_per_floor":[116,131,131,144,144,144,42,42,95,110,110,146,165,179,179,179,179],"floor_reached":16,"language":"FRA","playtime":1084,"items_purged":["Normality"],"score":117,"play_id":"b9a51bd1-2bec-4c58-a930-5499c628d3aa","local_time":"20210129182100","is_ascension_mode":true,"campfire_choices":[{"data":"Eruption","floor":6,"key":"SMITH"},{"data":"ClearTheMind","floor":8,"key":"SMITH"},{"floor":15,"key":"REST"}],"circlet_count":0,"master_deck":["Strike_P","Strike_P","Strike_P+1","Strike_P","Defend_P","Defend_P","Defend_P","Defend_P+1","Eruption+1","Vigilance","FollowUp","MentalFortress","ClearTheMind+1","FlurryOfBlows","Study+1","Injury","Protect","Prostrate"],"relics":["PureWater","CloakClasp","Frozen Egg 2","Lantern","Golden Idol","The Courier"],"acts_visited":["Exordium"],"potions_floor_usage":[12,14,16],"damage_taken":[{"damage":5,"enemies":"Small Slimes","floor":1,"turns":4},{"damage":2,"enemies":"Cultist","floor":2,"turns":4},{"damage":0,"enemies":"2 Louse","floor":4,"turns":4},{"damage":1,"enemies":"2 Fungi Beasts","floor":10,"turns":4},{"damage":31,"enemies":"Gremlin Nob","floor":12,"turns":5},{"damage":6,"enemies":"Exordium Wildlife","floor":13,"turns":5},{"damage":0,"enemies":"3 Louse","floor":14,"turns":1},{"damage":40,"enemies":"The Guardian","floor":16,"turns":6}],"seed_played":"-1961733594542631820","potions_obtained":[{"floor":2,"key":"Ambrosia"},{"floor":4,"key":"BottledMiracle"},{"floor":10,"key":"Fire Potion"},{"floor":13,"key":"Ambrosia"}],"is_trial":false,"path_per_floor":["M","M","?","M","?","R","$","R","T","M","?","E","M","M","R","B"],"character_chosen":"WATCHER","items_purchased":["FlurryOfBlows"],"campfire_rested":1,"item_purchase_floors":[7],"current_hp_per_floor":[67,65,65,65,51,51,51,51,51,50,50,19,13,13,34,0,0],"gold":179,"neow_bonus":"ONE_RARE_RELIC","is_daily":false,"chose_seed":false,"campfire_upgraded":2,"win_rate":0.0,"timestamp":1611940860,"path_taken":["M","M","?","?","?","R","$","R","T","M","?","E","M","M","R","BOSS"],"items_purchased_type":["Card"],"build_version":"2020-12-22","purchased_purges":1,"victory":false,"max_hp_per_floor":[72,72,72,72,72,72,72,72,72,72,72,72,72,72,72,72,72],"relic_stats":{"counters":[8,33],"Golden Idol":14,"CloakClasp":[87],"obtain_stats":[{"Lantern":9,"Golden Idol":11,"The Courier":12,"CloakClasp":0,"PureWater":0,"Frozen Egg 2":3},{"Lantern":3,"Golden Idol":4,"The Courier":5,"CloakClasp":0,"PureWater":0,"Frozen Egg 2":2},{"Lantern":12,"Golden Idol":16,"The Courier":21,"CloakClasp":0,"PureWater":0,"Frozen Egg 2":8}]},"card_choices":[{"not_picked":["FlyingSleeves","Protect"],"picked":"FollowUp","floor":1},{"not_picked":["Evaluate","FollowUp"],"picked":"MentalFortress","floor":2},{"not_picked":["DeceiveReality","BowlingBash"],"picked":"ClearTheMind","floor":4},{"not_picked":["FollowUp","EmptyMind"],"picked":"Study+1","floor":10},{"not_picked":["Collect","SignatureMove","LikeWater+1"],"picked":"SKIP","floor":12},{"not_picked":["FearNoEvil","EmptyFist"],"picked":"Protect","floor":13},{"not_picked":["EmptyFist","SandsOfTime"],"picked":"Prostrate","floor":14}],"player_experience":1468974,"relics_obtained":[{"floor":9,"key":"Lantern"},{"floor":12,"key":"The Courier"}],"event_choices":[{"damage_healed":0,"gold_gain":0,"player_choice":"Gave Potion","damage_taken":0,"relics_obtained":["Frozen Egg 2"],"max_hp_gain":0,"max_hp_loss":0,"event_name":"WeMeetAgain","floor":3,"gold_loss":0},{"damage_healed":0,"gold_gain":0,"player_choice":"Entered Light","damage_taken":14,"max_hp_gain":0,"max_hp_loss":0,"event_name":"Shining Light","floor":5,"gold_loss":0,"cards_upgraded":["Defend_P","Strike_P"]},{"damage_healed":0,"gold_gain":0,"player_choice":"Take Wound","damage_taken":0,"relics_obtained":["Golden Idol"],"max_hp_gain":0,"max_hp_loss":0,"event_name":"Golden Idol","floor":11,"gold_loss":0,"cards_obtained":["Injury"]}],"is_beta":false,"boss_relics":[],"items_purged_floors":[7],"is_endless":false,"potions_floor_spawned":[2,4,10,13],"killed_by":"The Guardian","ascension_level":3}}