{"host":"981nlwu0905dw1bz","time":1611930604,"event":{"mods":["AchievementEnabler","BaseMod","DeckTracker","Minty Spire (QoL Compilation)","Rare Cards Sparkle","SuperFastMode"],"gold_per_floor":[111,124,124,124,140,167,167,214,214,214,70,70,82,94,94,191,191,191,191],"floor_reached":18,"language":"KOR","playtime":1367,"items_purged":[],"score":238,"play_id":"460e3230-5154-45c3-95bc-a736794ccb68","local_time":"20210129233004","is_ascension_mode":true,"campfire_choices":[{"data":"Iron Wave","floor":7.0,"key":"SMITH"},{"data":"Bash","floor":10.0,"key":"SMITH"},{"floor":12.0,"key":"REST"},{"floor":15.0,"key":"REST"}],"circlet_count":0,"master_deck":["Bash+1","Jack Of All Trades","Shrug It Off+1","Iron Wave+1","Hemokinesis","Armaments","Metallicize","Barricade","Offering","Uppercut","Dual Wield","Seeing Red","Rampage","Headbutt","Demon Form","Dual Wield","Reaper"],"relics":["Burning Blood","Dream Catcher","Mango","Paper Frog","Membership Card","Pandora\u0027s Box"],"acts_visited":["Exordium","TheCity"],"potions_floor_usage":[],"damage_taken":[{"damage":5.0,"enemies":"Small Slimes","floor":1.0,"turns":3.0},{"damage":12.0,"enemies":"2 Louse","floor":2.0,"turns":3.0},{"damage":1.0,"enemies":"Jaw Worm","floor":5.0,"turns":4.0},{"damage":30.0,"enemies":"Gremlin Nob","floor":6.0,"turns":5.0},{"damage":23.0,"enemies":"3 Sentries","floor":8.0,"turns":9.0},{"damage":15.0,"enemies":"Large Slime","floor":13.0,"turns":8.0},{"damage":28.0,"enemies":"Lots of Slimes","floor":14.0,"turns":5.0},{"damage":51.0,"enemies":"The Guardian","floor":16.0,"turns":15.0},{"damage":32,"enemies":"3 Byrds","floor":18,"turns":3}],"seed_played":"876060961355796870","potions_obtained":[{"floor":2.0,"key":"SkillPotion"},{"floor":5.0,"key":"FearPotion"},{"floor":8.0,"key":"Ancient Potion"},{"floor":16.0,"key":"Dexterity Potion"}],"is_trial":false,"path_per_floor":["M","M","?","?","M","E","R","E","T","R","$","R","M","M","R","B",null,"M"],"character_chosen":"IRONCLAD","items_purchased":["Membership Card"],"campfire_rested":2,"item_purchase_floors":[11],"current_hp_per_floor":[73,67,67,67,72,48,48,45,45,45,45,73,64,42,70,25,77,51,51],"gold":191,"neow_bonus":"RANDOM_COLORLESS","is_daily":false,"chose_seed":false,"campfire_upgraded":2,"win_rate":0.0,"timestamp":1611930604,"path_taken":["M","M","?","?","M","E","R","E","T","R","$","R","M","M","R","BOSS","M"],"items_purchased_type":["Relic"],"build_version":"2020-12-22","purchased_purges":0,"victory":false,"max_hp_per_floor":[80,80,80,80,80,80,80,94,94,94,94,94,94,94,94,94,94,94,94],"card_choices":[{"not_picked":["Deep Breath","PanicButton"],"picked":"Jack Of All Trades","floor":0.0},{"not_picked":["Shockwave","Flex","Sword Boomerang"],"picked":"SKIP","floor":1.0},{"not_picked":["Dropkick","Evolve"],"picked":"Shrug It Off","floor":2.0},{"not_picked":["Warcry","Havoc"],"picked":"Iron Wave","floor":5.0},{"not_picked":["Iron Wave","Uppercut","Disarm"],"picked":"SKIP","floor":6.0},{"not_picked":["Fiend Fire","Havoc","Blood for Blood"],"picked":"SKIP","floor":8.0},{"not_picked":["Intimidate","Corruption"],"picked":"Hemokinesis","floor":13.0},{"not_picked":["Havoc","Seeing Red"],"picked":"Armaments","floor":14.0},{"not_picked":["Armaments","Clothesline"],"picked":"Metallicize","floor":15.0},{"not_picked":["Immolate","Corruption"],"picked":"Barricade","floor":16.0}],"player_experience":561684,"relics_obtained":[{"floor":6.0,"key":"Dream Catcher"},{"floor":8.0,"key":"Mango"},{"floor":9.0,"key":"Paper Frog"}],"event_choices":[{"damage_healed":0.0,"max_hp_gain":0.0,"max_hp_loss":0.0,"gold_gain":0.0,"event_name":"Living Wall","player_choice":"Grow","floor":3.0,"gold_loss":0.0,"damage_taken":0.0,"cards_upgraded":["Shrug It Off"]},{"damage_healed":0.0,"max_hp_gain":0.0,"max_hp_loss":0.0,"gold_gain":0.0,"event_name":"Golden Idol","player_choice":"Ignored","floor":4.0,"gold_loss":0.0,"damage_taken":0.0}],"is_beta":false,"boss_relics":[{"not_picked":["Runic Cube","Fusion Hammer"],"picked":"Pandora\u0027s Box"}],"items_purged_floors":[],"is_endless":false,"potions_floor_spawned":[2,5,8,16],"killed_by":"3 Byrds","ascension_level":8}}