{"host":"qj91dvco5uhu9oti","time":1611949562,"event":{"mods":["BaseMod","Colored Map","Keyboard Shortcuts","Minty Spire (QoL Compilation)","Permanent Neow","Relic Stats","StSLib","SuperFastMode","everything is the same but u backflip on backflip"],"gold_per_floor":[118,132,132,132,3,3,35,50,50,50,84,84,84,101,101,101,101],"floor_reached":16,"language":"KOR","playtime":283,"items_purged":["Strike_B"],"score":173,"play_id":"bf93cd61-ad5f-4691-89a1-a5be7cf5cc26","local_time":"20210130044602","is_ascension_mode":true,"campfire_choices":[{"data":"Zap","floor":6.0,"key":"SMITH"},{"data":"Hologram","floor":10.0,"key":"SMITH"},{"data":"Blizzard","floor":13,"key":"SMITH"},{"data":"Finesse","floor":15,"key":"SMITH"}],"circlet_count":0,"master_deck":["AscendersBane","Strike_B","Strike_B","Strike_B","Defend_B","Defend_B","Defend_B","Zap+1","Dualcast","Finesse+1","Cold Snap","Blizzard+1","Lockon","Hologram+1","Self Repair","FTL","Core Surge"],"relics":["Cracked Core","Singing Bowl","Art of War","Happy Flower"],"acts_visited":["Exordium"],"potions_floor_usage":[],"damage_taken":[{"damage":8.0,"enemies":"Small Slimes","floor":1.0,"turns":3.0},{"damage":0.0,"enemies":"2 Louse","floor":2.0,"turns":2.0},{"damage":18.0,"enemies":"3 Sentries","floor":7.0,"turns":8.0},{"damage":0.0,"enemies":"Cultist","floor":8.0,"turns":2.0},{"damage":18.0,"enemies":"Gremlin Nob","floor":11.0,"turns":4.0},{"damage":12,"enemies":"Exordium Wildlife","floor":14,"turns":3},{"damage":0,"enemies":"The Guardian","floor":16,"turns":1}],"seed_played":"-9160379217090905116","potions_obtained":[{"floor":1.0,"key":"BlessingOfTheForge"},{"floor":7.0,"key":"SpeedPotion"}],"is_trial":false,"path_per_floor":["M","M","?","?","$","R","E","M","T","R","E","?","R","M","R","B"],"character_chosen":"DEFECT","items_purchased":["Hologram"],"campfire_rested":0,"item_purchase_floors":[5],"current_hp_per_floor":[60,60,60,60,60,60,42,42,42,42,31,31,31,21,21,21,21],"gold":101,"neow_bonus":"RANDOM_COLORLESS","is_daily":false,"chose_seed":false,"campfire_upgraded":4,"win_rate":0.0,"timestamp":1611949562,"path_taken":["M","M","?","?","$","R","E","M","T","R","E","?","R","M","R","BOSS"],"items_purchased_type":["Card"],"build_version":"2020-12-22","purchased_purges":1,"victory":false,"max_hp_per_floor":[75,75,75,75,75,75,75,75,75,75,75,75,75,77,77,77,77],"relic_stats":{"Singing Bowl":2,"Happy Flower":[1],"counters":[7,23],"Art of War":[0],"obtain_stats":[{"Singing Bowl":7,"Happy Flower":11,"Art of War":9,"Cracked Core":0},{"Singing Bowl":3,"Happy Flower":5,"Art of War":4,"Cracked Core":0},{"Singing Bowl":13,"Happy Flower":19,"Art of War":15,"Cracked Core":0}]},"card_choices":[{"not_picked":["Deep Breath","Good Instincts"],"picked":"Finesse","floor":0.0},{"not_picked":["Redo","Chaos"],"picked":"Cold Snap","floor":1.0},{"not_picked":["Go for the Eyes","Compile Driver"],"picked":"Blizzard","floor":2.0},{"not_picked":["Rebound","Compile Driver"],"picked":"Self Repair","floor":7.0},{"not_picked":["Steam Power","Conserve Battery"],"picked":"FTL","floor":8.0},{"not_picked":["Barrage","Blizzard"],"picked":"Core Surge","floor":11.0},{"not_picked":["Rebound","Reinforced Body","Compile Driver"],"picked":"Singing Bowl","floor":14}],"player_experience":351946,"relics_obtained":[{"floor":7.0,"key":"Singing Bowl"},{"floor":9.0,"key":"Art of War"},{"floor":11.0,"key":"Happy Flower"}],"event_choices":[{"damage_healed":0.0,"max_hp_gain":0.0,"max_hp_loss":0.0,"gold_gain":0.0,"cards_transformed":["Defend_B"],"event_name":"Living Wall","player_choice":"Change","floor":3.0,"gold_loss":0.0,"damage_taken":0.0,"cards_obtained":["Lockon"]},{"damage_healed":0.0,"max_hp_gain":0.0,"max_hp_loss":0.0,"gold_gain":0.0,"event_name":"Liars Game","player_choice":"Ignored","floor":4.0,"gold_loss":0.0,"damage_taken":0.0},{"damage_healed":0,"gold_gain":0,"player_choice":"Fled","damage_taken":0,"max_hp_gain":0,"max_hp_loss":0,"event_name":"Scrap Ooze","floor":12,"gold_loss":0}],"is_beta":false,"boss_relics":[],"items_purged_floors":[5],"is_endless":false,"potions_floor_spawned":[1,7,8],"killed_by":"The Guardian","ascension_level":12}}