{"host":"6e4d2nejd5141r00","time":1611911702,"event":{"mods":["Act Like it!","BaseMod","Better Synergies","BetterRewards","Colored Map","Colored Powertips","GifTheSpireLib","Infinite Spire","Lobotomy","LobotomyExtend","Minty Spire (QoL Compilation)","Relic Stats","Replay The Spire","StSLib","Wandering Minibosses"],"gold_per_floor":[112,112,122,135,135,135,154,154,154],"floor_reached":8,"language":"ENG","playtime":999,"items_purged":[],"score":48,"play_id":"3657e295-fd40-4911-bb72-fe4919682fd4","local_time":"20210129101502","is_ascension_mode":false,"campfire_choices":[{"data":"ForeignInfluence","floor":6,"key":"SMITH"}],"circlet_count":0,"master_deck":["Strike_P","Strike_P","Strike_P","Strike_P","Defend_P","Defend_P","Defend_P","Defend_P","Eruption","Vigilance","MHz","ForeignInfluence+1","Murderer","MasterReality","PunishingBird","Consecrate","SpiderBud","Replay:Battleflow"],"relics":["PureWater","CogitoBucket","LetterFromLob","Blood Vial"],"acts_visited":["Exordium"],"potions_floor_usage":[8],"damage_taken":[{"damage":1,"enemies":"Jaw Worm","floor":1,"turns":6},{"damage":0,"enemies":"Small Slimes","floor":3,"turns":4},{"damage":16,"enemies":"2 Louse","floor":4,"turns":2},{"damage":7,"enemies":"2 Fungi Beasts","floor":7,"turns":2},{"damage":69,"enemies":"Lagavulin","floor":8,"turns":5}],"seed_played":"3353238358158480066","potions_obtained":[{"floor":4,"key":"Block Potion"}],"is_trial":false,"path_per_floor":["M","?","M","M","?","R","M","E"],"character_chosen":"WATCHER","items_purchased":[],"campfire_rested":0,"item_purchase_floors":[],"current_hp_per_floor":[71,53,55,41,41,41,36,0,0],"gold":154,"neow_bonus":"","is_daily":false,"chose_seed":false,"campfire_upgraded":1,"win_rate":0.0,"timestamp":1611911702,"path_taken":["M","?","M","M","?","R","M","E"],"items_purchased_type":[],"build_version":"2020-12-22","purchased_purges":0,"victory":false,"max_hp_per_floor":[72,72,72,72,72,72,72,72,72],"relic_stats":{"Blood Vial":8,"counters":[5,19],"obtain_stats":[{"Blood Vial":2,"CogitoBucket":0,"LetterFromLob":1,"PureWater":0},{"Blood Vial":1,"CogitoBucket":0,"LetterFromLob":1,"PureWater":0},{"Blood Vial":6,"CogitoBucket":0,"LetterFromLob":6,"PureWater":0}]},"card_choices":[{"not_picked":["Wellcheers","HeroicMonk"],"picked":"MHz","floor":1},{"not_picked":["EmptyFist","Conclude"],"picked":"ForeignInfluence","floor":1},{"not_picked":["SnowQueen","HeroicMonk"],"picked":"Murderer","floor":3},{"not_picked":["EmptyBody","Indignation"],"picked":"MasterReality","floor":3},{"not_picked":["HappyTeddy","MeatLantern"],"picked":"PunishingBird","floor":4},{"not_picked":["EmptyMind","FlyingSleeves"],"picked":"Consecrate","floor":4},{"not_picked":["BeautyBeast","DespairKnight"],"picked":"SpiderBud","floor":7},{"not_picked":["Replay:ManipulateFuture","TalkToTheHand"],"picked":"Replay:Battleflow","floor":7}],"player_experience":83473,"relics_obtained":[{"floor":1,"key":"LetterFromLob"}],"event_choices":[{"damage_healed":0,"gold_gain":0,"player_choice":"Success","damage_taken":18,"relics_obtained":["Blood Vial"],"max_hp_gain":0,"max_hp_loss":0,"event_name":"Scrap Ooze","floor":2,"gold_loss":0}],"is_beta":false,"boss_relics":[],"items_purged_floors":[],"is_endless":false,"potions_floor_spawned":[4],"killed_by":"Lagavulin","ascension_level":0}}