{"host":"6bsan6hkua32tfq7","time":1611905911,"event":{"mods":["BaseMod","Better Third Choice","Colored Map","Highlight Path","Minty Spire (QoL Compilation)","StSLib"],"gold_per_floor":[119,131,145,157,137,137,164,234,234,264,264,279,279,291,291,365,365,379,398,398,63,113,138,138,154,154,104,132,148,59,88,88,165,165,176,176,51,65,65,65,65,95,95,107,57,88,98,48,48,48,48,48,48,48,73,73,73],"floor_reached":56,"language":"ENG","playtime":2556,"items_purged":["Strike_B","Strike_B","Strike_B","Zap","Parasite","Defend_B"],"score":2000,"play_id":"791a4398-c51d-4e26-9b20-39ded079307a","local_time":"20210129083831","is_ascension_mode":true,"campfire_choices":[{"data":"Defragment","floor":6.0,"key":"SMITH"},{"floor":11.0,"key":"REST"},{"data":"Go for the Eyes","floor":13.0,"key":"SMITH"},{"data":"Defragment","floor":15.0,"key":"SMITH"},{"data":"Consume","floor":24,"key":"SMITH"},{"data":"Ghostly","floor":32,"key":"SMITH"},{"floor":40,"key":"RECALL"},{"data":"Ghostly","floor":49,"key":"SMITH"},{"data":"Echo Form","floor":53,"key":"SMITH"}],"circlet_count":0,"master_deck":["AscendersBane","Defend_B","Defend_B","Defend_B","Dualcast","Glacier","Lockon","Defragment+1","Ball Lightning","Go for the Eyes+1","Streamline","Defragment+1","Reboot","Consume+1","Ghostly+1","Ghostly+1","Ghostly+1","Self Repair+1","Heatsinks","Coolheaded","Echo Form+1","Glacier","Glacier","Deep Breath","Coolheaded","Echo Form"],"relics":["Cracked Core","Ancient Tea Set","Smiling Mask","White Beast Statue","Mummified Hand","Inserter","Cables","Blood Vial","Sundial","Centennial Puzzle","Velvet Choker","Question Card","Anchor","Omamori","Eternal Feather"],"acts_visited":["Exordium","TheCity","TheBeyond","TheEnding"],"potions_floor_usage":[23,23,25,29,31,31,35,44,51,55,56],"damage_taken":[{"damage":9.0,"enemies":"Jaw Worm","floor":1.0,"turns":4.0},{"damage":0.0,"enemies":"Cultist","floor":2.0,"turns":4.0},{"damage":4.0,"enemies":"2 Louse","floor":3.0,"turns":2.0},{"damage":1.0,"enemies":"Looter","floor":4.0,"turns":4.0},{"damage":21.0,"enemies":"Exordium Thugs","floor":5.0,"turns":4.0},{"damage":15.0,"enemies":"Gremlin Nob","floor":7.0,"turns":4.0},{"damage":7.0,"enemies":"Lagavulin","floor":10.0,"turns":9.0},{"damage":9.0,"enemies":"Red Slaver","floor":12.0,"turns":2.0},{"damage":3.0,"enemies":"3 Louse","floor":14.0,"turns":3.0},{"damage":8.0,"enemies":"Hexaghost","floor":16.0,"turns":6.0},{"damage":7.0,"enemies":"Chosen","floor":18.0,"turns":5.0},{"damage":20.0,"enemies":"Spheric Guardian","floor":19.0,"turns":4.0},{"damage":9,"enemies":"Gremlin Leader","floor":23,"turns":11},{"damage":0,"enemies":"Cultist and Chosen","floor":25,"turns":5},{"damage":0,"enemies":"Book of Stabbing","floor":28,"turns":6},{"damage":25,"enemies":"3 Cultists","floor":29,"turns":6},{"damage":4,"enemies":"Slavers","floor":31,"turns":6},{"damage":22,"enemies":"Automaton","floor":33,"turns":12},{"damage":9,"enemies":"3 Shapes","floor":35,"turns":4},{"damage":0,"enemies":"Orb Walker","floor":38,"turns":4},{"damage":3,"enemies":"Giant Head","floor":42,"turns":12},{"damage":0,"enemies":"Writhing Mass","floor":44,"turns":8},{"damage":21,"enemies":"Nemesis","floor":46,"turns":13},{"damage":0,"enemies":"Maw","floor":47,"turns":13},{"damage":26,"enemies":"Awakened One","floor":50,"turns":25},{"damage":26,"enemies":"Donu and Deca","floor":51,"turns":14},{"damage":0,"enemies":"Shield and Spear","floor":55,"turns":18},{"damage":32,"enemies":"The Heart","floor":56,"turns":6}],"seed_played":"8877723928773477925","potions_obtained":[{"floor":1.0,"key":"Dexterity Potion"},{"floor":3.0,"key":"Energy Potion"},{"floor":7.0,"key":"GamblersBrew"},{"floor":10.0,"key":"PowerPotion"},{"floor":12.0,"key":"AttackPotion"},{"floor":14.0,"key":"FocusPotion"},{"floor":16.0,"key":"Explosive Potion"},{"floor":18.0,"key":"PotionOfCapacity"},{"floor":19.0,"key":"Ancient Potion"},{"floor":23,"key":"PotionOfCapacity"},{"floor":25,"key":"Weak Potion"},{"floor":28,"key":"DuplicationPotion"},{"floor":29,"key":"PowerPotion"},{"floor":31,"key":"BlessingOfTheForge"},{"floor":33,"key":"Block Potion"},{"floor":35,"key":"Ancient Potion"},{"floor":38,"key":"DistilledChaos"},{"floor":44,"key":"Ancient Potion"},{"floor":46,"key":"DistilledChaos"},{"floor":47,"key":"DuplicationPotion"},{"floor":55,"key":"EssenceOfSteel"}],"is_trial":false,"path_per_floor":["M","M","M","M","M","R","E","?","T","E","R","M","R","M","R","B",null,"M","M","?","$","?","E","R","M","T","$","E","M","$","E","R","B",null,"M","?","$","M","?","R","?","E","T","M","$","E","M","$","R","B","B",null,"R","$","E","B"],"character_chosen":"DEFECT","items_purchased":["Cables","Heatsinks","Glacier"],"campfire_rested":1,"item_purchase_floors":[21,30,37],"current_hp_per_floor":[55,55,51,50,29,29,14,14,14,7,28,19,19,16,16,8,55,48,28,28,28,28,19,19,21,21,21,33,20,20,28,28,18,31,34,34,34,35,35,35,35,35,35,35,32,21,32,32,32,26,12,27,27,27,32,0,0],"gold":73,"neow_bonus":"RANDOM_COMMON_RELIC","is_daily":false,"chose_seed":false,"campfire_upgraded":7,"win_rate":0.0,"timestamp":1611905911,"path_taken":["M","M","M","M","M","R","E","?","T","E","R","M","R","M","R","BOSS","M","M","?","$","?","E","R","?","T","$","E","M","$","E","R","BOSS","M","?","$","M","?","R","?","E","T","?","?","E","M","$","R","BOSS","BOSS","R","$","E","BOSS"],"items_purchased_type":["Relic","Card","Card"],"build_version":"2020-12-22","purchased_purges":6,"victory":false,"max_hp_per_floor":[71,71,71,71,71,71,71,71,71,71,71,71,71,71,71,71,71,71,71,35,35,35,35,35,35,35,35,35,35,35,35,35,35,35,35,35,35,35,35,35,35,35,35,35,32,32,32,32,32,32,32,32,32,32,32,32,32],"card_choices":[{"not_picked":["Go for the Eyes","Rebound"],"picked":"Glacier","floor":1.0},{"not_picked":["Force Field","Stack"],"picked":"Lockon","floor":2.0},{"not_picked":["Tempest","Scrape"],"picked":"Defragment","floor":3.0},{"not_picked":["Streamline","Steam"],"picked":"Ball Lightning","floor":4.0},{"not_picked":["Cold Snap","Darkness"],"picked":"Go for the Eyes","floor":5.0},{"not_picked":["Auto Shields","Genetic Algorithm"],"picked":"Streamline","floor":7.0},{"not_picked":["Scrape","Seek","Sweeping Beam"],"picked":"SKIP","floor":10.0},{"not_picked":["Consume","Hologram","Barrage"],"picked":"SKIP","floor":12.0},{"not_picked":["Melter","Glacier"],"picked":"Defragment","floor":14.0},{"not_picked":["Hyperbeam","Rainbow"],"picked":"Reboot","floor":16.0},{"not_picked":["Stack","Undo"],"picked":"Consume","floor":18.0},{"not_picked":["Redo+1","Rebound","Force Field"],"picked":"SKIP","floor":19.0},{"not_picked":["Force Field","Streamline","Leap"],"picked":"SKIP","floor":23},{"not_picked":["Force Field","Streamline","Leap"],"picked":"SKIP","floor":23},{"not_picked":["Redo","Stack"],"picked":"Self Repair+1","floor":25},{"not_picked":["BootSequence","Streamline","Meteor Strike"],"picked":"SKIP","floor":28},{"not_picked":["Barrage","Conserve Battery","Leap"],"picked":"SKIP","floor":29},{"not_picked":["Hello World","Storm"],"picked":"Coolheaded","floor":31},{"not_picked":["Multi-Cast","Reboot"],"picked":"Echo Form","floor":33},{"not_picked":["Go for the Eyes","Compile Driver"],"picked":"Glacier","floor":35},{"not_picked":["Redo+1","Turbo+1","Double Energy"],"picked":"SKIP","floor":38},{"not_picked":["Magnetism","Mind Blast"],"picked":"Deep Breath","floor":39},{"not_picked":["Barrage","Conserve Battery+1"],"picked":"Coolheaded","floor":42},{"not_picked":["Static Discharge+1","FTL+1","Stack","Cold Snap"],"picked":"SKIP","floor":44},{"not_picked":["Static Discharge+1","FTL+1","Stack","Cold Snap"],"picked":"SKIP","floor":44},{"not_picked":["Go for the Eyes","Leap","Hello World+1"],"picked":"Echo Form","floor":46},{"not_picked":["Conserve Battery","All For One","Reinforced Body","Darkness"],"picked":"SKIP","floor":47},{"not_picked":["Consume","Self Repair","FTL","Static Discharge+1"],"picked":"SKIP","floor":55}],"player_experience":5357598,"relics_obtained":[{"floor":7.0,"key":"Smiling Mask"},{"floor":9.0,"key":"White Beast Statue"},{"floor":10.0,"key":"Mummified Hand"},{"floor":23,"key":"Blood Vial"},{"floor":28,"key":"Sundial"},{"floor":31,"key":"Centennial Puzzle"},{"floor":42,"key":"Question Card"},{"floor":43,"key":"Anchor"},{"floor":46,"key":"Omamori"},{"floor":55,"key":"Eternal Feather"}],"event_choices":[{"damage_healed":0.0,"max_hp_gain":0.0,"max_hp_loss":0.0,"gold_gain":70.0,"event_name":"Golden Wing","player_choice":"Gained Gold","floor":8.0,"gold_loss":0.0,"damage_taken":0.0},{"damage_healed":0.0,"max_hp_gain":0.0,"max_hp_loss":36.0,"gold_gain":0.0,"event_name":"Ghosts","player_choice":"Became a Ghost","floor":20.0,"gold_loss":0.0,"damage_taken":0.0,"cards_obtained":["Ghostly","Ghostly","Ghostly"]},{"damage_healed":0.0,"max_hp_gain":0.0,"max_hp_loss":0.0,"gold_gain":100.0,"event_name":"The Joust","player_choice":"Bet on Murderer","floor":22.0,"gold_loss":50.0,"damage_taken":0.0},{"cards_removed":["Strike_B"],"damage_healed":0,"gold_gain":0,"player_choice":"Removed Attack","damage_taken":0,"max_hp_gain":0,"max_hp_loss":0,"event_name":"Falling","floor":36,"gold_loss":0},{"damage_healed":0,"gold_gain":0,"player_choice":"Memory 1","damage_taken":0,"max_hp_gain":0,"max_hp_loss":0,"event_name":"SensoryStone","floor":39,"gold_loss":0},{"damage_healed":0,"gold_gain":0,"player_choice":"Forge","damage_taken":0,"max_hp_gain":0,"max_hp_loss":0,"event_name":"Accursed Blacksmith","floor":41,"gold_loss":0,"cards_upgraded":["Ghostly"]}],"is_beta":false,"boss_relics":[{"not_picked":["SlaversCollar","Cursed Key"],"picked":"Inserter"},{"not_picked":["Tiny House","Coffee Dripper"],"picked":"Velvet Choker"}],"items_purged_floors":[21,27,30,37,45,48],"is_endless":false,"potions_floor_spawned":[1,3,7,10,12,14,16,18,19,23,25,28,29,31,33,35,38,42,44,46,47,55],"killed_by":"The Heart","ascension_level":20}}