{"host":"3y2rtlgteqp2nuo3","time":1611928098,"event":{"mods":["2.2 Compatiblity","AchievementEnabler","BaseMod","Colored Map","DeckTracker","Highlight Path","Keyboard Shortcuts","Minty Spire (QoL Compilation)","Permanent Neow","Quick Restart","StSLib","SuperFastMode","everything is the same but u backflip on backflip"],"gold_per_floor":[113,124,140,155,230,230,248,248,272,302,302,315,315,415,415,515,515,525,126,137,137,137],"floor_reached":21,"language":"KOR","playtime":424,"items_purged":["Strike_R"],"score":262,"play_id":"017d769e-4d33-49a5-ace8-47d92b1e6a74","local_time":"20210129224818","is_ascension_mode":true,"campfire_choices":[{"data":"Pommel Strike","floor":6.0,"key":"SMITH"},{"data":"Shrug It Off","floor":8.0,"key":"SMITH"},{"data":"Shockwave","floor":11.0,"key":"SMITH"},{"data":"Flame Barrier","floor":13,"key":"SMITH"},{"data":"Cleave","floor":15,"key":"SMITH"}],"circlet_count":0,"master_deck":["Strike_R","Strike_R","Strike_R","Strike_R","Defend_R","Defend_R","Defend_R","Defend_R","Bash+1","Cleave+1","Shrug It Off+1","Thunderclap","Pommel Strike+1","Flame Barrier+1","Shockwave+1","Impervious","Shrug It Off+1","Reckless Charge","Spot Weakness+1"],"relics":["Burning Blood","Toy Ornithopter","Art of War","Philosopher\u0027s Stone","Paper Frog"],"acts_visited":["Exordium","TheCity"],"potions_floor_usage":[],"damage_taken":[{"damage":2.0,"enemies":"Jaw Worm","floor":1.0,"turns":3.0},{"damage":1.0,"enemies":"Cultist","floor":2.0,"turns":3.0},{"damage":4.0,"enemies":"2 Louse","floor":3.0,"turns":3.0},{"damage":5.0,"enemies":"2 Fungi Beasts","floor":4.0,"turns":3.0},{"damage":13.0,"enemies":"Blue Slaver","floor":7.0,"turns":3.0},{"damage":25.0,"enemies":"3 Sentries","floor":10.0,"turns":6.0},{"damage":5,"enemies":"Lots of Slimes","floor":12,"turns":3},{"damage":44,"enemies":"The Guardian","floor":16,"turns":16},{"damage":25,"enemies":"Shell Parasite","floor":18,"turns":7},{"damage":28,"enemies":"Spheric Guardian","floor":20,"turns":5}],"seed_played":"-1951065989917404835","potions_obtained":[{"floor":4.0,"key":"Explosive Potion"},{"floor":7.0,"key":"CultistPotion"},{"floor":10.0,"key":"Ancient Potion"},{"floor":20,"key":"FearPotion"}],"is_trial":false,"path_per_floor":["M","M","M","M","?","R","M","R","T","E","R","M","R","?","R","B",null,"M","$","M","$"],"character_chosen":"IRONCLAD","items_purchased":["Paper Frog","Reckless Charge"],"campfire_rested":0,"item_purchase_floors":[19,19],"current_hp_per_floor":[76,80,80,80,69,69,62,62,62,48,48,49,49,49,49,11,63,44,44,22,22,22],"gold":137,"neow_bonus":"UPGRADE_CARD","is_daily":false,"chose_seed":false,"campfire_upgraded":5,"win_rate":0.0,"timestamp":1611928098,"path_taken":["M","M","M","M","?","R","M","R","T","E","R","M","R","?","R","BOSS","M","$","?","$"],"items_purchased_type":["Relic","Card"],"build_version":"2020-12-22","purchased_purges":1,"victory":false,"max_hp_per_floor":[80,80,80,80,80,80,80,80,80,80,80,80,80,80,80,80,80,80,80,80,80,80],"card_choices":[{"not_picked":["Iron Wave","Havoc"],"picked":"Cleave","floor":1.0},{"not_picked":["Warcry","Iron Wave"],"picked":"Shrug It Off","floor":2.0},{"not_picked":["Iron Wave","Sever Soul"],"picked":"Thunderclap","floor":3.0},{"not_picked":["Juggernaut","Rupture"],"picked":"Pommel Strike","floor":4.0},{"not_picked":["Heavy Blade","Havoc"],"picked":"Flame Barrier","floor":7.0},{"not_picked":["Second Wind","Evolve"],"picked":"Shockwave","floor":10.0},{"not_picked":["Disarm","Anger","Thunderclap"],"picked":"SKIP","floor":12},{"not_picked":["Brutality","Limit Break"],"picked":"Impervious","floor":16},{"not_picked":["Sentinel","Burning Pact"],"picked":"Shrug It Off+1","floor":18},{"not_picked":["Uppercut","Body Slam"],"picked":"Spot Weakness+1","floor":20}],"player_experience":732888,"relics_obtained":[{"floor":9.0,"key":"Toy Ornithopter"},{"floor":10.0,"key":"Art of War"}],"event_choices":[{"damage_healed":0.0,"max_hp_gain":0.0,"max_hp_loss":0.0,"gold_gain":75.0,"event_name":"World of Goop","player_choice":"Gather Gold","floor":5.0,"gold_loss":0.0,"damage_taken":11.0},{"damage_healed":0,"gold_gain":100,"player_choice":"Gold","damage_taken":0,"max_hp_gain":0,"max_hp_loss":0,"event_name":"Wheel of Change","floor":14,"gold_loss":0}],"is_beta":false,"boss_relics":[{"not_picked":["Tiny House","Busted Crown"],"picked":"Philosopher\u0027s Stone"}],"items_purged_floors":[19],"is_endless":false,"potions_floor_spawned":[4,7,10,20],"ascension_level":9}}