{"host":"omgphoea13lnyb7y","time":1611912289,"event":{"mods":["Aspiration","BaseMod","Better Note","BetterRewards","Colored Map","DeckTracker","Hubris","Minty Spire (QoL Compilation)","StSLib","The Construct","The Cursed","The Jungle","The Necromancer"],"gold_per_floor":[17,37,37,53,66,66,82,82,82,100,131,33,33,33,33,130,130,140,140,140,140,159,159,159,159],"floor_reached":24,"language":"ENG","playtime":727,"items_purged":["Strike_B"],"score":206,"play_id":"8ba50ac3-ccae-4956-97cd-54f86ead2833","local_time":"20210129012449","is_ascension_mode":true,"campfire_choices":[{"data":"Zap","floor":6,"key":"SMITH"},{"data":"Dualcast","floor":8,"key":"SMITH"},{"floor":15,"key":"RECALL"},{"floor":23,"key":"REST"}],"circlet_count":0,"master_deck":["Strike_B","Strike_B","Defend_B","Defend_B","Defend_B","Zap+1","Dualcast+1","Gash","Gash","Redo+1","Redo","Beam Cell","Seek","Redo+1"],"relics":["Cracked Core","Oddly Smooth Stone","Girya","aspiration:BursterCore","Shuriken","hubris:DeckOfHolding"],"acts_visited":["Exordium","TheCity"],"potions_floor_usage":[10,18,24],"damage_taken":[{"damage":9,"enemies":"2 Louse","floor":1,"turns":3},{"damage":1,"enemies":"Cultist","floor":2,"turns":3},{"damage":8,"enemies":"Small Slimes","floor":4,"turns":2},{"damage":5,"enemies":"3 Louse","floor":5,"turns":3},{"damage":0,"enemies":"2 Fungi Beasts","floor":7,"turns":3},{"damage":0,"enemies":"Exordium Thugs","floor":10,"turns":3},{"damage":8,"enemies":"Gremlin Nob","floor":11,"turns":3},{"damage":43,"enemies":"The Guardian","floor":16,"turns":10},{"damage":57,"enemies":"3 Byrds","floor":18,"turns":6},{"damage":4,"enemies":"Chosen","floor":22,"turns":4},{"damage":35,"enemies":"Gremlin Leader","floor":24,"turns":2}],"seed_played":"-6056611344256851212","potions_obtained":[{"floor":2,"key":"Energy Potion"},{"floor":5,"key":"EssenceOfDarkness"},{"floor":11,"key":"Regen Potion"},{"floor":22,"key":"SteroidPotion"}],"is_trial":false,"path_per_floor":["M","M","?","M","M","R","M","R","T","M","E","$","?","?","R","B",null,"M","?","T","?","M","R","E"],"character_chosen":"DEFECT","items_purchased":["Beam Cell"],"campfire_rested":1,"item_purchase_floors":[12],"current_hp_per_floor":[66,65,65,57,52,52,52,52,52,52,44,44,44,69,69,26,75,23,23,23,16,12,34,0,0],"gold":159,"neow_bonus":"REMOVE_TWO","is_daily":false,"chose_seed":false,"campfire_upgraded":2,"win_rate":0.0,"timestamp":1611912289,"path_taken":["M","M","?","?","M","R","M","R","T","M","E","$","?","?","R","BOSS","M","?","?","?","M","R","E"],"items_purchased_type":["Card"],"build_version":"2020-12-22","purchased_purges":1,"victory":false,"max_hp_per_floor":[75,75,75,75,75,75,75,75,75,75,75,75,75,75,75,75,75,75,75,75,75,75,75,75,75],"card_choices":[{"not_picked":["Hello World","Hologram"],"picked":"Gash","floor":1},{"not_picked":["Cold Snap","Fusion"],"picked":"Gash","floor":2},{"not_picked":["Stack","Darkness"],"picked":"Redo","floor":4},{"not_picked":["Blizzard","Conserve Battery","Steam"],"picked":"SKIP","floor":5},{"not_picked":["Coolheaded","Melter"],"picked":"Redo","floor":7},{"not_picked":["Cold Snap","Stack","Streamline"],"picked":"SKIP","floor":10},{"not_picked":["Redo","Rebound","Cold Snap"],"picked":"SKIP","floor":11},{"not_picked":["Hyperbeam","Biased Cognition"],"picked":"Seek","floor":16},{"not_picked":["Turbo","Compile Driver+1","Stack+1"],"picked":"SKIP","floor":18},{"not_picked":["Rebound","Leap"],"picked":"Redo+1","floor":22}],"player_experience":62723,"relics_obtained":[{"floor":11,"key":"Girya"},{"floor":20,"key":"hubris:DeckOfHolding"}],"event_choices":[{"damage_healed":0,"gold_gain":0,"player_choice":"Gave Potion","damage_taken":0,"relics_obtained":["Oddly Smooth Stone"],"max_hp_gain":0,"max_hp_loss":0,"event_name":"WeMeetAgain","floor":3,"gold_loss":0},{"damage_healed":25,"gold_gain":0,"player_choice":"Banana","damage_taken":0,"max_hp_gain":0,"max_hp_loss":0,"event_name":"Big Fish","floor":14,"gold_loss":0},{"damage_healed":0,"gold_gain":0,"player_choice":"Opened","damage_taken":0,"relics_obtained":["Shuriken"],"max_hp_gain":0,"max_hp_loss":0,"event_name":"The Mausoleum","floor":19,"gold_loss":0},{"damage_healed":0,"gold_gain":0,"player_choice":"Damaged","damage_taken":7,"max_hp_gain":0,"max_hp_loss":0,"event_name":"Wheel of Change","floor":21,"gold_loss":0}],"is_beta":false,"boss_relics":[{"not_picked":["Inserter","SacredBark"],"picked":"aspiration:BursterCore"}],"items_purged_floors":[12],"is_endless":false,"potions_floor_spawned":[2,5,11,22],"killed_by":"Gremlin Leader","ascension_level":1}}