{"host":"fjjc8m05dtccy69s","time":1611891938,"event":{"mods":["A Penny For Your Troubles","AchievementEnabler","BaseMod","Better Note","Better Third Choice","BetterRewards","Card Forge","CatGirl Mod","Colored Map","Conspire","Defuse TimeMaze Blight","Displayed Cursed Tome","Infinite Spire","Marisa????????","Minty Spire (QoL Compilation)","Permanent Neow","Reliquary","Remilia??????","Replay The Spire","Spikes Relics","StSLib","The Animator","The Servant 0.9.4","Useless Jewels Mod","Waifu the Spire","??????REMEMod"],"gold_per_floor":[114,114,114,124,124,124,159,177,177,188,188,188,202,318,318,415,415,430,440,540,559,571,584,619,635,635,635,669,462,462,475,475,571,571,590,590,590,590],"floor_reached":37,"language":"ENG","playtime":2507,"items_purged":["Strike_R"],"score":411,"play_id":"87b02c28-12b0-4169-b67e-007b4f17bf29","local_time":"20210128214538","is_ascension_mode":false,"campfire_choices":[{"floor":6.0,"key":"RECALL"},{"data":"ReplayTheSpireMod:Limb From Limb","floor":11.0,"key":"SMITH"},{"data":"Flame Barrier","floor":15.0,"key":"SMITH"},{"data":"infinitespire:Oblivion","floor":27,"key":"SMITH"},{"data":"Iron Wave","floor":32,"key":"SMITH"}],"circlet_count":0,"master_deck":["Strike_R","Strike_R","Strike_R","Strike_R","Defend_R","Defend_R","Defend_R","Defend_R","Dramatic Entrance","infinitespire:Neurotoxin","Flame Barrier+1","Survivor","Neutralize","Feed","Pommel Strike","ReplayTheSpireMod:Limb From Limb+1","Pain","Run Through","Inflame","ReplayTheSpireMod:Strike From Hell","Pommel Strike","Offering","conspire:Charge+1","Infernal Blade+1","infinitespire:Oblivion+1","infinitespire:Menacing","Flex+1","Iron Wave","Iron Wave+1","ReplayTheSpireMod:Private Reserves","REME_ACTH"],"relics":["Burning Blood","Hammer of Thor","Seething Fire","Anvil of the Gods","REME_ComplimentaryCards","ReplayTheSpireMod:TigerMarble","reliquary:PartyBalloon","BrokenLever","White Beast Statue","WarpedTongs","conspire:SeveredTorchhead","reliquary:TuningFork","Replay:Wanted Poster","FossilizedHelix","infinitespire:Satchel","infinitespire:Lucky Rock","conspire:SlowCooker"],"acts_visited":["Exordium","TheCity","TheBeyond"],"potions_floor_usage":[25,37,37],"damage_taken":[{"damage":12.0,"enemies":"Cultist","floor":1.0,"turns":5.0},{"damage":0.0,"enemies":"2 Louse","floor":4.0,"turns":1.0},{"damage":1.0,"enemies":"3 Sentries","floor":7.0,"turns":2.0},{"damage":0.0,"enemies":"Jaw Worm","floor":8.0,"turns":2.0},{"damage":4.0,"enemies":"Exordium Wildlife","floor":10.0,"turns":8.0},{"damage":3.0,"enemies":"Large Slime","floor":13.0,"turns":5.0},{"damage":16.0,"enemies":"Hexaghost","floor":16.0,"turns":7.0},{"damage":11.0,"enemies":"Shell Parasite","floor":18.0,"turns":4.0},{"damage":40.0,"enemies":"Spheric Guardian","floor":19.0,"turns":6.0},{"damage":2.0,"enemies":"Snecko","floor":21.0,"turns":3.0},{"damage":9.0,"enemies":"Centurion and Healer","floor":22.0,"turns":3.0},{"damage":14.0,"enemies":"Snake Plant","floor":23.0,"turns":3.0},{"damage":24.0,"enemies":"conspire:SneckoGhost","floor":24.0,"turns":6.0},{"damage":5.0,"enemies":"Chosen and Byrds","floor":25.0,"turns":5.0},{"damage":23,"enemies":"Book of Stabbing","floor":28,"turns":5},{"damage":0,"enemies":"Cultist and Chosen","floor":31,"turns":4},{"damage":34,"enemies":"Collector","floor":33,"turns":6},{"damage":10,"enemies":"3 Shapes","floor":35,"turns":4},{"damage":136,"enemies":"Awakened One","floor":37,"turns":7}],"seed_played":"4567639570866299848","potions_obtained":[{"floor":8.0,"key":"REME_GoldPotion"},{"floor":10.0,"key":"Strength Potion"},{"floor":13.0,"key":"Dexterity Potion"},{"floor":16.0,"key":"SkillPotion"},{"floor":18.0,"key":"GamblersBrew"},{"floor":19.0,"key":"Cursed Concoction"},{"floor":21.0,"key":"FairyPotion"},{"floor":23.0,"key":"Reflective Coating"},{"floor":25,"key":"BloodPotion"},{"floor":28,"key":"Reflective Coating"}],"is_trial":false,"path_per_floor":["M","?","?","M","T","R","E","M","T","M","R","?","M","?","R_BF","B",null,"M","M","AVR","M","M","M","E","M","T","R","E","$","?","M","R","B",null,"M","?","B"],"character_chosen":"IRONCLAD","items_purchased":["Iron Wave","ReplayTheSpireMod:Private Reserves"],"campfire_rested":0,"item_purchase_floors":[29,29],"current_hp_per_floor":[74,74,64,70,70,70,75,83,83,86,86,86,86,52,52,42,86,81,52,52,56,53,45,27,45,45,45,28,28,28,37,37,9,89,89,89,0,0],"gold":590,"neow_bonus":"RANDOM_COLORLESS","is_daily":false,"chose_seed":false,"campfire_upgraded":4,"win_rate":0.0,"timestamp":1611891938,"path_taken":["M","?","?","M","?","R","E","M","T","?","R","?","?","?","R_BF","BOSS","M","M","AVR","M","M","M","E","M","T","R","E","$","?","?","R","BOSS","M","?","BOSS"],"items_purchased_type":["Card","Card"],"build_version":"2020-12-22","purchased_purges":1,"victory":false,"max_hp_per_floor":[80,80,80,80,80,80,80,83,83,86,86,86,86,86,86,86,86,86,86,86,86,86,86,86,86,86,86,86,86,86,89,89,89,89,93,93,93,93],"card_choices":[{"not_picked":["Forethought","Flash of Steel"],"picked":"Dramatic Entrance","floor":0.0},{"not_picked":["Sword Boomerang","Headbutt"],"picked":"Flame Barrier","floor":1.0},{"not_picked":["Headbutt","BarbarianYell","Combust"],"picked":"SKIP","floor":4.0},{"not_picked":["Cleave","Thunderclap"],"picked":"Feed","floor":7.0},{"not_picked":["Blood for Blood","Dark Embrace"],"picked":"Pommel Strike","floor":8.0},{"not_picked":["Battle Trance","ReplayTheSpireMod:Corrosion Curse"],"picked":"ReplayTheSpireMod:Limb From Limb","floor":10.0},{"not_picked":["Thunderclap","Absolvement"],"picked":"Run Through","floor":13.0},{"not_picked":["Headbutt","Havoc"],"picked":"Inflame","floor":14.0},{"not_picked":["Twin Strike","Intimidate"],"picked":"ReplayTheSpireMod:Strike From Hell","floor":14.0},{"not_picked":["Second Wind","Combust"],"picked":"Pommel Strike","floor":14.0},{"not_picked":["Double Tap","Eclipse"],"picked":"Offering","floor":16.0},{"not_picked":["Warcry","Headbutt"],"picked":"conspire:Charge+1","floor":18.0},{"not_picked":["Dropkick","Cleave"],"picked":"Infernal Blade+1","floor":19.0},{"not_picked":["REME_SingleHolding+1","Rupture"],"picked":"Flex+1","floor":21.0},{"not_picked":["Anger+1","Intimidate","ReplayTheSpireMod:Corrosion Curse"],"picked":"SKIP","floor":22.0},{"not_picked":["Life Link","Body Slam","Sword Boomerang"],"picked":"SKIP","floor":23.0},{"not_picked":["Shrug It Off","Headbutt","Flex"],"picked":"SKIP","floor":24.0},{"not_picked":["Sword Boomerang","Eclipse","Twin Strike"],"picked":"SKIP","floor":25},{"not_picked":["ReplayReversal+1","Clash"],"picked":"Iron Wave","floor":28},{"not_picked":["Shrug It Off","conspire:ExplosiveBarrier","ReplayTheSpireMod:Strike From Hell+1"],"picked":"SKIP","floor":31},{"not_picked":["Corruption","Eclipse"],"picked":"REME_ACTH","floor":33},{"not_picked":["Clash+1","Thunderclap","ReplayTheSpireMod:Strike From Hell+1"],"picked":"SKIP","floor":35}],"player_experience":319232,"relics_obtained":[{"floor":7.0,"key":"BrokenLever"},{"floor":9.0,"key":"White Beast Statue"},{"floor":24.0,"key":"FossilizedHelix"},{"floor":26,"key":"infinitespire:Satchel"},{"floor":28,"key":"infinitespire:Lucky Rock"}],"event_choices":[{"damage_healed":0.0,"max_hp_gain":0.0,"max_hp_loss":0.0,"gold_gain":1.0,"event_name":"betterThird:BetterScrap","player_choice":"Relic Relic ","floor":3.0,"gold_loss":0.0,"damage_taken":10.0,"cards_obtained":["Predator"]},{"damage_healed":0.0,"max_hp_gain":0.0,"max_hp_loss":0.0,"gold_gain":0.0,"event_name":"Accursed Blacksmith","player_choice":"Rummage","floor":12.0,"gold_loss":0.0,"damage_taken":0.0,"relics_obtained":["WarpedTongs"],"cards_obtained":["Pain"]},{"cards_removed":["infinitespire:Neurotoxin"],"damage_healed":0,"gold_gain":0,"player_choice":"Give","damage_taken":0,"max_hp_gain":0,"max_hp_loss":0,"event_name":"betterNote:BetterNote","floor":30,"gold_loss":0,"cards_obtained":["None"]},{"damage_healed":0,"gold_gain":0,"player_choice":"Portal","damage_taken":0,"max_hp_gain":0,"max_hp_loss":0,"event_name":"betterThird:BetterPortal","floor":36,"gold_loss":0}],"is_beta":false,"boss_relics":[{"not_picked":["SlaversCollar","Snecko Eye"],"picked":"conspire:SeveredTorchhead"},{"not_picked":["REME_LowDesire","REME_DuelDisc"],"picked":"conspire:SlowCooker"}],"items_purged_floors":[29],"is_endless":false,"potions_floor_spawned":[8,10,13,16,18,19,21,22,23,24,25,28,31,33,35],"killed_by":"Awakened One","ascension_level":0}}