{"host":"hl3ams4am2ku5u4p","time":1611925162,"event":{"mods":["AchievementEnabler","Act Like it!","Aspiration","BaseMod","Beaked The Cultist","BetterRewards","CatGirl Mod","Colored Map","Colored Powertips","Conspire","Downfall","Energized Spire","Halation","Hallownest","HornydragonMod","Hubris","Infinite Spire","Mad Scientist","Magitek Elite","Minty Spire (QoL Compilation)","READ ME - Guardian Mod","Replay The Spire","Spikes Relics","StSLib","SuperFastMode","The Blackbeard","The Bug Knight","The Construct","The Disciple","The Jungle","The Mystic","The Necromancer","The Senshi"],"gold_per_floor":[117,117,131,145,182,212,212,212,212,212,242,274,274,289,289,389,389,407,442,442,442],"floor_reached":20,"language":"FRA","playtime":1213,"items_purged":[],"score":313,"play_id":"b8696b1e-f812-489d-b6f0-a316ad5c550d","local_time":"20210129135922","is_ascension_mode":true,"campfire_choices":[{"floor":7,"key":"REST"},{"floor":10,"key":"REST"},{"floor":13,"key":"REST"},{"data":"FIFO Queue","floor":15,"key":"SMITH"}],"circlet_count":0,"master_deck":["Strike_B+1","Strike_B","Strike_B","Strike_B+1","Defend_B","Defend_B","Defend_B","Defend_B","Zap","Dualcast","Capacitor","ReplayTheSpireMod:Omega Cannon","Ball Lightning","Beam Cell","HandOfGreed","Static Discharge","Core Surge","Consume","ReplayTheSpireMod:Calculation Training+1","hubris:Ukulele","Conserve Battery","FIFO Queue+1","Echo Form","Reboot+1","Self Repair"],"relics":["Cracked Core","infinitespire:SolderingIron","Whetstone","Membership Card","RetroEgg","Guard_Bracelet","InkBottle","conspire:BottledYoYo","energizedSpire:DeadBattery"],"acts_visited":["Exordium","Hallownest:Greenpath"],"potions_floor_usage":[6,12],"damage_taken":[{"damage":0,"enemies":"Hallownest:2_Baldur","floor":1,"turns":1},{"damage":7,"enemies":"Hallownest:monsterHuskGuard","floor":3,"turns":3},{"damage":0,"enemies":"2_ Uuma","floor":4,"turns":1},{"damage":0,"enemies":"Hallownest:Wandering_and_Horned","floor":5,"turns":2},{"damage":18,"enemies":"Hallownest:eliteMossKnight","floor":6,"turns":6},{"damage":17,"enemies":"Hallownest:2_Tiktiks_1_Baldur_1_Crawlid","floor":11,"turns":3},{"damage":6,"enemies":"Hallownest:eliteVengeflyKing","floor":12,"turns":6},{"damage":15,"enemies":"Hallownest:Guard_and_Warrior","floor":14,"turns":3},{"damage":31,"enemies":"Hallownest:BossBrokenVessel","floor":16,"turns":7},{"damage":25,"enemies":"Hallownest:3_Youths","floor":18,"turns":4},{"damage":35,"enemies":"Hallownest:2_Mistakes","floor":19,"turns":5},{"damage":16,"enemies":"Hallownest:2_Flukemon","floor":20,"turns":1}],"seed_played":"-8320386912168977958","potions_obtained":[{"floor":4,"key":"champ:CounterPotion"},{"floor":11,"key":"Adrenaline Potion"},{"floor":14,"key":"Swift Potion"}],"is_trial":false,"path_per_floor":["M","?","M","M","M","E","R","?","T","R","M","E","R","M","R","B",null,"M","M","M"],"character_chosen":"DEFECT","items_purchased":["infinitespire:SolderingIron","Capacitor","ReplayTheSpireMod:Omega Cannon","Whetstone","Membership Card","Ball Lightning","Beam Cell","HandOfGreed","Static Discharge","Core Surge","Consume","RetroEgg","ReplayTheSpireMod:Calculation Training","hubris:Ukulele"],"campfire_rested":3,"item_purchase_floors":[0,0,0,0,0,0,0,0,0,0,0,0,0,0],"current_hp_per_floor":[51,59,52,52,52,34,56,46,46,68,51,45,67,52,52,21,75,50,15,0,0],"gold":442,"neow_bonus":"","is_daily":false,"chose_seed":false,"campfire_upgraded":1,"win_rate":0.0,"timestamp":1611925162,"path_taken":["M","?","M","M","?","E","R","?","T","R","M","E","R","M","R","BOSS","M","M","?"],"items_purchased_type":["Relic","Card","Card","Relic","Relic","Card","Card","Card","Card","Card","Card","Relic","Card","Card"],"build_version":"2020-12-22","purchased_purges":0,"victory":false,"max_hp_per_floor":[75,75,75,75,75,75,75,75,75,75,75,75,75,75,75,75,75,75,75,75,75],"card_choices":[{"not_picked":["Coolheaded","Static Discharge","RefreshScreen"],"picked":"SKIP","floor":1},{"not_picked":["Reinforced Body","Rebound","Barrage"],"picked":"SKIP","floor":3},{"not_picked":["Redo","hubris:Ukulele","Melter"],"picked":"SKIP","floor":4},{"not_picked":["Darkness","Compile Driver","Coolheaded"],"picked":"SKIP","floor":5},{"not_picked":["Hologram","Auto Shields"],"picked":"Conserve Battery","floor":6},{"not_picked":["conspire:Rain","Barrage"],"picked":"FIFO Queue","floor":11},{"not_picked":["Steam","hubris:PowerSurge"],"picked":"Echo Form","floor":12},{"not_picked":["Turbo","ReplayTheSpireMod:GoodbyeWorld","FTL"],"picked":"SKIP","floor":14},{"not_picked":["Creative AI","Core Surge"],"picked":"Reboot","floor":16},{"not_picked":["Streamline+1","Coolheaded","Turbo+1"],"picked":"SKIP","floor":18},{"not_picked":["Steam Power","Heatsinks"],"picked":"Self Repair","floor":19}],"player_experience":33569,"relics_obtained":[{"floor":6,"key":"Guard_Bracelet"},{"floor":9,"key":"InkBottle"},{"floor":12,"key":"conspire:BottledYoYo"}],"event_choices":[],"is_beta":false,"boss_relics":[{"not_picked":["Velvet Choker","halation:PlatinumPhoenix"],"picked":"energizedSpire:DeadBattery"}],"items_purged_floors":[],"is_endless":false,"potions_floor_spawned":[4,11,14],"killed_by":"Hallownest:2_Flukemon","ascension_level":2}}