{"host":"zrerxgu8lagrk16e","time":1611904113,"event":{"mods":["AchievementEnabler","BaseMod","Colored Map","Colored Powertips","Minty Spire (QoL Compilation)","Quick Restart","Relic Stats","StSLib","slay the spire mod where everything is the same but ironclad has a cowboy hat"],"gold_per_floor":[17,30,44,57,74,99,109,109,160,193,193,219,237,253,253,358,358,378,121,136,136,136,136,167,178,178,190,203,203,232,251,251,356,356,366,382,229,229,239,268,268,301,325,325,352,400,413,430,430,430,430,430,14,41,41,41],"floor_reached":55,"language":"ENG","playtime":2541,"items_purged":[],"score":1083,"play_id":"d3c9a8c1-530e-48d6-b23e-99b194656ea5","local_time":"20210129020833","is_ascension_mode":true,"campfire_choices":[{"floor":8.0,"key":"REST"},{"data":"Feed","floor":11.0,"key":"SMITH"},{"data":"Demon Form","floor":15.0,"key":"SMITH"},{"data":"Limit Break","floor":23.0,"key":"SMITH"},{"data":"Limit Break","floor":29.0,"key":"SMITH"},{"floor":32.0,"key":"REST"},{"data":"Madness","floor":44,"key":"SMITH"},{"floor":49,"key":"RECALL"},{"data":"Limit Break","floor":52,"key":"SMITH"}],"circlet_count":0,"master_deck":["Strike_R","Strike_R","Strike_R","Strike_R","Strike_R","Defend_R+1","Defend_R","Defend_R","Defend_R","Bash","True Grit","Shrug It Off","Feed+1","Headbutt","Cleave","Clothesline","Flex+1","Thunderclap","Dual Wield","Iron Wave","Demon Form+1","Limit Break+1","Pommel Strike","Flex","Pummel","Ghostly Armor","Limit Break+1","Ghostly Armor+1","Twin Strike","Heavy Blade","Carnage","Limit Break+1","Demon Form","Sword Boomerang+1","Twin Strike+1","True Grit+1","Feel No Pain+1","Madness+1","Madness","Rage+1","Inflame","Sword Boomerang+1","Inflame+1","Heavy Blade","PanicButton"],"relics":["Burning Blood","Pocketwatch","Art of War","PreservedInsect","Juzu Bracelet","Meat on the Bone","Black Star","Brimstone","Potion Belt","Lizard Tail","Sundial","Bag of Marbles","Mummified Hand","Busted Crown","Orrery","War Paint","Lantern","Eternal Feather","Bronze Scales","Ginger","Regal Pillow","Girya","Membership Card","Strawberry","Vajra","Paper Frog"],"acts_visited":["Exordium","TheCity","TheBeyond","TheEnding"],"potions_floor_usage":[50,50,54,55,55],"damage_taken":[{"damage":1.0,"enemies":"Cultist","floor":1.0,"turns":4.0},{"damage":9.0,"enemies":"Jaw Worm","floor":2.0,"turns":4.0},{"damage":5.0,"enemies":"Small Slimes","floor":3.0,"turns":4.0},{"damage":18.0,"enemies":"2 Fungi Beasts","floor":4.0,"turns":4.0},{"damage":15.0,"enemies":"Exordium Wildlife","floor":5.0,"turns":6.0},{"damage":40.0,"enemies":"Lagavulin","floor":6.0,"turns":8.0},{"damage":3.0,"enemies":"Looter","floor":7.0,"turns":3.0},{"damage":12.0,"enemies":"Gremlin Nob","floor":10.0,"turns":3.0},{"damage":30.0,"enemies":"Lagavulin","floor":12.0,"turns":5.0},{"damage":1.0,"enemies":"3 Louse","floor":13.0,"turns":3.0},{"damage":9.0,"enemies":"Lots of Slimes","floor":14.0,"turns":3.0},{"damage":38.0,"enemies":"Slime Boss","floor":16.0,"turns":5.0},{"damage":28.0,"enemies":"Spheric Guardian","floor":18.0,"turns":5.0},{"damage":9.0,"enemies":"Shell Parasite","floor":20.0,"turns":3.0},{"damage":20.0,"enemies":"Slavers","floor":24.0,"turns":3.0},{"damage":23.0,"enemies":"Snecko","floor":25.0,"turns":4.0},{"damage":4.0,"enemies":"Cultist and Chosen","floor":27.0,"turns":4.0},{"damage":24.0,"enemies":"Snake Plant","floor":28.0,"turns":4.0},{"damage":21.0,"enemies":"Gremlin Leader","floor":30.0,"turns":4.0},{"damage":57.0,"enemies":"Shelled Parasite and Fungi","floor":31.0,"turns":4.0},{"damage":23.0,"enemies":"Collector","floor":33.0,"turns":4.0},{"damage":7.0,"enemies":"Orb Walker","floor":35.0,"turns":2.0},{"damage":11.0,"enemies":"3 Darklings","floor":36.0,"turns":4.0},{"damage":15.0,"enemies":"Jaw Worm Horde","floor":39.0,"turns":3.0},{"damage":16.0,"enemies":"Giant Head","floor":40.0,"turns":5.0},{"damage":62.0,"enemies":"Reptomancer","floor":42.0,"turns":4.0},{"damage":16,"enemies":"Nemesis","floor":45,"turns":5},{"damage":28,"enemies":"2 Orb Walkers","floor":46,"turns":3},{"damage":2,"enemies":"Maw","floor":47,"turns":4},{"damage":21,"enemies":"Spire Growth","floor":48,"turns":3},{"damage":160,"enemies":"Awakened One","floor":50,"turns":9},{"damage":6,"enemies":"Shield and Spear","floor":54,"turns":2},{"damage":151,"enemies":"The Heart","floor":55,"turns":5}],"seed_played":"9133943861806880599","potions_obtained":[{"floor":4.0,"key":"FearPotion"},{"floor":5.0,"key":"ElixirPotion"},{"floor":6.0,"key":"Energy Potion"},{"floor":10.0,"key":"Swift Potion"},{"floor":12.0,"key":"Dexterity Potion"},{"floor":13.0,"key":"FearPotion"},{"floor":18.0,"key":"Strength Potion"},{"floor":25.0,"key":"Weak Potion"},{"floor":28.0,"key":"SkillPotion"},{"floor":36.0,"key":"Swift Potion"},{"floor":39.0,"key":"Energy Potion"},{"floor":40.0,"key":"Fruit Juice"},{"floor":47,"key":"Weak Potion"},{"floor":48,"key":"PowerPotion"}],"is_trial":false,"path_per_floor":["M","M","M","M","M","E","M","R","T","E","R","E","M","M","R","B",null,"M","$","M","$","?","R","E","M","T","M","M","R","E","M","R","B",null,"M","M","$","?","M","E","?","E","T","R","E","?","M","M","R","B",null,"R","$","E","B"],"character_chosen":"IRONCLAD","items_purchased":["Brimstone","Flex","Pummel","Orrery","Membership Card","Strawberry","Heavy Blade","PanicButton","LiquidMemories","CultistPotion","HeartOfIron"],"campfire_rested":2,"item_purchase_floors":[19,19,19,37,53,53,53,53,53,53,53],"current_hp_per_floor":[80,77,78,69,63,32,35,61,61,58,58,38,59,64,64,48,112,90,90,87,87,87,87,77,72,72,74,68,68,69,30,66,65,124,123,118,118,102,97,87,87,48,48,72,74,68,84,81,105,41,137,137,144,144,0,0],"gold":41,"neow_bonus":"ONE_RARE_RELIC","is_daily":false,"chose_seed":false,"campfire_upgraded":6,"win_rate":0.0,"timestamp":1611904113,"path_taken":["M","M","?","?","M","E","M","R","T","E","R","E","M","M","R","BOSS","M","$","M","$","?","R","E","M","T","M","M","R","E","M","R","BOSS","M","M","$","?","M","E","?","E","T","R","E","?","M","M","R","BOSS","R","$","E","BOSS"],"items_purchased_type":["Relic","Card","Card","Relic","Relic","Relic","Card","Card","Potion","Potion","Potion"],"build_version":"2020-12-22","purchased_purges":0,"victory":false,"max_hp_per_floor":[80,80,80,83,86,89,89,89,89,92,92,96,100,108,108,112,112,112,112,112,112,112,112,116,116,116,116,116,116,120,120,120,124,124,124,124,124,124,128,128,128,133,133,133,133,137,137,137,137,137,137,137,144,144,144,144],"relic_stats":{"Regal Pillow":0,"counters":[33,136],"Eternal Feather":48,"PreservedInsect":436,"Juzu Bracelet":2,"Ginger":[5],"War Paint":["Defend_R","Flex"],"Burning Blood":187,"Lizard Tail":68,"Busted Crown":30,"Sundial":[0],"Mummified Hand":[13],"Bronze Scales":[122],"Art of War":[7],"Black Star":6,"obtain_stats":[{"Lantern":40,"Regal Pillow":45,"Vajra":54,"Juzu Bracelet":10,"Ginger":45,"Burning Blood":0,"Lizard Tail":24,"Sundial":26,"Mummified Hand":30,"Strawberry":53,"Paper Frog":54,"Potion Belt":24,"Girya":46,"Eternal Feather":42,"PreservedInsect":9,"War Paint":40,"Busted Crown":34,"Brimstone":19,"Bronze Scales":42,"Orrery":37,"Art of War":6,"Black Star":17,"Bag of Marbles":30,"Membership Card":53,"Pocketwatch":0,"Meat on the Bone":12},{"Lantern":25,"Regal Pillow":27,"Vajra":32,"Juzu Bracelet":8,"Ginger":27,"Burning Blood":0,"Lizard Tail":15,"Sundial":16,"Mummified Hand":19,"Strawberry":31,"Paper Frog":32,"Potion Belt":15,"Girya":28,"Eternal Feather":26,"PreservedInsect":7,"War Paint":25,"Busted Crown":21,"Brimstone":13,"Bronze Scales":26,"Orrery":23,"Art of War":6,"Black Star":12,"Bag of Marbles":19,"Membership Card":31,"Pocketwatch":0,"Meat on the Bone":9},{"Lantern":101,"Regal Pillow":110,"Vajra":131,"Juzu Bracelet":36,"Ginger":110,"Burning Blood":0,"Lizard Tail":63,"Sundial":67,"Mummified Hand":79,"Strawberry":129,"Paper Frog":131,"Potion Belt":63,"Girya":113,"Eternal Feather":105,"PreservedInsect":33,"War Paint":101,"Busted Crown":87,"Brimstone":57,"Bronze Scales":105,"Orrery":93,"Art of War":30,"Black Star":52,"Bag of Marbles":79,"Membership Card":129,"Pocketwatch":0,"Meat on the Bone":41}],"Pocketwatch":[183],"Meat on the Bone":156},"card_choices":[{"not_picked":["Anger","Bloodletting"],"picked":"True Grit","floor":1.0},{"not_picked":["Clash","Bloodletting"],"picked":"Shrug It Off","floor":2.0},{"not_picked":["Pummel","Warcry"],"picked":"Feed","floor":3.0},{"not_picked":["Warcry","Seeing Red"],"picked":"Headbutt","floor":4.0},{"not_picked":["Anger","Sword Boomerang"],"picked":"Cleave","floor":5.0},{"not_picked":["Perfected Strike","Wild Strike"],"picked":"Clothesline","floor":6.0},{"not_picked":["Searing Blow","Whirlwind"],"picked":"Flex","floor":7.0},{"not_picked":["Clash","Perfected Strike"],"picked":"Thunderclap","floor":10.0},{"not_picked":["Iron Wave","Disarm"],"picked":"Dual Wield","floor":12.0},{"not_picked":["Fire Breathing","Headbutt"],"picked":"Iron Wave","floor":13.0},{"not_picked":["Clash","Carnage"],"picked":"Demon Form","floor":14.0},{"not_picked":["Juggernaut","Berserk"],"picked":"Limit Break","floor":16.0},{"not_picked":["Headbutt","Burning Pact+1"],"picked":"Pommel Strike","floor":18.0},{"not_picked":["Warcry","True Grit"],"picked":"Ghostly Armor","floor":20.0},{"not_picked":["Warcry+1","Flame Barrier"],"picked":"Ghostly Armor+1","floor":24.0},{"not_picked":["True Grit","Anger"],"picked":"Twin Strike","floor":25.0},{"not_picked":["Shrug It Off","Perfected Strike"],"picked":"Heavy Blade","floor":27.0},{"not_picked":["Shrug It Off","Rupture"],"picked":"Carnage","floor":28.0},{"not_picked":["Evolve+1","Thunderclap"],"picked":"Limit Break","floor":30.0},{"not_picked":["Twin Strike","Havoc+1","Headbutt"],"picked":"SKIP","floor":31.0},{"not_picked":["Feed","Immolate"],"picked":"Demon Form","floor":33.0},{"not_picked":[],"picked":"Sword Boomerang+1","floor":35.0},{"not_picked":["True Grit"],"picked":"SKIP","floor":36.0},{"not_picked":[],"picked":"Twin Strike+1","floor":37.0},{"not_picked":[],"picked":"True Grit+1","floor":37.0},{"not_picked":[],"picked":"Feel No Pain+1","floor":37.0},{"not_picked":["Warcry"],"picked":"SKIP","floor":39.0},{"not_picked":[],"picked":"Rage+1","floor":40.0},{"not_picked":["Fiend Fire"],"picked":"SKIP","floor":42.0},{"not_picked":[],"picked":"Inflame","floor":45},{"not_picked":[],"picked":"Sword Boomerang+1","floor":46},{"not_picked":["Body Slam+1"],"picked":"SKIP","floor":47},{"not_picked":[],"picked":"Inflame+1","floor":48},{"not_picked":["Reckless Charge+1"],"picked":"SKIP","floor":54}],"player_experience":188153,"relics_obtained":[{"floor":6.0,"key":"Art of War"},{"floor":9.0,"key":"PreservedInsect"},{"floor":10.0,"key":"Juzu Bracelet"},{"floor":12.0,"key":"Meat on the Bone"},{"floor":24.0,"key":"Potion Belt"},{"floor":24.0,"key":"Lizard Tail"},{"floor":26.0,"key":"Sundial"},{"floor":30.0,"key":"Bag of Marbles"},{"floor":30.0,"key":"Mummified Hand"},{"floor":40.0,"key":"War Paint"},{"floor":40.0,"key":"Lantern"},{"floor":42.0,"key":"Eternal Feather"},{"floor":42.0,"key":"Bronze Scales"},{"floor":45,"key":"Ginger"},{"floor":45,"key":"Regal Pillow"},{"floor":46,"key":"Girya"},{"floor":54,"key":"Vajra"},{"floor":54,"key":"Paper Frog"}],"event_choices":[{"damage_healed":0.0,"max_hp_gain":0.0,"max_hp_loss":0.0,"gold_gain":0.0,"event_name":"Duplicator","player_choice":"Copied","floor":22.0,"gold_loss":0.0,"damage_taken":0.0,"cards_obtained":["Limit Break"]},{"damage_healed":0.0,"max_hp_gain":0.0,"max_hp_loss":0.0,"gold_gain":0.0,"event_name":"Winding Halls","player_choice":"Embrace Madness","floor":38.0,"gold_loss":0.0,"damage_taken":16.0,"cards_obtained":["Madness","Madness"]},{"damage_healed":0.0,"max_hp_gain":0.0,"max_hp_loss":0.0,"gold_gain":0.0,"event_name":"Tomb of Lord Red Mask","player_choice":"Ignored","floor":41.0,"gold_loss":0.0,"damage_taken":0.0},{"damage_healed":0,"gold_gain":0,"player_choice":"Fight","damage_taken":0,"max_hp_gain":0,"max_hp_loss":0,"event_name":"Mysterious Sphere","floor":46,"gold_loss":0}],"is_beta":false,"boss_relics":[{"not_picked":["Sozu","Empty Cage"],"picked":"Black Star"},{"not_picked":["Runic Cube","Velvet Choker"],"picked":"Busted Crown"}],"items_purged_floors":[],"is_endless":false,"potions_floor_spawned":[4,5,6,10,12,13,14,16,18,25,28,36,39,40,47,48],"killed_by":"The Heart","ascension_level":4}}