{"host":"65a95dzim48ko8ke","time":1611906093,"event":{"mods":["Act Like it!","BaseMod","Block Reminder","Colored Powertips","Curses Come First","Gensokyo","Minty Spire (QoL Compilation)","Permanent Neow","Quick Restart","Rare Cards Sparkle","Replay The Spire","Spicy Shops","StSLib","Synergy Search"],"gold_per_floor":[119,21,21,21,33,33,362,362,362,406,434,443,5,33,42,154,154,181,431,141,150,200,200,549,549,572,572,813,693,714,823,823,935,935,974,1018,343,383,427,427,118,118,195,225,78,119,57,103,103,115],"floor_reached":51,"language":"ENG","playtime":5056,"items_purged":["Writhe","Amnesia"],"score":1243,"play_id":"f2e1b033-8c19-4c52-93a5-938227ec0e8f","local_time":"20210129164133","is_ascension_mode":true,"campfire_choices":[{"data":"Zap","floor":6.0,"key":"SMITH"},{"floor":15.0,"key":"REST"},{"data":"ReplayTheSpireMod:Calculation Training","floor":23.0,"key":"SMITH"},{"data":"Auto Shields","floor":25.0,"key":"SMITH"},{"data":"Auto Shields","floor":27.0,"key":"SMITH"},{"data":"Consume","floor":32.0,"key":"SMITH"},{"data":"Creative AI","floor":40.0,"key":"SMITH"},{"data":"Machine Learning","floor":42.0,"key":"SMITH"},{"data":"ReplayUltimateDefense","floor":49.0,"key":"SMITH"}],"circlet_count":0,"master_deck":["Strike_B+1","Strike_B+1","Strike_B","Defend_B","Defend_B","Defend_B","Defend_B","Zap+1","Dualcast","Gash","ReplayTheSpireMod:Calculation Training+1","Auto Shields+1","Steam","Turbo","Consume+1","Lockon","Coolheaded","Rainbow","Leap","Glacier+1","Auto Shields+1","Biased Cognition","Redo+1","Consume+1","Coolheaded","Time Bomb","Creative AI+1","Conserve Battery","Coolheaded","Steam Power","Stack","ReplayUltimateDefense+1","Heatsinks","Machine Learning+1","Barrage+1","White Noise","Gensokyo:MedicineKit","Gensokyo:Taser","Gensokyo:Kunekune","Consume+1","Electrodynamics","Pot Of Greed","Pot Of Greed","Pot Of Greed","Pot Of Greed","Chill","Force Field+1","Ball Lightning","Force Field+1","Storm+1","Pot Of Greed"],"relics":["Inserter","Question Card","Pear","CeramicFish","Dream Catcher","Replay:Wax Seal","ClockworkSouvenir","Whetstone","MealTicket","Durian","Coffee Dripper","Strange Spoon","ReplayTheSpireMod:Ring of Challenge","Ring of Hypnosis","Omamori","Bronze Scales","Replay:Towering Pillar of Hats","Oddly Smooth Stone","Gensokyo:MaskOfHope","StoneCalendar","Prayer Wheel","Replay:Grab Bag","ChewingGum","Abe\u0027s Treasure","Calling Bell","Replay:Bandana","Thread and Needle","Replay:Bottled Flurry","Medical Kit","Happy Flower","Eternal Feather","Runic Capacitor","Grinning Jar","Blue Doll"],"acts_visited":["Exordium","Gensokyo:Gensokyo","Gensokyo:Gensokyoer"],"potions_floor_usage":[50],"damage_taken":[{"damage":2.0,"enemies":"Gensokyo:Python","floor":1.0,"turns":3.0},{"damage":0.0,"enemies":"Gensokyo:3_Fairies","floor":5.0,"turns":5.0},{"damage":12.0,"enemies":"Gensokyo:Aya","floor":7.0,"turns":6.0},{"damage":32.0,"enemies":"Gensokyo:Cirno","floor":10.0,"turns":8.0},{"damage":0.0,"enemies":"Gensokyo:2_Kodama","floor":11.0,"turns":4.0},{"damage":0.0,"enemies":"Gensokyo:Gryphon_and_Rabbit","floor":14.0,"turns":5.0},{"damage":8.0,"enemies":"Gensokyo:Yukari","floor":16.0,"turns":16.0},{"damage":0.0,"enemies":"Gensokyo:CosmicMonolith","floor":18.0,"turns":6.0},{"damage":6.0,"enemies":"Gensokyo:2_Gloops","floor":22.0,"turns":7.0},{"damage":5.0,"enemies":"Gensokyo:Reisen","floor":24.0,"turns":11.0},{"damage":9.0,"enemies":"Gensokyo:Tenshi","floor":28.0,"turns":8.0},{"damage":5.0,"enemies":"Gensokyo:Slime_Group","floor":30.0,"turns":7.0},{"damage":0.0,"enemies":"Gensokyo:Slime_Group","floor":31.0,"turns":12.0},{"damage":0.0,"enemies":"Gensokyo:Kaguya","floor":33.0,"turns":10.0},{"damage":0.0,"enemies":"Gensokyo:3_Bats","floor":35.0,"turns":6.0},{"damage":10.0,"enemies":"Gensokyo:3_Boulders","floor":36.0,"turns":7.0},{"damage":0.0,"enemies":"Gensokyo:Sharpion","floor":38.0,"turns":5.0},{"damage":15.0,"enemies":"Gensokyo:Dusk_and_Dawn","floor":39.0,"turns":4.0},{"damage":0.0,"enemies":"Gensokyo:AtlasGolem","floor":44.0,"turns":6.0},{"damage":0.0,"enemies":"Gensokyo:Doremy","floor":46.0,"turns":6.0},{"damage":0.0,"enemies":"Gensokyo:SeedOfUnknown","floor":47.0,"turns":6.0},{"damage":4.0,"enemies":"Gensokyo:4_Bats","floor":48.0,"turns":6.0},{"damage":0,"enemies":"Gensokyo:Yuyuko","floor":50,"turns":6}],"seed_played":"4907246162220543458","potions_obtained":[{"floor":5.0,"key":"BlessingOfTheForge"},{"floor":10.0,"key":"Swift Potion"},{"floor":11.0,"key":"LifebloodPotion"},{"floor":14.0,"key":"FearPotion"},{"floor":22.0,"key":"Energy Potion"},{"floor":24.0,"key":"PowerPotion"},{"floor":30.0,"key":"Strength Potion"},{"floor":31.0,"key":"BlessingOfTheForge"},{"floor":35.0,"key":"Swift Potion"},{"floor":44.0,"key":"DuplicationPotion"},{"floor":46.0,"key":"Block Potion"}],"is_trial":false,"path_per_floor":["M","COS","?","?","M","R","E","?","T","E","M","?","$","M","R","B",null,"M","?","COS","?","M","R","E","R","T","R","E","?","M","?","R","B",null,"M","M","$","M","M","R","COS","R","T","M","$","E","M","M","R","B",null],"character_chosen":"DEFECT","items_purchased":["Replay:Wax Seal","ClockworkSouvenir","Whetstone","MealTicket","Medical Kit","Storm+1","Happy Flower","ReplayUltimateDefense","Runic Capacitor","Grinning Jar"],"campfire_rested":1,"item_purchase_floors":[13,13,13,13,37,37,37,37,45,45],"current_hp_per_floor":[66,66,66,66,66,66,54,49,49,17,17,17,17,22,49,41,78,78,78,78,78,72,72,67,67,67,67,58,58,53,53,53,53,77,77,67,82,82,67,67,67,67,67,67,82,82,82,78,85,85],"gold":115,"neow_bonus":"BOSS_RELIC","is_daily":false,"chose_seed":false,"campfire_upgraded":8,"win_rate":0.0,"timestamp":1611906093,"path_taken":["M","COS","?","?","M","R","E","?","T","E","?","?","?","M","R","BOSS","M","?","COS","?","?","R","E","R","T","R","E","?","?","?","R","BOSS","M","?","?","?","M","R","COS","R","T","M","$","E","M","M","R","BOSS"],"items_purchased_type":["Relic","Relic","Relic","Relic","Relic","Card","Relic","Card","Relic","Relic"],"build_version":"2020-12-22","purchased_purges":2,"victory":true,"max_hp_per_floor":[75,75,75,75,75,75,75,85,85,85,85,85,85,90,90,90,90,90,85,85,85,85,85,85,85,85,85,85,85,85,85,85,85,85,85,85,85,85,85,85,85,85,85,85,85,85,85,85,85,85],"card_choices":[{"not_picked":["Ball Lightning","Reprogram"],"picked":"Gash","floor":1.0},{"not_picked":["ReplayGash","ReplaySort"],"picked":"ReplayTheSpireMod:Calculation Training","floor":5.0},{"not_picked":["Stack","ReplayTheSpireMod:System Scan"],"picked":"Auto Shields","floor":7.0},{"not_picked":["Sweeping Beam","Leap","Stack"],"picked":"Steam","floor":10.0},{"not_picked":["Static Discharge","Rebound","Recycle"],"picked":"Turbo","floor":11.0},{"not_picked":["Meteor Strike","Compile Driver","ReplayTheSpireMod:Reroute Power"],"picked":"Lockon","floor":14.0},{"not_picked":["Sunder","Hologram","Compile Driver"],"picked":"Coolheaded","floor":15.0},{"not_picked":["Creative AI","Meteor Strike","Echo Form"],"picked":"Rainbow","floor":16.0},{"not_picked":["Rebound","Beam Cell","Turbo"],"picked":"Leap","floor":18.0},{"not_picked":["Hologram+1","Static Discharge+1","Reinforced Body+1"],"picked":"Glacier+1","floor":22.0},{"not_picked":["Turbo","Streamline","Static Discharge+1"],"picked":"Auto Shields","floor":22.0},{"not_picked":["Reboot","Multi-Cast","Creative AI"],"picked":"Biased Cognition","floor":24.0},{"not_picked":["Rebound+1","Compile Driver","Crystallizer"],"picked":"Redo+1","floor":24.0},{"not_picked":["Ball Lightning","Barrage","Coolheaded"],"picked":"Consume","floor":28.0},{"not_picked":["Gash","Steam+1","Conserve Battery"],"picked":"Coolheaded","floor":30.0},{"not_picked":["BasicCrystalCard","Sunder","Creative AI"],"picked":"Time Bomb","floor":31.0},{"not_picked":["Mirror Shield","Thunder Strike","Fission"],"picked":"Creative AI","floor":33.0},{"not_picked":["BasicCrystalCard","Steam","Gash"],"picked":"Conserve Battery","floor":35.0},{"not_picked":["Conserve Battery","ReplaySort","Lockon"],"picked":"Coolheaded","floor":35.0},{"not_picked":["Conserve Battery+1","Rebound+1","Lockon+1"],"picked":"Steam Power","floor":36.0},{"not_picked":["Reinforced Body","ReplayTheSpireMod:System Scan","Go for the Eyes"],"picked":"Stack","floor":36.0},{"not_picked":["Go for the Eyes","Leap","Genetic Algorithm"],"picked":"Heatsinks","floor":38.0},{"not_picked":["Darkness","Gash","Ball Lightning"],"picked":"Machine Learning","floor":38.0},{"not_picked":["Streamline+1","Rebound+1","Gash"],"picked":"Barrage+1","floor":39.0},{"not_picked":["Streamline","Genetic Algorithm","Leap+1"],"picked":"White Noise","floor":39.0},{"not_picked":["Panic Button","Compile Driver+1","Go for the Eyes+1"],"picked":"Consume+1","floor":44.0},{"not_picked":["Steam Power+1","Panic Button+1","Stack+1"],"picked":"Electrodynamics","floor":44.0},{"not_picked":["Steam","Beam Cell","Genetic Algorithm"],"picked":"Chill","floor":46.0},{"not_picked":["Reinforced Body+1","BasicCrystalCard","Compile Driver"],"picked":"Force Field+1","floor":47.0},{"not_picked":["Lockon","Conserve Battery+1","Go for the Eyes+1"],"picked":"Ball Lightning","floor":47.0},{"not_picked":["Sweeping Beam","Stack","Barrage"],"picked":"Force Field+1","floor":48.0},{"not_picked":["ReplayTheSpireMod:Omega Cannon","Leap+1","Barrage"],"picked":"Storm+1","floor":48.0}],"player_experience":327956,"relics_obtained":[{"floor":7.0,"key":"Question Card"},{"floor":9.0,"key":"CeramicFish"},{"floor":10.0,"key":"Dream Catcher"},{"floor":21.0,"key":"ReplayTheSpireMod:Ring of Challenge"},{"floor":21.0,"key":"Ring of Hypnosis"},{"floor":24.0,"key":"Omamori"},{"floor":26.0,"key":"Bronze Scales"},{"floor":28.0,"key":"Oddly Smooth Stone"},{"floor":31.0,"key":"StoneCalendar"},{"floor":31.0,"key":"Prayer Wheel"},{"floor":34.0,"key":"Replay:Bandana"},{"floor":34.0,"key":"Thread and Needle"},{"floor":34.0,"key":"Replay:Bottled Flurry"},{"floor":43.0,"key":"Eternal Feather"},{"floor":46.0,"key":"Blue Doll"}],"event_choices":[],"is_beta":false,"boss_relics":[{"not_picked":["Sozu","Snecko Eye"],"picked":"Coffee Dripper"},{"not_picked":["Philosopher\u0027s Stone","Busted Crown"],"picked":"Replay:Grab Bag"},{"not_picked":["Fusion Hammer","ReplayTheSpireMod:DimensionalGlitch"],"picked":"ChewingGum"},{"not_picked":["Painkiller Herb","Velvet Choker"],"picked":"Abe\u0027s Treasure"},{"not_picked":["Runic Pyramid","SacredBark"],"picked":"Calling Bell"}],"items_purged_floors":[13,37],"is_endless":false,"potions_floor_spawned":[5,10,11,14,22,24,30,31,35,44,46],"ascension_level":6}}