{"host":"w3q5ijqu8eoknil3","time":1611946771,"event":{"mods":["AchievementEnabler","BaseMod","Block Reminder","Colored Map","Colored Powertips","Curses Come First","Dark Map","Minty Spire (QoL Compilation)","Quick Restart","Relic Stats","StSLib","ojb\u0027s Better Paths Mod","ojb\u0027s Info Mod","slay the spire mod where everything is the same but ironclad has a cowboy hat"],"gold_per_floor":[118,130,130,130,130,164,24,24,78,78,106,106,122,132,132,209,209,221,221,146,158,208,241,251,284,284,284,63,77,92,92,92],"floor_reached":31,"language":"ENG","playtime":1087,"items_purged":["Strike_G"],"score":747,"play_id":"7cf57329-edc8-45a5-80e6-334d00382ebb","local_time":"20210129185931","is_ascension_mode":true,"campfire_choices":[{"floor":10.0,"key":"REST"},{"floor":12,"key":"REST"},{"data":"Poisoned Stab","floor":15,"key":"SMITH"}],"circlet_count":0,"master_deck":["AscendersBane","Strike_G+1","Strike_G","Strike_G","Strike_G","Defend_G","Defend_G+1","Defend_G","Defend_G","Defend_G","Survivor","Neutralize","Poisoned Stab+1","Catalyst+1","Prepared+1","Venomology+1","Deadly Poison+1","Dash","Bane","Catalyst+1","Wraith Form v2","Deadly Poison+1","Outmaneuver+1","Setup+1","Poisoned Stab","Dagger Spray","Burst+1","PiercingWail+1","Bouncing Flask+1","Acrobatics+1"],"relics":["Ring of the Snake","NeowsBlessing","Darkstone Periapt","Toxic Egg 2","Pen Nib","Akabeko","InkBottle","Runic Pyramid","Mummified Hand","Oddly Smooth Stone","Ninja Scroll","Toolbox"],"acts_visited":["Exordium","TheCity"],"potions_floor_usage":[16,23,29,30,30,31,31,31],"damage_taken":[{"damage":0.0,"enemies":"2 Louse","floor":1.0,"turns":1.0},{"damage":0.0,"enemies":"Jaw Worm","floor":2.0,"turns":1.0},{"damage":0.0,"enemies":"Gremlin Nob","floor":6.0,"turns":1.0},{"damage":51,"enemies":"3 Sentries","floor":11,"turns":11},{"damage":0,"enemies":"Small Slimes","floor":13,"turns":3},{"damage":3,"enemies":"Blue Slaver","floor":14,"turns":2},{"damage":0,"enemies":"Slime Boss","floor":16,"turns":3},{"damage":6,"enemies":"Spheric Guardian","floor":18,"turns":5},{"damage":10,"enemies":"Chosen","floor":21,"turns":4},{"damage":58,"enemies":"Slavers","floor":23,"turns":8},{"damage":0,"enemies":"Snake Plant","floor":24,"turns":2},{"damage":27,"enemies":"Book of Stabbing","floor":25,"turns":3},{"damage":0,"enemies":"Snecko","floor":29,"turns":4},{"damage":9,"enemies":"Centurion and Healer","floor":30,"turns":3},{"damage":9,"enemies":"Cultist and Chosen","floor":31,"turns":3}],"seed_played":"-4526311880227319249","potions_obtained":[{"floor":6.0,"key":"SmokeBomb"},{"floor":13,"key":"EssenceOfSteel"},{"floor":23,"key":"PowerPotion"},{"floor":30,"key":"Ancient Potion"}],"is_trial":false,"path_per_floor":["M","M","?","T","?","E","$","?","T","R","E","R","M","M","R","B",null,"M","?","$","M","?","E","M","E","T","?","$","M","M","M"],"character_chosen":"THE_SILENT","items_purchased":["Venomology+1","Deadly Poison+1","Toolbox","PiercingWail+1"],"campfire_rested":2,"item_purchase_floors":[7,7,28,28],"current_hp_per_floor":[59,59,39,39,34,34,34,34,34,53,2,21,21,18,18,18,54,48,48,48,38,38,3,3,16,16,16,16,16,7,0,0],"gold":92,"neow_bonus":"THREE_ENEMY_KILL","is_daily":false,"chose_seed":false,"campfire_upgraded":1,"win_rate":0.0,"timestamp":1611946771,"path_taken":["M","M","?","?","?","E","?","?","T","R","E","R","M","?","R","BOSS","M","?","$","M","?","E","?","E","T","?","$","M","M","M"],"items_purchased_type":["Card","Card","Relic","Card"],"build_version":"2020-12-22","purchased_purges":1,"victory":false,"max_hp_per_floor":[66,66,66,66,66,66,66,66,66,66,66,66,66,66,66,66,66,66,66,66,66,66,66,66,66,66,66,66,66,66,66,66],"relic_stats":{"Darkstone Periapt":0,"counters":[15,54],"Mummified Hand":[3],"Pen Nib":[8],"obtain_stats":[{"Darkstone Periapt":4,"NeowsBlessing":0,"Mummified Hand":23,"Ninja Scroll":26,"Oddly Smooth Stone":25,"Toolbox":28,"Pen Nib":6,"Toxic Egg 2":5,"Akabeko":9,"InkBottle":11,"Ring of the Snake":0,"Runic Pyramid":17},{"Darkstone Periapt":2,"NeowsBlessing":0,"Mummified Hand":10,"Ninja Scroll":12,"Oddly Smooth Stone":12,"Toolbox":12,"Pen Nib":3,"Toxic Egg 2":2,"Akabeko":3,"InkBottle":4,"Ring of the Snake":0,"Runic Pyramid":7},{"Darkstone Periapt":2,"NeowsBlessing":0,"Mummified Hand":39,"Ninja Scroll":44,"Oddly Smooth Stone":44,"Toolbox":44,"Pen Nib":3,"Toxic Egg 2":2,"Akabeko":3,"InkBottle":14,"Ring of the Snake":0,"Runic Pyramid":22}],"InkBottle":[15],"Ring of the Snake":[27]},"card_choices":[{"not_picked":["Accuracy","Terror"],"picked":"Poisoned Stab","floor":1.0},{"not_picked":["Crippling Poison","Dodge and Roll"],"picked":"Catalyst","floor":2.0},{"not_picked":["Slice","Dagger Spray"],"picked":"Prepared+1","floor":6.0},{"not_picked":["Terror+1","Acrobatics+1"],"picked":"Dash","floor":11},{"not_picked":["Concentrate+1","Infinite Blades"],"picked":"Bane","floor":13},{"not_picked":["Deflect+1","Dagger Spray"],"picked":"Catalyst+1","floor":14},{"not_picked":["A Thousand Cuts","Glass Knife"],"picked":"Wraith Form v2","floor":16},{"not_picked":["Cloak And Dagger+1","Backstab"],"picked":"Deadly Poison+1","floor":18},{"not_picked":["Infinite Blades+1","Skewer"],"picked":"Outmaneuver+1","floor":21},{"not_picked":["Escape Plan+1","Cloak And Dagger+1"],"picked":"Setup+1","floor":23},{"not_picked":["Dagger Throw","Sucker Punch"],"picked":"Poisoned Stab","floor":24},{"not_picked":["Caltrops","Choke"],"picked":"Dagger Spray","floor":25},{"not_picked":["Dagger Spray","Bane"],"picked":"Bouncing Flask+1","floor":29},{"not_picked":["Sucker Punch","Escape Plan+1"],"picked":"Acrobatics+1","floor":30}],"player_experience":1022339,"relics_obtained":[{"floor":4.0,"key":"Darkstone Periapt"},{"floor":6.0,"key":"Pen Nib"},{"floor":9.0,"key":"Akabeko"},{"floor":11,"key":"InkBottle"},{"floor":23,"key":"Mummified Hand"},{"floor":25,"key":"Oddly Smooth Stone"},{"floor":26,"key":"Ninja Scroll"}],"event_choices":[{"damage_healed":0.0,"max_hp_gain":0.0,"max_hp_loss":0.0,"gold_gain":0.0,"event_name":"Shining Light","player_choice":"Entered Light","floor":3.0,"gold_loss":0.0,"damage_taken":20.0,"cards_upgraded":["Strike_G","Defend_G"]},{"damage_healed":0.0,"max_hp_gain":0.0,"max_hp_loss":0.0,"gold_gain":0.0,"event_name":"Scrap Ooze","player_choice":"Success","floor":5.0,"gold_loss":0.0,"damage_taken":5.0,"relics_obtained":["Toxic Egg 2"]},{"damage_healed":0.0,"max_hp_gain":0.0,"max_hp_loss":0.0,"gold_gain":0.0,"event_name":"Accursed Blacksmith","player_choice":"Forge","floor":8.0,"gold_loss":0.0,"damage_taken":0.0,"cards_upgraded":["Catalyst"]},{"damage_healed":0,"gold_gain":0,"player_choice":"Ignored","damage_taken":0,"max_hp_gain":0,"max_hp_loss":0,"event_name":"Beggar","floor":19,"gold_loss":0},{"damage_healed":0,"gold_gain":50,"player_choice":"Pray","damage_taken":0,"max_hp_gain":0,"max_hp_loss":0,"event_name":"Golden Shrine","floor":22,"gold_loss":0},{"damage_healed":0,"gold_gain":0,"player_choice":"Read","damage_taken":0,"max_hp_gain":0,"max_hp_loss":0,"event_name":"The Library","floor":27,"gold_loss":0,"cards_obtained":["Burst"]}],"is_beta":false,"boss_relics":[{"not_picked":["Sozu","HoveringKite"],"picked":"Runic Pyramid"}],"items_purged_floors":[20],"is_endless":false,"potions_floor_spawned":[6,13,14,16,21,23,25,30],"killed_by":"Cultist and Chosen","ascension_level":19}}