{"host":"d7fiu2yjkssjxoz6","time":1611895828,"event":{"mods":["AchievementEnabler","BaseMod","Duelist Mod","Minty Spire (QoL Compilation)","StSLib"],"gold_per_floor":[138,214,214,230,248,277,277,308,353,353,371,399,399,425,425,500,500,520,575,593,593,613,643,643,682,682,682,708,732,732,756,756,836,836,855,880,900,191,210,246,246,37,37,37,74,74,98,126,126,126,126,126,24,64,64],"floor_reached":56,"language":"ENG","playtime":3948,"items_purged":["theDuelist:Solidarity"],"score":2699,"play_id":"51d3afb5-1a2a-4de4-a44f-40a34d33139f","local_time":"20210128205028","is_ascension_mode":true,"campfire_choices":[{"data":"theDuelist:KamionTimelord","floor":7,"key":"SMITH"},{"data":"theDuelist:CallGrave","floor":10,"key":"SMITH"},{"data":"theDuelist:Yami","floor":13,"key":"SMITH"},{"data":"theDuelist:RainbowOverdragon","floor":15,"key":"SMITH"},{"floor":24,"key":"DIG"},{"floor":27,"key":"DIG"},{"floor":30,"key":"DIG"},{"floor":32,"key":"DIG"},{"floor":41,"key":"RECALL"},{"floor":46,"key":"DIG"},{"floor":49,"key":"REST"},{"floor":52,"key":"DIG"}],"circlet_count":0,"master_deck":["Enlightenment+1","theDuelist:CastleWalls","theDuelist:Sparks","theDuelist:RainbowMagician+1","theDuelist:RainbowDarkDragon+1","theDuelist:StatueAnguishPattern","theDuelist:GravityBlaster","theDuelist:YamataDragon","theDuelist:BetaMagnet+1","theDuelist:RainbowGravity+1","theDuelist:GateGuardian","theDuelist:CastleWalls","theDuelist:Eva","theDuelist:CallGrave+1","theDuelist:SuperSolarNutrient+1","theDuelist:Illusionist","theDuelist:RainbowBridge+1","theDuelist:SmashingGround","theDuelist:BabyDragon+1","Metamorphosis","theDuelist:IrisEarthMother","theDuelist:Hayate","theDuelist:MaskedDragon","theDuelist:PowerGiant","theDuelist:KamionTimelord+1","theDuelist:RevivalJam+1","theDuelist:RainbowKuribohBasic","theDuelist:VampireFraulein"],"relics":["theDuelist:MillenniumPuzzle","theDuelist:CardPoolRelic","theDuelist:CardPoolBasicRelic","theDuelist:BoosterPackPoolRelic","theDuelist:CardPoolAddRelic","theDuelist:CardPoolMinusRelic","theDuelist:CardPoolSaveRelic","theDuelist:CardPoolOptionsRelic","theDuelist:TributeEggRelic","theDuelist:MillenniumArmor","Shuriken","Art of War","SlaversCollar","Unceasing Top","Torii","Shovel","Happy Flower","CeramicFish","Omamori","theDuelist:MillenniumRing","Toxic Egg 2","theDuelist:MetronomeRelicB","theDuelist:ZoneToken","Fusion Hammer","theDuelist:FatMaxHPRelic","Pen Nib","theDuelist:DuelistTeaSet","theDuelist:MarkExxod","CaptainsWheel","Sundial","Self Forming Clay","Eternal Feather","theDuelist:BoosterExtraAllRaresRelic"],"acts_visited":["Exordium","TheCity","TheBeyond","TheEnding"],"potions_floor_usage":[22,36,39,50,55],"damage_taken":[{"damage":0,"enemies":"Small Slimes","floor":1,"turns":3},{"damage":0,"enemies":"Jaw Worm","floor":4,"turns":3},{"damage":0,"enemies":"2 Louse","floor":5,"turns":1},{"damage":8,"enemies":"3 Sentries","floor":6,"turns":5},{"damage":4,"enemies":"Lagavulin","floor":8,"turns":3},{"damage":0,"enemies":"2 Fungi Beasts","floor":11,"turns":3},{"damage":2,"enemies":"Gremlin Nob","floor":12,"turns":3},{"damage":0,"enemies":"3 Sentries","floor":14,"turns":4},{"damage":0,"enemies":"Slime Boss","floor":16,"turns":3},{"damage":4,"enemies":"Shell Parasite","floor":18,"turns":4},{"damage":7,"enemies":"Shell Parasite","floor":19,"turns":7},{"damage":1,"enemies":"Chosen","floor":20,"turns":5},{"damage":1,"enemies":"Centurion and Healer","floor":22,"turns":7},{"damage":1,"enemies":"theDuelist:KaibaA2","floor":23,"turns":3},{"damage":0,"enemies":"Gremlin Leader","floor":25,"turns":6},{"damage":0,"enemies":"Snake Plant","floor":28,"turns":4},{"damage":0,"enemies":"Cultist and Chosen","floor":29,"turns":6},{"damage":0,"enemies":"Snecko","floor":31,"turns":3},{"damage":0,"enemies":"Champ","floor":33,"turns":5},{"damage":0,"enemies":"Orb Walker","floor":35,"turns":3},{"damage":42,"enemies":"3 Darklings","floor":36,"turns":6},{"damage":22,"enemies":"Transient","floor":37,"turns":6},{"damage":12,"enemies":"Sphere and 2 Shapes","floor":39,"turns":5},{"damage":0,"enemies":"Giant Head","floor":40,"turns":7},{"damage":0,"enemies":"Nemesis","floor":45,"turns":3},{"damage":23,"enemies":"Spire Growth","floor":47,"turns":5},{"damage":1,"enemies":"4 Shapes","floor":48,"turns":6},{"damage":15,"enemies":"Awakened One","floor":50,"turns":9},{"damage":0,"enemies":"Shield and Spear","floor":54,"turns":5},{"damage":70,"enemies":"The Heart","floor":55,"turns":9}],"seed_played":"-882096005014173533","potions_obtained":[{"floor":5,"key":"Dexterity Potion"},{"floor":6,"key":"theDuelist:DebuffFuryPotion"},{"floor":23,"key":"BlessingOfTheForge"},{"floor":28,"key":"PowerPotion"},{"floor":36,"key":"theDuelist:TributeBottle"},{"floor":47,"key":"theDuelist:OrbBottle"},{"floor":48,"key":"AttackPotion"},{"floor":54,"key":"theDuelist:FusionPotion"}],"is_trial":false,"path_per_floor":["M","?","?","M","M","E","R","E","T","R","M","E","R","E","R","B",null,"M","?","M","?","M","E","R","E","T","R","M","M","R","M","R","B",null,"M","M","M","$","M","E","R","$","T","?","E","R","M","M","R","B",null,"R","$","E","B",null],"character_chosen":"THE_DUELIST","items_purchased":["theDuelist:FatMaxHPRelic","theDuelist:GateGuardian","theDuelist:StatueAnguishPattern","Pen Nib","theDuelist:RainbowGravity+1","theDuelist:MaskedDragon","theDuelist:Solidarity","Enlightenment+1","theDuelist:MarkExxod","theDuelist:RevivalJam+1","theDuelist:RainbowBridge+1"],"campfire_rested":1,"item_purchase_floors":[38,38,38,38,38,38,38,38,42,42,53],"current_hp_per_floor":[70,70,70,70,70,62,62,58,58,58,58,56,56,56,56,56,72,68,61,60,60,59,58,58,58,58,58,58,58,58,58,58,58,72,72,30,8,208,196,196,196,206,206,206,206,206,183,182,268,253,279,279,279,279,209],"gold":64,"neow_bonus":"TEN_PERCENT_HP_BONUS","is_daily":false,"chose_seed":false,"campfire_upgraded":4,"win_rate":0.0,"timestamp":1611895828,"path_taken":["M","?","?","M","M","E","R","E","T","R","M","E","R","E","R","BOSS","M","?","M","?","?","E","R","E","T","R","M","?","R","?","R","BOSS","M","M","M","$","?","E","R","?","T","?","E","R","M","?","R","BOSS","R","$","E","BOSS"],"items_purchased_type":["Relic","Card","Card","Relic","Card","Card","Card","Card","Relic","Card","Card"],"build_version":"2020-12-22","purchased_purges":1,"victory":true,"max_hp_per_floor":[77,77,77,77,77,77,77,77,77,77,77,77,77,77,77,77,77,77,77,77,77,77,77,77,77,77,77,77,77,77,77,77,77,77,77,77,77,277,277,277,277,287,287,287,287,287,287,287,287,287,287,287,287,287,287],"card_choices":[{"not_picked":["theDuelist:TwinHeadedFire","theDuelist:ShadowVampire","theDuelist:BabyDragon","theDuelist:RainbowOverdragon"],"picked":"theDuelist:AlphaMagnet","floor":1},{"not_picked":["theDuelist:SangaEarth","theDuelist:SpiritHarp","theDuelist:Eva","theDuelist:RainbowDragon"],"picked":"theDuelist:Illusionist","floor":4},{"not_picked":["theDuelist:VampireGrace","theDuelist:BlizzardDefender"],"picked":"theDuelist:KamionTimelord","floor":5},{"not_picked":["theDuelist:SpiralSpearStrike","theDuelist:AncientRules","theDuelist:Umi","theDuelist:OniGamiCombo"],"picked":"theDuelist:Yami","floor":6},{"not_picked":["theDuelist:WhiteHowling","theDuelist:OhFish","theDuelist:RainbowLife","theDuelist:StatueAnguishPattern"],"picked":"theDuelist:CallGrave","floor":8},{"not_picked":["theDuelist:Kasha","theDuelist:Lajinn","theDuelist:NeoMagic","theDuelist:TwinHeadedFire"],"picked":"theDuelist:RainbowOverdragon","floor":11},{"not_picked":["theDuelist:VampireGrace","theDuelist:VampireLord","theDuelist:VampireGenesis","theDuelist:PatricianDarkness"],"picked":"theDuelist:VampireFraulein","floor":12},{"not_picked":["theDuelist:SummonedSkull","theDuelist:MysticalElf","theDuelist:BlizzardThunderbird","theDuelist:BetaMagnet"],"picked":"theDuelist:ShallowGrave","floor":14},{"not_picked":["theDuelist:RainbowFlower","theDuelist:RainbowDragon","theDuelist:MaleficRainbowDragon","theDuelist:RainbowMagician"],"picked":"theDuelist:IrisEarthMother","floor":16},{"not_picked":["Good Instincts","Mind Blast","Violence"],"picked":"Metamorphosis","floor":18},{"not_picked":["theDuelist:PatricianDarkness","theDuelist:BlizzardWarrior","theDuelist:CaveDragon+1","theDuelist:SpiritPharaoh"],"picked":"theDuelist:Eva","floor":19},{"not_picked":["theDuelist:CharcoalInpachi+1","theDuelist:SpiralSpearStrike+1","theDuelist:ClearKuriboh","theDuelist:Cloning"],"picked":"theDuelist:TyrantWing","floor":20},{"not_picked":["theDuelist:YamataDragon","theDuelist:GammaMagnet","theDuelist:BookSecret","theDuelist:GemKnightAmethyst"],"picked":"theDuelist:Gozuki","floor":22},{"not_picked":["theDuelist:FuryFire","theDuelist:RainbowGravity","theDuelist:PotGenerosity","theDuelist:TheCreator"],"picked":"theDuelist:SmashingGround","floor":23},{"not_picked":["theDuelist:ValkMagnet","theDuelist:FearFromDark","theDuelist:MaleficRainbowDragon","theDuelist:KamionTimelord"],"picked":"theDuelist:GravityBlaster","floor":25},{"not_picked":["theDuelist:Zombyra","theDuelist:BlizzardThunderbird+1","theDuelist:SummonedSkull","theDuelist:Eva+1"],"picked":"theDuelist:SuperSolarNutrient+1","floor":28},{"not_picked":["theDuelist:PatricianDarkness","theDuelist:CatShark","theDuelist:NeoMagic+1","theDuelist:TwinHeadedFire"],"picked":"theDuelist:SummonedSkull","floor":29},{"not_picked":["theDuelist:FabledAshenveil+1","theDuelist:ExploderDragonwing+1","theDuelist:HorusServant+1","theDuelist:DoomcaliberKnight"],"picked":"theDuelist:SummonedSkull","floor":31},{"not_picked":["theDuelist:RainbowFlower","theDuelist:Eva+1","theDuelist:RainbowMagician","theDuelist:RainbowOverdragon+1"],"picked":"theDuelist:RainbowDarkDragon+1","floor":33},{"not_picked":["theDuelist:AttackTheMoon","theDuelist:RainbowKuriboh+1","theDuelist:EvilswarmHeliotrope+1","theDuelist:LightningVortex"],"picked":"theDuelist:PowerGiant","floor":35},{"not_picked":["theDuelist:TwinHeadedFire","theDuelist:YamataDragon","theDuelist:BlacklandFireDragon","theDuelist:RainbowDragon+1"],"picked":"theDuelist:Eva+1","floor":36},{"not_picked":["theDuelist:Gozuki+1","theDuelist:WanderingKing+1"],"picked":"theDuelist:CrystalRaigeki","floor":37},{"not_picked":["theDuelist:BeastTalwar+1","theDuelist:IslandTurtle+1","theDuelist:MysticalElf+1","theDuelist:BlastAsmodian+1"],"picked":"theDuelist:YamataDragon","floor":39},{"not_picked":["theDuelist:SpiritPharaoh+1","theDuelist:Wingedtortoise+1","theDuelist:ZombieMammoth","theDuelist:VanityFiend"],"picked":"theDuelist:BabyDragon+1","floor":40},{"not_picked":["theDuelist:PatricianDarkness","theDuelist:GemKnightAmethyst","theDuelist:FogKing","theDuelist:BigWaveSmallWave+1"],"picked":"theDuelist:BetaMagnet+1","floor":45},{"not_picked":["theDuelist:DunamesDarkWitch+1","theDuelist:Eva+1","theDuelist:RainbowDragon","theDuelist:RainbowDarkDragon+1"],"picked":"theDuelist:RainbowMagician+1","floor":47},{"not_picked":["theDuelist:DarkEnergy+1","theDuelist:BookSecret+1","theDuelist:AncientRules+1","theDuelist:RainbowBridge+1"],"picked":"theDuelist:GravityBlaster","floor":48},{"not_picked":["theDuelist:CosmicHorrorGangiel+1","theDuelist:MonsterReborn+1","theDuelist:BlacklandFireDragon+1","theDuelist:GemKnightAmethyst+1"],"picked":"theDuelist:RainbowMagician+1","floor":54}],"player_experience":338279,"relics_obtained":[{"floor":6,"key":"theDuelist:TributeEggRelic"},{"floor":8,"key":"theDuelist:MillenniumArmor"},{"floor":12,"key":"Shuriken"},{"floor":14,"key":"Art of War"},{"floor":19,"key":"Unceasing Top"},{"floor":19,"key":"Torii"},{"floor":19,"key":"Shovel"},{"floor":23,"key":"Happy Flower"},{"floor":24,"key":"CeramicFish"},{"floor":25,"key":"Omamori"},{"floor":26,"key":"theDuelist:MillenniumRing"},{"floor":27,"key":"Toxic Egg 2"},{"floor":30,"key":"theDuelist:MetronomeRelicB"},{"floor":32,"key":"theDuelist:ZoneToken"},{"floor":40,"key":"theDuelist:DuelistTeaSet"},{"floor":43,"key":"CaptainsWheel"},{"floor":45,"key":"Sundial"},{"floor":46,"key":"Self Forming Clay"},{"floor":52,"key":"Eternal Feather"},{"floor":54,"key":"theDuelist:BoosterExtraAllRaresRelic"}],"event_choices":[{"damage_healed":0,"gold_gain":76,"player_choice":"Gained Gold","damage_taken":0,"max_hp_gain":0,"max_hp_loss":0,"event_name":"Golden Wing","floor":2,"gold_loss":0},{"damage_healed":0,"gold_gain":0,"player_choice":"Alpha Electro","duelist":true,"damage_taken":0,"max_hp_gain":0,"max_hp_loss":0,"event_name":"Egyptian Village","floor":3,"gold_loss":0,"cards_obtained":["Alpha Electromagnet Warrior"]},{"damage_healed":0,"gold_gain":0,"player_choice":"Fight","duelist":true,"damage_taken":0,"max_hp_gain":0,"max_hp_loss":0,"event_name":"Battle City","floor":19,"gold_loss":0},{"damage_healed":0,"gold_gain":0,"player_choice":"1 cards matched","damage_taken":0,"max_hp_gain":0,"max_hp_loss":0,"event_name":"Match and Keep!","floor":21,"gold_loss":0,"cards_obtained":["theDuelist:RainbowJar"]},{"damage_healed":0,"gold_gain":0,"player_choice":"Leave","duelist":true,"damage_taken":0,"max_hp_gain":0,"max_hp_loss":0,"event_name":"Relic Duplicator","floor":44,"gold_loss":0}],"is_beta":false,"boss_relics":[{"not_picked":["theDuelist:ElectricKey","Ectoplasm"],"picked":"SlaversCollar"},{"not_picked":["Pandora\u0027s Box","Runic Pyramid"],"picked":"Fusion Hammer"}],"items_purged_floors":[53],"is_endless":false,"potions_floor_spawned":[5,6,11,20,23,28,31,35,36,47,48,54],"ascension_level":17}}