{"host":"b7j598ve05halrwk","time":1611917035,"event":{"mods":["2.2 Compatiblity","BaseMod","Block Reminder","DeckTracker","Minty Spire (QoL Compilation)","Relic Stats","Slay the Relics Exporter","StSLib","ojb\u0027s Better Paths Mod","ojb\u0027s Info Mod"],"gold_per_floor":[116,131,91,16,27,27,59,79,79,108,127,162,176,201,201,275,275,293,308,50,62,72,72,112,135,135,157,157,184,218,143,143,223,223,251,251,275,294,321,321,363,384,384,413,422,78,120,139,139,139,139,139,139,26,61,61,61],"floor_reached":56,"language":"ENG","playtime":4736,"items_purged":["Strike_B","Strike_B"],"score":2383,"play_id":"0c6699ea-6d8d-45a7-977d-f0b0854bf306","local_time":"20210129054355","is_ascension_mode":true,"campfire_choices":[{"data":"Tempest","floor":6.0,"key":"SMITH"},{"data":"Dualcast","floor":15.0,"key":"SMITH"},{"data":"Electrodynamics","floor":23.0,"key":"SMITH"},{"data":"Cold Snap","floor":28,"key":"SMITH"},{"data":"Ball Lightning","floor":32,"key":"SMITH"},{"data":"Compile Driver","floor":40,"key":"SMITH"},{"floor":49,"key":"RECALL"},{"data":"Machine Learning","floor":53,"key":"SMITH"}],"circlet_count":0,"master_deck":["AscendersBane","Strike_B","Defend_B","Defend_B","Defend_B","Defend_B+1","Zap+1","Dualcast+1","Cold Snap","FTL","Tempest+1","Ball Lightning+1","Leap+1","Coolheaded+1","Rainbow+1","Coolheaded+1","Turbo+1","Rainbow+1","Electrodynamics+1","CurseOfTheBell","Chill+1","Aggregate+1","Leap+1","Cold Snap+1","Genetic Algorithm+1","Conserve Battery+1","Ghostly+1","Ghostly+1","Ghostly+1","Conserve Battery+1","Fission+1","Conserve Battery+1","Compile Driver+1","Panacea+1","Discovery+1","Blind+1","Skim+1","Leap+1","Static Discharge+1","Echo Form","Machine Learning+1","Compile Driver","Reboot+1","Aggregate+1","Heatsinks","Compile Driver","Glacier+1"],"relics":["Cracked Core","Toxic Egg 2","Meat on the Bone","Mummified Hand","Boot","Gambling Chip","Calling Bell","War Paint","Symbiotic Virus","Calipers","PreservedInsect","CeramicFish","DataDisk","InkBottle","Eternal Feather","Coffee Dripper","Happy Flower","Toolbox","Letter Opener","Nunchaku"],"acts_visited":["Exordium","TheCity","TheBeyond","TheEnding"],"potions_floor_usage":[38,51,55],"damage_taken":[{"damage":5.0,"enemies":"Small Slimes","floor":1.0,"turns":3.0},{"damage":0.0,"enemies":"Cultist","floor":2.0,"turns":3.0},{"damage":0.0,"enemies":"2 Louse","floor":5.0,"turns":1.0},{"damage":28.0,"enemies":"3 Sentries","floor":7.0,"turns":4.0},{"damage":0.0,"enemies":"Large Slime","floor":8.0,"turns":3.0},{"damage":8.0,"enemies":"Gremlin Nob","floor":10.0,"turns":3.0},{"damage":0.0,"enemies":"Exordium Wildlife","floor":11.0,"turns":2.0},{"damage":11.0,"enemies":"Lagavulin","floor":12.0,"turns":6.0},{"damage":6.0,"enemies":"Gremlin Gang","floor":13.0,"turns":4.0},{"damage":10.0,"enemies":"3 Sentries","floor":14.0,"turns":6.0},{"damage":35.0,"enemies":"Slime Boss","floor":16.0,"turns":10.0},{"damage":15.0,"enemies":"Spheric Guardian","floor":18.0,"turns":4.0},{"damage":21.0,"enemies":"Chosen","floor":19.0,"turns":4.0},{"damage":0.0,"enemies":"Snake Plant","floor":21.0,"turns":3.0},{"damage":19.0,"enemies":"Snecko","floor":22.0,"turns":4.0},{"damage":0,"enemies":"Gremlin Leader","floor":24,"turns":3},{"damage":9,"enemies":"3 Cultists","floor":27,"turns":5},{"damage":0,"enemies":"Book of Stabbing","floor":30,"turns":4},{"damage":0,"enemies":"Collector","floor":33,"turns":11},{"damage":0,"enemies":"3 Shapes","floor":35,"turns":3},{"damage":0,"enemies":"3 Darklings","floor":37,"turns":5},{"damage":5,"enemies":"Transient","floor":38,"turns":6},{"damage":15,"enemies":"Giant Head","floor":41,"turns":8},{"damage":0,"enemies":"Maw","floor":42,"turns":8},{"damage":0,"enemies":"Jaw Worm Horde","floor":44,"turns":6},{"damage":0,"enemies":"Reptomancer","floor":47,"turns":4},{"damage":0,"enemies":"3 Darklings","floor":48,"turns":5},{"damage":0,"enemies":"Donu and Deca","floor":50,"turns":6},{"damage":16,"enemies":"Time Eater","floor":51,"turns":14},{"damage":0,"enemies":"Shield and Spear","floor":55,"turns":2},{"damage":47,"enemies":"The Heart","floor":56,"turns":11}],"seed_played":"-5468966757645670045","potions_obtained":[{"floor":2.0,"key":"DuplicationPotion"},{"floor":3.0,"key":"LiquidMemories"},{"floor":7.0,"key":"Block Potion"},{"floor":12.0,"key":"SkillPotion"},{"floor":13.0,"key":"LiquidBronze"},{"floor":21.0,"key":"FearPotion"},{"floor":38,"key":"BlessingOfTheForge"},{"floor":47,"key":"FocusPotion"},{"floor":48,"key":"SpeedPotion"}],"is_trial":false,"path_per_floor":["M","M","?","$","M","R","E","M","T","E","M","E","M","E","R","B",null,"M","M","$","M","M","R","E","T","T","M","R","?","E","?","R","B",null,"M","?","M","M","?","R","E","M","T","M","?","$","E","M","R","B","B",null,"R","$","E","B"],"character_chosen":"DEFECT","items_purchased":["PreservedInsect","Machine Learning","Toolbox","Compile Driver","Heatsinks","Compile Driver"],"campfire_rested":0,"item_purchase_floors":[20,46,46,46,54,54],"current_hp_per_floor":[66,66,66,66,66,66,38,38,38,42,42,43,49,51,51,28,66,51,42,42,42,35,35,47,47,47,50,50,39,39,39,39,39,39,39,39,39,34,24,39,24,24,24,24,24,24,24,24,39,39,23,35,39,39,39,0,0],"gold":61,"neow_bonus":"TEN_PERCENT_HP_BONUS","is_daily":false,"chose_seed":false,"campfire_upgraded":7,"win_rate":0.0,"timestamp":1611917035,"path_taken":["M","M","?","$","M","R","E","M","T","E","M","E","M","E","R","BOSS","M","M","$","M","?","R","E","?","T","?","R","?","E","?","R","BOSS","M","?","?","M","?","R","E","M","T","M","?","$","E","M","R","BOSS","BOSS","R","$","E","BOSS"],"items_purchased_type":["Relic","Card","Relic","Card","Card","Card"],"build_version":"2020-12-22","purchased_purges":2,"victory":false,"max_hp_per_floor":[78,78,78,78,78,78,78,78,78,78,78,78,78,78,78,78,78,78,78,78,78,78,78,78,78,78,78,78,39,39,39,39,39,39,39,39,39,39,39,39,39,39,39,39,39,39,39,39,39,39,39,39,39,39,39,39,39],"relic_stats":{"Happy Flower":[18],"counters":[31,161],"CeramicFish":207,"Eternal Feather":34,"PreservedInsect":354,"Letter Opener":[313],"War Paint":["Defend_B","Zap"],"Boot":[16],"Nunchaku":[1],"Mummified Hand":[48],"Gambling Chip":[45],"obtain_stats":[{"Calipers":17,"Happy Flower":41,"CeramicFish":24,"Eternal Feather":30,"PreservedInsect":20,"Letter Opener":47,"War Paint":17,"Boot":12,"Calling Bell":17,"DataDisk":25,"Nunchaku":55,"Mummified Hand":10,"Gambling Chip":14,"Toolbox":46,"Coffee Dripper":34,"Toxic Egg 2":7,"Cracked Core":0,"Symbiotic Virus":17,"InkBottle":26,"Meat on the Bone":9},{"Calipers":11,"Happy Flower":23,"CeramicFish":16,"Eternal Feather":18,"PreservedInsect":13,"Letter Opener":26,"War Paint":11,"Boot":8,"Calling Bell":11,"DataDisk":16,"Nunchaku":30,"Mummified Hand":6,"Gambling Chip":10,"Toolbox":25,"Coffee Dripper":19,"Toxic Egg 2":4,"Cracked Core":0,"Symbiotic Virus":11,"InkBottle":16,"Meat on the Bone":5},{"Calipers":45,"Happy Flower":105,"CeramicFish":63,"Eternal Feather":72,"PreservedInsect":53,"Letter Opener":123,"War Paint":45,"Boot":25,"Calling Bell":45,"DataDisk":63,"Nunchaku":150,"Mummified Hand":17,"Gambling Chip":35,"Toolbox":119,"Coffee Dripper":83,"Toxic Egg 2":11,"Cracked Core":0,"Symbiotic Virus":45,"InkBottle":63,"Meat on the Bone":14}],"InkBottle":[54],"Meat on the Bone":108},"card_choices":[{"not_picked":["Turbo","Capacitor"],"picked":"Cold Snap","floor":1.0},{"not_picked":["BootSequence","Static Discharge"],"picked":"FTL","floor":2.0},{"not_picked":["Stack","Scrape"],"picked":"Tempest","floor":5.0},{"not_picked":["Conserve Battery+1","Rebound"],"picked":"Ball Lightning","floor":7.0},{"not_picked":["Machine Learning","Doom and Gloom"],"picked":"Leap+1","floor":8.0},{"not_picked":["Loop","Steam+1"],"picked":"Coolheaded+1","floor":10.0},{"not_picked":["Leap+1","Compile Driver"],"picked":"Rainbow+1","floor":11.0},{"not_picked":["Conserve Battery+1","Redo+1"],"picked":"Coolheaded+1","floor":12.0},{"not_picked":["Redo+1","Rebound"],"picked":"Turbo+1","floor":13.0},{"not_picked":["Blizzard","Force Field+1"],"picked":"Rainbow+1","floor":14.0},{"not_picked":["Machine Learning","Amplify+1"],"picked":"Electrodynamics","floor":16.0},{"not_picked":["Skim+1","Streamline"],"picked":"Chill+1","floor":18.0},{"not_picked":["Genetic Algorithm+1","Leap+1"],"picked":"Aggregate+1","floor":19.0},{"not_picked":["Redo+1","Lockon"],"picked":"Leap+1","floor":21.0},{"not_picked":["Beam Cell","Rebound+1"],"picked":"Cold Snap","floor":22.0},{"not_picked":["Redo+1","Fusion+1"],"picked":"Genetic Algorithm+1","floor":24},{"not_picked":["Meteor Strike","Blizzard"],"picked":"Conserve Battery+1","floor":27},{"not_picked":["Streamline","Darkness+1"],"picked":"Conserve Battery+1","floor":30},{"not_picked":["Reboot+1","Electrodynamics"],"picked":"Fission+1","floor":33},{"not_picked":["Redo+1","Sweeping Beam"],"picked":"Conserve Battery+1","floor":35},{"not_picked":["Barrage","Rebound"],"picked":"Compile Driver","floor":37},{"not_picked":["Meteor Strike","Redo+1","Sweeping Beam"],"picked":"SKIP","floor":38},{"not_picked":["Forethought+1","PanicButton+1"],"picked":"Panacea+1","floor":39},{"not_picked":["Trip+1","Metamorphosis+1"],"picked":"Discovery+1","floor":39},{"not_picked":["Enlightenment+1","Metamorphosis+1"],"picked":"Blind+1","floor":39},{"not_picked":["White Noise+1","Streamline+1"],"picked":"Skim+1","floor":41},{"not_picked":["Chill+1","Gash"],"picked":"Leap+1","floor":42},{"not_picked":["Stack+1","Ball Lightning+1"],"picked":"Static Discharge+1","floor":44},{"not_picked":["Lockon","Sweeping Beam+1"],"picked":"Reboot+1","floor":47},{"not_picked":["Reprogram+1","Scrape"],"picked":"Aggregate+1","floor":48},{"not_picked":["Conserve Battery+1","Reprogram+1"],"picked":"Glacier+1","floor":55}],"player_experience":1057948,"relics_obtained":[{"floor":7.0,"key":"Toxic Egg 2"},{"floor":9.0,"key":"Meat on the Bone"},{"floor":10.0,"key":"Mummified Hand"},{"floor":12.0,"key":"Boot"},{"floor":14.0,"key":"Gambling Chip"},{"floor":17.0,"key":"War Paint"},{"floor":17.0,"key":"Symbiotic Virus"},{"floor":17.0,"key":"Calipers"},{"floor":24,"key":"CeramicFish"},{"floor":25,"key":"DataDisk"},{"floor":26,"key":"InkBottle"},{"floor":30,"key":"Eternal Feather"},{"floor":41,"key":"Happy Flower"},{"floor":47,"key":"Letter Opener"},{"floor":55,"key":"Nunchaku"}],"event_choices":[{"damage_healed":0.0,"max_hp_gain":0.0,"max_hp_loss":0.0,"gold_gain":0.0,"event_name":"The Woman in Blue","player_choice":"Bought 3 Potions","floor":3.0,"gold_loss":0.0,"damage_taken":0.0},{"damage_healed":0,"gold_gain":0,"player_choice":"Became a Ghost","damage_taken":0,"max_hp_gain":0,"max_hp_loss":39,"event_name":"Ghosts","floor":29,"gold_loss":0,"cards_obtained":["Ghostly","Ghostly","Ghostly"]},{"cards_removed":["Strike_B"],"damage_healed":0,"gold_gain":0,"player_choice":"Gave Gold","damage_taken":0,"max_hp_gain":0,"max_hp_loss":0,"event_name":"Beggar","floor":31,"gold_loss":75},{"damage_healed":0,"gold_gain":0,"player_choice":"Ignored","damage_taken":0,"max_hp_gain":0,"max_hp_loss":0,"event_name":"SecretPortal","floor":36,"gold_loss":0},{"damage_healed":0,"gold_gain":0,"player_choice":"Memory 3","damage_taken":10,"max_hp_gain":0,"max_hp_loss":0,"event_name":"SensoryStone","floor":39,"gold_loss":0},{"damage_healed":0,"gold_gain":0,"player_choice":"1 cards matched","damage_taken":0,"max_hp_gain":0,"max_hp_loss":0,"event_name":"Match and Keep!","floor":45,"gold_loss":0,"cards_obtained":["Echo Form"]}],"is_beta":false,"boss_relics":[{"not_picked":["SacredBark","SlaversCollar"],"picked":"Calling Bell"},{"not_picked":["Sozu","Nuclear Battery"],"picked":"Coffee Dripper"}],"items_purged_floors":[4,20],"is_endless":false,"potions_floor_spawned":[2,7,11,12,13,14,21,22,24,30,38,42,47,48],"killed_by":"The Heart","ascension_level":20}}