{"host":"stku21i8hhz5zha4","time":1611945537,"event":{"mods":["2.2 Compatiblity","AchievementEnabler","Aspiration","BaseMod","Better Altar","Better Match","Better Note","Better Sensory Stone","Better Skull","Better Third Choice","Better Vampires","Colored Map","Colorless Booster Pack","Conspire","Dark Map","Displayed Cursed Tome","Downfall","Energized Spire","Friendly Minions","GifTheSpireLib","Halation","Hubris","Infinite Spire","Jedi Mod","Jorbs\u0027s Wanderer Trilogy","Minty Spire (QoL Compilation)","Permanent Neow","Quick Restart","Rare Cards Sparkle","Reliquary","Replay The Spire","Shop Mod","Spikes Relics","Spire Arcade","StS++","StSLib","Stuff the Spire","The Blue Laboratory","Trackpad","Transform Curses","Uncapped"],"gold_per_floor":[113,123,123,143,158,158,158],"floor_reached":6,"language":"RUS","playtime":336,"items_purged":[],"score":72,"play_id":"11004335-bf92-4f66-9365-b8d192687c25","local_time":"20210129213857","is_ascension_mode":true,"campfire_choices":[],"circlet_count":0,"master_deck":["AscendersBane","Strike_R","Strike_R","Strike_R","Strike_R","Strike_R","Defend_R","Defend_R","Defend_R","Defend_R","Bash","Specialist","Headbutt","Armaments","Fire Breathing","Flame Barrier"],"relics":["Burning Blood"],"acts_visited":["Exordium"],"potions_floor_usage":[5,6],"damage_taken":[{"damage":14,"enemies":"Small Slimes","floor":1,"turns":4},{"damage":12,"enemies":"Cultist","floor":2,"turns":4},{"damage":7,"enemies":"2 Louse","floor":4,"turns":3},{"damage":34,"enemies":"Exordium Thugs","floor":5,"turns":6},{"damage":27,"enemies":"Lagavulin","floor":6,"turns":10}],"seed_played":"-4793671019159622056","potions_obtained":[{"floor":2,"key":"Languid Potion"},{"floor":3,"key":"blueLaboratory:FruitPreserves"}],"is_trial":false,"path_per_floor":["M","M","?","M","M","E"],"character_chosen":"IRONCLAD","items_purchased":[],"campfire_rested":0,"item_purchase_floors":[],"current_hp_per_floor":[60,54,54,53,25,17,17],"gold":158,"neow_bonus":"RANDOM_COLORLESS","is_daily":false,"chose_seed":false,"campfire_upgraded":0,"win_rate":0.0,"timestamp":1611945537,"path_taken":["M","M","?","?","M","E"],"items_purchased_type":[],"build_version":"2020-12-22","purchased_purges":0,"victory":false,"max_hp_per_floor":[75,75,75,75,75,75,75],"card_choices":[{"not_picked":["Good Instincts","Replay:Sssssssssshield"],"picked":"Specialist","floor":0},{"not_picked":["Perfected Strike","Heavy Blade"],"picked":"Headbutt","floor":1},{"not_picked":["StSpp:Vengeance","Anger"],"picked":"Armaments","floor":2},{"not_picked":["Evolve","StSpp:CounterStrike"],"picked":"Fire Breathing","floor":4},{"not_picked":["StSpp:Jab","StuffTheSpire:BloodClot"],"picked":"Flame Barrier","floor":5}],"player_experience":257056,"relics_obtained":[],"event_choices":[{"damage_healed":0,"gold_gain":0,"player_choice":"Got Potions","damage_taken":0,"max_hp_gain":0,"max_hp_loss":0,"event_name":"Lab","floor":3,"gold_loss":0}],"is_beta":false,"boss_relics":[],"items_purged_floors":[],"is_endless":false,"potions_floor_spawned":[2],"killed_by":"Lagavulin","ascension_level":18}}