{"host":"ordk2y2ebcetabk6","time":1611964492,"event":{"mods":["AlwaysNeverKeys","Astrologer","Bard","BaseMod","Better Debug","Colored Map","Colored Powertips","Dark Map","Hermit","Highlight Path","Minty Spire (QoL Compilation)","Morshu Shopkeeper","Permanent Neow","Rare Cards Sparkle","Spire Arcade","StSLib","Sumireko Usami","The Hydrologist"],"gold_per_floor":[116,133,58,69,69,69,95,105,105,55,55,55,55,73,73,73,73],"floor_reached":16,"language":"ENG","playtime":877,"items_purged":["sumireko:StrikeSeal"],"score":100,"play_id":"cf4acf70-a55d-4382-842d-ef8bcc0033a0","local_time":"20210129165452","is_ascension_mode":false,"campfire_choices":[{"data":"sumireko:OccultSeal","floor":6,"key":"SMITH"},{"floor":12,"key":"REST"},{"data":"sumireko:DeflectionSeal","floor":15,"key":"SMITH"}],"circlet_count":0,"master_deck":["sumireko:StrikeSeal","sumireko:DefenseSeal","sumireko:DefenseSeal+1","sumireko:DefenseSeal","sumireko:Wall","sumireko:Wall","sumireko:OccultSeal+1","sumireko:PsychokineticBurst+1","sumireko:RuleCancel","sumireko:Precognition","sumireko:DeflectionSeal+1"],"relics":["sumireko:OccultBall","Ancient Tea Set","PreservedInsect","War Paint","Letter Opener"],"acts_visited":["Exordium"],"potions_floor_usage":[8,16],"damage_taken":[{"damage":0,"enemies":"2 Louse","floor":1,"turns":3},{"damage":2,"enemies":"Small Slimes","floor":2,"turns":5},{"damage":6,"enemies":"Jaw Worm","floor":4,"turns":7},{"damage":57,"enemies":"3 Sentries","floor":7,"turns":23},{"damage":8,"enemies":"3 Louse","floor":8,"turns":8},{"damage":0,"enemies":"Blue Slaver","floor":14,"turns":5},{"damage":16,"enemies":"Slime Boss","floor":16,"turns":5}],"seed_played":"-355496194431409492","potions_obtained":[{"floor":2,"key":"GamblersBrew"},{"floor":4,"key":"Regen Potion"}],"is_trial":false,"path_per_floor":["M","M","$","M","$","R","E","M","T","?","?","R","?","M","R","B"],"character_chosen":"SUMIREKO","items_purchased":[],"campfire_rested":1,"item_purchase_floors":[],"current_hp_per_floor":[70,68,68,62,62,62,5,11,11,11,11,32,32,32,32,16,16],"gold":73,"neow_bonus":"RANDOM_COMMON_RELIC","is_daily":false,"chose_seed":false,"campfire_upgraded":2,"win_rate":0.0,"timestamp":1611964492,"path_taken":["M","M","$","M","$","R","E","M","T","?","?","R","?","M","R","BOSS"],"items_purchased_type":[],"build_version":"2020-12-22","purchased_purges":1,"victory":false,"max_hp_per_floor":[70,70,70,70,70,70,70,70,70,70,70,70,70,70,70,70,70],"card_choices":[{"not_picked":["sumireko:FireburstSeal","sumireko:InsightSeal"],"picked":"sumireko:RuleCancel","floor":1},{"not_picked":["sumireko:EchoSeal","sumireko:RepressionSeal"],"picked":"sumireko:Precognition","floor":2},{"not_picked":["sumireko:Lull","sumireko:Simplicity","sumireko:CardTrick"],"picked":"SKIP","floor":4},{"not_picked":["sumireko:Forcefield","sumireko:Fling","sumireko:Liberator"],"picked":"SKIP","floor":7},{"not_picked":["sumireko:Materialism","sumireko:IronGirders","sumireko:VisionOfMadness"],"picked":"SKIP","floor":8},{"not_picked":["sumireko:Liberator","sumireko:IronGirders"],"picked":"sumireko:DeflectionSeal","floor":14}],"player_experience":1092151,"relics_obtained":[{"floor":7,"key":"PreservedInsect"},{"floor":9,"key":"War Paint"}],"event_choices":[{"cards_removed":["sumireko:StrikeSeal"],"damage_healed":0,"gold_gain":0,"player_choice":"Card Removal","damage_taken":0,"max_hp_gain":0,"max_hp_loss":0,"event_name":"The Cleric","floor":10,"gold_loss":50},{"damage_healed":0,"gold_gain":0,"player_choice":"Searched \u00271\u0027 times","damage_taken":0,"relics_obtained":["Letter Opener"],"max_hp_gain":0,"max_hp_loss":0,"event_name":"Dead Adventurer","floor":11,"gold_loss":0},{"cards_removed":["sumireko:StrikeSeal"],"damage_healed":0,"gold_gain":0,"player_choice":"Forget","damage_taken":0,"max_hp_gain":0,"max_hp_loss":0,"event_name":"Living Wall","floor":13,"gold_loss":0}],"is_beta":false,"boss_relics":[],"items_purged_floors":[3],"is_endless":false,"potions_floor_spawned":[2,4],"killed_by":"Slime Boss","ascension_level":0}}