{"host":"w4b7hmige5bnqipq","time":1611944819,"event":{"mods":["2.2 Compatiblity","BaseMod","Colored Map","DeckTracker","Keyboard Shortcuts","Minty Spire (QoL Compilation)","Permanent Neow","Rare Cards Sparkle","SuperFastMode","everything is the same but u backflip on backflip","slay the spire mod where everything is the same but ironclad has a cowboy hat"],"gold_per_floor":[114,114,124,136,147,179,196,216,284,295,322,322,352,368,368,445,445,445,445,445,445,445,445,445,445,445,445,445,80,80,80,80,80,80,80,80,0,0,0,0,0,0,0,0,0,0,0,0,0,0,0,0,0,0,0,0],"floor_reached":57,"language":"KOR","playtime":2373,"items_purged":["Writhe"],"score":2891,"play_id":"f855e9fb-f1c8-4660-8aff-1b5819cbab52","local_time":"20210130032659","is_ascension_mode":true,"campfire_choices":[{"floor":12.0,"key":"REST"},{"floor":15.0,"key":"REST"},{"floor":23.0,"key":"REST"},{"data":"Corruption","floor":24.0,"key":"SMITH"},{"data":"Offering","floor":25.0,"key":"SMITH"},{"data":"Inflame","floor":27.0,"key":"SMITH"},{"floor":32.0,"key":"REST"},{"data":"Apotheosis","floor":40.0,"key":"SMITH"},{"floor":46.0,"key":"RECALL"},{"data":"Feel No Pain","floor":49.0,"key":"SMITH"},{"data":"Rupture","floor":53,"key":"SMITH"}],"circlet_count":0,"master_deck":["AscendersBane","Strike_R","Strike_R","Strike_R","Strike_R","Defend_R","Defend_R","Defend_R","Bash","Corruption+1","Flame Barrier","Carnage","Shrug It Off","Shrug It Off","Second Wind","Inflame+1","Twin Strike","Bloodletting","Hemokinesis","Feel No Pain+1","Offering+1","Whirlwind","Shrug It Off+1","Disarm","Battle Trance","Battle Trance","Apotheosis+1","Rupture+1","Impervious","Reaper","Sword Boomerang","Impervious","Combust+1","Twin Strike+1","Second Wind+1","Battle Trance","Feed","Uppercut"],"relics":["Burning Blood","HornCleat","Matryoshka","Lantern","WingedGreaves","Ectoplasm","Ancient Tea Set","White Beast Statue","Toy Ornithopter","Mark of Pain","Red Mask","Charon\u0027s Ashes","Bag of Preparation","Orichalcum","Bird Faced Urn","Dead Branch","Strawberry"],"acts_visited":["Exordium","TheCity","TheBeyond","TheEnding"],"potions_floor_usage":[],"damage_taken":[{"damage":10.0,"enemies":"Cultist","floor":1.0,"turns":5.0},{"damage":0.0,"enemies":"Small Slimes","floor":3.0,"turns":4.0},{"damage":2.0,"enemies":"2 Louse","floor":4.0,"turns":4.0},{"damage":0.0,"enemies":"2 Fungi Beasts","floor":5.0,"turns":4.0},{"damage":20.0,"enemies":"3 Sentries","floor":6.0,"turns":21.0},{"damage":1.0,"enemies":"Looter","floor":7.0,"turns":4.0},{"damage":36.0,"enemies":"Exordium Wildlife","floor":8.0,"turns":8.0},{"damage":8.0,"enemies":"Gremlin Gang","floor":10.0,"turns":6.0},{"damage":13.0,"enemies":"Lagavulin","floor":11.0,"turns":7.0},{"damage":41.0,"enemies":"Gremlin Nob","floor":13.0,"turns":5.0},{"damage":8.0,"enemies":"Blue Slaver","floor":14.0,"turns":3.0},{"damage":28.0,"enemies":"Slime Boss","floor":16.0,"turns":11.0},{"damage":22.0,"enemies":"Shell Parasite","floor":18.0,"turns":5.0},{"damage":0.0,"enemies":"Chosen","floor":19.0,"turns":3.0},{"damage":8.0,"enemies":"Snake Plant","floor":21.0,"turns":4.0},{"damage":44.0,"enemies":"Shelled Parasite and Fungi","floor":22.0,"turns":6.0},{"damage":13.0,"enemies":"Slavers","floor":28.0,"turns":3.0},{"damage":18.0,"enemies":"Sentry and Sphere","floor":30.0,"turns":4.0},{"damage":8.0,"enemies":"Centurion and Healer","floor":31.0,"turns":4.0},{"damage":59.0,"enemies":"Champ","floor":33.0,"turns":13.0},{"damage":9.0,"enemies":"3 Darklings","floor":35.0,"turns":5.0},{"damage":6.0,"enemies":"3 Shapes","floor":36.0,"turns":2.0},{"damage":13.0,"enemies":"Spire Growth","floor":38.0,"turns":6.0},{"damage":36.0,"enemies":"2 Orb Walkers","floor":39.0,"turns":6.0},{"damage":48.0,"enemies":"Nemesis","floor":41.0,"turns":7.0},{"damage":17.0,"enemies":"Maw","floor":44.0,"turns":7.0},{"damage":10.0,"enemies":"Mind Bloom Boss Battle","floor":45.0,"turns":6.0},{"damage":7.0,"enemies":"4 Shapes","floor":47.0,"turns":1.0},{"damage":31.0,"enemies":"Reptomancer","floor":48.0,"turns":6.0},{"damage":51.0,"enemies":"Time Eater","floor":50.0,"turns":8.0},{"damage":18,"enemies":"Awakened One","floor":51,"turns":7},{"damage":17,"enemies":"Shield and Spear","floor":55,"turns":5},{"damage":78,"enemies":"The Heart","floor":56,"turns":7}],"seed_played":"6630908574572309192","potions_obtained":[{"floor":2.0,"key":"GamblersBrew"},{"floor":2.0,"key":"HeartOfIron"},{"floor":5.0,"key":"SteroidPotion"},{"floor":6.0,"key":"Strength Potion"},{"floor":11.0,"key":"SkillPotion"},{"floor":13.0,"key":"EntropicBrew"},{"floor":18.0,"key":"SpeedPotion"},{"floor":21.0,"key":"CultistPotion"},{"floor":28.0,"key":"SteroidPotion"},{"floor":30.0,"key":"EntropicBrew"},{"floor":31.0,"key":"Weak Potion"},{"floor":33.0,"key":"EssenceOfSteel"},{"floor":35.0,"key":"HeartOfIron"},{"floor":36.0,"key":"DistilledChaos"},{"floor":38.0,"key":"FearPotion"},{"floor":39.0,"key":"SmokeBomb"},{"floor":41.0,"key":"LiquidBronze"},{"floor":44.0,"key":"EntropicBrew"},{"floor":45.0,"key":"SteroidPotion"},{"floor":47.0,"key":"FairyPotion"},{"floor":48.0,"key":"EntropicBrew"}],"is_trial":false,"path_per_floor":["M","?","M","M","M","E","M","M","T","M","E","R","E","M","R","B",null,"M","M","?","M","M","R","R","R","T","R","E","$","M","M","R","B",null,"M","M","?","M","?","R","E","$","T","M","?","R","M","E","R","B","B",null,"R","$","E","B",null],"character_chosen":"IRONCLAD","items_purchased":["Apotheosis","Rupture"],"campfire_rested":4,"item_purchase_floors":[29,29],"current_hp_per_floor":[64,64,70,74,75,61,66,36,36,34,27,49,14,12,34,12,59,43,49,49,47,9,31,31,31,31,31,24,24,17,20,42,9,59,75,75,75,74,52,52,10,10,10,21,45,45,74,75,75,57,75,75,75,75,82,28],"gold":0,"neow_bonus":"TRANSFORM_TWO_CARDS","is_daily":false,"chose_seed":false,"campfire_upgraded":6,"win_rate":0.0,"timestamp":1611944819,"path_taken":["M","?","M","M","M","E","M","M","T","M","E","R","E","M","R","BOSS","M","?","?","?","?","R","R","R","T","R","E","$","M","M","R","BOSS","M","M","?","M","?","R","E","$","T","M","?","R","M","E","R","BOSS","BOSS","R","$","E","BOSS"],"items_purchased_type":["Card","Card"],"build_version":"2020-12-22","purchased_purges":1,"victory":true,"max_hp_per_floor":[75,75,75,75,75,75,75,75,75,75,75,75,75,75,75,75,75,75,75,75,75,75,75,75,75,75,75,75,75,75,75,75,75,75,75,75,75,75,75,75,75,75,75,75,75,75,75,75,75,75,75,75,75,75,82,82],"card_choices":[{"not_picked":["True Grit","Clash","Perfected Strike"],"picked":"SKIP","floor":1.0},{"not_picked":["Iron Wave","Twin Strike"],"picked":"Carnage","floor":3.0},{"not_picked":["Headbutt","Anger"],"picked":"Shrug It Off","floor":4.0},{"not_picked":["Searing Blow","Perfected Strike"],"picked":"Shrug It Off","floor":5.0},{"not_picked":["Clothesline","Body Slam"],"picked":"Second Wind","floor":6.0},{"not_picked":["Reaper","Clash"],"picked":"Inflame","floor":7.0},{"not_picked":["Iron Wave","Warcry"],"picked":"Twin Strike","floor":8.0},{"not_picked":["Warcry","Wild Strike"],"picked":"Bloodletting","floor":10.0},{"not_picked":["Inflame","Wild Strike"],"picked":"Hemokinesis","floor":11.0},{"not_picked":["Disarm","Searing Blow"],"picked":"Feel No Pain","floor":13.0},{"not_picked":["Wild Strike","Flame Barrier","Shrug It Off"],"picked":"SKIP","floor":14.0},{"not_picked":["Corruption","Bludgeon"],"picked":"Offering","floor":16.0},{"not_picked":["Havoc+1","Entrench"],"picked":"Whirlwind","floor":18.0},{"not_picked":["Combust","Havoc"],"picked":"Shrug It Off+1","floor":19.0},{"not_picked":["Havoc","Body Slam"],"picked":"Disarm","floor":21.0},{"not_picked":["Sentinel","Clash"],"picked":"Battle Trance","floor":22.0},{"not_picked":["Twin Strike","Fire Breathing"],"picked":"Battle Trance","floor":28.0},{"not_picked":["Flame Barrier","Perfected Strike","Rage"],"picked":"SKIP","floor":30.0},{"not_picked":["Searing Blow","Thunderclap+1"],"picked":"Impervious","floor":31.0},{"not_picked":["Feed","Immolate"],"picked":"Reaper","floor":33.0},{"not_picked":["Headbutt","Armaments+1","True Grit"],"picked":"SKIP","floor":35.0},{"not_picked":["Havoc+1","Perfected Strike"],"picked":"Sword Boomerang","floor":36.0},{"not_picked":["Sword Boomerang","Wild Strike"],"picked":"Impervious","floor":38.0},{"not_picked":["Sentinel","Infernal Blade"],"picked":"Combust+1","floor":39.0},{"not_picked":["Fiend Fire","Warcry"],"picked":"Twin Strike+1","floor":41.0},{"not_picked":["Wild Strike+1","Burning Pact"],"picked":"Second Wind+1","floor":44.0},{"not_picked":["Pommel Strike","True Grit+1"],"picked":"Battle Trance","floor":45.0},{"not_picked":["Flex","Entrench","Iron Wave"],"picked":"SKIP","floor":47.0},{"not_picked":["Clothesline","Armaments"],"picked":"Feed","floor":48.0},{"not_picked":["Dual Wield","Thunderclap"],"picked":"Uppercut","floor":55}],"player_experience":673104,"relics_obtained":[{"floor":6.0,"key":"HornCleat"},{"floor":9.0,"key":"Matryoshka"},{"floor":11.0,"key":"Lantern"},{"floor":13.0,"key":"WingedGreaves"},{"floor":26.0,"key":"Ancient Tea Set"},{"floor":26.0,"key":"White Beast Statue"},{"floor":28.0,"key":"Toy Ornithopter"},{"floor":39.0,"key":"Charon\u0027s Ashes"},{"floor":41.0,"key":"Bag of Preparation"},{"floor":43.0,"key":"Orichalcum"},{"floor":45.0,"key":"Bird Faced Urn"},{"floor":48.0,"key":"Dead Branch"},{"floor":55,"key":"Strawberry"}],"event_choices":[{"damage_healed":0.0,"max_hp_gain":0.0,"max_hp_loss":0.0,"gold_gain":0.0,"event_name":"Lab","player_choice":"Got Potions","floor":2.0,"gold_loss":0.0,"damage_taken":0.0},{"damage_healed":0.0,"max_hp_gain":0.0,"max_hp_loss":0.0,"gold_gain":0.0,"event_name":"FaceTrader","player_choice":"Leave","floor":20.0,"gold_loss":0.0,"damage_taken":0.0},{"damage_healed":0.0,"max_hp_gain":0.0,"max_hp_loss":0.0,"gold_gain":0.0,"event_name":"Tomb of Lord Red Mask","player_choice":"Paid","floor":37.0,"gold_loss":80.0,"damage_taken":0.0,"relics_obtained":["Red Mask"]},{"damage_healed":0.0,"max_hp_gain":0.0,"max_hp_loss":0.0,"gold_gain":0.0,"event_name":"Mysterious Sphere","player_choice":"Fight","floor":39.0,"gold_loss":0.0,"damage_taken":0.0},{"damage_healed":0.0,"max_hp_gain":0.0,"max_hp_loss":0.0,"gold_gain":0.0,"event_name":"MindBloom","player_choice":"Fight","floor":45.0,"gold_loss":0.0,"damage_taken":0.0}],"is_beta":false,"boss_relics":[{"not_picked":["Runic Dome","Fusion Hammer"],"picked":"Ectoplasm"},{"not_picked":["Cursed Key","Empty Cage"],"picked":"Mark of Pain"}],"items_purged_floors":[29],"is_endless":false,"potions_floor_spawned":[5,6,7,11,13,18,21,22,28,30,31,33,35,36,38,39,41,44,45,47,48,55],"ascension_level":20}}