{"host":"dxb4eoww080epc4n","time":1611912651,"event":{"mods":["AchievementEnabler","BaseMod","Better Note","BetterRewards","Colored Powertips","Conspire","Energized Spire","GifTheSpireLib","Gremlin Skip","Hubris","KinomotoSakuraMod(????)","Minty Spire (QoL Compilation)","Permanent Neow","Quick Restart","Rare Cards Sparkle","Relic Sorter","Replay The Spire","Shop Mod","Spikes Relics","StSLib","The Animator"],"gold_per_floor":[122,139,154,169,201,201,211,211,211,211,241,51,126,91,91,111,111],"floor_reached":16,"language":"ENG","playtime":1402,"items_purged":[],"score":102,"play_id":"670c9ac1-f26e-4d9c-836b-bd4c079d852e","local_time":"20210129103051","is_ascension_mode":false,"campfire_choices":[{"floor":6,"key":"REST"},{"floor":8,"key":"RECALL"},{"floor":10,"key":"REST"},{"floor":15,"key":"REST"}],"circlet_count":0,"master_deck":["animator:Strike_Fate","animator:Defend_Fate","animator:Strike","animator:Strike","animator:Strike","animator:Defend","animator:Defend","animator:Defend","animator:Alexander","animator:Rider","animator:Illya","animator:ShinjiMatou","animator:Lancer","animator:Shizu","animator:ShinjiMatou","animator:GuildGirl"],"relics":["animator:LivingPicture","animator:TheMissingPiece","Orichalcum","Charon\u0027s Ashes","MerchantsRug"],"acts_visited":["Exordium"],"potions_floor_usage":[],"damage_taken":[{"damage":3,"enemies":"2 Louse","floor":1,"turns":2},{"damage":8,"enemies":"Jaw Worm","floor":2,"turns":5},{"damage":3,"enemies":"conspire:RoseBush","floor":3,"turns":4},{"damage":11,"enemies":"Blue Slaver","floor":4,"turns":5},{"damage":6,"enemies":"Exordium Wildlife","floor":5,"turns":5},{"damage":4,"enemies":"Red Slaver","floor":7,"turns":4},{"damage":46,"enemies":"3 Sentries","floor":11,"turns":12},{"damage":52,"enemies":"Slime Boss","floor":16,"turns":11}],"seed_played":"7007614988563888409","potions_obtained":[{"floor":2,"key":"Dexterity Potion"},{"floor":11,"key":"Elixir"}],"is_trial":false,"path_per_floor":["M","M","M","M","M","R","M","R","T","R","E","$","?","?","R","B"],"character_chosen":"THE_ANIMATOR","items_purchased":["MerchantsRug","animator:GuildGirl"],"campfire_rested":3,"item_purchase_floors":[12,12],"current_hp_per_floor":[63,55,52,42,36,56,52,52,52,67,21,21,10,26,46,0,0],"gold":111,"neow_bonus":"RANDOM_COMMON_RELIC","is_daily":false,"chose_seed":false,"campfire_upgraded":0,"win_rate":0.0,"timestamp":1611912651,"path_taken":["M","M","M","M","M","R","M","R","T","R","E","$","?","?","R","BOSS"],"items_purchased_type":["Relic","Card"],"build_version":"2020-12-22","purchased_purges":0,"victory":false,"max_hp_per_floor":[66,66,66,67,67,67,67,67,67,67,67,67,67,67,67,67,67],"card_choices":[{"not_picked":["animator:Demiurge","animator:Shuna"],"picked":"animator:Illya","floor":1},{"not_picked":["animator:Sebas","animator:RoryMercury","animator:TukaLunaMarceau"],"picked":"SKIP","floor":2},{"not_picked":["animator:DwarfShaman","animator:Kuribayashi","animator:Illya"],"picked":"SKIP","floor":3},{"not_picked":["animator:Archer","animator:Caster"],"picked":"animator:ShinjiMatou","floor":4},{"not_picked":["animator:TukaLunaMarceau","animator:Demiurge"],"picked":"animator:Lancer","floor":5},{"not_picked":["animator:Shuna","animator:Kuribayashi"],"picked":"animator:Shizu","floor":7},{"not_picked":["animator:Gillette","animator:NarberalGamma"],"picked":"animator:ShinjiMatou","floor":11}],"player_experience":178305,"relics_obtained":[{"floor":11,"key":"Charon\u0027s Ashes"}],"event_choices":[{"damage_healed":0,"gold_gain":75,"player_choice":"Gather Gold","damage_taken":11,"max_hp_gain":0,"max_hp_loss":0,"event_name":"World of Goop","floor":13,"gold_loss":0},{"damage_healed":16,"gold_gain":0,"player_choice":"Healed","damage_taken":0,"max_hp_gain":0,"max_hp_loss":0,"event_name":"The Cleric","floor":14,"gold_loss":35}],"is_beta":false,"boss_relics":[],"items_purged_floors":[],"is_endless":false,"potions_floor_spawned":[2,11],"killed_by":"Slime Boss","ascension_level":0}}