{"host":"l2xo1ry2dtjh5eh4","time":1611950396,"event":{"mods":["BaseMod","Colored Powertips","GifTheSpireLib","Minty Spire (QoL Compilation)","StSLib","The Bug Knight","slay the spire mod where everything is the same but ironclad has a cowboy hat"],"gold_per_floor":[110,110,128,145,165,199,199,230,230,245,265,265,285,285,285,389,389,409,409,421,43,61,61,61],"floor_reached":23,"language":"ENG","playtime":1296,"items_purged":[],"score":230,"play_id":"e2a67606-aa9d-4035-b045-46ef8a40c180","local_time":"20210129205956","is_ascension_mode":false,"campfire_choices":[{"data":"HollowMod:RecoilStrike","floor":7,"key":"SMITH"},{"data":"HollowMod:NewGlowingWomb","floor":12,"key":"SMITH"},{"floor":15,"key":"REST"}],"circlet_count":0,"master_deck":["HollowMod:NailStrikeStart","HollowMod:NailStrikeStart","HollowMod:NailStrikeStart","HollowMod:QuickDashStart","HollowMod:QuickDashStart","HollowMod:QuickDashStart","HollowMod:FocusHealStart","HollowMod:PogoStrike","HollowMod:HowlingWraiths","HollowMod:InfectedAttack","HollowMod:InfectionAssault","HollowMod:DashSlash","HollowMod:RecoilStrike+1","HollowMod:MantisMark","HollowMod:NewGlowingWomb+1","HollowMod:BlackTendrils","HollowMod:SlysStrikes","HollowMod:HeavyBlow","HollowMod:DoubleDash","HollowMod:BaldurShell","HollowMod:NewJinnsSoul","HollowMod:SoulStrike+1"],"relics":["HollowMod:VesselMask","Matryoshka","StrikeDummy","Pantograph","Pear","Velvet Choker","Kunai"],"acts_visited":["Exordium","TheCity"],"potions_floor_usage":[6,6,8,10,11,22],"damage_taken":[{"damage":8,"enemies":"2 Louse","floor":1,"turns":3},{"damage":1,"enemies":"Cultist","floor":3,"turns":3},{"damage":15,"enemies":"Small Slimes","floor":4,"turns":3},{"damage":14,"enemies":"Red Slaver","floor":5,"turns":3},{"damage":24,"enemies":"HollowMod:MossKnight","floor":6,"turns":7},{"damage":16,"enemies":"Lagavulin","floor":8,"turns":5},{"damage":13,"enemies":"HollowMod:HuskWarrior","floor":10,"turns":4},{"damage":3,"enemies":"Large Slime","floor":11,"turns":3},{"damage":10,"enemies":"Exordium Thugs","floor":13,"turns":3},{"damage":70,"enemies":"HollowMod:FalseKnight","floor":16,"turns":8},{"damage":23,"enemies":"HollowMod:HuskSentry","floor":18,"turns":4},{"damage":35,"enemies":"Shell Parasite","floor":20,"turns":4},{"damage":34,"enemies":"Sentry and Sphere","floor":22,"turns":6},{"damage":21,"enemies":"Gremlin Leader","floor":23,"turns":2}],"seed_played":"-2567607624743326243","potions_obtained":[{"floor":1,"key":"EntropicBrew"},{"floor":6,"key":"DistilledChaos"},{"floor":8,"key":"FearPotion"},{"floor":16,"key":"SpeedPotion"},{"floor":18,"key":"Weak Potion"}],"is_trial":false,"path_per_floor":["M","?","M","M","M","E","R","E","T","M","M","R","M","?","R","B",null,"M","?","M","$","M","E"],"character_chosen":"THE_BUGKNIGHT","items_purchased":["HollowMod:BaldurShell","Kunai","HollowMod:NewJinnsSoul"],"campfire_rested":1,"item_purchase_floors":[21,21,21],"current_hp_per_floor":[80,80,79,64,56,44,44,38,48,35,38,38,34,34,61,28,92,69,69,36,36,10,0,0],"gold":61,"neow_bonus":"TEN_PERCENT_HP_BONUS","is_daily":false,"chose_seed":false,"campfire_upgraded":2,"win_rate":0.0,"timestamp":1611950396,"path_taken":["M","?","M","M","?","E","R","E","T","M","M","R","M","?","R","BOSS","M","?","M","?","M","E"],"items_purchased_type":["Card","Relic","Card"],"build_version":"2020-12-22","purchased_purges":0,"victory":false,"max_hp_per_floor":[82,82,82,82,82,82,82,82,92,92,92,92,92,92,92,92,92,92,92,92,92,92,92,92],"card_choices":[{"not_picked":["HollowMod:SharpenedShadows","HollowMod:ChannelNail"],"picked":"HollowMod:HowlingWraiths","floor":1},{"not_picked":["HollowMod:HowlingWraiths","HollowMod:ChannelNail"],"picked":"HollowMod:InfectedAttack","floor":3},{"not_picked":["HollowMod:Weaversong","HollowMod:CloakDash"],"picked":"HollowMod:InfectionAssault","floor":4},{"not_picked":["HollowMod:HeavyBlow","HollowMod:InfectedAttack"],"picked":"HollowMod:DashSlash","floor":5},{"not_picked":["HollowMod:LifebloodCocoon","HollowMod:HornetsHelp"],"picked":"HollowMod:RecoilStrike","floor":6},{"not_picked":["HollowMod:GreatSlash","HollowMod:HowlingWraiths","HollowMod:SiblingsShadow"],"picked":"SKIP","floor":8},{"not_picked":["HollowMod:MawleksShell","HollowMod:InfectedAttack"],"picked":"HollowMod:MantisMark","floor":10},{"not_picked":["HollowMod:InfectedCysts","HollowMod:SharpenedShadows"],"picked":"HollowMod:NewGlowingWomb","floor":11},{"not_picked":["HollowMod:SharpenedNail","HollowMod:SiblingsSouls"],"picked":"HollowMod:BlackTendrils","floor":13},{"not_picked":["HollowMod:MidwifesHunger","HollowMod:AwokenDreamNail"],"picked":"HollowMod:SlysStrikes","floor":16},{"not_picked":["HollowMod:HowlingWraiths","HollowMod:ShadowDash"],"picked":"HollowMod:HeavyBlow","floor":18},{"not_picked":["HollowMod:FallenFury","HollowMod:SoulSplash"],"picked":"HollowMod:DoubleDash","floor":20},{"not_picked":["HollowMod:InfectionAssault+1","HollowMod:AbyssShriek"],"picked":"HollowMod:SoulStrike+1","floor":22}],"player_experience":142815,"relics_obtained":[{"floor":6,"key":"Matryoshka"},{"floor":8,"key":"StrikeDummy"},{"floor":9,"key":"Pantograph"},{"floor":9,"key":"Pear"}],"event_choices":[{"cards_removed":["HollowMod:NailStrikeStart"],"damage_healed":0,"gold_gain":0,"player_choice":"Purged","damage_taken":0,"max_hp_gain":0,"max_hp_loss":0,"event_name":"Purifier","floor":2,"gold_loss":0},{"damage_healed":0,"gold_gain":0,"player_choice":"Ignored","damage_taken":0,"max_hp_gain":0,"max_hp_loss":0,"event_name":"Golden Idol","floor":14,"gold_loss":0},{"cards_removed":["HollowMod:QuickDashStart"],"damage_healed":0,"gold_gain":0,"player_choice":"Purged","damage_taken":0,"max_hp_gain":0,"max_hp_loss":0,"event_name":"Purifier","floor":19,"gold_loss":0}],"is_beta":false,"boss_relics":[{"not_picked":["Runic Dome","Astrolabe"],"picked":"Velvet Choker"}],"items_purged_floors":[],"is_endless":false,"potions_floor_spawned":[1,6,8,16,18],"killed_by":"Gremlin Leader","ascension_level":0}}