{"host":"pnjthw6sukprvbcr","time":1611938140,"event":{"mods":["AchievementEnabler","BaseMod","Block Reminder","Highlight Path","Minty Spire (QoL Compilation)","Relic Stats"],"gold_per_floor":[213,213,226,226,226,244,3,78,130,155,155,110,110,130,130,225,275,287,320,320,320,27,27,37,54,80,80,103,103,103,103],"floor_reached":30,"language":"ENG","playtime":1336,"items_purged":[],"score":249,"play_id":"19e24085-d0f5-45fb-b155-e4b6fb773f6f","local_time":"20210129113540","is_ascension_mode":false,"campfire_choices":[{"floor":11.0,"key":"REST"},{"floor":15.0,"key":"RECALL"},{"data":"Seeing Red","floor":27,"key":"SMITH"},{"data":"Rage","floor":29,"key":"SMITH"}],"circlet_count":0,"master_deck":["Defend_R","Defend_R","Defend_R","Bash","Rage+1","Seeing Red+1","Double Tap+1","Shrug It Off+1","Dropkick","Demon Form+1","Flame Barrier+1","Body Slam+1","Bite","Bite","Bite","Bite","Bite","Ghostly Armor+1"],"relics":["Burning Blood","Toxic Egg 2","Bag of Marbles","Paper Frog","Tiny House","Red Mask","MutagenicStrength","Torii","Regal Pillow","Dream Catcher"],"acts_visited":["Exordium","TheCity"],"potions_floor_usage":[19,24],"damage_taken":[{"damage":1.0,"enemies":"Small Slimes","floor":1.0,"turns":3.0},{"damage":2.0,"enemies":"2 Louse","floor":3.0,"turns":3.0},{"damage":2.0,"enemies":"Cultist","floor":6.0,"turns":4.0},{"damage":30.0,"enemies":"Lagavulin","floor":10.0,"turns":4.0},{"damage":7.0,"enemies":"Blue Slaver","floor":14.0,"turns":3.0},{"damage":83,"enemies":"The Guardian","floor":16,"turns":17},{"damage":55,"enemies":"Spheric Guardian","floor":18,"turns":11},{"damage":31,"enemies":"Masked Bandits","floor":19,"turns":7},{"damage":9,"enemies":"2 Thieves","floor":24,"turns":4},{"damage":9,"enemies":"3 Cultists","floor":25,"turns":5},{"damage":87,"enemies":"Gremlin Leader","floor":30,"turns":10}],"seed_played":"-5250276248760086272","potions_obtained":[{"floor":1.0,"key":"FairyPotion"},{"floor":6.0,"key":"ColorlessPotion"},{"floor":17,"key":"SkillPotion"},{"floor":19,"key":"DistilledChaos"}],"is_trial":false,"path_per_floor":["M","?","M","?","?","M","$","?","T","E","R","$","T","M","R","B",null,"M","?","?","?","$","?","M","M","T","R","T","R","E"],"character_chosen":"IRONCLAD","items_purchased":["Toxic Egg 2","Shrug It Off+1","Torii"],"campfire_rested":1,"item_purchase_floors":[7,12,22],"current_hp_per_floor":[80,80,80,73,73,77,77,66,66,42,66,66,66,65,65,19,85,36,11,11,11,11,11,24,43,43,43,43,43,0,0],"gold":103,"neow_bonus":"HUNDRED_GOLD","is_daily":false,"chose_seed":false,"campfire_upgraded":2,"win_rate":0.0,"timestamp":1611938140,"path_taken":["M","?","M","?","?","M","$","?","T","E","R","?","?","M","R","BOSS","M","?","?","?","$","?","M","M","T","R","?","R","E"],"items_purchased_type":["Relic","Card","Relic"],"build_version":"2020-12-22","purchased_purges":0,"victory":false,"max_hp_per_floor":[80,80,80,80,80,80,80,80,80,80,80,80,80,80,80,80,85,85,85,59,59,59,59,59,59,59,59,59,59,59,59],"relic_stats":{"Regal Pillow":0,"Dream Catcher":0,"Torii":19,"counters":[11,71],"obtain_stats":[{"Regal Pillow":26,"Dream Catcher":28,"Tiny House":17,"Torii":22,"MutagenicStrength":21,"Bag of Marbles":9,"Red Mask":19,"Toxic Egg 2":7,"Burning Blood":0,"Paper Frog":10},{"Regal Pillow":10,"Dream Catcher":10,"Tiny House":6,"Torii":8,"MutagenicStrength":8,"Bag of Marbles":3,"Red Mask":8,"Toxic Egg 2":3,"Burning Blood":0,"Paper Frog":4},{"Regal Pillow":61,"Dream Catcher":61,"Tiny House":34,"Torii":52,"MutagenicStrength":52,"Bag of Marbles":10,"Red Mask":52,"Toxic Egg 2":10,"Burning Blood":0,"Paper Frog":14}],"Burning Blood":51},"card_choices":[{"not_picked":["Sword Boomerang","Pummel"],"picked":"Rage","floor":1.0},{"not_picked":["Havoc","Blood for Blood"],"picked":"Seeing Red","floor":3.0},{"not_picked":["Clothesline","Perfected Strike","Rupture"],"picked":"SKIP","floor":6.0},{"not_picked":["Clash","Wild Strike"],"picked":"Double Tap+1","floor":10.0},{"not_picked":["Flex+1","Warcry+1"],"picked":"Dropkick","floor":14.0},{"not_picked":["Reaper","Exhume+1"],"picked":"Demon Form","floor":16},{"not_picked":["Dropkick","Shockwave+1"],"picked":"Flame Barrier+1","floor":17},{"not_picked":["Hemokinesis","Wild Strike","Intimidate+1"],"picked":"SKIP","floor":18},{"not_picked":["Dual Wield+1","Hemokinesis"],"picked":"Body Slam+1","floor":19},{"not_picked":["Thunderclap","Rupture","Warcry+1"],"picked":"SKIP","floor":24},{"not_picked":["Iron Wave+1","Offering+1"],"picked":"Ghostly Armor+1","floor":25}],"player_experience":166744,"relics_obtained":[{"floor":9.0,"key":"Bag of Marbles"},{"floor":10.0,"key":"Paper Frog"},{"floor":19,"key":"Red Mask"},{"floor":26,"key":"Regal Pillow"},{"floor":28,"key":"Dream Catcher"}],"event_choices":[{"damage_healed":0.0,"max_hp_gain":0.0,"max_hp_loss":0.0,"gold_gain":0.0,"cards_transformed":["Strike_R"],"event_name":"Living Wall","player_choice":"Change","floor":2.0,"gold_loss":0.0,"damage_taken":0.0,"cards_obtained":["Feel No Pain"]},{"cards_removed":["Defend_R"],"damage_healed":0.0,"max_hp_gain":0.0,"max_hp_loss":0.0,"gold_gain":0.0,"event_name":"Golden Wing","player_choice":"Card Removal","floor":4.0,"gold_loss":0.0,"damage_taken":7.0},{"damage_healed":0.0,"max_hp_gain":0.0,"max_hp_loss":0.0,"gold_gain":0.0,"event_name":"Liars Game","player_choice":"Ignored","floor":5.0,"gold_loss":0.0,"damage_taken":0.0},{"damage_healed":0.0,"max_hp_gain":0.0,"max_hp_loss":0.0,"gold_gain":75.0,"event_name":"World of Goop","player_choice":"Gather Gold","floor":8.0,"gold_loss":0.0,"damage_taken":11.0},{"damage_healed":0,"gold_gain":0,"player_choice":"Fought Bandits","damage_taken":0,"max_hp_gain":0,"max_hp_loss":0,"event_name":"Masked Bandits","floor":19,"gold_loss":0},{"damage_healed":0,"gold_gain":0,"player_choice":"Became a vampire","damage_taken":0,"max_hp_gain":0,"max_hp_loss":26,"event_name":"Vampires","floor":20,"gold_loss":0,"cards_obtained":["Bite","Bite","Bite","Bite","Bite"]},{"damage_healed":0,"gold_gain":0,"player_choice":"Inject Mutagens","damage_taken":0,"relics_obtained":["MutagenicStrength"],"max_hp_gain":0,"max_hp_loss":0,"event_name":"Drug Dealer","floor":21,"gold_loss":0},{"cards_removed":["Feel No Pain"],"damage_healed":0,"gold_gain":0,"player_choice":"Elegance","damage_taken":0,"max_hp_gain":0,"max_hp_loss":0,"event_name":"Back to Basics","floor":23,"gold_loss":0}],"is_beta":false,"boss_relics":[{"not_picked":["Empty Cage","Ectoplasm"],"picked":"Tiny House"}],"items_purged_floors":[],"is_endless":false,"potions_floor_spawned":[1,6,19],"killed_by":"Gremlin Leader","ascension_level":0}}