{"host":"qk12ohyvrq6bwjad","time":1611893657,"event":{"mods":["AchievementEnabler","BaseMod","Colored Map","Custom Start","KOR Keyword Fix","Minty Spire (QoL Compilation)","Quick Restart","StSLib","SuperFastMode"],"gold_per_floor":[16,30,30,30,30,70,170,214,268,284,303,478,6,31,31,162,162,187,112,112,126,126,126,150,189,189,1358,1382,1401,1442,1460,1460,1580,1580,1604,1604,1628,1588,915,956,977,1008,1057,1078,1078,1078,1103,1117,1117,1117,1117,1117,617,652,652],"floor_reached":56,"language":"KOR","playtime":3837,"items_purged":["Defend_P","Defend_P","Writhe"],"score":1409,"play_id":"486087ea-fdf6-4288-9799-4545cf29cf64","local_time":"20210129131417","is_ascension_mode":false,"campfire_choices":[{"data":"Apotheosis","floor":15,"key":"SMITH"},{"data":"Eruption","floor":23,"key":"SMITH"},{"data":"DevaForm","floor":32,"key":"SMITH"},{"floor":46,"key":"RECALL"},{"floor":49,"key":"REST"},{"data":"Vault","floor":52,"key":"SMITH"}],"circlet_count":0,"master_deck":["Strike_P","Strike_P","Defend_P+1","Defend_P+1","Eruption+1","Vigilance","Halt","FlyingSleeves","Pray","EmptyFist","DeceiveReality","Apotheosis+1","MentalFortress+1","Prostrate","Prostrate","ConjureBlade+1","Indignation","FlyingSleeves","Evaluate","Collect","MentalFortress","MasterReality","DevaForm+1","Vault+1","CurseOfTheBell","Prostrate","ClearTheMind","Adaptation","Crescendo+1","InnerPeace+1","ReachHeaven","Sanctity+1","Worship+1"],"relics":["PureWater","Golden Idol","Dream Catcher","Unceasing Top","Oddly Smooth Stone","War Paint","Damaru","VioletLotus","Blue Candle","Smiling Mask","Mummified Hand","Medical Kit","Mango","Regal Pillow","Strawberry","Calling Bell","Tiny Chest","White Beast Statue","Calipers","Strange Spoon","Akabeko","Toxic Egg 2","Bottled Flame","Gremlin Horn","Meat on the Bone","Toolbox","Bronze Scales","StrikeDummy"],"acts_visited":["Exordium","TheCity","TheBeyond","TheEnding"],"potions_floor_usage":[16,30,30,50,50],"damage_taken":[{"damage":1,"enemies":"Jaw Worm","floor":1,"turns":3},{"damage":5,"enemies":"2 Louse","floor":2,"turns":4},{"damage":0,"enemies":"Lagavulin","floor":6,"turns":2},{"damage":19,"enemies":"3 Sentries","floor":8,"turns":4},{"damage":3,"enemies":"Small Slimes","floor":10,"turns":3},{"damage":0,"enemies":"3 Louse","floor":11,"turns":2},{"damage":0,"enemies":"2 Fungi Beasts","floor":14,"turns":3},{"damage":4,"enemies":"Hexaghost","floor":16,"turns":13},{"damage":2,"enemies":"2 Thieves","floor":18,"turns":4},{"damage":0,"enemies":"Chosen","floor":21,"turns":3},{"damage":51,"enemies":"Sentry and Sphere","floor":24,"turns":4},{"damage":2,"enemies":"Gremlin Leader","floor":25,"turns":3},{"damage":22,"enemies":"Shelled Parasite and Fungi","floor":28,"turns":4},{"damage":0,"enemies":"Snecko","floor":29,"turns":1},{"damage":13,"enemies":"Book of Stabbing","floor":30,"turns":4},{"damage":16,"enemies":"Centurion and Healer","floor":31,"turns":4},{"damage":32,"enemies":"Collector","floor":33,"turns":8},{"damage":43,"enemies":"3 Darklings","floor":35,"turns":7},{"damage":2,"enemies":"Orb Walker","floor":37,"turns":1},{"damage":33,"enemies":"Nemesis","floor":40,"turns":6},{"damage":17,"enemies":"Spire Growth","floor":41,"turns":5},{"damage":18,"enemies":"Giant Head","floor":42,"turns":9},{"damage":0,"enemies":"Sphere and 2 Shapes","floor":44,"turns":7},{"damage":3,"enemies":"3 Darklings","floor":47,"turns":4},{"damage":28,"enemies":"Spire Growth","floor":48,"turns":6},{"damage":31,"enemies":"Time Eater","floor":50,"turns":5},{"damage":33,"enemies":"Shield and Spear","floor":54,"turns":6},{"damage":49,"enemies":"The Heart","floor":55,"turns":7}],"seed_played":"1264853898563992950","potions_obtained":[{"floor":11,"key":"StancePotion"},{"floor":16,"key":"Dexterity Potion"},{"floor":25,"key":"PowerPotion"},{"floor":28,"key":"PowerPotion"},{"floor":31,"key":"StancePotion"},{"floor":33,"key":"Explosive Potion"},{"floor":35,"key":"SmokeBomb"},{"floor":54,"key":"Fire Potion"}],"is_trial":false,"path_per_floor":["M","M","?","?","?","E","?","E","T","M","M","?","$","M","R","B",null,"M","?","?","M","T","R","M","E","T","$","M","M","E","M","R","B",null,"M","?","M","?","$","E","M","E","T","M","T","R","M","M","R","B",null,"R","$","E","B",null],"character_chosen":"WATCHER","items_purchased":["Damaru","Apotheosis","MentalFortress","Prostrate","Medical Kit","Mango","Regal Pillow","StancePotion","Collect","MentalFortress","Strange Spoon","Adaptation","Akabeko","Toxic Egg 2","Toolbox","Bronze Scales","ReachHeaven","Sanctity+1"],"campfire_rested":1,"item_purchase_floors":[13,13,13,13,27,27,27,27,27,27,39,39,39,39,53,53,53,53],"current_hp_per_floor":[71,66,48,48,48,48,48,29,29,26,26,26,26,26,26,22,72,70,70,70,70,70,70,19,17,17,31,9,9,80,64,64,32,93,50,73,71,71,71,38,21,92,92,92,92,92,89,61,93,62,93,93,93,60,23],"gold":652,"neow_bonus":"REMOVE_TWO","is_daily":false,"chose_seed":false,"campfire_upgraded":4,"win_rate":0.0,"timestamp":1611893657,"path_taken":["M","M","?","?","?","E","?","E","T","?","M","?","$","M","R","BOSS","M","?","?","M","?","R","M","E","T","$","M","M","E","M","R","BOSS","M","?","M","?","$","E","M","E","T","?","?","R","M","M","R","BOSS","R","$","E","BOSS"],"items_purchased_type":["Relic","Card","Card","Card","Relic","Relic","Relic","Potion","Card","Card","Relic","Card","Relic","Relic","Relic","Relic","Card","Card"],"build_version":"2020-12-22","purchased_purges":3,"victory":true,"max_hp_per_floor":[72,72,72,72,72,72,72,72,72,72,72,72,72,72,72,72,72,72,72,72,72,72,72,72,72,72,86,86,86,93,93,93,93,93,93,93,93,93,93,93,93,93,93,93,93,93,93,93,93,93,93,93,93,93,93],"card_choices":[{"not_picked":["Consecrate","SashWhip"],"picked":"Halt","floor":1},{"not_picked":["Pray","JustLucky"],"picked":"FlyingSleeves","floor":2},{"not_picked":["Weave","ThirdEye"],"picked":"Pray","floor":6},{"not_picked":["EmptyMind","CutThroughFate"],"picked":"EmptyFist","floor":8},{"not_picked":["FollowUp","WheelKick","JustLucky"],"picked":"SKIP","floor":10},{"not_picked":["Perseverance","FollowUp"],"picked":"DeceiveReality","floor":11},{"not_picked":["FlurryOfBlows","Evaluate"],"picked":"Prostrate","floor":14},{"not_picked":["Wish","DevaForm"],"picked":"ConjureBlade","floor":16},{"not_picked":["Evaluate","EmptyBody"],"picked":"Indignation","floor":18},{"not_picked":["Consecrate","FlurryOfBlows+1"],"picked":"FlyingSleeves","floor":21},{"not_picked":["Indignation","WaveOfTheHand+1"],"picked":"Evaluate","floor":24},{"not_picked":["FlyingSleeves","EmptyFist","Indignation"],"picked":"SKIP","floor":25},{"not_picked":["FollowUp","Protect"],"picked":"MasterReality","floor":28},{"not_picked":["Protect","Consecrate","PathToVictory+1"],"picked":"SKIP","floor":29},{"not_picked":["Halt+1","Nirvana"],"picked":"DevaForm","floor":30},{"not_picked":["CutThroughFate","Swivel","SashWhip"],"picked":"SKIP","floor":31},{"not_picked":["Wish","ConjureBlade"],"picked":"Vault","floor":33},{"not_picked":["Wireheading","WreathOfFlame"],"picked":"Prostrate","floor":35},{"not_picked":["ThirdEye+1","EmptyFist"],"picked":"ClearTheMind","floor":37},{"not_picked":["Wish+1","EmptyMind+1"],"picked":"Crescendo+1","floor":40},{"not_picked":["FlurryOfBlows","EmptyFist+1"],"picked":"InnerPeace+1","floor":41},{"not_picked":["Indignation+1","Weave","PathToVictory+1"],"picked":"SKIP","floor":42},{"not_picked":["ThirdEye+1","Halt+1","CutThroughFate"],"picked":"SKIP","floor":44},{"not_picked":["CutThroughFate","ClearTheMind+1","Prostrate+1"],"picked":"SKIP","floor":47},{"not_picked":["Perseverance+1","Consecrate+1","CrushJoints"],"picked":"SKIP","floor":48},{"not_picked":["Adaptation","Scrawl+1"],"picked":"Worship+1","floor":54}],"player_experience":1600755,"relics_obtained":[{"floor":6,"key":"Unceasing Top"},{"floor":8,"key":"Oddly Smooth Stone"},{"floor":9,"key":"War Paint"},{"floor":22,"key":"Blue Candle"},{"floor":25,"key":"Smiling Mask"},{"floor":26,"key":"Mummified Hand"},{"floor":30,"key":"Strawberry"},{"floor":34,"key":"Tiny Chest"},{"floor":34,"key":"White Beast Statue"},{"floor":34,"key":"Calipers"},{"floor":40,"key":"Bottled Flame"},{"floor":42,"key":"Gremlin Horn"},{"floor":45,"key":"Meat on the Bone"},{"floor":54,"key":"StrikeDummy"}],"event_choices":[{"damage_healed":0,"gold_gain":0,"player_choice":"Take Damage","damage_taken":18,"relics_obtained":["Golden Idol"],"max_hp_gain":0,"max_hp_loss":0,"event_name":"Golden Idol","floor":3,"gold_loss":0},{"damage_healed":0,"gold_gain":0,"player_choice":"Box","damage_taken":0,"relics_obtained":["Dream Catcher"],"max_hp_gain":0,"max_hp_loss":0,"event_name":"Big Fish","floor":4,"gold_loss":0,"cards_obtained":["Regret"]},{"cards_removed":["Regret"],"damage_healed":0,"gold_gain":0,"player_choice":"Forget","damage_taken":0,"max_hp_gain":0,"max_hp_loss":0,"event_name":"Living Wall","floor":5,"gold_loss":0},{"damage_healed":0,"gold_gain":100,"player_choice":"Pray","damage_taken":0,"max_hp_gain":0,"max_hp_loss":0,"event_name":"Golden Shrine","floor":7,"gold_loss":0},{"damage_healed":0,"gold_gain":175,"player_choice":"AGREE","damage_taken":0,"max_hp_gain":0,"max_hp_loss":0,"event_name":"Liars Game","floor":12,"gold_loss":0,"cards_obtained":["Doubt"]},{"cards_removed":["Doubt"],"damage_healed":0,"gold_gain":0,"player_choice":"Gave Gold","damage_taken":0,"max_hp_gain":0,"max_hp_loss":0,"event_name":"Beggar","floor":19,"gold_loss":75},{"damage_healed":0,"gold_gain":0,"player_choice":"Ignored","damage_taken":0,"max_hp_gain":0,"max_hp_loss":0,"event_name":"Vampires","floor":20,"gold_loss":0},{"damage_healed":23,"gold_gain":0,"player_choice":"Writhe","damage_taken":0,"max_hp_gain":0,"max_hp_loss":0,"event_name":"Winding Halls","floor":36,"gold_loss":0,"cards_obtained":["Writhe"]},{"damage_healed":0,"gold_gain":0,"player_choice":"Upgraded Two","damage_taken":0,"max_hp_gain":0,"max_hp_loss":0,"event_name":"Designer","floor":38,"gold_loss":40,"cards_upgraded":["MentalFortress","ConjureBlade"]}],"is_beta":false,"boss_relics":[{"not_picked":["Runic Pyramid","Philosopher\u0027s Stone"],"picked":"VioletLotus"},{"not_picked":["SacredBark","Fusion Hammer"],"picked":"Calling Bell"}],"items_purged_floors":[27,39,53],"is_endless":false,"potions_floor_spawned":[11,16,25,28,31,33,35,37,40,41,42,44,47,48,54],"ascension_level":0}}