{"host":"a3oe3gstxz77c7qu","time":1611962493,"event":{"mods":["2.2 Compatiblity","Act Like it!","Astrologer","BaseMod","Bestiary","Better Altar","Better Match","Better Note","Better Skull","Better Third Choice","Block Reminder","Curses Come First","Custom Start","Dark Map","Downfall","Friendly Minions","GifTheSpireLib","Hallownest","Hermit","Jorbs\u0027s Wanderer Trilogy","Lobotomy","LobotomyExtend","Marisa????????","Minty Spire (QoL Compilation)","Permanent Neow","Quick Restart","Relic Filter Mod","Relic Stats","Reliquary","Smile Girya","Spire Arcade","StSLib","The Bug Knight","The Cursed","The Disciple","The Jungle","Uncapped","Unknown Chances","Wandering Minibosses"],"gold_per_floor":[360,77,92,92,106,106,139,139,219,219,294,320,33,33,33,128,128,187,187,187,206,156,156,175,28,28,28,58,58,58,58,58,163,163,183,88,107,107,118,118,118,118,142,15,15,49,49,65,65,65,65],"floor_reached":50,"language":"ENG","playtime":4258,"items_purged":["SpecialBullet"],"score":929,"play_id":"492798af-c91a-4697-8ea6-77eca3b8bcf7","local_time":"20210129232133","is_ascension_mode":true,"campfire_choices":[{"data":"Twilight","floor":49,"key":"SMITH"}],"circlet_count":0,"master_deck":["SpecialBullet","SpecialBullet","SpecialBullet","SpecialBullet","SpecialBullet","SpecialBullet","SpecialBullet","CentralCode","ExtractionCode","Moonlight","CUTE+1","InTheNameOfLoveAndHate","Twilight+1","UniverseFragment","SecurityCode","ShyLook","ShedSkin+1","After Image","ParadiseLost","MeatLantern","Adoration","ScreamingWedge","Porccubus","WelfareCode","Pleasure+1","BlackArmy","Alriune","Noise"],"relics":["CogitoBucket","RabbitCall","LetterFromLob","Frozen Eye","Vajra","Blood Vial","reliquary:QuartzCube","reliquary:HotPoker","Lizard Tail","FossilizedHelix","War Paint","reliquary:WritOfMandamus","TreeSap","Vajra","Guardian:PocketSentry","reliquary:TridentHead","Strawberry","sneckomod:BabySnecko","Coffee Dripper","BehaviorAdjustment","reliquary:Firecrackers","ResearcherNote"],"acts_visited":["Exordium","TheCity","TheBeyond"],"potions_floor_usage":[50],"damage_taken":[{"damage":13.0,"enemies":"Jaw Worm","floor":1.0,"turns":3.0},{"damage":12.0,"enemies":"2 Louse","floor":3.0,"turns":3.0},{"damage":22.0,"enemies":"Small Slimes","floor":5.0,"turns":24.0},{"damage":3.0,"enemies":"Gremlin Nob","floor":7.0,"turns":4.0},{"damage":14.0,"enemies":"2 Fungi Beasts","floor":10.0,"turns":6.0},{"damage":20.0,"enemies":"Lagavulin","floor":12.0,"turns":7.0},{"damage":0.0,"enemies":"Slime Boss","floor":16.0,"turns":12.0},{"damage":4.0,"enemies":"Chosen","floor":18.0,"turns":18.0},{"damage":0.0,"enemies":"Snecko","floor":21.0,"turns":5.0},{"damage":0.0,"enemies":"Chosen and Byrds","floor":22.0,"turns":8.0},{"damage":0.0,"enemies":"3 Cultists","floor":24.0,"turns":5.0},{"damage":62.0,"enemies":"Gremlin Leader","floor":28.0,"turns":8.0},{"damage":0.0,"enemies":"Champ","floor":33.0,"turns":12.0},{"damage":0.0,"enemies":"Orb Walker","floor":35.0,"turns":7.0},{"damage":8.0,"enemies":"3 Shapes","floor":36.0,"turns":5.0},{"damage":0.0,"enemies":"3 Darklings","floor":37.0,"turns":3.0},{"damage":40.0,"enemies":"Maw","floor":39.0,"turns":8.0},{"damage":4.0,"enemies":"Giant Head","floor":46.0,"turns":6.0},{"damage":15.0,"enemies":"4 Shapes","floor":48.0,"turns":8.0},{"damage":36,"enemies":"FixerMidnight","floor":50,"turns":10}],"seed_played":"-398406916363006421","potions_obtained":[{"floor":3.0,"key":"AttackPotion"},{"floor":7.0,"key":"hexamod:SoulburnPotion"},{"floor":12.0,"key":"Energy Potion"},{"floor":18.0,"key":"Dexterity Potion"},{"floor":28.0,"key":"Slimebound:ThreeZeroPotion"},{"floor":36.0,"key":"Guardian:BlockOnCardUsePotion"}],"is_trial":false,"path_per_floor":["M","$","M","?","M","R","E","R","T","M","?","E","$","?","R","B",null,"M","?","?","M","M","R","M","$","T","R","E","?","?","$","R","B",null,"M","M","M","?","M","R","$","R","T","$","?","E","R","M","R","B"],"character_chosen":"Angela","items_purchased":["Frozen Eye","CUTE","InTheNameOfLoveAndHate","Lizard Tail","Guardian:PocketSentry","Noise"],"campfire_rested":0,"item_purchase_floors":[2,2,2,13,25,44],"current_hp_per_floor":[50,50,38,60,38,38,47,47,47,60,49,43,43,13,13,60,60,60,60,60,60,60,60,64,64,64,64,28,28,28,28,28,79,79,79,79,79,79,59,59,59,59,65,71,77,79,79,79,79,65,65],"gold":65,"neow_bonus":"TWO_FIFTY_GOLD","is_daily":false,"chose_seed":false,"campfire_upgraded":1,"win_rate":0.0,"timestamp":1611962493,"path_taken":["M","$","M","?","M","R","E","R","T","M","?","E","$","?","R","BOSS","M","?","?","M","M","R","M","?","T","R","E","?","?","$","R","BOSS","M","?","M","?","M","R","$","R","T","$","?","E","R","M","R","BOSS"],"items_purchased_type":["Relic","Card","Card","Relic","Relic","Card"],"build_version":"2020-12-22","purchased_purges":1,"victory":false,"max_hp_per_floor":[70,70,70,60,60,60,60,60,60,60,60,60,60,60,60,60,60,60,60,60,60,60,60,64,64,64,64,75,75,75,75,75,79,79,79,79,79,79,79,79,79,79,79,79,79,79,79,79,79,79,79],"relic_stats":{"Blood Vial":8,"Lizard Tail":0,"counters":[23,164],"War Paint":["ShedSkin","CUTE"],"obtain_stats":[{"RabbitCall":0,"reliquary:Firecrackers":46,"Vajra":4,"ResearcherNote":48,"Guardian:PocketSentry":25,"War Paint":14,"reliquary:QuartzCube":9,"Blood Vial":7,"Frozen Eye":2,"reliquary:TridentHead":26,"sneckomod:BabySnecko":29,"CogitoBucket":0,"reliquary:HotPoker":12,"Lizard Tail":13,"TreeSap":18,"Strawberry":28,"BehaviorAdjustment":35,"LetterFromLob":1,"Coffee Dripper":34,"reliquary:WritOfMandamus":17,"InspiredRelic":4,"FossilizedHelix":14},{"RabbitCall":0,"reliquary:Firecrackers":20,"Vajra":2,"ResearcherNote":22,"Guardian:PocketSentry":12,"War Paint":6,"reliquary:QuartzCube":4,"Blood Vial":4,"Frozen Eye":1,"reliquary:TridentHead":12,"sneckomod:BabySnecko":13,"CogitoBucket":0,"reliquary:HotPoker":6,"Lizard Tail":6,"TreeSap":9,"Strawberry":13,"BehaviorAdjustment":16,"LetterFromLob":1,"Coffee Dripper":14,"reliquary:WritOfMandamus":7,"InspiredRelic":2,"FossilizedHelix":6},{"RabbitCall":0,"reliquary:Firecrackers":145,"Vajra":6,"ResearcherNote":154,"Guardian:PocketSentry":96,"War Paint":47,"reliquary:QuartzCube":34,"Blood Vial":34,"Frozen Eye":3,"reliquary:TridentHead":96,"sneckomod:BabySnecko":104,"CogitoBucket":0,"reliquary:HotPoker":47,"Lizard Tail":47,"TreeSap":78,"Strawberry":104,"BehaviorAdjustment":124,"LetterFromLob":3,"Coffee Dripper":116,"reliquary:WritOfMandamus":59,"InspiredRelic":6,"FossilizedHelix":47}]},"card_choices":[{"not_picked":["Beak"],"picked":"Moonlight","floor":1.0},{"not_picked":["Horn","Penitence"],"picked":"SKIP","floor":1.0},{"not_picked":["TodaysExpression"],"picked":"Twilight","floor":3.0},{"not_picked":["OldLady","HappyTeddy"],"picked":"UniverseFragment","floor":3.0},{"not_picked":["SwordSharpenedByTears","InTheNameOfLoveAndHate"],"picked":"SKIP","floor":3.0},{"not_picked":["FairyFestival","WallGazer"],"picked":"ShyLook","floor":5.0},{"not_picked":["CrimsonScar","Soda"],"picked":"SKIP","floor":5.0},{"not_picked":["Penitence","FourthMatchFlame"],"picked":"SKIP","floor":5.0},{"not_picked":["InTheNameOfLoveAndHate","Tough"],"picked":"SKIP","floor":7.0},{"not_picked":["Loneliness"],"picked":"ShedSkin","floor":12.0},{"not_picked":["Heaven","TodaysExpression"],"picked":"SKIP","floor":12.0},{"not_picked":["Justitia"],"picked":"ParadiseLost","floor":16.0},{"not_picked":["Wellcheers","DespairKnight"],"picked":"MeatLantern","floor":16.0},{"not_picked":["Justitia"],"picked":"Adoration","floor":16.0},{"not_picked":["Porccubus","MHz"],"picked":"MeltingLove","floor":18.0},{"not_picked":["RedEyes","Soda"],"picked":"SKIP","floor":18.0},{"not_picked":["SomewhereSpear+1","FourthMatchFlame"],"picked":"SKIP","floor":18.0},{"not_picked":["ShedSkin","FourthMatchFlame+1"],"picked":"SKIP","floor":21.0},{"not_picked":["Diffraction","Beak"],"picked":"SKIP","floor":21.0},{"not_picked":["CrimsonScar","TodaysExpression"],"picked":"SKIP","floor":22.0},{"not_picked":["TodaysExpression","Penitence"],"picked":"SKIP","floor":22.0},{"not_picked":["Loneliness"],"picked":"ScreamingWedge","floor":24.0},{"not_picked":["BigBird","LittlePrince"],"picked":"Porccubus","floor":24.0},{"not_picked":["RedEyes","BearPaw"],"picked":"SKIP","floor":24.0},{"not_picked":["Noise+1"],"picked":"Pleasure+1","floor":28.0},{"not_picked":["MHz","OSAHOGD"],"picked":"BlackArmy","floor":28.0},{"not_picked":["WristCuter","CUTE"],"picked":"SKIP","floor":28.0},{"not_picked":["Scorched","RedShoes"],"picked":"Alriune","floor":33.0},{"not_picked":["Tough+1","SomewhereSpear+1"],"picked":"SKIP","floor":35.0},{"not_picked":["Penitence+1","Loneliness"],"picked":"SKIP","floor":35.0},{"not_picked":["SomewhereSpear+1","RedEyes"],"picked":"SKIP","floor":36.0},{"not_picked":["CherryBlossom+1","MagicBullet"],"picked":"SKIP","floor":36.0},{"not_picked":["FeatherOfHonor","Beak"],"picked":"SKIP","floor":37.0},{"not_picked":["LifeForTheDareDevil+1","CherryBlossom"],"picked":"SKIP","floor":37.0},{"not_picked":["FeatherOfHonor","CherryBlossom"],"picked":"SKIP","floor":39.0},{"not_picked":["Gaze+1","SomewhereSpear"],"picked":"SKIP","floor":39.0},{"not_picked":["RedEyes+1","Hornet"],"picked":"SKIP","floor":46.0},{"not_picked":["Mimicry","Regret_ego"],"picked":"SKIP","floor":46.0},{"not_picked":["CUTE+1","Soda"],"picked":"SKIP","floor":48.0},{"not_picked":["Loneliness","Laetitia_ego"],"picked":"SKIP","floor":48.0}],"player_experience":1116644,"relics_obtained":[{"floor":1.0,"key":"LetterFromLob"},{"floor":7.0,"key":"Blood Vial"},{"floor":9.0,"key":"reliquary:QuartzCube"},{"floor":12.0,"key":"reliquary:HotPoker"},{"floor":26.0,"key":"reliquary:TridentHead"},{"floor":28.0,"key":"Strawberry"},{"floor":46.0,"key":"reliquary:Firecrackers"}],"event_choices":[{"damage_healed":0.0,"max_hp_gain":0.0,"max_hp_loss":0.0,"gold_gain":75.0,"event_name":"betterThird:BetterGoop","player_choice":"Gold","floor":11.0,"gold_loss":0.0,"damage_taken":11.0},{"damage_healed":0.0,"max_hp_gain":0.0,"max_hp_loss":0.0,"gold_gain":1.0,"event_name":"betterThird:BetterScrap","player_choice":"Card Relic Relic ","floor":14.0,"gold_loss":0.0,"damage_taken":30.0,"cards_obtained":["After Image","Limit Break"]},{"damage_healed":0.0,"max_hp_gain":0.0,"max_hp_loss":0.0,"gold_gain":0.0,"event_name":"Vampires","player_choice":"Ignored","floor":19.0,"gold_loss":0.0,"damage_taken":0.0},{"damage_healed":0.0,"max_hp_gain":0.0,"max_hp_loss":0.0,"gold_gain":0.0,"event_name":"The Mausoleum","player_choice":"Opened","floor":20.0,"gold_loss":0.0,"damage_taken":0.0,"relics_obtained":["Vajra"]},{"cards_removed":["downfall:Bewildered"],"damage_healed":0.0,"max_hp_gain":0.0,"max_hp_loss":0.0,"gold_gain":0.0,"event_name":"Fountain of Cleansing","player_choice":"Removed Curses","floor":30.0,"gold_loss":0.0,"damage_taken":0.0},{"damage_healed":20.0,"max_hp_gain":0.0,"max_hp_loss":0.0,"gold_gain":0.0,"event_name":"Winding Halls","player_choice":"Writhe","floor":38.0,"gold_loss":0.0,"damage_taken":0.0,"cards_obtained":["Writhe"]},{"damage_healed":0.0,"max_hp_gain":0.0,"max_hp_loss":0.0,"gold_gain":0.0,"event_name":"OrinTheCat","player_choice":"Ignored","floor":45.0,"gold_loss":0.0,"damage_taken":0.0}],"is_beta":false,"boss_relics":[{"not_picked":["Sozu","Empty Cage"],"picked":"reliquary:WritOfMandamus"},{"not_picked":["Busted Crown","Runic Pyramid"],"picked":"Coffee Dripper"}],"items_purged_floors":[44],"is_endless":false,"potions_floor_spawned":[3,7,10,12,18,28,33,36,46],"killed_by":"FixerMidnight","ascension_level":10}}