{"host":"w4b7hmige5bnqipq","time":1611935249,"event":{"mods":["2.2 Compatiblity","BaseMod","Colored Map","DeckTracker","Keyboard Shortcuts","Minty Spire (QoL Compilation)","Permanent Neow","Rare Cards Sparkle","SuperFastMode","everything is the same but u backflip on backflip","slay the spire mod where everything is the same but ironclad has a cowboy hat"],"gold_per_floor":[117,137,149,167,167,167,199,199,199,199,211,246,211,211,211],"floor_reached":14,"language":"KOR","playtime":389,"items_purged":[],"score":130,"play_id":"1d0f554e-609b-42a3-9476-6c5e68156dc4","local_time":"20210130004729","is_ascension_mode":true,"campfire_choices":[{"data":"Fusion","floor":6,"key":"SMITH"},{"data":"Dualcast","floor":8,"key":"SMITH"},{"floor":10,"key":"REST"}],"circlet_count":0,"master_deck":["Strike_B","Strike_B","Defend_B","Defend_B","Defend_B","Defend_B","Zap","Dualcast+1","Conserve Battery","Defragment+1","Fusion+1","FTL","Amplify","Conserve Battery","Rebound+1"],"relics":["Cracked Core","Letter Opener","Molten Egg 2"],"acts_visited":["Exordium"],"potions_floor_usage":[7,12,14],"damage_taken":[{"damage":2,"enemies":"Jaw Worm","floor":1,"turns":3},{"damage":3,"enemies":"Small Slimes","floor":2,"turns":5},{"damage":0,"enemies":"2 Louse","floor":3,"turns":2},{"damage":1,"enemies":"2 Fungi Beasts","floor":4,"turns":5},{"damage":31,"enemies":"Gremlin Nob","floor":7,"turns":5},{"damage":4,"enemies":"Red Slaver","floor":11,"turns":3},{"damage":25,"enemies":"3 Sentries","floor":12,"turns":7},{"damage":34,"enemies":"Gremlin Nob","floor":14,"turns":3}],"seed_played":"-7595393136463824138","potions_obtained":[{"floor":2,"key":"EssenceOfSteel"},{"floor":4,"key":"Energy Potion"},{"floor":11,"key":"AttackPotion"},{"floor":12,"key":"ColorlessPotion"}],"is_trial":false,"path_per_floor":["M","M","M","M","?","R","E","R","T","R","M","E","?","E"],"character_chosen":"DEFECT","items_purchased":[],"campfire_rested":1,"item_purchase_floors":[],"current_hp_per_floor":[48,45,45,44,44,44,13,13,13,35,31,6,24,0,0],"gold":211,"neow_bonus":"REMOVE_TWO","is_daily":false,"chose_seed":false,"campfire_upgraded":2,"win_rate":0.0,"timestamp":1611935249,"path_taken":["M","M","M","M","?","R","E","R","T","R","M","E","?","E"],"items_purchased_type":[],"build_version":"2020-12-22","purchased_purges":0,"victory":false,"max_hp_per_floor":[75,75,75,75,75,75,75,75,75,75,75,75,75,75,75],"card_choices":[{"not_picked":["Sweeping Beam","Leap"],"picked":"Conserve Battery","floor":1},{"not_picked":["Compile Driver","Doom and Gloom"],"picked":"Defragment","floor":2},{"not_picked":["Recycle","Melter"],"picked":"Fusion","floor":3},{"not_picked":["Hologram","Compile Driver"],"picked":"FTL","floor":4},{"not_picked":["Sweeping Beam","Beam Cell"],"picked":"Amplify","floor":7},{"not_picked":["Sweeping Beam","Hologram"],"picked":"Conserve Battery","floor":11},{"not_picked":["Steam Power","Redo"],"picked":"Rebound+1","floor":12}],"player_experience":667131,"relics_obtained":[{"floor":7,"key":"Letter Opener"},{"floor":12,"key":"Molten Egg 2"}],"event_choices":[{"damage_healed":0,"gold_gain":0,"player_choice":"Grow","damage_taken":0,"max_hp_gain":0,"max_hp_loss":0,"event_name":"Living Wall","floor":5,"gold_loss":0,"cards_upgraded":["Defragment"]},{"damage_healed":18,"gold_gain":0,"player_choice":"Healed","damage_taken":0,"max_hp_gain":0,"max_hp_loss":0,"event_name":"The Cleric","floor":13,"gold_loss":35}],"is_beta":false,"boss_relics":[],"items_purged_floors":[],"is_endless":false,"potions_floor_spawned":[2,4,11,12],"killed_by":"Gremlin Nob","ascension_level":6}}