{"host":"v711dtdb46xe9u7l","time":1611959982,"event":{"mods":["BaseMod","Highlight Path","Minty Spire (QoL Compilation)","Quick Restart","StSLib"],"gold_per_floor":[116,74,88,99,110,153,153,173,173,198,198,198,198,224,224,337,337,362,148,148,148,173,173,215,243,243,287,314,323,323,323],"floor_reached":30,"language":"ENG","playtime":1578,"items_purged":["Strike_R"],"score":434,"play_id":"c01750fb-be1b-4982-8c0f-205163241509","local_time":"20210129223942","is_ascension_mode":true,"campfire_choices":[{"data":"Entrench","floor":7,"key":"SMITH"},{"data":"Body Slam","floor":12,"key":"SMITH"},{"data":"Defend_R","floor":15,"key":"SMITH"},{"data":"Barricade","floor":23,"key":"SMITH"}],"circlet_count":0,"master_deck":["AscendersBane","Strike_R","Strike_R","Strike_R","Strike_R","Defend_R","Defend_R","Defend_R","Defend_R+1","Bash","Clothesline","Body Slam+1","Pommel Strike","Entrench+1","Shrug It Off","Ghostly Armor","Barricade+1","Thunderclap+1","Limit Break","Body Slam+1","Headbutt+1","Warcry","Reaper+1","Battle Trance","Enlightenment"],"relics":["Coffee Dripper","CeramicFish","Shuriken","Self Forming Clay","SlaversCollar","Orrery","Molten Egg 2","Strawberry","Ornamental Fan"],"acts_visited":["Exordium","TheCity"],"potions_floor_usage":[6,16,22,24],"damage_taken":[{"damage":0.0,"enemies":"Cultist","floor":1.0,"turns":3.0},{"damage":0.0,"enemies":"Jaw Worm","floor":3.0,"turns":4.0},{"damage":4.0,"enemies":"2 Louse","floor":4.0,"turns":3.0},{"damage":11.0,"enemies":"Exordium Wildlife","floor":5.0,"turns":3.0},{"damage":30,"enemies":"3 Sentries","floor":6,"turns":7},{"damage":5,"enemies":"Blue Slaver","floor":8,"turns":3},{"damage":19,"enemies":"Lagavulin","floor":10,"turns":9},{"damage":6,"enemies":"Exordium Thugs","floor":14,"turns":5},{"damage":3,"enemies":"The Guardian","floor":16,"turns":17},{"damage":13,"enemies":"3 Byrds","floor":18,"turns":7},{"damage":1,"enemies":"2 Thieves","floor":22,"turns":5},{"damage":39,"enemies":"Slavers","floor":24,"turns":5},{"damage":6,"enemies":"Centurion and Healer","floor":25,"turns":6},{"damage":11,"enemies":"Gremlin Leader","floor":27,"turns":7},{"damage":10,"enemies":"Chosen and Byrds","floor":28,"turns":7},{"damage":34,"enemies":"Cultist and Chosen","floor":30,"turns":6}],"seed_played":"-7630038164203604572","potions_obtained":[{"floor":1.0,"key":"Strength Potion"},{"floor":6,"key":"SpeedPotion"},{"floor":10,"key":"SteroidPotion"},{"floor":18,"key":"AttackPotion"},{"floor":21,"key":"Block Potion"},{"floor":27,"key":"Strength Potion"},{"floor":28,"key":"BlessingOfTheForge"}],"is_trial":false,"path_per_floor":["M","?","M","M","M","E","R","M","T","E","T","R","?","M","R","B",null,"M","$","?","?","M","R","E","M","T","E","M","?","M"],"character_chosen":"IRONCLAD","items_purchased":["Orrery"],"campfire_rested":0,"item_purchase_floors":[19],"current_hp_per_floor":[72,72,72,68,57,27,27,22,22,3,3,3,29,23,23,20,65,52,52,78,78,77,77,38,32,39,28,23,23,0,0],"gold":323,"neow_bonus":"BOSS_RELIC","is_daily":false,"chose_seed":false,"campfire_upgraded":4,"win_rate":0.0,"timestamp":1611959982,"path_taken":["M","?","M","M","M","E","R","M","T","E","?","R","?","M","R","BOSS","M","$","?","?","M","R","E","M","T","E","?","?","M"],"items_purchased_type":["Relic"],"build_version":"2020-12-22","purchased_purges":1,"victory":false,"max_hp_per_floor":[80,80,80,80,80,80,80,80,80,80,80,80,80,80,80,80,80,80,80,80,80,80,80,80,80,87,87,87,87,87,87],"card_choices":[{"not_picked":["Evolve","Feel No Pain"],"picked":"Clothesline","floor":1.0},{"not_picked":["Heavy Blade","Second Wind"],"picked":"Body Slam","floor":3.0},{"not_picked":["Intimidate","Clothesline"],"picked":"Pommel Strike","floor":4.0},{"not_picked":["Body Slam","Carnage"],"picked":"Entrench","floor":5.0},{"not_picked":["Iron Wave","Impervious"],"picked":"Shrug It Off","floor":6},{"not_picked":["Cleave","Power Through","Sentinel"],"picked":"SKIP","floor":8},{"not_picked":["Twin Strike","Sword Boomerang","Body Slam"],"picked":"SKIP","floor":10},{"not_picked":["Reckless Charge","Iron Wave"],"picked":"Ghostly Armor","floor":14},{"not_picked":["Immolate","Reaper"],"picked":"Barricade","floor":16},{"not_picked":["Anger","Headbutt"],"picked":"Thunderclap+1","floor":18},{"not_picked":["Thunderclap","Iron Wave"],"picked":"Limit Break","floor":19},{"not_picked":["Twin Strike","Sever Soul"],"picked":"Body Slam+1","floor":22},{"not_picked":["Rage","Evolve+1"],"picked":"Headbutt+1","floor":24},{"not_picked":["Pommel Strike+1","Second Wind"],"picked":"Warcry","floor":25},{"not_picked":["Wild Strike+1","Sever Soul+1"],"picked":"Reaper+1","floor":27},{"not_picked":["Clothesline+1","True Grit"],"picked":"Battle Trance","floor":28}],"player_experience":409135,"relics_obtained":[{"floor":6,"key":"CeramicFish"},{"floor":9,"key":"Shuriken"},{"floor":10,"key":"Self Forming Clay"},{"floor":24,"key":"Molten Egg 2"},{"floor":26,"key":"Strawberry"},{"floor":27,"key":"Ornamental Fan"}],"event_choices":[{"damage_healed":0.0,"max_hp_gain":0.0,"max_hp_loss":0.0,"gold_gain":0.0,"event_name":"World of Goop","player_choice":"Left Gold","floor":2.0,"gold_loss":42.0,"damage_taken":0.0},{"damage_healed":26,"gold_gain":0,"player_choice":"Banana","damage_taken":0,"max_hp_gain":0,"max_hp_loss":0,"event_name":"Big Fish","floor":13,"gold_loss":0},{"damage_healed":26,"gold_gain":0,"player_choice":"Heal","damage_taken":0,"max_hp_gain":0,"max_hp_loss":0,"event_name":"The Library","floor":20,"gold_loss":0},{"damage_healed":0,"gold_gain":0,"player_choice":"Got Potions","damage_taken":0,"max_hp_gain":0,"max_hp_loss":0,"event_name":"Lab","floor":21,"gold_loss":0},{"damage_healed":0,"gold_gain":0,"player_choice":"1 cards matched","damage_taken":0,"max_hp_gain":0,"max_hp_loss":0,"event_name":"Match and Keep!","floor":29,"gold_loss":0,"cards_obtained":["Enlightenment"]}],"is_beta":false,"boss_relics":[{"not_picked":["Runic Dome","Ectoplasm"],"picked":"SlaversCollar"}],"items_purged_floors":[19],"is_endless":false,"potions_floor_spawned":[1,6,10,14,18,27,28],"killed_by":"Cultist and Chosen","ascension_level":11}}