{"host":"5j53u3d72gsce0fe","time":1611907352,"event":{"mods":["2.2 Compatiblity","AchievementEnabler","Aspiration","BaseMod","Beaked The Cultist","Better Altar","Better Match","Better Note","Better Sensory Stone","Better Skull","Better Third Choice","Better Vampires","Block Reminder","CCEM2","Card Forge","Colored Map","Colored Powertips","Colorless Booster Pack","Conspire","Defuse TimeMaze Blight","Dio Mod","Dota2Spire","Downfall","Emptier Cage","Energized Spire","Friendly Minions","GifTheSpireLib","Hermit","HexUI Lib","Hubris","Humility","Infinite Spire","Marked Mod","Mimic Mod","Minty Spire (QoL Compilation)","Relic Filter","Reliquary","Replay The Spire","Retaliation","Shade Mod","Small Relic Pack","StSLib","Stuff the Spire","The Animator","The Bug Knight","Transform Curses","Unceasing Turn Reminder","???Mod??????Boss"],"gold_per_floor":[99,110,120,135,135,169,240,240,268,68,84,84,84,84,98,200,200,100,112,112,164,164,164,164,164,237,237,190,190,190,552,602,745,745,745,803,803,863,659,659,741,795,795,795,855,921,921,921,986,986,986,986],"floor_reached":50,"language":"ENG","playtime":4561,"items_purged":[],"score":836,"play_id":"26de8c19-e11b-47d8-a05d-2eab285e98b3","local_time":"20210129000232","is_ascension_mode":true,"campfire_choices":[{"floor":1,"key":"RECALL"},{"floor":10,"key":"REST"},{"data":"bronze:ChildClass","floor":12,"key":"SMITH"},{"data":"bronze:Defend","floor":18,"key":"SMITH"},{"floor":23,"key":"REST"},{"floor":29,"key":"REST"},{"data":"bronze:Verify","floor":35,"key":"SMITH"},{"floor":47,"key":"REST"}],"circlet_count":0,"master_deck":["bronze:Replicate+1","bronze:Goto+1","bronze:Separator+1","bronze:Constructor+1","bronze:OilSpill+1","bronze:Iterate+1","bronze:Repair+1","bronze:ChildClass+1","bronze:Repulsor+1","bronze:OilSpill+1","infinitespire:NeuralNetwork+1","infinitespire:FutureSight+1","infinitespire:UltimateForm+1","bronze:DelayedGuard+1","bronze:Shell+1","bronze:InfiniteBeams+1","bronze:Separator+1","bronze:Verify+1","bronze:OilSpill+1","bronze:Constructor+1","bronze:ItsAFeature+1","bronze:HardenedForm+1","bronze:FineTuning+1","ReplayTheSpireMod:Book of Names+1"],"relics":["bronze:BronzeCore","Hammer of Thor","Seething Fire","Anvil of the Gods","HollowMod:StagPassRelic","White Beast Statue","downfall:HeartBlessingRed","downfall:HeartBlessingGreen","hubris:FruitBowl","CCEMRelics:Francisca","reliquary:RoseTintedGlasses","WarpedTongs","downfall:HeartBlessingBlue","downfall:KnowingSkull","reliquary:Knoch","OrangePellets","sneckomod:SneckoTalon","reliquary:PartyBalloon","aspiration:RitualStick","ReplayTheSpireMod:CursedCoin","Nunchaku","Akabeko","conspire:Dentures","StuffTheSpire:DarkSteelAnvil","Replay:Baseball"],"acts_visited":["Exordium","TheCity","TheBeyond"],"potions_floor_usage":[6,11,16,32,32,33,38,42,42,42,42,42,46,46,49,50],"damage_taken":[{"damage":1,"enemies":"Cultist","floor":2,"turns":3},{"damage":2,"enemies":"Small Slimes","floor":3,"turns":2},{"damage":0,"enemies":"Jaw Worm","floor":4,"turns":2},{"damage":0,"enemies":"Gremlin Nob","floor":6,"turns":2},{"damage":15,"enemies":"3 Sentries","floor":9,"turns":7},{"damage":0,"enemies":"Gremlin Gang","floor":11,"turns":2},{"damage":0,"enemies":"Exordium Thugs","floor":15,"turns":1},{"damage":0,"enemies":"SI_SHIV_ARCHETYPE","floor":16,"turns":6},{"damage":1,"enemies":"3 Byrds","floor":19,"turns":2},{"damage":10,"enemies":"Shell Parasite","floor":21,"turns":4},{"damage":3,"enemies":"Nightmare","floor":26,"turns":4},{"damage":3,"enemies":"downfall:FleeingMerchant","floor":28,"turns":4},{"damage":3,"enemies":"downfall:FleeingMerchant","floor":31,"turns":3},{"damage":3,"enemies":"Cultist and Chosen","floor":32,"turns":3},{"damage":26,"enemies":"IC_MUSHROOM_ARCHETYPE","floor":33,"turns":4},{"damage":20,"enemies":"Orb Walker","floor":36,"turns":3},{"damage":8,"enemies":"3 Shapes","floor":38,"turns":2},{"damage":3,"enemies":"Transient","floor":42,"turns":6},{"damage":35,"enemies":"Spire Growth","floor":45,"turns":3},{"damage":47,"enemies":"Reptomancer","floor":46,"turns":3},{"damage":54,"enemies":"Nemesis","floor":49,"turns":7},{"damage":32,"enemies":"Maw","floor":50,"turns":2}],"seed_played":"-8889389875153615608","potions_obtained":[{"floor":4,"key":"BlessingOfTheForge"},{"floor":6,"key":"Toxic Potion"},{"floor":11,"key":"hexamod:SoulburnPotion"},{"floor":15,"key":"CultistPotion"},{"floor":16,"key":"Flashbang"},{"floor":19,"key":"DistilledChaos"},{"floor":32,"key":"LiquidMemories"},{"floor":33,"key":"EntropicBrew"},{"floor":36,"key":"SneckoOil"},{"floor":38,"key":"LifebloodPotion"},{"floor":42,"key":"Dexterity Potion"},{"floor":45,"key":"Death Potion"},{"floor":46,"key":"Block Potion"},{"floor":49,"key":"GamblersBrew"}],"is_trial":false,"path_per_floor":["R_BF","M","M","M","?","E","T","?","E","R","M","R","$","?","M","B",null,"R","M","?","M","?","R","T","AVR","NM","?","$","R","?","$","M","B",null,"R","M","?","M","$","?","T","M","PTL","PTL","M","E","R","?","E","M"],"character_chosen":"THE_AUTOMATON","items_purchased":["hubris:FruitBowl","CCEMRelics:Francisca","reliquary:RoseTintedGlasses","bronze:InfiniteBeams","ReplayTheSpireMod:CursedCoin","Nunchaku","Akabeko","bronze:Constructor"],"campfire_rested":4,"item_purchase_floors":[13,13,13,28,31,31,39,39],"current_hp_per_floor":[77,76,74,74,74,74,74,77,62,80,80,80,31,31,31,41,80,95,95,88,88,88,95,95,95,95,76,83,95,78,85,92,76,102,102,92,92,94,94,94,94,101,101,101,76,29,59,59,15,0,0,0],"gold":986,"neow_bonus":"TEN_PERCENT_HP_BONUS","is_daily":false,"chose_seed":false,"campfire_upgraded":3,"win_rate":0.0,"timestamp":1611907352,"path_taken":["R_BF","M","M","?","?","E","T","?","E","R","M","R","?","?","M","BOSS","R","M","?","?","?","R","T","AVR","NM","?","$","R","?","?","M","BOSS","R","M","?","M","?","?","T","M","PTL","PTL","M","E","R","?","E","M"],"items_purchased_type":["Relic","Relic","Relic","Card","Relic","Relic","Relic","Card"],"build_version":"2020-12-22","purchased_purges":0,"victory":false,"max_hp_per_floor":[77,77,77,77,77,77,77,80,80,80,80,80,80,80,80,80,80,95,95,95,95,95,95,95,95,95,95,95,95,102,102,102,102,102,102,102,102,102,102,102,102,102,102,102,102,102,102,102,102,102,102,102],"card_choices":[{"not_picked":["bronze:Repulsor","bronze:Flail"],"picked":"bronze:Separator","floor":2},{"not_picked":["bronze:Invalidate","bronze:BuggyMess"],"picked":"bronze:Constructor","floor":3},{"not_picked":["bronze:DigitalCarnage","bronze:ForLoop"],"picked":"bronze:OilSpill","floor":4},{"not_picked":["bronze:WhirlingStrike","bronze:Deprecate"],"picked":"bronze:Iterate","floor":6},{"not_picked":["bronze:CloningBeam","bronze:WildBeam"],"picked":"bronze:Repair","floor":9},{"not_picked":["bronze:Deprecate","bronze:Overheat"],"picked":"bronze:ChildClass","floor":11},{"not_picked":["bronze:Virus","bronze:DelayedSlice"],"picked":"bronze:Flail","floor":15},{"not_picked":["bronze:Philosophize","bronze:DelayedGuard+1"],"picked":"bronze:Repulsor","floor":19},{"not_picked":["bronze:Separator","bronze:Philosophize"],"picked":"bronze:OilSpill","floor":21},{"not_picked":["ReplayTheSpireMod:??????????????????????","Replay:Fractal Strike"],"picked":"infinitespire:UltimateForm","floor":26},{"not_picked":["bronze:WhirlingStrike+1","bronze:Deprecate"],"picked":"bronze:DelayedGuard+1","floor":26},{"not_picked":["bronze:BugBarrage","bronze:GetLatest+1"],"picked":"bronze:Shell+1","floor":28},{"not_picked":["bronze:Virus","bronze:Refactor","bronze:WhirlingStrike"],"picked":"SKIP","floor":31},{"not_picked":["bronze:BronzeArmor+1","bronze:DelayedSlice"],"picked":"bronze:Separator","floor":32},{"not_picked":["bronze:SpaghettiCode","bronze:Hardcode"],"picked":"bronze:Verify","floor":33},{"not_picked":["bronze:Frontload","bronze:Branch+1"],"picked":"bronze:OilSpill+1","floor":36},{"not_picked":["bronze:BitShift","bronze:Invalidate+1","bronze:Return+1"],"picked":"SKIP","floor":38},{"not_picked":["bronze:Invalidate","bronze:Return"],"picked":"bronze:ItsAFeature","floor":42},{"not_picked":["bronze:ForceShield","bronze:BugBarrage+1"],"picked":"bronze:HardenedForm","floor":45},{"not_picked":["bronze:Return","bronze:Invalidate"],"picked":"bronze:FineTuning","floor":46},{"not_picked":["infinitespire:Punishment","infinitespire:Oblivion"],"picked":"ReplayTheSpireMod:Book of Names","floor":48},{"not_picked":["bronze:Safeguard","bronze:Repulsor","bronze:BitShift"],"picked":"SKIP","floor":49}],"player_experience":1317170,"relics_obtained":[{"floor":6,"key":"HollowMod:StagPassRelic"},{"floor":9,"key":"White Beast Statue"},{"floor":24,"key":"reliquary:Knoch"},{"floor":26,"key":"reliquary:PartyBalloon"},{"floor":41,"key":"conspire:Dentures"},{"floor":46,"key":"StuffTheSpire:DarkSteelAnvil"},{"floor":49,"key":"Replay:Baseball"}],"event_choices":[{"damage_healed":0,"gold_gain":0,"player_choice":"Became a vampire","damage_taken":0,"max_hp_gain":0,"max_hp_loss":0,"event_name":"Vampires","floor":22,"gold_loss":0,"cards_obtained":[]},{"cards_removed":["bronze:Flail"],"damage_healed":0,"gold_gain":0,"player_choice":"Removed Attack","damage_taken":0,"max_hp_gain":0,"max_hp_loss":0,"event_name":"Falling","floor":37,"gold_loss":0},{"damage_healed":0,"gold_gain":0,"player_choice":"Leave","damage_taken":0,"max_hp_gain":0,"max_hp_loss":0,"event_name":"conspire:Investor","floor":40,"gold_loss":0}],"is_beta":false,"boss_relics":[{"not_picked":["Pandora\u0027s Box","Ectoplasm","aspiration:SecretTechniqueScroll"]},{"not_picked":["energizedSpire:OgreHead","hubris:GrandSneckoEye","hubris:BlackHole"]}],"items_purged_floors":[],"is_endless":true,"potions_floor_spawned":[4,6,11,15,16,19,21,26,28,31,32,33,36,38,42,45,46,49],"killed_by":"Maw","ascension_level":2,"is_humility":true}}