{"host":"snjtcuf7krqplf70","time":1611949784,"event":{"mods":["AchievementEnabler","BaseMod","Colored Map","Colored Powertips","Minty Spire (QoL Compilation)","StSLib"],"gold_per_floor":[110,128,128,128,1,1,26,26,26,26,47,47,81,95,95,214,214,227,317,333,16,40,40,40,40],"floor_reached":24,"language":"ENG","playtime":1126,"items_purged":["Regret","Strike_P"],"score":206,"play_id":"1deb00e4-97e8-4005-9e74-57af34f85885","local_time":"20210129114944","is_ascension_mode":true,"campfire_choices":[{"data":"PathToVictory","floor":6,"key":"SMITH"},{"data":"PathToVictory","floor":8,"key":"SMITH"},{"data":"DevaForm","floor":15,"key":"SMITH"},{"floor":23,"key":"REST"}],"circlet_count":0,"master_deck":["Strike_P","Strike_P","Strike_P","Defend_P","Defend_P","Defend_P","Defend_P","Eruption+1","Vigilance","PathToVictory+1","PathToVictory+1","DevaForm+1","ConjureBlade","Fasting2","PathToVictory","Master of Strategy","InnerPeace"],"relics":["PureWater","WingedGreaves","Golden Idol","Incense Burner","Shuriken","Kunai","Black Star"],"acts_visited":["Exordium","TheCity"],"potions_floor_usage":[16,16,22,22],"damage_taken":[{"damage":1,"enemies":"2 Louse","floor":1,"turns":3},{"damage":0,"enemies":"Small Slimes","floor":2,"turns":2},{"damage":0,"enemies":"Cultist","floor":7,"turns":2},{"damage":16,"enemies":"Gremlin Gang","floor":11,"turns":4},{"damage":1,"enemies":"Lagavulin","floor":13,"turns":3},{"damage":6,"enemies":"Exordium Wildlife","floor":14,"turns":5},{"damage":9,"enemies":"The Guardian","floor":16,"turns":8},{"damage":35,"enemies":"Spheric Guardian","floor":18,"turns":7},{"damage":9,"enemies":"Shell Parasite","floor":20,"turns":4},{"damage":4,"enemies":"Centurion and Healer","floor":22,"turns":5},{"damage":27,"enemies":"Slavers","floor":24,"turns":2}],"seed_played":"-4657331351497528813","potions_obtained":[{"floor":7,"key":"FearPotion"},{"floor":13,"key":"StancePotion"},{"floor":14,"key":"Dexterity Potion"},{"floor":20,"key":"EssenceOfSteel"}],"is_trial":false,"path_per_floor":["M","M","?","?","$","R","M","R","T","?","M","?","E","M","R","B",null,"M","?","M","$","M","R","E"],"character_chosen":"WATCHER","items_purchased":["PathToVictory","PathToVictory","Master of Strategy"],"campfire_rested":1,"item_purchase_floors":[5,21,21],"current_hp_per_floor":[71,71,71,67,67,67,67,67,67,64,48,67,66,60,60,51,67,32,20,11,11,7,27,0,0],"gold":40,"neow_bonus":"UPGRADE_CARD","is_daily":false,"chose_seed":false,"campfire_upgraded":3,"win_rate":0.0,"timestamp":1611949784,"path_taken":["M","M","?","?","$","R","M","R","T","?","M","?","E","M","R","BOSS","M","?","M","$","?","R","E"],"items_purchased_type":["Card","Card","Card"],"build_version":"2020-12-22","purchased_purges":2,"victory":false,"max_hp_per_floor":[72,72,72,67,67,67,67,67,67,67,67,67,67,67,67,67,67,67,67,67,67,67,67,67,67],"card_choices":[{"not_picked":["Halt","Consecrate"],"picked":"PathToVictory","floor":1},{"not_picked":["Perseverance","Crescendo","ClearTheMind"],"picked":"SKIP","floor":2},{"not_picked":["Consecrate","FlyingSleeves","BowlingBash"],"picked":"SKIP","floor":7},{"not_picked":["TalkToTheHand","FollowUp"],"picked":"Worship","floor":11},{"not_picked":["SpiritShield","Protect","EmptyFist"],"picked":"SKIP","floor":13},{"not_picked":["EmptyFist","Wallop"],"picked":"DevaForm","floor":14},{"not_picked":["Omniscience","LessonLearned"],"picked":"ConjureBlade","floor":16},{"not_picked":["Crescendo","Swivel"],"picked":"Fasting2","floor":18},{"not_picked":["BattleHymn","EmptyFist","Prostrate"],"picked":"SKIP","floor":20},{"not_picked":["Adaptation+1","Fasting2"],"picked":"InnerPeace","floor":22}],"player_experience":141991,"relics_obtained":[{"floor":9,"key":"Incense Burner"},{"floor":13,"key":"Kunai"}],"event_choices":[{"damage_healed":0,"gold_gain":0,"player_choice":"Box","damage_taken":0,"relics_obtained":["WingedGreaves"],"max_hp_gain":0,"max_hp_loss":0,"event_name":"Big Fish","floor":3,"gold_loss":0,"cards_obtained":["Regret"]},{"damage_healed":0,"gold_gain":0,"player_choice":"Lose Max HP","damage_taken":0,"relics_obtained":["Golden Idol"],"max_hp_gain":0,"max_hp_loss":5,"event_name":"Golden Idol","floor":4,"gold_loss":0},{"damage_healed":0,"gold_gain":0,"player_choice":"Success","damage_taken":3,"relics_obtained":["Shuriken"],"max_hp_gain":0,"max_hp_loss":0,"event_name":"Scrap Ooze","floor":10,"gold_loss":0},{"cards_removed":["Worship"],"damage_healed":19,"gold_gain":0,"player_choice":"Offered Uncommon","damage_taken":0,"max_hp_gain":0,"max_hp_loss":0,"event_name":"Bonfire Elementals","floor":12,"gold_loss":0},{"damage_healed":0,"gold_gain":90,"player_choice":"GOLD ","damage_taken":12,"max_hp_gain":0,"max_hp_loss":0,"event_name":"Knowing Skull","floor":19,"potions_obtained":[],"gold_loss":0,"cards_obtained":[]}],"is_beta":false,"boss_relics":[{"not_picked":["VioletLotus","Philosopher\u0027s Stone"],"picked":"Black Star"}],"items_purged_floors":[5,21],"is_endless":false,"potions_floor_spawned":[7,13,14,20],"killed_by":"Slavers","ascension_level":1}}