{"host":"zghbuvjjzzk6yre0","time":1611924358,"event":{"mods":["2.2 Compatiblity","AchievementEnabler","Act Like it!","Aspiration","BaseMod","Bestiary","Card Forge","Colored Powertips","Conspire","Curses Come First","Custom Start","Downfall","Friendly Minions","Halation","Hubris","Minty Spire (QoL Compilation)","Monster B Gone","Pale of the Ancients","Q\u0027s Relics","Quick Restart","Relic Filter Mod","Reliquary","Reorder Act Four","Replay The Spire","Robot Space Explorer","StSLib","Strawberry Spire","Synergy Search","vexMod"],"gold_per_floor":[118,315,315,159,175,207,226,241,323,355,355,368,395,395,395,493,493,503,521,421,421,421,453,453,490,565,565,429,429,490,490,490,624,624,643,658,671,745,788,788,788,788,811,811,841,841,877,955,955,955,955,457,457,494,494,494],"floor_reached":55,"language":"ENG","playtime":4583,"items_purged":[],"score":818,"play_id":"4d8ed52f-e030-43cf-80e3-783aff7a2b9f","local_time":"20210129134558","is_ascension_mode":false,"campfire_choices":[{"floor":11.0,"key":"RECALL"},{"floor":15.0,"key":"DIG"},{"floor":24.0,"key":"REST"},{"floor":27.0,"key":"REST"},{"floor":32.0,"key":"REST"},{"floor":40.0,"key":"REST"},{"floor":44.0,"key":"REST"},{"floor":46.0,"key":"REST"},{"floor":49.0,"key":"REST"},{"data":"hubris:EnhanceAbility","floor":53.0,"key":"SMITH"}],"circlet_count":0,"master_deck":["RobotSpaceExplorer:Strike+1","RobotSpaceExplorer:Strike+1","RobotSpaceExplorer:Strike+1","RobotSpaceExplorer:Strike+1","RobotSpaceExplorer:Defend+1","RobotSpaceExplorer:Defend+1","RobotSpaceExplorer:Defend+1","RobotSpaceExplorer:Scan+1","RobotSpaceExplorer:MiniLasers+1","RobotSpaceExplorer:TurboDodge+1","RobotSpaceExplorer:Fix+1","RobotSpaceExplorer:Pulsar+1","RobotSpaceExplorer:Pulsar+1","RobotSpaceExplorer:ChargingLaser+1","RobotSpaceExplorer:BlastShield+1","RobotSpaceExplorer:ToxicBomb+1","RobotSpaceExplorer:BlastShield+1","RobotSpaceExplorer:LaserBurst+1","RobotSpaceExplorer:MiniDrones+1","conspire:SpireCoStock+1","conspire:SpireCoStock+1","RobotSpaceExplorer:Pulsar+1","RobotSpaceExplorer:Asteroid+1","RobotSpaceExplorer:TrailblazerForm+1","RobotSpaceExplorer:MiniDrones+1","RobotSpaceExplorer:PowerGlove+1","RobotSpaceExplorer:ChargingLaser+1","RobotSpaceExplorer:MiniDrones+1","RobotSpaceExplorer:LaserBurst+1","RobotSpaceExplorer:DualCore+1","hubris:EnhanceAbility+1","RobotSpaceExplorer:LaserBurst+1"],"relics":["RobotSpaceExplorer:RoboCore","Hammer of Thor","Seething Fire","Anvil of the Gods","WarpedTongs","Lantern","Replay:Wax Seal","halation:BottledLove","conspire:TopHat","QRelics:AlchemyLab","halation:PinkAlligatorPlush","halation:EternalFortune","Meat on the Bone","ReplayTheSpireMod:Lightbulb","conspire:DecoderRing","halation:PinkSoulGem","Empty Cage","hubris:CuriousFeather","CeramicFish","hubris:TenFootPole","Replay:Rubber Ducky","reliquary:PartyBalloon"],"acts_visited":["Exordium","TheCity","TheBeyond","TheEnding"],"potions_floor_usage":[54,55,55,55],"damage_taken":[{"damage":0.0,"enemies":"Small Slimes","floor":1.0,"turns":3.0},{"damage":3.0,"enemies":"Jaw Worm","floor":5.0,"turns":3.0},{"damage":0.0,"enemies":"3 Sentries","floor":6.0,"turns":8.0},{"damage":0.0,"enemies":"Cultist","floor":7.0,"turns":4.0},{"damage":0.0,"enemies":"Gremlin Gang","floor":8.0,"turns":5.0},{"damage":0.0,"enemies":"Replay:BlueRogue","floor":10.0,"turns":5.0},{"damage":0.0,"enemies":"Exordium Wildlife","floor":12.0,"turns":4.0},{"damage":18.0,"enemies":"Fading Forest","floor":16.0,"turns":11.0},{"damage":12.0,"enemies":"Spheric Guardian","floor":18.0,"turns":5.0},{"damage":8.0,"enemies":"3 Byrds","floor":19.0,"turns":4.0},{"damage":24.0,"enemies":"conspire:Head Lice","floor":23.0,"turns":9.0},{"damage":18.0,"enemies":"Replay:Snechameleon","floor":25.0,"turns":9.0},{"damage":15.0,"enemies":"Sentry and Sphere","floor":30.0,"turns":7.0},{"damage":56.0,"enemies":"Automaton","floor":33.0,"turns":11.0},{"damage":36.0,"enemies":"3 Darklings","floor":35.0,"turns":8.0},{"damage":29.0,"enemies":"3 Shapes","floor":36.0,"turns":8.0},{"damage":16.0,"enemies":"Sphere and 2 Shapes","floor":37.0,"turns":5.0},{"damage":30.0,"enemies":"Mind Bloom Boss Battle","floor":38.0,"turns":12.0},{"damage":16.0,"enemies":"Spire Growth","floor":39.0,"turns":7.0},{"damage":26.0,"enemies":"4 Shapes","floor":45.0,"turns":7.0},{"damage":92.0,"enemies":"strawberrySpire:EssenceStones","floor":47.0,"turns":8.0},{"damage":37.0,"enemies":"Maw","floor":48.0,"turns":9.0},{"damage":52.0,"enemies":"conspire:OrnateMirror","floor":50.0,"turns":9.0},{"damage":103,"enemies":"Shield and Spear","floor":54,"turns":13},{"damage":104,"enemies":"The Heart","floor":55,"turns":5}],"seed_played":"2754993072112771740","potions_obtained":[{"floor":1.0,"key":"ColorlessPotion"},{"floor":5.0,"key":"Energy Potion"},{"floor":6.0,"key":"Weak Potion"},{"floor":30.0,"key":"Strength Potion"},{"floor":39.0,"key":"FearPotion"},{"floor":45.0,"key":"LiquidBronze"},{"floor":48.0,"key":"Guardian:BlockOnCardUsePotion"}],"is_trial":false,"path_per_floor":["M","?","?","$","M","E","M","M","T","E","R","M","T","?","R","B",null,"M","M","?","$","?","E","R","E","T","R","$","?","M","?","R","B",null,"M","M","M","?","M","R","?","?","T","R","M","R","E","M","R","B",null,"$","R","E","B"],"character_chosen":"RobotSpaceExplorer","items_purchased":["Lantern","RobotSpaceExplorer:Asteroid","Replay:Rubber Ducky","RobotSpaceExplorer:LaserBurst","Energy Potion","RobotSpaceExplorer:DualCore","hubris:EnhanceAbility"],"campfire_rested":7,"item_purchase_floors":[4,28,52,52,52,52,52],"current_hp_per_floor":[82,62,62,62,65,71,77,82,82,82,82,82,82,82,82,73,82,74,66,66,66,69,54,80,68,68,88,88,91,80,80,91,53,91,61,50,52,40,42,74,83,74,74,96,76,96,37,18,46,96,96,96,96,96,0,0],"gold":494,"neow_bonus":"TEN_PERCENT_HP_BONUS","is_daily":false,"chose_seed":false,"campfire_upgraded":1,"win_rate":0.0,"timestamp":1611924358,"path_taken":["M","?","?","$","M","E","?","M","T","E","R","?","?","?","R","BOSS","M","M","?","$","?","E","R","E","T","R","$","?","M","?","R","BOSS","M","M","M","?","M","R","?","?","T","R","M","R","E","?","R","BOSS","$","R","E","BOSS"],"items_purchased_type":["Relic","Card","Relic","Card","Potion","Card","Card"],"build_version":"2020-12-22","purchased_purges":0,"victory":false,"max_hp_per_floor":[82,82,82,82,82,82,82,82,82,82,82,82,82,82,82,82,82,82,82,82,82,85,88,88,88,88,88,88,91,91,91,91,91,91,91,91,91,91,91,96,96,96,96,96,96,96,96,96,96,96,96,96,96,96,96,96],"card_choices":[{"not_picked":["RobotSpaceExplorer:StunGrenade","RobotSpaceExplorer:ShockKick"],"picked":"RobotSpaceExplorer:TurboDodge","floor":1.0},{"not_picked":["RobotSpaceExplorer:SurgingStrike","RobotSpaceExplorer:StunGrenade"],"picked":"RobotSpaceExplorer:Fix","floor":2.0},{"not_picked":["RobotSpaceExplorer:Calculate","RobotSpaceExplorer:SurgingStrike"],"picked":"RobotSpaceExplorer:Pulsar","floor":5.0},{"not_picked":["RobotSpaceExplorer:SurgingStrike","RobotSpaceExplorer:Electroshield"],"picked":"RobotSpaceExplorer:Ammunition","floor":6.0},{"not_picked":["RobotSpaceExplorer:SurgingShield","RobotSpaceExplorer:StunGrenade"],"picked":"RobotSpaceExplorer:Pulsar","floor":7.0},{"not_picked":["RobotSpaceExplorer:ShovelStrike","RobotSpaceExplorer:StunGrenade"],"picked":"RobotSpaceExplorer:ChargingLaser","floor":8.0},{"not_picked":["RobotSpaceExplorer:RigExplosive","RobotSpaceExplorer:Discharger"],"picked":"RobotSpaceExplorer:BlastShield","floor":10.0},{"not_picked":["RobotSpaceExplorer:Pulsar","RobotSpaceExplorer:SwiftStep"],"picked":"RobotSpaceExplorer:ToxicBomb","floor":12.0},{"not_picked":["RobotSpaceExplorer:Explosion","RobotSpaceExplorer:ChargingLaser"],"picked":"RobotSpaceExplorer:BlastShield","floor":16.0},{"not_picked":["RobotSpaceExplorer:StunGrenade+1","RobotSpaceExplorer:SwiftStep"],"picked":"RobotSpaceExplorer:LaserBurst","floor":18.0},{"not_picked":["RobotSpaceExplorer:Counterblock","RobotSpaceExplorer:SwiftStep"],"picked":"RobotSpaceExplorer:MiniDrones","floor":19.0},{"not_picked":["RobotSpaceExplorer:MetalStrike","RobotSpaceExplorer:Probe"],"picked":"RobotSpaceExplorer:Pulsar","floor":23.0},{"not_picked":["RobotSpaceExplorer:Probe","RobotSpaceExplorer:Electroshield","RobotSpaceExplorer:Counterblock"],"picked":"SKIP","floor":25.0},{"not_picked":["RobotSpaceExplorer:SwiftStep","RobotSpaceExplorer:ScrapMissile","RobotSpaceExplorer:MetalStrike"],"picked":"SKIP","floor":30.0},{"not_picked":["RobotSpaceExplorer:Wormhole","RobotSpaceExplorer:Comet"],"picked":"RobotSpaceExplorer:TrailblazerForm","floor":33.0},{"not_picked":["RobotSpaceExplorer:GearShield","RobotSpaceExplorer:GlueShot+1"],"picked":"RobotSpaceExplorer:MiniDrones+1","floor":35.0},{"not_picked":["RobotSpaceExplorer:ShovelStrike+1","RobotSpaceExplorer:Jetpack+1","RobotSpaceExplorer:MiniBoosters+1"],"picked":"SKIP","floor":36.0},{"not_picked":["RobotSpaceExplorer:StunGrenade+1","RobotSpaceExplorer:MetalStrike+1","RobotSpaceExplorer:SelfCleaning+1"],"picked":"SKIP","floor":37.0},{"not_picked":["RobotSpaceExplorer:FreezeRay+1","RobotSpaceExplorer:Counterblock"],"picked":"RobotSpaceExplorer:PowerGlove+1","floor":39.0},{"not_picked":["RobotSpaceExplorer:ScrapShield","RobotSpaceExplorer:SlimeMissile+1","RobotSpaceExplorer:SurgingStrike+1"],"picked":"SKIP","floor":45.0},{"not_picked":["RobotSpaceExplorer:SelfCleaning+1","RobotSpaceExplorer:MiniBoosters"],"picked":"RobotSpaceExplorer:ChargingLaser","floor":47.0},{"not_picked":["RobotSpaceExplorer:ScrapMissile","RobotSpaceExplorer:SurgingShield"],"picked":"RobotSpaceExplorer:MiniDrones+1","floor":48.0},{"not_picked":["RobotSpaceExplorer:SelfCleaning","RobotSpaceExplorer:ImprovisedAttack+1"],"picked":"RobotSpaceExplorer:LaserBurst+1","floor":54}],"player_experience":241271,"relics_obtained":[{"floor":6.0,"key":"Replay:Wax Seal"},{"floor":10.0,"key":"halation:BottledLove"},{"floor":13.0,"key":"conspire:TopHat"},{"floor":15.0,"key":"QRelics:AlchemyLab"},{"floor":23.0,"key":"halation:EternalFortune"},{"floor":23.0,"key":"Meat on the Bone"},{"floor":25.0,"key":"ReplayTheSpireMod:Lightbulb"},{"floor":26.0,"key":"conspire:DecoderRing"},{"floor":38.0,"key":"hubris:CuriousFeather"},{"floor":43.0,"key":"CeramicFish"},{"floor":47.0,"key":"hubris:TenFootPole"},{"floor":54,"key":"reliquary:PartyBalloon"}],"event_choices":[{"damage_healed":0.0,"max_hp_gain":0.0,"max_hp_loss":0.0,"gold_gain":0.0,"event_name":"Accursed Blacksmith","player_choice":"Rummage","floor":3.0,"gold_loss":0.0,"damage_taken":0.0,"relics_obtained":["WarpedTongs"],"cards_obtained":["Pain"]},{"damage_healed":0.0,"max_hp_gain":0.0,"max_hp_loss":0.0,"gold_gain":0.0,"event_name":"conspire:Investor","player_choice":"Invest 2","floor":20.0,"gold_loss":0.0,"damage_taken":0.0},{"damage_healed":0.0,"max_hp_gain":0.0,"max_hp_loss":0.0,"gold_gain":0.0,"event_name":"MindBloom","player_choice":"Fight","floor":38.0,"gold_loss":0.0,"damage_taken":0.0},{"damage_healed":0.0,"max_hp_gain":0.0,"max_hp_loss":0.0,"gold_gain":0.0,"event_name":"Wheel of Change","player_choice":"Damaged","floor":42.0,"gold_loss":0.0,"damage_taken":9.0}],"is_beta":false,"boss_relics":[{"not_picked":["reliquary:RedCape","hubris:VirtuousBlindfold"],"picked":"halation:PinkAlligatorPlush"},{"not_picked":["halation:ForbiddenBikini","halation:PlatinumPhoenix"],"picked":"Empty Cage"}],"items_purged_floors":[],"is_endless":false,"potions_floor_spawned":[1,5,6,8,25,30,39,45,48],"killed_by":"The Heart","ascension_level":0}}