{"host":"zk71suw73lg2r165","time":1611951556,"event":{"mods":["BaseMod","Colored Map","Minty Spire (QoL Compilation)","Permanent Neow","Relic Stats","StSLib"],"gold_per_floor":[19,34,44,44,61,61,75,109,160,173,173,11,11,26,26,99,99,118,132,407,407,407],"floor_reached":21,"language":"ENG","playtime":581,"items_purged":["Strike_B"],"score":366,"play_id":"0361bfd7-6bd2-4b77-97e4-70b3149461d3","local_time":"20210129151916","is_ascension_mode":true,"campfire_choices":[{"floor":6,"key":"DIG"},{"floor":11,"key":"DIG"},{"floor":13,"key":"REST"},{"floor":15,"key":"REST"}],"circlet_count":0,"master_deck":["AscendersBane","Strike_B+1","Strike_B","Strike_B","Defend_B","Defend_B","Defend_B","Defend_B","Zap","Dualcast","Genetic Algorithm","Melter+1","Sweeping Beam+1","Leap","Ball Lightning","Consume","Turbo","Defragment","Fission","Creative AI","Undo","Regret"],"relics":["Cracked Core","Shovel","PreservedInsect","White Beast Statue","Whetstone","Oddly Smooth Stone","Philosopher\u0027s Stone"],"acts_visited":["Exordium","TheCity"],"potions_floor_usage":[7,8,16],"damage_taken":[{"damage":7,"enemies":"Jaw Worm","floor":1,"turns":4},{"damage":1,"enemies":"Cultist","floor":2,"turns":3},{"damage":1,"enemies":"Small Slimes","floor":3,"turns":3},{"damage":1,"enemies":"3 Louse","floor":5,"turns":3},{"damage":11,"enemies":"Gremlin Gang","floor":7,"turns":3},{"damage":30,"enemies":"Lagavulin","floor":8,"turns":4},{"damage":7,"enemies":"Looter","floor":10,"turns":3},{"damage":6,"enemies":"Lots of Slimes","floor":14,"turns":3},{"damage":34,"enemies":"The Guardian","floor":16,"turns":10},{"damage":0,"enemies":"Spheric Guardian","floor":18,"turns":2},{"damage":30,"enemies":"Chosen","floor":19,"turns":6},{"damage":3,"enemies":"Snake Plant","floor":21,"turns":3}],"seed_played":"7575326764021329580","potions_obtained":[{"floor":1,"key":"FocusPotion"},{"floor":3,"key":"PowerPotion"},{"floor":7,"key":"SkillPotion"},{"floor":10,"key":"Explosive Potion"},{"floor":14,"key":"Ancient Potion"},{"floor":16,"key":"DuplicationPotion"},{"floor":18,"key":"GamblersBrew"}],"is_trial":false,"path_per_floor":["M","M","M","?","M","R","M","E","T","M","R","$","R","M","R","B",null,"M","M","?","M"],"character_chosen":"DEFECT","items_purchased":["Defragment"],"campfire_rested":2,"item_purchase_floors":[12],"current_hp_per_floor":[57,56,55,55,54,54,43,13,13,6,6,6,27,21,42,8,55,55,25,25,22,22],"gold":407,"neow_bonus":"ONE_RARE_RELIC","is_daily":false,"chose_seed":false,"campfire_upgraded":0,"win_rate":0.0,"timestamp":1611951556,"path_taken":["M","M","M","?","M","R","M","E","T","M","R","$","R","M","R","BOSS","M","M","?","?"],"items_purchased_type":["Card"],"build_version":"2020-12-22","purchased_purges":1,"victory":false,"max_hp_per_floor":[71,71,71,71,71,71,71,71,71,71,71,71,71,71,71,71,71,71,71,71,71,71],"relic_stats":{"Shovel":2,"counters":[12,47],"PreservedInsect":29,"Whetstone":["Melter","Strike_B"],"obtain_stats":[{"Shovel":0,"Oddly Smooth Stone":11,"Philosopher\u0027s Stone":17,"PreservedInsect":6,"Whetstone":9,"Cracked Core":0,"White Beast Statue":8},{"Shovel":0,"Oddly Smooth Stone":7,"Philosopher\u0027s Stone":9,"PreservedInsect":4,"Whetstone":6,"Cracked Core":0,"White Beast Statue":6},{"Shovel":0,"Oddly Smooth Stone":23,"Philosopher\u0027s Stone":36,"PreservedInsect":13,"Whetstone":20,"Cracked Core":0,"White Beast Statue":20}]},"card_choices":[{"not_picked":["Loop","Streamline"],"picked":"Genetic Algorithm","floor":1},{"not_picked":["Gash","Sweeping Beam"],"picked":"Melter","floor":2},{"not_picked":["Hologram","Conserve Battery"],"picked":"Sweeping Beam","floor":3},{"not_picked":["Darkness","Steam"],"picked":"Leap","floor":5},{"not_picked":["Steam","Hello World"],"picked":"Ball Lightning","floor":7},{"not_picked":["Rebound","Lockon"],"picked":"Consume","floor":8},{"not_picked":["Steam","Gash"],"picked":"Turbo","floor":10},{"not_picked":["Steam","Double Energy"],"picked":"Fission","floor":14},{"not_picked":["Hyperbeam","Rainbow"],"picked":"Creative AI","floor":16},{"not_picked":["Rebound","Barrage"],"picked":"Undo","floor":18},{"not_picked":["Gash","Sweeping Beam","Darkness"],"picked":"SKIP","floor":19}],"player_experience":1421167,"relics_obtained":[{"floor":6,"key":"PreservedInsect"},{"floor":8,"key":"White Beast Statue"},{"floor":9,"key":"Whetstone"},{"floor":11,"key":"Oddly Smooth Stone"}],"event_choices":[{"damage_healed":0,"gold_gain":0,"player_choice":"Grow","damage_taken":0,"max_hp_gain":0,"max_hp_loss":0,"event_name":"Living Wall","floor":4,"gold_loss":0,"cards_upgraded":["Sweeping Beam"]},{"damage_healed":0,"gold_gain":275,"player_choice":"Desecrate","damage_taken":0,"max_hp_gain":0,"max_hp_loss":0,"event_name":"Golden Shrine","floor":20,"gold_loss":0,"cards_obtained":["Regret"]}],"is_beta":false,"boss_relics":[{"not_picked":["Empty Cage","FrozenCore"],"picked":"Philosopher\u0027s Stone"}],"items_purged_floors":[12],"is_endless":false,"potions_floor_spawned":[1,3,7,10,14,16,18,19],"killed_by":"Snake Plant","ascension_level":20}}