{"host":"nozk9xg7ssf2drdi","time":1611902247,"event":{"mods":["BaseMod","Colored Map","Minty Spire (QoL Compilation)","Relic Stats","Slay the Relics Exporter","StSLib","everything is the same but u backflip on backflip"],"gold_per_floor":[112,112,112,187,187,228,228,14,40,74,94,129,147,147,147,240,240,253,7,22,37,37,68,68,88,115,151,151,189,224,257,257,355,355,370,260,285,10,34,65,65,101,101,145,145,158,158,158,158,158,158,158,158,0,40,40,40],"floor_reached":56,"language":"ENG","playtime":6451,"items_purged":["Dualcast","Strike_B+1"],"score":2344,"play_id":"33c68703-32ba-4487-92f8-d7a9f40b216b","local_time":"20210129003727","is_ascension_mode":true,"campfire_choices":[{"data":"Streamline","floor":7,"key":"SMITH"},{"data":"Fire Breathing","floor":15,"key":"SMITH"},{"floor":24,"key":"REST"},{"data":"BowlingBash","floor":28,"key":"SMITH"},{"floor":32,"key":"REST"},{"data":"DeusExMachina","floor":41,"key":"SMITH"},{"floor":47,"key":"RECALL"},{"data":"Shrug It Off","floor":49,"key":"SMITH"},{"floor":53,"key":"REST"}],"circlet_count":0,"master_deck":["AscendersBane","Defend_B+1","Defend_B","Defend_B","Streamline+1","Ball Lightning+1","DeusExMachina+1","Shrug It Off+1","Fire Breathing+1","Feel No Pain","Echo Form","Backflip+1","Echo Form","Leap+1","Multi-Cast+1","Bandage Up+1","BowlingBash+1","PiercingWail+1","Mayhem","Ragnarok+1","Beam Cell+1","Heatsinks+1","Redo+1","Bouncing Flask+1","Coolheaded+1","Conserve Battery+1","Acrobatics+1","Deep Breath+1","PanicButton+1","Acrobatics+1","Hologram+1","Darkness+1","Footwork+1"],"relics":["Cracked Core","NeowsBlessing","Golden Idol","Toy Ornithopter","PrismaticShard","Blood Vial","Akabeko","Toxic Egg 2","Lantern","Snecko Eye","WingedGreaves","Oddly Smooth Stone","InkBottle","MealTicket","Smiling Mask","Prayer Wheel","Astrolabe","Chemical X","Whetstone","Vajra","Molten Egg 2","Strawberry"],"acts_visited":["Exordium","TheCity","TheBeyond","TheEnding"],"potions_floor_usage":[12,21,23,33,39,39,44,51,56],"damage_taken":[{"damage":0,"enemies":"Small Slimes","floor":1,"turns":1},{"damage":0,"enemies":"Lagavulin","floor":6,"turns":1},{"damage":0,"enemies":"Gremlin Nob","floor":10,"turns":1},{"damage":0,"enemies":"2 Louse","floor":11,"turns":1},{"damage":7,"enemies":"3 Sentries","floor":12,"turns":5},{"damage":0,"enemies":"Cultist","floor":13,"turns":2},{"damage":11,"enemies":"Slime Boss","floor":16,"turns":6},{"damage":0,"enemies":"Chosen","floor":18,"turns":3},{"damage":4,"enemies":"Spheric Guardian","floor":20,"turns":4},{"damage":18,"enemies":"Shelled Parasite and Fungi","floor":21,"turns":6},{"damage":38,"enemies":"Gremlin Leader","floor":23,"turns":6},{"damage":14,"enemies":"Centurion and Healer","floor":25,"turns":4},{"damage":0,"enemies":"Slavers","floor":27,"turns":4},{"damage":0,"enemies":"Gremlin Leader","floor":29,"turns":7},{"damage":40,"enemies":"Book of Stabbing","floor":30,"turns":5},{"damage":0,"enemies":"Gremlin Leader","floor":31,"turns":4},{"damage":14,"enemies":"Champ","floor":33,"turns":10},{"damage":5,"enemies":"Orb Walker","floor":35,"turns":3},{"damage":13,"enemies":"3 Darklings","floor":37,"turns":5},{"damage":24,"enemies":"4 Shapes","floor":39,"turns":3},{"damage":0,"enemies":"Nemesis","floor":40,"turns":3},{"damage":32,"enemies":"Reptomancer","floor":42,"turns":6},{"damage":3,"enemies":"Giant Head","floor":44,"turns":5},{"damage":7,"enemies":"Sphere and 2 Shapes","floor":46,"turns":5},{"damage":13,"enemies":"Donu and Deca","floor":50,"turns":7},{"damage":36,"enemies":"Awakened One","floor":51,"turns":14},{"damage":44,"enemies":"Shield and Spear","floor":55,"turns":5},{"damage":49,"enemies":"The Heart","floor":56,"turns":3}],"seed_played":"-433117712986558279","potions_obtained":[{"floor":11,"key":"SpeedPotion"},{"floor":12,"key":"Dexterity Potion"},{"floor":16,"key":"SkillPotion"},{"floor":27,"key":"LiquidMemories"},{"floor":29,"key":"Fire Potion"},{"floor":31,"key":"PowerPotion"},{"floor":33,"key":"FearPotion"},{"floor":42,"key":"FocusPotion"},{"floor":44,"key":"Fire Potion"}],"is_trial":false,"path_per_floor":["M","?","?","?","?","E","R","$","T","E","M","E","M","?","R","B",null,"M","$","M","M","?","E","R","M","T","E","R","E","E","E","R","B",null,"M","?","M","$","M","E","R","E","T","E","?","M","R","?","R","B","B",null,"R","$","E","B"],"character_chosen":"DEFECT","items_purchased":["PrismaticShard","Explosive Potion","Echo Form","Chemical X","Conserve Battery+1","Darkness+1","LiquidBronze"],"campfire_rested":3,"item_purchase_floors":[8,8,19,38,38,54,54],"current_hp_per_floor":[64,43,43,32,53,53,53,53,53,55,57,57,59,59,59,50,61,63,63,60,46,46,15,34,34,34,48,48,56,30,32,51,56,62,64,64,51,64,51,59,59,35,35,45,45,52,52,52,52,53,30,53,61,61,36,0,0],"gold":40,"neow_bonus":"THREE_ENEMY_KILL","is_daily":false,"chose_seed":false,"campfire_upgraded":5,"win_rate":0.0,"timestamp":1611902247,"path_taken":["M","?","?","?","?","E","R","$","T","E","M","E","M","?","R","BOSS","M","$","M","M","?","E","R","M","T","E","R","E","E","E","R","BOSS","M","?","?","$","M","E","R","E","T","E","?","M","R","?","R","BOSS","BOSS","R","$","E","BOSS"],"items_purchased_type":["Relic","Potion","Card","Relic","Card","Card","Potion"],"build_version":"2020-12-22","purchased_purges":2,"victory":false,"max_hp_per_floor":[71,71,64,64,64,64,64,64,64,64,64,64,64,64,64,64,64,64,64,64,64,64,64,64,64,64,64,64,64,64,64,64,64,64,64,64,64,64,64,64,64,64,64,64,61,61,61,61,61,61,61,61,61,61,68,68,68],"relic_stats":{"counters":[28,129],"Golden Idol":199,"Astrolabe":["Beam Cell","Heatsinks","Redo"],"Whetstone":["Ball Lightning"],"Smiling Mask":50,"Blood Vial":45,"Snecko Eye":[233,227,231,212],"MealTicket":13,"Prayer Wheel":4,"Chemical X":[18],"obtain_stats":[{"Lantern":14,"NeowsBlessing":0,"Golden Idol":3,"Astrolabe":34,"Oddly Smooth Stone":26,"Vajra":42,"Whetstone":40,"PrismaticShard":8,"Smiling Mask":30,"Akabeko":10,"Blood Vial":9,"Strawberry":55,"Snecko Eye":17,"MealTicket":29,"Prayer Wheel":31,"Molten Egg 2":44,"WingedGreaves":23,"Chemical X":38,"Toxic Egg 2":12,"Cracked Core":0,"Toy Ornithopter":6,"InkBottle":27},{"Lantern":6,"NeowsBlessing":0,"Golden Idol":1,"Astrolabe":17,"Oddly Smooth Stone":12,"Vajra":22,"Whetstone":21,"PrismaticShard":2,"Smiling Mask":15,"Akabeko":3,"Blood Vial":2,"Strawberry":27,"Snecko Eye":7,"MealTicket":14,"Prayer Wheel":16,"Molten Egg 2":23,"WingedGreaves":11,"Chemical X":19,"Toxic Egg 2":5,"Cracked Core":0,"Toy Ornithopter":2,"InkBottle":13},{"Lantern":11,"NeowsBlessing":0,"Golden Idol":1,"Astrolabe":70,"Oddly Smooth Stone":40,"Vajra":90,"Whetstone":84,"PrismaticShard":2,"Smiling Mask":56,"Akabeko":3,"Blood Vial":2,"Strawberry":126,"Snecko Eye":17,"MealTicket":51,"Prayer Wheel":60,"Molten Egg 2":95,"WingedGreaves":36,"Chemical X":78,"Toxic Egg 2":9,"Cracked Core":0,"Toy Ornithopter":2,"InkBottle":44}],"Toy Ornithopter":37,"InkBottle":[49]},"card_choices":[{"not_picked":["Tempest","Recycle"],"picked":"Streamline","floor":1},{"not_picked":["Chaos","Leap"],"picked":"Ball Lightning","floor":6},{"not_picked":["Protect","PiercingWail"],"picked":"DeusExMachina","floor":10},{"not_picked":["Bloodletting","Sucker Punch"],"picked":"Shrug It Off","floor":11},{"not_picked":["Auto Shields+1","CrushJoints"],"picked":"Fire Breathing","floor":12},{"not_picked":["Conserve Battery+1","Undo+1"],"picked":"Feel No Pain","floor":13},{"not_picked":["Doppelganger+1","Envenom"],"picked":"Echo Form","floor":16},{"not_picked":["Leap+1","Deflect+1"],"picked":"Backflip+1","floor":18},{"not_picked":["Thunderclap","Quick Slash","Blind+1"],"picked":"SKIP","floor":20},{"not_picked":["EmptyFist","Cold Snap"],"picked":"Leap+1","floor":21},{"not_picked":["Calculated Gamble+1","Finisher+1"],"picked":"Bandage Up+1","floor":23},{"not_picked":["Wireheading","Heavy Blade"],"picked":"BowlingBash","floor":25},{"not_picked":["InnerPeace+1","Genetic Algorithm+1"],"picked":"PiercingWail+1","floor":27},{"not_picked":["Good Instincts+1","Steam+1","Compile Driver"],"picked":"SKIP","floor":29},{"not_picked":["Quick Slash","Defragment"],"picked":"Mayhem","floor":30},{"not_picked":["Sweeping Beam","FollowUp","Warcry+1"],"picked":"SKIP","floor":31},{"not_picked":["Tools of the Trade","Creative AI"],"picked":"Ragnarok","floor":33},{"not_picked":["Perfected Strike+1","FollowUp"],"picked":"Bouncing Flask+1","floor":35},{"not_picked":["Wild Strike+1","Compile Driver","Searing Blow"],"picked":"SKIP","floor":35},{"not_picked":["Static Discharge","Prepared+1"],"picked":"Coolheaded+1","floor":37},{"not_picked":["Self Repair+1","Adaptation","Immolate"],"picked":"SKIP","floor":37},{"not_picked":["Go for the Eyes","Barrage"],"picked":"Acrobatics+1","floor":39},{"not_picked":["FlurryOfBlows+1","Dagger Throw+1","Static Discharge"],"picked":"SKIP","floor":39},{"not_picked":["Armaments+1","Dagger Spray+1"],"picked":"Deep Breath+1","floor":40},{"not_picked":["Unload","Mind Blast","Chill+1"],"picked":"SKIP","floor":42},{"not_picked":["Steam+1","Carnage+1"],"picked":"PanicButton+1","floor":44},{"not_picked":["Barrage+1","Deadly Poison+1"],"picked":"Acrobatics+1","floor":46},{"not_picked":["Cloak And Dagger+1","Entrench+1"],"picked":"Hologram+1","floor":46},{"not_picked":["Protect+1","Terror+1"],"picked":"Footwork+1","floor":55}],"player_experience":6012583,"relics_obtained":[{"floor":6,"key":"Toy Ornithopter"},{"floor":9,"key":"Blood Vial"},{"floor":10,"key":"Akabeko"},{"floor":12,"key":"Toxic Egg 2"},{"floor":23,"key":"WingedGreaves"},{"floor":26,"key":"Oddly Smooth Stone"},{"floor":27,"key":"InkBottle"},{"floor":29,"key":"MealTicket"},{"floor":30,"key":"Smiling Mask"},{"floor":31,"key":"Prayer Wheel"},{"floor":40,"key":"Whetstone"},{"floor":42,"key":"Vajra"},{"floor":44,"key":"Molten Egg 2"},{"floor":55,"key":"Strawberry"}],"event_choices":[{"damage_healed":0,"gold_gain":0,"player_choice":"Entered Light","damage_taken":21,"max_hp_gain":0,"max_hp_loss":0,"event_name":"Shining Light","floor":2,"gold_loss":0,"cards_upgraded":["Defend_B","Strike_B"]},{"damage_healed":0,"gold_gain":0,"player_choice":"Lose Max HP","damage_taken":0,"relics_obtained":["Golden Idol"],"max_hp_gain":0,"max_hp_loss":7,"event_name":"Golden Idol","floor":3,"gold_loss":0},{"damage_healed":0,"gold_gain":75,"player_choice":"Gather Gold","damage_taken":11,"max_hp_gain":0,"max_hp_loss":0,"event_name":"World of Goop","floor":4,"gold_loss":0},{"damage_healed":21,"gold_gain":0,"player_choice":"Banana","damage_taken":0,"max_hp_gain":0,"max_hp_loss":0,"event_name":"Big Fish","floor":5,"gold_loss":0},{"damage_healed":0,"gold_gain":0,"player_choice":"Searched \u00271\u0027 times","damage_taken":0,"relics_obtained":["Lantern"],"max_hp_gain":0,"max_hp_loss":0,"event_name":"Dead Adventurer","floor":14,"gold_loss":0},{"damage_healed":0,"gold_gain":0,"cards_transformed":["Zap","Defend_B"],"player_choice":"Became Test Subject","damage_taken":0,"max_hp_gain":0,"max_hp_loss":0,"event_name":"Drug Dealer","floor":22,"gold_loss":0,"cards_obtained":["Multi-Cast","Rip and Tear"]},{"cards_removed":["Rip and Tear"],"damage_healed":0,"gold_gain":0,"player_choice":"Upgrade and Remove","damage_taken":0,"max_hp_gain":0,"max_hp_loss":0,"event_name":"Designer","floor":36,"gold_loss":110,"cards_upgraded":["Ragnarok"]},{"damage_healed":0,"gold_gain":0,"player_choice":"Max HP","damage_taken":0,"max_hp_gain":0,"max_hp_loss":3,"event_name":"Winding Halls","floor":45,"gold_loss":0},{"damage_healed":0,"gold_gain":0,"player_choice":"Ignored","damage_taken":0,"max_hp_gain":0,"max_hp_loss":0,"event_name":"Mysterious Sphere","floor":48,"gold_loss":0}],"is_beta":false,"boss_relics":[{"not_picked":["Empty Cage","FrozenCore"],"picked":"Snecko Eye"},{"not_picked":["SacredBark","Tiny House"],"picked":"Astrolabe"}],"items_purged_floors":[19,38],"is_endless":false,"potions_floor_spawned":[11,12,16,27,29,31,33,35,42,44],"killed_by":"The Heart","ascension_level":20}}