{"host":"cijhj3091wf4aho3","time":1611894054,"event":{"mods":["BaseMod","Colored Map","Colored Powertips","Downfall","Friendly Minions","GifTheSpireLib","Highlight Path","Minty Spire (QoL Compilation)","Permanent Neow","Random Character Button","Relic Sorter","Relic Stats","StSLib","everything is the same but u backflip on backflip","slay the spire mod where everything is the same but ironclad has a cowboy hat"],"gold_per_floor":[99,114,144,144,158,158,158,14,14,42,62,73,73,99,118,216,216,116,129,147,147,147,162,162,193,208,239,139,155,40,40,53,150,150,150,332,332,347,347,372,372,403,303,334,345,372,372,404,424,424,424,451,101,101,101,101],"floor_reached":57,"language":"ENG","playtime":3280,"items_purged":["bronze:Strike","downfall:Bewildered","bronze:Strike","bronze:Defend"],"score":1938,"play_id":"c1dd7a2f-70e8-40ca-a42f-7db5c130d004","local_time":"20210128202054","is_ascension_mode":true,"campfire_choices":[{"data":"bronze:Goto","floor":1,"key":"SMITH"},{"data":"bronze:BugBarrage","floor":9,"key":"SMITH"},{"data":"bronze:ItsAFeature","floor":13,"key":"SMITH"},{"data":"bronze:HardenedForm","floor":18,"key":"SMITH"},{"data":"bronze:BugBarrage","floor":28,"key":"SMITH"},{"floor":35,"key":"RECALL"},{"data":"bronze:DelayedGuard","floor":43,"key":"SMITH"},{"data":"bronze:Shield","floor":47,"key":"SMITH"},{"data":"bronze:Replicate","floor":54,"key":"SMITH"}],"circlet_count":0,"master_deck":["bronze:Defend","bronze:Defend","bronze:Defend","bronze:Replicate+1","bronze:Goto+1","bronze:ItsAFeature+1","bronze:DelayedGuard+1","bronze:DelayedSlice+1","bronze:DelayedSlice+1","bronze:BugBarrage+1","bronze:Shield+1","bronze:Return+1","bronze:Backtrace+1","bronze:Safeguard+1","bronze:HardenedForm+1","bronze:BugBarrage+1","bronze:ItsAFeature+1","bronze:BugBarrage+1","bronze:TinkerersToolbox+1","bronze:Invalidate+1","bronze:BurnOut+1","bronze:Turbo+1","bronze:BugBarrage+1","bronze:Shell+1","bronze:Deprecate+1","bronze:BurnOut+1"],"relics":["bronze:BronzeCore","Nunchaku","bronze:BottledCode","Lizard Tail","Dream Catcher","Toxic Egg 2","SacredBark","downfall:HeartBlessingGreen","sneckomod:BabySnecko","Molten Egg 2","Anchor","downfall:HeartBlessingBlue","Black Star","Matryoshka","Bottled Lightning","Omamori","Bag of Preparation","Gambling Chip","PreservedInsect","downfall:HeartBlessingRed","Kunai","Pear","Akabeko","Strawberry","Du-Vu Doll","Orichalcum","Blood Vial","bronze:CableSpool","DollysMirror"],"acts_visited":["Exordium","TheCity","TheBeyond","TheEnding"],"potions_floor_usage":[8,16,26,30,33,38,50,55,56,56],"damage_taken":[{"damage":6,"enemies":"Small Slimes","floor":2,"turns":4},{"damage":2,"enemies":"Jaw Worm","floor":5,"turns":4},{"damage":0,"enemies":"downfall:FleeingMerchant","floor":8,"turns":4},{"damage":0,"enemies":"3 Sentries","floor":10,"turns":4},{"damage":0,"enemies":"Cultist","floor":11,"turns":2},{"damage":3,"enemies":"Blue Slaver","floor":12,"turns":2},{"damage":2,"enemies":"Lagavulin","floor":14,"turns":6},{"damage":0,"enemies":"Exordium Wildlife","floor":15,"turns":2},{"damage":0,"enemies":"IC_STATUS_ARCHETYPE","floor":16,"turns":8},{"damage":0,"enemies":"Spheric Guardian","floor":19,"turns":3},{"damage":6,"enemies":"Shell Parasite","floor":20,"turns":4},{"damage":0,"enemies":"Centurion and Healer","floor":23,"turns":5},{"damage":11,"enemies":"Gremlin Leader","floor":25,"turns":4},{"damage":18,"enemies":"Snake Plant","floor":26,"turns":2},{"damage":0,"enemies":"Book of Stabbing","floor":27,"turns":4},{"damage":2,"enemies":"Cultist and Chosen","floor":29,"turns":2},{"damage":0,"enemies":"downfall:FleeingMerchant","floor":30,"turns":4},{"damage":4,"enemies":"Shelled Parasite and Fungi","floor":32,"turns":3},{"damage":0,"enemies":"WA_ARCHETYPE_CALM","floor":33,"turns":4},{"damage":0,"enemies":"downfall:FleeingMerchant","floor":36,"turns":1},{"damage":15,"enemies":"3 Shapes","floor":38,"turns":3},{"damage":0,"enemies":"Nemesis","floor":40,"turns":3},{"damage":0,"enemies":"Reptomancer","floor":42,"turns":3},{"damage":0,"enemies":"Giant Head","floor":44,"turns":5},{"damage":0,"enemies":"Orb Walker","floor":45,"turns":2},{"damage":0,"enemies":"Reptomancer","floor":46,"turns":2},{"damage":12,"enemies":"Nemesis","floor":48,"turns":3},{"damage":0,"enemies":"4 Shapes","floor":49,"turns":2},{"damage":7,"enemies":"SI_POISON_ARCHETYPE","floor":50,"turns":4},{"damage":0,"enemies":"downfall:CharBossMerchant","floor":52,"turns":4},{"damage":4,"enemies":"downfall:NeowBoss","floor":55,"turns":10},{"damage":60,"enemies":"downfall:NeowBossFinal","floor":56,"turns":7}],"seed_played":"-2693917770106530125","potions_obtained":[{"floor":5,"key":"hexamod:SoulburnPotion"},{"floor":10,"key":"FearPotion"},{"floor":11,"key":"Regen Potion"},{"floor":15,"key":"SkillPotion"},{"floor":19,"key":"bronze:BurnAndBuffPotion"},{"floor":27,"key":"Dexterity Potion"},{"floor":29,"key":"CultistPotion"},{"floor":33,"key":"Energy Potion"},{"floor":40,"key":"LiquidBronze"},{"floor":45,"key":"Strength Potion"},{"floor":49,"key":"GamblersBrew"}],"is_trial":false,"path_per_floor":["R","M","?","?","M","?","T","$","R","E","M","M","R","E","M","B",null,"R","M","M","?","?","M","T","E","M","E","R","M","$","?","M","B",null,"R","$","?","M","?","E","T","E","R","E","M","E","R","E","M","B",null,"E","$","R","B","B",null],"character_chosen":"THE_AUTOMATON","items_purchased":["bronze:BugBarrage","bronze:Turbo+1","DollysMirror","SkillPotion"],"campfire_rested":0,"item_purchase_floors":[8,36,53,53],"current_hp_per_floor":[70,64,64,60,58,58,58,58,58,58,58,55,55,53,53,53,60,60,60,54,54,54,54,54,43,35,35,45,43,43,80,76,76,80,80,80,80,65,65,65,65,65,65,75,75,82,82,70,70,63,97,97,97,97,93,35],"gold":101,"neow_bonus":"TRANSFORM_CARD","is_daily":false,"chose_seed":false,"campfire_upgraded":8,"win_rate":0.0,"timestamp":1611894054,"path_taken":["R","M","?","?","M","?","T","$","R","E","M","?","R","E","M","BOSS","R","M","M","?","?","M","T","E","?","E","R","M","$","?","M","BOSS","R","$","?","M","?","E","T","E","R","E","M","E","R","E","M","BOSS","E","$","R","BOSS","BOSS"],"items_purchased_type":["Card","Card","Relic","Potion"],"build_version":"2020-12-22","purchased_purges":4,"victory":true,"max_hp_per_floor":[70,70,70,60,60,60,60,60,60,60,60,60,60,60,60,60,60,60,60,60,60,60,60,60,60,60,60,70,70,70,80,80,80,80,80,80,80,80,80,80,80,80,80,90,90,97,97,97,97,97,97,97,97,97,97,97],"relic_stats":{"Blood Vial":2,"Nunchaku":[33],"Lizard Tail":0,"Dream Catcher":0,"counters":[32,120],"Gambling Chip":[15],"PreservedInsect":330,"Black Star":6,"Bag of Preparation":[20],"Kunai":[21],"Orichalcum":[12],"obtain_stats":[{"bronze:BronzeCore":0,"SacredBark":17,"downfall:HeartBlessingGreen":18,"Bag of Preparation":41,"bronze:CableSpool":52,"Blood Vial":52,"Nunchaku":3,"Lizard Tail":7,"Dream Catcher":10,"Matryoshka":40,"downfall:HeartBlessingBlue":28,"DollysMirror":53,"Gambling Chip":42,"Strawberry":46,"Kunai":44,"Toxic Egg 2":14,"Pear":44,"downfall:HeartBlessingRed":43,"PreservedInsect":42,"Omamori":41,"Orichalcum":48,"Akabeko":46,"bronze:BottledCode":4,"Du-Vu Doll":48,"sneckomod:BabySnecko":21,"Anchor":27,"Molten Egg 2":25,"Black Star":34,"Bottled Lightning":40},{"bronze:BronzeCore":0,"SacredBark":9,"downfall:HeartBlessingGreen":9,"Bag of Preparation":22,"bronze:CableSpool":30,"Blood Vial":30,"Nunchaku":1,"Lizard Tail":2,"Dream Catcher":4,"Matryoshka":22,"downfall:HeartBlessingBlue":15,"DollysMirror":30,"Gambling Chip":23,"Strawberry":26,"Kunai":24,"Toxic Egg 2":7,"Pear":24,"downfall:HeartBlessingRed":23,"PreservedInsect":23,"Omamori":22,"Orichalcum":27,"Akabeko":26,"bronze:BottledCode":1,"Du-Vu Doll":27,"sneckomod:BabySnecko":11,"Anchor":15,"Molten Egg 2":13,"Black Star":19,"Bottled Lightning":22},{"bronze:BronzeCore":0,"SacredBark":36,"downfall:HeartBlessingGreen":36,"Bag of Preparation":78,"bronze:CableSpool":103,"Blood Vial":103,"Nunchaku":4,"Lizard Tail":8,"Dream Catcher":16,"Matryoshka":78,"downfall:HeartBlessingBlue":58,"DollysMirror":103,"Gambling Chip":81,"Strawberry":90,"Kunai":86,"Toxic Egg 2":26,"Pear":86,"downfall:HeartBlessingRed":81,"PreservedInsect":81,"Omamori":78,"Orichalcum":93,"Akabeko":90,"bronze:BottledCode":4,"Du-Vu Doll":93,"sneckomod:BabySnecko":43,"Anchor":58,"Molten Egg 2":52,"Black Star":71,"Bottled Lightning":78}]},"card_choices":[{"not_picked":["bronze:Deprecate","bronze:CutThrough"],"picked":"bronze:DelayedGuard","floor":2},{"not_picked":["bronze:GetLatest","bronze:CutThrough"],"picked":"bronze:DelayedSlice","floor":5},{"not_picked":["bronze:Constructor","bronze:Invalidate"],"picked":"bronze:DelayedSlice","floor":8},{"not_picked":["bronze:Constructor","bronze:Format","bronze:Flail"],"picked":"SKIP","floor":10},{"not_picked":["bronze:Constructor","bronze:Flail"],"picked":"bronze:Format","floor":10},{"not_picked":["bronze:DigitalCarnage","bronze:NullPointer"],"picked":"bronze:Shield","floor":11},{"not_picked":["bronze:DelayedSlice","bronze:DarkDash"],"picked":"bronze:Return","floor":12},{"not_picked":["bronze:Overheat","bronze:Safeguard+1"],"picked":"bronze:Backtrace","floor":14},{"not_picked":["bronze:BitShift+1","bronze:BuggyMess+1"],"picked":"bronze:Safeguard+1","floor":15},{"not_picked":["bronze:FindAndReplace+1","bronze:TinkerersToolbox+1"],"picked":"bronze:HardenedForm","floor":16},{"not_picked":["bronze:Constructor+1","bronze:FineTuning+1","bronze:DigitalCarnage+1"],"picked":"SKIP","floor":19},{"not_picked":["bronze:ChildClass+1","bronze:BronzeArmor+1"],"picked":"bronze:BugBarrage","floor":20},{"not_picked":["bronze:OilSpill","bronze:Overheat"],"picked":"bronze:ItsAFeature+1","floor":23},{"not_picked":["bronze:Allocate+1","bronze:ItsAFeature+1"],"picked":"bronze:BugBarrage+1","floor":25},{"not_picked":["bronze:WhirlingStrike+1","bronze:Repulsor"],"picked":"bronze:TinkerersToolbox+1","floor":26},{"not_picked":["bronze:BugBarrage+1","bronze:ThunderWave+1"],"picked":"bronze:Invalidate+1","floor":27},{"not_picked":["bronze:Repulsor","bronze:OilSpill+1","bronze:Branch+1"],"picked":"SKIP","floor":29},{"not_picked":["bronze:DelayedGuard+1","bronze:FollowUp+1","bronze:Deprecate+1"],"picked":"SKIP","floor":30},{"not_picked":["bronze:Hardcode","bronze:OilSpill+1","bronze:MaxOutput"],"picked":"SKIP","floor":32},{"not_picked":["bronze:Hardcode","bronze:Format+1"],"picked":"bronze:BurnOut+1","floor":33},{"not_picked":["bronze:Return+1","bronze:Separator+1","bronze:DelayedGuard+1"],"picked":"SKIP","floor":36},{"not_picked":["bronze:FineTuning+1","bronze:ForceShield+1"],"picked":"bronze:BugBarrage+1","floor":38},{"not_picked":["bronze:Branch+1","bronze:ChosenStrike+1","bronze:Overheat+1"],"picked":"SKIP","floor":40},{"not_picked":["bronze:Flail+1","bronze:Shield+1","bronze:Invalidate+1"],"picked":"SKIP","floor":42},{"not_picked":["bronze:Refactor+1","bronze:Repair+1"],"picked":"bronze:Shell+1","floor":44},{"not_picked":["bronze:BuggyMess+1","bronze:BronzeArmor+1","bronze:BitShift+1"],"picked":"SKIP","floor":45},{"not_picked":["bronze:BugBarrage+1","bronze:Turbo+1","bronze:Branch+1"],"picked":"SKIP","floor":46},{"not_picked":["bronze:DelayedGuard+1","bronze:BurnOut+1"],"picked":"bronze:Deprecate+1","floor":48},{"not_picked":["bronze:CutThrough+1","bronze:Safeguard+1","bronze:BitShift+1"],"picked":"SKIP","floor":49},{"not_picked":["bronze:Deprecate+1","bronze:Repulsor","bronze:Overheat+1"],"picked":"SKIP","floor":52}],"player_experience":526367,"relics_obtained":[{"floor":7,"key":"Lizard Tail"},{"floor":10,"key":"Dream Catcher"},{"floor":14,"key":"Toxic Egg 2"},{"floor":25,"key":"Molten Egg 2"},{"floor":27,"key":"Anchor"},{"floor":40,"key":"Matryoshka"},{"floor":40,"key":"Bottled Lightning"},{"floor":41,"key":"Omamori"},{"floor":41,"key":"Bag of Preparation"},{"floor":42,"key":"Gambling Chip"},{"floor":42,"key":"PreservedInsect"},{"floor":44,"key":"Kunai"},{"floor":44,"key":"Pear"},{"floor":46,"key":"Akabeko"},{"floor":46,"key":"Strawberry"},{"floor":48,"key":"Du-Vu Doll"},{"floor":48,"key":"Orichalcum"},{"floor":52,"key":"Blood Vial"},{"floor":52,"key":"bronze:CableSpool"}],"event_choices":[{"cards_removed":["bronze:Format"],"damage_healed":27,"gold_gain":0,"player_choice":"Offered Rare","damage_taken":0,"max_hp_gain":10,"max_hp_loss":0,"event_name":"Bonfire Elementals","floor":31,"gold_loss":0},{"cards_removed":["bronze:Strike"],"damage_healed":0,"gold_gain":0,"player_choice":"Removed Attack","damage_taken":0,"max_hp_gain":0,"max_hp_loss":0,"event_name":"Falling","floor":37,"gold_loss":0}],"is_beta":false,"boss_relics":[{"not_picked":["Runic Dome","bronze:PlatinumCore"],"picked":"SacredBark"},{"not_picked":["bronze:ElectromagneticCoil","Runic Pyramid"],"picked":"Black Star"}],"items_purged_floors":[8,30,36,53],"is_endless":false,"potions_floor_spawned":[5,10,11,15,19,20,27,29,33,40,45,46,49],"ascension_level":2}}