{"host":"bxdue9bkfm2khp2x","time":1611941794,"event":{"mods":["ATMod(阿瑾Mod)","Arknights The Spire","Aspiration","BaseMod","Better Vampires","Challenge The Spire","Colored Map","Colored Powertips","Conspire","Decade(王小明)","Dota2Spire","Highlight Path","Minty Spire (QoL Compilation)","MostiFishMod","Remilia（蕾米莉亚）","Replay The Spire","RumiaBox-露米娅的神秘盒子","Ryuuou龙王","Spicy Shops","StSLib","Td1madao Mod","The Alterego","The Bug Knight","The Cursed","The Servant 0.9.4","WarShipGirlsR/战舰少女R mod","noobMod","【功能Mod】混沌之环修复补丁","【遗物卡牌】REMEMod","篝火指南"],"gold_per_floor":[116,132,142,142,154,154,170,170,170,170,184,212,226,24,24,122,122,142,217,263,188,208,208,240,240,312,87,103,132,132,132,132,233,233,250,262,262,291,291,291,310,435,435,435,285,285,418,17,17,117],"floor_reached":51,"language":"ZHS","playtime":3233,"items_purged":["ats:Strike G","ats:Strike C","ats:Strike S","ats:Armor Crushing Shot","Parasite"],"score":951,"play_id":"c03b4ecb-d421-408a-9eed-66779ef61a97","local_time":"20210130013634","is_ascension_mode":true,"campfire_choices":[{"data":"ats:Thorns","floor":6.0,"key":"SMITH"},{"data":"ats:Sashimi Platter","floor":8.0,"key":"SMITH"},{"data":"ats:Closed Bolt Burst Fire","floor":10.0,"key":"SMITH"},{"data":"ats:Calcification","floor":15.0,"key":"SMITH"},{"data":"ats:Part Time Job","floor":23.0,"key":"SMITH"},{"data":"ats:Emotion Absorption","floor":25.0,"key":"SMITH"},{"data":"ats:Composite Medical Shells","floor":30,"key":"SMITH"},{"data":"Echo Form","floor":32,"key":"SMITH"},{"data":"Secret Technique","floor":40,"key":"SMITH"},{"data":"ats:Song Of Battle","floor":44,"key":"SMITH"},{"data":"ats:Defend","floor":46,"key":"SMITH"},{"data":"ats:Defend","floor":49,"key":"SMITH"}],"circlet_count":0,"master_deck":["ats:Defend","ats:Defend+1","ats:Defend+1","ats:Defend+1","ats:Emotion Absorption+1","Echo Form+1","ats:Closed Bolt Burst Fire+1","ats:Song Of Battle+1","ats:Thorns+1","ats:Sashimi Platter+1","ats:Part Time Job+1","ats:Healing Strengthening+1","ats:Composite Medical Shells+1","ats:Calcification+1","ats:Echo Reverb+1","ats:Revitalization+1","ats:Healing Drone+1","Secret Technique+1","ats:Healing Strengthening+1"],"relics":["ats:Sanity","DaveBox","REME_ComplimentaryCards","ice","AT_ATBox","xbg","SynthV:TestCard","ats:Spiritual Recovery","conspire:Dentures","ats:Originium","SecretRecord","Pondfish Scales","AT_SilvercatRing","AT_TheCollector","MagicDraw3","Blood Vial","ats:Support"],"acts_visited":["Exordium","TheCity","TheBeyond"],"potions_floor_usage":[],"damage_taken":[{"damage":0.0,"enemies":"2 Louse","floor":1.0,"turns":3.0},{"damage":2.0,"enemies":"Jaw Worm","floor":2.0,"turns":3.0},{"damage":1.0,"enemies":"conspire:RoseBush","floor":3.0,"turns":4.0},{"damage":12.0,"enemies":"Red Slaver","floor":5.0,"turns":4.0},{"damage":15.0,"enemies":"2 Fungi Beasts","floor":7.0,"turns":3.0},{"damage":0.0,"enemies":"3 Louse","floor":11.0,"turns":3.0},{"damage":31.0,"enemies":"Gremlin Nob","floor":12.0,"turns":4.0},{"damage":6.0,"enemies":"conspire:2 RoseBushes","floor":13.0,"turns":6.0},{"damage":9.0,"enemies":"The Guardian","floor":16.0,"turns":9.0},{"damage":25.0,"enemies":"Shell Parasite","floor":18.0,"turns":5.0},{"damage":26.0,"enemies":"Spheric Guardian","floor":20.0,"turns":5.0},{"damage":50.0,"enemies":"Shelled Parasite and Fungi","floor":22.0,"turns":6.0},{"damage":59.0,"enemies":"Book of Stabbing","floor":24.0,"turns":5.0},{"damage":25.0,"enemies":"Centurion and Healer","floor":28.0,"turns":5.0},{"damage":25,"enemies":"conspire:Head Lice","floor":29,"turns":5},{"damage":50,"enemies":"Collector","floor":33,"turns":7},{"damage":10,"enemies":"Orb Walker","floor":35,"turns":4},{"damage":16,"enemies":"3 Shapes","floor":36,"turns":3},{"damage":63,"enemies":"conspire:MimicChest","floor":38,"turns":6},{"damage":62,"enemies":"Writhing Mass","floor":41,"turns":5},{"damage":52,"enemies":"R_Hoarder","floor":42,"turns":6},{"damage":33,"enemies":"Giant Head","floor":47,"turns":6},{"damage":107,"enemies":"Time Eater","floor":50,"turns":10}],"seed_played":"6790195964839912423","potions_obtained":[{"floor":3.0,"key":"FairyPotion"},{"floor":5.0,"key":"SteroidPotion"},{"floor":7.0,"key":"Energy Potion"},{"floor":12.0,"key":"Languid Potion"},{"floor":13.0,"key":"Dota2Spire:HealingSalve"},{"floor":18.0,"key":"REME_GoldPotion"},{"floor":22.0,"key":"Adrenaline Potion"},{"floor":24.0,"key":"Flashbang"},{"floor":28.0,"key":"Weak Potion"},{"floor":35,"key":"Dexterity Potion"}],"is_trial":false,"path_per_floor":["M","M","M","?","M","R","M","R","T","R","M","E","M","$","R","B",null,"M","?","M","$","M","R","E","R","T","R","M","E","R","?","R","B",null,"M","M","?","?","?","R","M","E","T","R","$","R","E","$","R","B",null],"character_chosen":"DOCTOR_CLASS","items_purchased":["ats:Calcification","ats:Healing Strengthening","ats:Support"],"campfire_rested":0,"item_purchase_floors":[14,48,48],"current_hp_per_floor":[65,63,62,50,38,38,23,23,23,23,32,24,48,48,48,72,72,57,50,57,57,63,63,57,57,57,57,72,72,72,72,72,72,72,72,72,72,72,72,72,72,44,44,44,44,44,72,69,69,69],"gold":117,"neow_bonus":"REMOVE_CARD","is_daily":false,"chose_seed":false,"campfire_upgraded":12,"win_rate":0.0,"timestamp":1611941794,"path_taken":["M","M","M","?","M","R","M","R","T","R","M","E","M","$","R","BOSS","M","?","?","?","M","R","E","R","T","R","M","E","R","?","R","BOSS","M","M","?","?","?","R","M","E","T","R","$","R","E","$","R","BOSS"],"items_purchased_type":["Card","Card","Relic"],"build_version":"2020-12-22","purchased_purges":5,"victory":true,"max_hp_per_floor":[72,72,72,72,72,72,72,72,72,72,72,72,72,72,72,72,72,72,72,72,72,72,72,72,72,72,72,72,72,72,72,72,72,72,72,72,72,72,72,72,72,72,72,72,72,72,72,69,69,69],"card_choices":[{"not_picked":["ats:Very Hot Blade","ats:Hook Shot"],"picked":"ats:Closed Bolt Burst Fire","floor":1.0},{"not_picked":["ats:Apocalypse","ats:Hammer On","ats:Support Order","ats:Leaping Hammer"],"picked":"ats:Song Of Battle","floor":2.0},{"not_picked":["ats:Mental Burst","ats:Counter Healing Mode","ats:Apocalypse","ats:Flexible Camouflage","ats:Red Shift"],"picked":"SKIP","floor":3.0},{"not_picked":["ats:Ignite","ats:Absolute Focus","ats:Closed Bolt Burst Fire","ats:Rapid Magazine"],"picked":"ats:Thorns","floor":5.0},{"not_picked":["ats:Chain Hook","ats:Automatic Cover","ats:Apocalypse","ats:Collapsing Strike"],"picked":"ats:Sashimi Platter","floor":7.0},{"not_picked":["ats:Hammer On","ats:Thermite Blade","ats:Revitalization","ats:Encircling Forest"],"picked":"ats:Part Time Job","floor":11.0},{"not_picked":["ats:Healing Drone","ats:Shell Defense","ats:Thermite Blade","ats:Blood Oath"],"picked":"ats:Healing Strengthening","floor":12.0},{"not_picked":["ats:Shadow Raid","ats:Leaping Hammer","ats:Explosion Area Strengthen","ats:Poison Spread"],"picked":"ats:Composite Medical Shells","floor":13.0},{"not_picked":["ats:Shadow Assault","ats:True Silver Slash","ats:Roar Of Ursus","ats:Soul Rend"],"picked":"ats:Echo Reverb","floor":16.0},{"not_picked":["ats:Revitalization+1","ats:Cat Scratch","ats:Spore Proliferation","ats:Curse Doll+1","ats:Blood Oath+1"],"picked":"SKIP","floor":18.0},{"not_picked":["ats:Leaping Hammer+1","ats:Ignite+1","ats:Flexible Camouflage","ats:Burning Ground"],"picked":"ats:Revitalization+1","floor":20.0},{"not_picked":["ats:Sword Rain+1","ats:Hammer On","ats:Assault Order","ats:Counter Healing Mode"],"picked":"ats:Healing Drone+1","floor":22.0},{"not_picked":["ats:Soul Rend","ats:Very Hot Blade","ats:Leaping Hammer+1","ats:Steam Pump","ats:Burning Ground"],"picked":"SKIP","floor":24.0},{"not_picked":["ats:Ignite+1","ats:Shell Defense","ats:Curse Doll+1","ats:Cat Scratch","ats:Chain Hook"],"picked":"SKIP","floor":28.0},{"not_picked":["ats:Closed Bolt Burst Fire","ats:Curse Doll","ats:Charging Defense","ats:Flexible Camouflage","ats:Hammer On"],"picked":"SKIP","floor":29},{"not_picked":["ats:Absolute Focus+1","ats:Apocalypse","ats:Explosion Area Strengthen+1","ats:Poison Spread+1","ats:Flame Of Heaven"],"picked":"SKIP","floor":35},{"not_picked":["ats:Curse Doll+1","ats:LN2 Cannon","ats:Sashimi Platter+1","ats:Apocalypse+1","ats:Serious Mode"],"picked":"SKIP","floor":36},{"not_picked":["Replay:Parry","Mayhem","REME_MagicPocketWatch","ReplayTheSpireMod:Trickstab"],"picked":"Secret Technique","floor":39},{"not_picked":["ats:Beaten Up+1","ats:Ignite+1","ats:Very Hot Blade","ats:Sashimi Platter","ats:Guard Mode+1"],"picked":"SKIP","floor":41},{"not_picked":["ats:Guardian Obelisk+1","ats:Flexible Camouflage","ats:Poison Spread","ats:Explosion Area Strengthen+1","ats:Durian"],"picked":"SKIP","floor":42},{"not_picked":["ats:Powerful Strike","ats:Flexible Camouflage","ats:Composite Medical Shells","ats:Guard Mode","ats:Wolf Pack"],"picked":"SKIP","floor":47}],"player_experience":1357937,"relics_obtained":[{"floor":1.0,"key":"SynthV:TestCard"},{"floor":9.0,"key":"conspire:Dentures"},{"floor":12.0,"key":"ats:Originium"},{"floor":12.0,"key":"SecretRecord"},{"floor":24.0,"key":"ats:Originium"},{"floor":24.0,"key":"Pondfish Scales"},{"floor":26.0,"key":"AT_SilvercatRing"},{"floor":29,"key":"ats:Originium"},{"floor":38,"key":"AT_TheCollector"},{"floor":42,"key":"ats:Originium"},{"floor":43,"key":"MagicDraw3"},{"floor":47,"key":"Blood Vial"}],"event_choices":[{"damage_healed":0.0,"max_hp_gain":0.0,"max_hp_loss":0.0,"gold_gain":0.0,"event_name":"Scrap Ooze","player_choice":"Success","floor":4.0,"gold_loss":0.0,"damage_taken":12.0,"relics_obtained":["ats:Spiritual Recovery"]},{"damage_healed":0.0,"max_hp_gain":0.0,"max_hp_loss":0.0,"gold_gain":75.0,"event_name":"FaceTrader","player_choice":"Touch","floor":19.0,"gold_loss":0.0,"damage_taken":7.0},{"damage_healed":0,"gold_gain":0,"player_choice":"Ignored","damage_taken":0,"max_hp_gain":0,"max_hp_loss":0,"event_name":"Tomb of Lord Red Mask","floor":37,"gold_loss":0},{"damage_healed":0,"gold_gain":0,"player_choice":"Memory 1","damage_taken":0,"max_hp_gain":0,"max_hp_loss":0,"event_name":"SensoryStone","floor":39,"gold_loss":0}],"is_beta":false,"boss_relics":[{"not_picked":["Replay:Ancient Bell","Snecko Eye","Calling Bell"]},{"not_picked":["BloodWine","Honey Jar","Cursed Key"]}],"items_purged_floors":[21,27,27,45,48],"is_endless":false,"potions_floor_spawned":[3,5,7,12,13,18,22,24,28,35,38,42],"ascension_level":6}}