{"host":"xmr2g8b7eju0288o","time":1611903176,"event":{"mods":["100% Spire Juice","AchievementEnabler","BaseMod","Colored Map","Colored Powertips","KOR Keyword Fix","Minty Spire (QoL Compilation)","Quick Restart","Spicy Shops","StSLib","SuperFastMode"],"gold_per_floor":[112,187,32,32,32,32,32,32],"floor_reached":7,"language":"KOR","playtime":125,"items_purged":[],"score":74,"play_id":"a4af38dd-19f4-47ab-b559-22850fd18e86","local_time":"20210129155256","daily_mods":["Hoarder","Heirloom","DeadlyEvents","Elite Swarm"],"is_ascension_mode":true,"campfire_choices":[{"data":"Moonworks:JonathanRush","floor":6,"key":"SMITH"}],"circlet_count":0,"master_deck":["AscendersBane","Moonworks:Strike","Moonworks:Strike","Moonworks:Strike","Moonworks:Defend","Moonworks:Defend","Moonworks:Defend","Moonworks:Defend+1","Moonworks:Ambush+1","Moonworks:LongDistanceShot","Moonworks:JonathanRush+1","Moonworks:JonathanRush","Moonworks:JonathanRush"],"relics":["Moonworks:BrokenBomb","Moonworks:Homemark","Pocketwatch","Strange Spoon"],"acts_visited":["Exordium"],"potions_floor_usage":[],"damage_taken":[{"damage":2,"enemies":"Jaw Worm","floor":1,"turns":4},{"damage":20,"enemies":"Lagavulin","floor":7,"turns":2}],"seed_played":"4037441394911378624","potions_obtained":[],"is_trial":true,"path_per_floor":["M","?","$","?","?","R","E"],"character_chosen":"THE_STARBREAKER","items_purchased":["Moonworks:JonathanRush","Strange Spoon"],"campfire_rested":0,"item_purchase_floors":[3,3],"current_hp_per_floor":[48,37,37,37,20,20,0,0],"gold":32,"neow_bonus":"","is_daily":false,"chose_seed":false,"campfire_upgraded":1,"win_rate":0.0,"timestamp":1611903176,"path_taken":["M","?","$","?","?","R","?"],"items_purchased_type":["Card","Relic"],"build_version":"2020-12-22","purchased_purges":0,"victory":false,"max_hp_per_floor":[55,55,55,55,55,55,55,55],"card_choices":[{"not_picked":["Moonworks:LulusLuckyEgg","Moonworks:BackdoorTrade","Moonworks:DeployBits"],"picked":"SKIP","floor":1}],"player_experience":115912,"relics_obtained":[],"event_choices":[{"damage_healed":0,"gold_gain":75,"player_choice":"Gather Gold","damage_taken":11,"max_hp_gain":0,"max_hp_loss":0,"event_name":"World of Goop","floor":2,"gold_loss":0},{"cards_removed":["Moonworks:Strike"],"damage_healed":0,"gold_gain":0,"player_choice":"Forget","damage_taken":0,"max_hp_gain":0,"max_hp_loss":0,"event_name":"Living Wall","floor":4,"gold_loss":0},{"damage_healed":0,"gold_gain":0,"player_choice":"Entered Light","damage_taken":17,"max_hp_gain":0,"max_hp_loss":0,"event_name":"Shining Light","floor":5,"gold_loss":0,"cards_upgraded":["Moonworks:Ambush","Moonworks:Defend"]}],"is_beta":false,"boss_relics":[],"items_purged_floors":[],"is_endless":true,"potions_floor_spawned":[],"killed_by":"Lagavulin","ascension_level":20}}