{"host":"8kweeulvvasqx820","time":1611888813,"event":{"mods":["Aspiration","BaseMod","Better Altar","Better Match","Better Note","Better Sensory Stone","Better Skull","Better Third Choice","BetterRewards","Colored Map","Conspire","Displayed Cursed Tome","Downfall","Hubris","Infinite Spire","Jorbs\u0027s Wanderer Trilogy","Minty Spire (QoL Compilation)","Relic Stats","Replay The Spire","Spicy Shops","StSLib","SuperFastMode","Swap Starting Deck Mod","The Construct","The Marked","The Servant 0.9.4","everything is the same but u backflip on backflip","slay the spire mod where everything is the same but ironclad has a cowboy hat"],"gold_per_floor":[0,15,28,28,28,128,153,180,249,249,261,311,311,325,343,343,343,343],"floor_reached":16,"language":"ENG","playtime":1147,"items_purged":[],"score":102,"play_id":"67d8c675-eee6-41b7-bb5b-1d35f6e1a659","local_time":"20210128215333","is_ascension_mode":false,"campfire_choices":[{"data":"hexamod:Float","floor":1,"key":"SMITH"},{"floor":10,"key":"REST"},{"data":"hexamod:RetreatToShadows","floor":13,"key":"SMITH"}],"circlet_count":0,"master_deck":["hexamod:Strike","hexamod:Strike","hexamod:Strike","hexamod:Strike","hexamod:Defend","hexamod:Defend","hexamod:Defend","hexamod:Defend","hexamod:Sear","hexamod:Float+1","hexamod:FlamesFromBeyond","hexamod:RetreatToShadows+1","hexamod:FastForward","hexamod:Hexaguard","hexamod:PhantomCloak","hexamod:FastForward","hexamod:GhostLash","hexamod:ShieldOfDarkness"],"relics":["hexamod:SpiritBrand","aspiration:HatOfInfinitePower","downfall:CloakOfManyFaces","CultistMask","FaceOfCleric","NlothsMask","GremlinMask","SsserpentHead","aspiration:FetidBarrel","hexamod:MatchstickCase"],"acts_visited":["Exordium"],"potions_floor_usage":[15,16],"damage_taken":[{"damage":0,"enemies":"Small Slimes","floor":2,"turns":3},{"damage":1,"enemies":"2 Louse","floor":3,"turns":3},{"damage":0,"enemies":"Cultist","floor":5,"turns":1},{"damage":19,"enemies":"downfall:FaceTrader","floor":6,"turns":12},{"damage":19,"enemies":"Lagavulin","floor":8,"turns":7},{"damage":10,"enemies":"Exordium Wildlife","floor":9,"turns":6},{"damage":2,"enemies":"Blue Slaver","floor":11,"turns":4},{"damage":3,"enemies":"3 Louse","floor":14,"turns":3},{"damage":1,"enemies":"Exordium Thugs","floor":15,"turns":4},{"damage":69,"enemies":"WA_ARCHETYPE_RETAIN","floor":16,"turns":10}],"seed_played":"3784069568844217676","potions_obtained":[{"floor":3,"key":"Energy Potion"},{"floor":8,"key":"Adrenaline Potion"},{"floor":14,"key":"FearPotion"},{"floor":15,"key":"Dexterity Potion"}],"is_trial":false,"path_per_floor":["R","M","M","?","M","?","T","E","M","R","M","T","R","M","M","B"],"character_chosen":"THE_SPIRIT","items_purchased":[],"campfire_rested":1,"item_purchase_floors":[],"current_hp_per_floor":[70,70,69,69,69,50,50,32,23,44,43,43,43,41,41,0,0,0],"gold":343,"neow_bonus":"ONE_RARE_RELIC","is_daily":false,"chose_seed":false,"campfire_upgraded":2,"win_rate":0.0,"timestamp":1611888813,"path_taken":["R","M","M","?","M","?","T","E","?","R","M","?","R","M","M","BOSS"],"items_purchased_type":[],"build_version":"2020-12-22","purchased_purges":0,"victory":false,"max_hp_per_floor":[70,70,70,70,70,70,70,71,72,72,73,73,73,74,75,75,75,75],"relic_stats":{"SsserpentHead":100,"FaceOfCleric":5,"counters":[10,53],"obtain_stats":[{"SsserpentHead":6,"downfall:BrokenWingStatue":4,"FaceOfCleric":6,"aspiration:FetidBarrel":8,"GremlinMask":6,"CultistMask":6,"downfall:CloakOfManyFaces":6,"aspiration:HatOfInfinitePower":0,"hexamod:SpiritBrand":0,"NlothsMask":6,"hexamod:MatchstickCase":12},{"SsserpentHead":4,"downfall:BrokenWingStatue":2,"FaceOfCleric":4,"aspiration:FetidBarrel":5,"GremlinMask":4,"CultistMask":4,"downfall:CloakOfManyFaces":4,"aspiration:HatOfInfinitePower":0,"hexamod:SpiritBrand":0,"NlothsMask":4,"hexamod:MatchstickCase":7},{"SsserpentHead":19,"downfall:BrokenWingStatue":6,"FaceOfCleric":19,"aspiration:FetidBarrel":26,"GremlinMask":19,"CultistMask":19,"downfall:CloakOfManyFaces":19,"aspiration:HatOfInfinitePower":0,"hexamod:SpiritBrand":0,"NlothsMask":19,"hexamod:MatchstickCase":36}]},"card_choices":[{"not_picked":["hexamod:GhostShield","hexamod:NightmareGuise"],"picked":"hexamod:FlamesFromBeyond","floor":2},{"not_picked":["hexamod:SwordOfDarkness","hexamod:NightmareStrike"],"picked":"hexamod:RetreatToShadows","floor":3},{"not_picked":["hexamod:HeatCrush","hexamod:Firestarter","hexamod:NightmareStrike"],"picked":"SKIP","floor":5},{"not_picked":["hexamod:NightmareStrike","hexamod:RecurringNightmare"],"picked":"hexamod:FastForward","floor":6},{"not_picked":["hexamod:HeatShield","hexamod:Incineration"],"picked":"hexamod:Hexaguard","floor":8},{"not_picked":["hexamod:Firestarter","hexamod:SoulSteal"],"picked":"hexamod:PhantomCloak","floor":9},{"not_picked":["hexamod:NightmareGuise","hexamod:DynamicBlow"],"picked":"hexamod:FastForward","floor":11},{"not_picked":["hexamod:BurningTouch","hexamod:ThermalTransfer"],"picked":"hexamod:GhostLash","floor":14},{"not_picked":["hexamod:Rewind","hexamod:GhostLash"],"picked":"hexamod:ShieldOfDarkness","floor":15}],"player_experience":104788,"relics_obtained":[{"floor":6,"key":"downfall:CloakOfManyFaces"},{"floor":8,"key":"aspiration:FetidBarrel"},{"floor":12,"key":"hexamod:MatchstickCase"}],"event_choices":[],"is_beta":false,"boss_relics":[],"items_purged_floors":[],"is_endless":false,"potions_floor_spawned":[3,8,14,15],"killed_by":"WA_ARCHETYPE_RETAIN","ascension_level":0}}