{"host":"ynimr9ugvc6f046i","time":1611904451,"event":{"mods":["2.2 Compatiblity","BaseMod","Colored Map","DeckTracker","Highlight Path","Keyboard Shortcuts","Minty Spire (QoL Compilation)","Permanent Neow","Quick Restart","StSLib","SuperFastMode"],"gold_per_floor":[20,70,80,98,117,117,144,144,144,169,169,169,183,210,210,289,289,302,315,151,426,326,336,352,352,352],"floor_reached":25,"language":"KOR","playtime":651,"items_purged":["Strike_R","Regret"],"score":471,"play_id":"ff996c87-9fa6-4683-906b-7a98426069f5","local_time":"20210129161411","is_ascension_mode":true,"campfire_choices":[{"data":"Apotheosis","floor":6.0,"key":"SMITH"},{"data":"Blood for Blood","floor":8.0,"key":"SMITH"},{"floor":12.0,"key":"REST"},{"floor":15.0,"key":"RECALL"}],"circlet_count":0,"master_deck":["AscendersBane","Strike_R","Strike_R","Strike_R","Defend_R","Defend_R","Defend_R","Defend_R","Bash","Apotheosis+1","Blood for Blood+1","Reckless Charge","Shrug It Off","Feed","Flash of Steel","Fire Breathing"],"relics":["Burning Blood","Darkstone Periapt","Pantograph","Pear","Bag of Preparation","Philosopher\u0027s Stone"],"acts_visited":["Exordium","TheCity"],"potions_floor_usage":[24],"damage_taken":[{"damage":2.0,"enemies":"Jaw Worm","floor":1.0,"turns":5.0},{"damage":0.0,"enemies":"Cultist","floor":3.0,"turns":3.0},{"damage":7.0,"enemies":"2 Louse","floor":4.0,"turns":4.0},{"damage":19.0,"enemies":"Gremlin Gang","floor":5.0,"turns":4.0},{"damage":38.0,"enemies":"Lagavulin","floor":7.0,"turns":8.0},{"damage":38.0,"enemies":"3 Sentries","floor":10.0,"turns":9.0},{"damage":2.0,"enemies":"Blue Slaver","floor":13.0,"turns":3.0},{"damage":32.0,"enemies":"Gremlin Nob","floor":14.0,"turns":4.0},{"damage":12.0,"enemies":"The Guardian","floor":16.0,"turns":12.0},{"damage":17.0,"enemies":"2 Thieves","floor":18.0,"turns":3.0},{"damage":1.0,"enemies":"Chosen","floor":19.0,"turns":4.0},{"damage":19,"enemies":"Centurion and Healer","floor":23,"turns":5},{"damage":41,"enemies":"Shelled Parasite and Fungi","floor":24,"turns":6},{"damage":45,"enemies":"Book of Stabbing","floor":25,"turns":3}],"seed_played":"-6938368449529949361","potions_obtained":[{"floor":1.0,"key":"Regen Potion"},{"floor":10.0,"key":"PowerPotion"},{"floor":13.0,"key":"Explosive Potion"}],"is_trial":false,"path_per_floor":["M","?","M","M","M","R","E","R","T","E","?","R","M","E","R","B",null,"M","M","$","?","$","M","M","E"],"character_chosen":"IRONCLAD","items_purchased":["Flash of Steel"],"campfire_rested":1,"item_purchase_floors":[20],"current_hp_per_floor":[72,65,71,70,57,57,37,37,37,18,11,36,40,14,14,33,72,65,74,74,80,80,71,40,0,0],"gold":352,"neow_bonus":"RANDOM_COLORLESS_2","is_daily":false,"chose_seed":false,"campfire_upgraded":2,"win_rate":0.0,"timestamp":1611904451,"path_taken":["M","?","?","?","M","R","E","R","T","E","?","R","M","E","R","BOSS","M","M","$","?","$","?","M","E"],"items_purchased_type":["Card"],"build_version":"2020-12-22","purchased_purges":2,"victory":false,"max_hp_per_floor":[75,75,75,75,75,75,75,75,75,85,85,85,85,85,85,85,85,89,93,93,99,99,103,107,107,107],"card_choices":[{"not_picked":["Wild Strike","Pommel Strike"],"picked":"Blood for Blood","floor":1.0},{"not_picked":["Bloodletting","Anger","Warcry"],"picked":"SKIP","floor":3.0},{"not_picked":["Reckless Charge","Clothesline","Havoc"],"picked":"SKIP","floor":4.0},{"not_picked":["Clothesline","Havoc"],"picked":"Reckless Charge","floor":4.0},{"not_picked":["Dual Wield","Thunderclap","Rampage"],"picked":"SKIP","floor":5.0},{"not_picked":["Burning Pact","Dropkick","Wild Strike"],"picked":"SKIP","floor":7.0},{"not_picked":["Ghostly Armor","Brutality"],"picked":"Shrug It Off","floor":10.0},{"not_picked":["Shrug It Off","Clothesline","Burning Pact"],"picked":"SKIP","floor":13.0},{"not_picked":["Clash","Armaments","True Grit"],"picked":"SKIP","floor":14.0},{"not_picked":["Double Tap","Reaper"],"picked":"Feed","floor":16.0},{"not_picked":["Shrug It Off","Wild Strike","Sword Boomerang"],"picked":"SKIP","floor":18.0},{"not_picked":["Armaments","Intimidate+1","Twin Strike"],"picked":"SKIP","floor":19.0},{"not_picked":["Clash","Warcry"],"picked":"Fire Breathing","floor":23},{"not_picked":["Heavy Blade","Rampage","Iron Wave"],"picked":"SKIP","floor":24}],"player_experience":542418,"relics_obtained":[{"floor":7.0,"key":"Darkstone Periapt"},{"floor":9.0,"key":"Pantograph"},{"floor":10.0,"key":"Pear"},{"floor":14.0,"key":"Bag of Preparation"}],"event_choices":[{"damage_healed":0.0,"max_hp_gain":0.0,"max_hp_loss":0.0,"gold_gain":50.0,"event_name":"FaceTrader","player_choice":"Touch","floor":2.0,"gold_loss":0.0,"damage_taken":7.0},{"cards_removed":["Strike_R"],"damage_healed":0.0,"max_hp_gain":0.0,"max_hp_loss":0.0,"gold_gain":0.0,"event_name":"Golden Wing","player_choice":"Card Removal","floor":11.0,"gold_loss":0.0,"damage_taken":7.0},{"damage_healed":0.0,"max_hp_gain":0.0,"max_hp_loss":0.0,"gold_gain":275.0,"event_name":"Golden Shrine","player_choice":"Desecrate","floor":21.0,"gold_loss":0.0,"damage_taken":0.0,"cards_obtained":["Regret"]}],"is_beta":false,"boss_relics":[{"not_picked":["Runic Cube","Pandora\u0027s Box"],"picked":"Philosopher\u0027s Stone"}],"items_purged_floors":[20,22],"is_endless":false,"potions_floor_spawned":[1,10,13,14],"killed_by":"Book of Stabbing","ascension_level":20}}