{"host":"q8ewzd1tf4mqkgtb","time":1611899886,"event":{"mods":["BaseMod","Hermit","Marisa????????","Minty Spire (QoL Compilation)","Relic Stats","StSLib","The Cursed","The Servant 0.9.4"],"gold_per_floor":[115,115,126,137,137,167,179,214,241,316,316,360,379,403,403,496,496,510,54,69,69,82,116,139,155,210,224,268,183,216,48,48,141,141,155,176,17,37,51,51,84,84,84,0,16,59,59,100,100,100,100,100,21,59,59,59],"floor_reached":55,"language":"ENG","playtime":7984,"items_purged":["Defend_R"],"score":1789,"play_id":"4f6044f4-ff7e-4f76-af3e-ed6dee387d10","local_time":"20210128235806","is_ascension_mode":true,"campfire_choices":[{"floor":15.0,"key":"REST"},{"data":"Defend_R","floor":32.0,"key":"PURGE"},{"data":"Defend_R","floor":40.0,"key":"PURGE"},{"floor":49,"key":"RECALL"},{"data":"Defend_R","floor":52,"key":"PURGE"}],"circlet_count":0,"master_deck":["AscendersBane","Bash","Twin Strike","Shrug It Off","Inflame","Armaments","Shockwave","Shrug It Off","True Grit","Spot Weakness","Impervious","Battle Trance+1","Bite","Bite","Bite","Bite","Bite","Immolate","Carnage","Pummel+1","Pummel+1","Impervious","Reaper","Metallicize+1","Sword Boomerang+1","Flame Barrier","Inflame"],"relics":["Fusion Hammer","Ornamental Fan","Gremlin Horn","Juzu Bracelet","Orichalcum","Golden Idol","Bottled Tornado","Snecko Eye","Membership Card","Gambling Chip","Nunchaku","Smiling Mask","Happy Flower","Tiny Chest","Peace Pipe","Strawberry","FossilizedHelix","SacredBark","Incense Burner","Ginger","Red Mask","Anchor","Pocketwatch","Kunai","Bronze Scales","Pen Nib"],"acts_visited":["Exordium","TheCity","TheBeyond","TheEnding"],"potions_floor_usage":[50],"damage_taken":[{"damage":0.0,"enemies":"2 Louse","floor":1.0,"turns":2.0},{"damage":0.0,"enemies":"Cultist","floor":3.0,"turns":2.0},{"damage":2.0,"enemies":"Jaw Worm","floor":4.0,"turns":3.0},{"damage":3.0,"enemies":"Gremlin Nob","floor":6.0,"turns":3.0},{"damage":0.0,"enemies":"2 Fungi Beasts","floor":7.0,"turns":3.0},{"damage":4.0,"enemies":"3 Sentries","floor":8.0,"turns":8.0},{"damage":18.0,"enemies":"Lagavulin","floor":12.0,"turns":6.0},{"damage":0.0,"enemies":"Looter","floor":13.0,"turns":3.0},{"damage":0.0,"enemies":"3 Louse","floor":14.0,"turns":1.0},{"damage":9.0,"enemies":"The Guardian","floor":16.0,"turns":11.0},{"damage":10.0,"enemies":"Shell Parasite","floor":18.0,"turns":7.0},{"damage":0.0,"enemies":"2 Thieves","floor":20.0,"turns":4.0},{"damage":0.0,"enemies":"Centurion and Healer","floor":22.0,"turns":4.0},{"damage":0.0,"enemies":"Gremlin Leader","floor":23.0,"turns":6.0},{"damage":9.0,"enemies":"Chosen and Byrds","floor":24.0,"turns":5.0},{"damage":18.0,"enemies":"Cultist and Chosen","floor":25.0,"turns":5.0},{"damage":7.0,"enemies":"Shelled Parasite and Fungi","floor":27.0,"turns":5.0},{"damage":4.0,"enemies":"Book of Stabbing","floor":28.0,"turns":4.0},{"damage":0.0,"enemies":"Gremlin Leader","floor":30.0,"turns":9.0},{"damage":0.0,"enemies":"Collector","floor":33.0,"turns":7.0},{"damage":0.0,"enemies":"3 Darklings","floor":35.0,"turns":3.0},{"damage":0.0,"enemies":"3 Shapes","floor":36.0,"turns":10.0},{"damage":42.0,"enemies":"Writhing Mass","floor":38.0,"turns":5.0},{"damage":0.0,"enemies":"Jaw Worm Horde","floor":39.0,"turns":5.0},{"damage":3,"enemies":"Nemesis","floor":41,"turns":9},{"damage":0,"enemies":"Sphere and 2 Shapes","floor":45,"turns":4},{"damage":12,"enemies":"Reptomancer","floor":46,"turns":4},{"damage":44,"enemies":"Giant Head","floor":48,"turns":8},{"damage":6,"enemies":"Awakened One","floor":50,"turns":9},{"damage":29,"enemies":"Shield and Spear","floor":54,"turns":7},{"damage":66,"enemies":"The Heart","floor":55,"turns":5}],"seed_played":"6250491684218907294","potions_obtained":[{"floor":1.0,"key":"SneckoOil"},{"floor":2.0,"key":"HeartOfIron"},{"floor":2.0,"key":"SteroidPotion"},{"floor":6.0,"key":"Fruit Juice"},{"floor":8.0,"key":"Weak Potion"},{"floor":13.0,"key":"Explosive Potion"},{"floor":16.0,"key":"SmokeBomb"},{"floor":22.0,"key":"Strength Potion"},{"floor":23.0,"key":"EssenceOfSteel"},{"floor":24.0,"key":"PowerPotion"},{"floor":28.0,"key":"Explosive Potion"},{"floor":38.0,"key":"Dexterity Potion"},{"floor":48,"key":"SneckoOil"}],"is_trial":false,"path_per_floor":["M","?","M","M","T","E","M","E","T","?","?","E","M","M","R","B",null,"M","$","M","?","M","E","M","M","T","M","E","?","E","$","R","B",null,"M","M","$","M","M","R","E","?","T","?","M","E","T","E","R","B",null,"R","$","E","B"],"character_chosen":"IRONCLAD","items_purchased":["Membership Card","Gambling Chip","Nunchaku","FossilizedHelix","Incense Burner","Bronze Scales"],"campfire_rested":1,"item_purchase_floors":[19,19,19,31,37,53],"current_hp_per_floor":[68,68,68,66,66,63,63,59,59,48,27,9,9,9,33,24,66,56,56,56,56,56,56,51,38,38,44,52,52,63,63,63,63,63,63,63,63,29,35,35,63,60,60,60,60,48,48,18,18,47,57,57,57,50,0,0],"gold":59,"neow_bonus":"BOSS_RELIC","is_daily":false,"chose_seed":false,"campfire_upgraded":0,"win_rate":0.0,"timestamp":1611899886,"path_taken":["M","?","M","?","?","E","M","E","T","?","?","E","M","M","R","BOSS","M","$","M","?","M","E","M","M","T","M","E","?","E","$","R","BOSS","M","M","$","M","M","R","E","?","T","?","M","E","?","E","R","BOSS","R","$","E","BOSS"],"items_purchased_type":["Relic","Relic","Relic","Relic","Relic","Relic"],"build_version":"2020-12-22","purchased_purges":1,"victory":false,"max_hp_per_floor":[75,75,75,75,75,75,75,75,75,75,80,80,80,80,80,80,80,80,80,80,56,56,56,56,56,56,56,56,56,63,63,63,63,63,63,63,63,63,63,63,63,60,60,60,60,60,60,60,60,60,60,60,60,60,60,60],"relic_stats":{"Gremlin Horn":[37,42],"Happy Flower":[31],"counters":[31,167],"Golden Idol":168,"Pen Nib":[1],"Juzu Bracelet":1,"Ginger":[5],"Orichalcum":[108],"Smiling Mask":0,"Peace Pipe":3,"Nunchaku":[24],"Ornamental Fan":[200],"Gambling Chip":[59],"Bronze Scales":[117],"Snecko Eye":[260,268,249,240],"Tiny Chest":1,"Kunai":[10],"obtain_stats":[{"Gremlin Horn":6,"SacredBark":34,"Juzu Bracelet":8,"Incense Burner":37,"Ginger":41,"Bottled Tornado":12,"Smiling Mask":23,"Burning Blood":0,"Nunchaku":19,"Gambling Chip":19,"Strawberry":30,"Tiny Chest":28,"Fusion Hammer":0,"Red Mask":44,"Kunai":48,"Happy Flower":26,"Golden Idol":11,"Pen Nib":54,"Orichalcum":9,"Peace Pipe":29,"Anchor":46,"Ornamental Fan":5,"Bronze Scales":53,"Snecko Eye":17,"Membership Card":19,"FossilizedHelix":31,"Pocketwatch":47},{"Gremlin Horn":4,"SacredBark":20,"Juzu Bracelet":6,"Incense Burner":22,"Ginger":25,"Bottled Tornado":7,"Smiling Mask":14,"Burning Blood":0,"Nunchaku":11,"Gambling Chip":11,"Strawberry":19,"Tiny Chest":18,"Fusion Hammer":0,"Red Mask":25,"Kunai":28,"Happy Flower":16,"Golden Idol":6,"Pen Nib":30,"Orichalcum":6,"Peace Pipe":18,"Anchor":27,"Ornamental Fan":3,"Bronze Scales":29,"Snecko Eye":10,"Membership Card":11,"FossilizedHelix":19,"Pocketwatch":27},{"Gremlin Horn":10,"SacredBark":98,"Juzu Bracelet":21,"Incense Burner":111,"Ginger":130,"Bottled Tornado":27,"Smiling Mask":63,"Burning Blood":0,"Nunchaku":49,"Gambling Chip":49,"Strawberry":91,"Tiny Chest":82,"Fusion Hammer":0,"Red Mask":130,"Kunai":146,"Happy Flower":73,"Golden Idol":21,"Pen Nib":162,"Orichalcum":21,"Peace Pipe":82,"Anchor":138,"Ornamental Fan":7,"Bronze Scales":155,"Snecko Eye":42,"Membership Card":49,"FossilizedHelix":91,"Pocketwatch":138}],"Pocketwatch":[27]},"card_choices":[{"not_picked":["Body Slam","Fire Breathing"],"picked":"Twin Strike","floor":1.0},{"not_picked":["Power Through","Searing Blow"],"picked":"Shrug It Off","floor":3.0},{"not_picked":["Headbutt","Anger","Bloodletting"],"picked":"SKIP","floor":4.0},{"not_picked":["Pummel","Sword Boomerang"],"picked":"Inflame","floor":6.0},{"not_picked":["Body Slam","Clash"],"picked":"Armaments","floor":7.0},{"not_picked":["Brutality","Inflame"],"picked":"Shockwave","floor":8.0},{"not_picked":["Twin Strike","Infernal Blade"],"picked":"Shrug It Off","floor":12.0},{"not_picked":["Searing Blow","Flex"],"picked":"True Grit","floor":13.0},{"not_picked":["Entrench","Cleave"],"picked":"Spot Weakness","floor":14.0},{"not_picked":["Berserk","Brutality"],"picked":"Impervious","floor":16.0},{"not_picked":["Iron Wave","Warcry","Anger"],"picked":"SKIP","floor":18.0},{"not_picked":["Iron Wave","Dropkick"],"picked":"Battle Trance+1","floor":20.0},{"not_picked":["Rage","Wild Strike","Rupture"],"picked":"SKIP","floor":22.0},{"not_picked":["Anger","Shrug It Off"],"picked":"Immolate","floor":23.0},{"not_picked":["Rampage+1","Iron Wave","Disarm"],"picked":"SKIP","floor":24.0},{"not_picked":["Twin Strike","Wild Strike"],"picked":"Carnage","floor":25.0},{"not_picked":["Power Through","Wild Strike"],"picked":"Pummel+1","floor":27.0},{"not_picked":["Spot Weakness","Fire Breathing+1"],"picked":"Pummel+1","floor":28.0},{"not_picked":["Intimidate","Pommel Strike+1","Second Wind+1"],"picked":"SKIP","floor":30.0},{"not_picked":["Reaper","Juggernaut"],"picked":"Impervious","floor":33.0},{"not_picked":["Headbutt","Anger","Feel No Pain"],"picked":"SKIP","floor":35.0},{"not_picked":["Cleave+1","Headbutt+1","Twin Strike"],"picked":"SKIP","floor":36.0},{"not_picked":["Battle Trance","Seeing Red+1"],"picked":"Reaper","floor":38.0},{"not_picked":["Warcry","Burning Pact","Anger+1"],"picked":"SKIP","floor":39.0},{"not_picked":["True Grit","Double Tap"],"picked":"Metallicize+1","floor":41},{"not_picked":["Iron Wave+1","Wild Strike+1"],"picked":"Sword Boomerang+1","floor":45},{"not_picked":["Shrug It Off","Fiend Fire"],"picked":"Flame Barrier","floor":46},{"not_picked":["Heavy Blade","Body Slam"],"picked":"Inflame","floor":48},{"not_picked":["Sever Soul","Headbutt","Sword Boomerang"],"picked":"SKIP","floor":54}],"player_experience":485752,"relics_obtained":[{"floor":5.0,"key":"Ornamental Fan"},{"floor":6.0,"key":"Gremlin Horn"},{"floor":8.0,"key":"Juzu Bracelet"},{"floor":9.0,"key":"Orichalcum"},{"floor":12.0,"key":"Bottled Tornado"},{"floor":23.0,"key":"Smiling Mask"},{"floor":26.0,"key":"Happy Flower"},{"floor":28.0,"key":"Tiny Chest"},{"floor":30.0,"key":"Strawberry"},{"floor":41,"key":"Ginger"},{"floor":46,"key":"Anchor"},{"floor":47,"key":"Pocketwatch"},{"floor":48,"key":"Kunai"},{"floor":54,"key":"Pen Nib"}],"event_choices":[{"damage_healed":0.0,"max_hp_gain":0.0,"max_hp_loss":0.0,"gold_gain":0.0,"event_name":"Lab","player_choice":"Got Potions","floor":2.0,"gold_loss":0.0,"damage_taken":0.0},{"damage_healed":0.0,"max_hp_gain":0.0,"max_hp_loss":0.0,"gold_gain":75.0,"event_name":"World of Goop","player_choice":"Gather Gold","floor":10.0,"gold_loss":0.0,"damage_taken":11.0},{"damage_healed":0.0,"max_hp_gain":0.0,"max_hp_loss":0.0,"gold_gain":0.0,"event_name":"Golden Idol","player_choice":"Take Damage","floor":11.0,"gold_loss":0.0,"damage_taken":26.0,"relics_obtained":["Golden Idol"]},{"damage_healed":0.0,"max_hp_gain":0.0,"max_hp_loss":24.0,"gold_gain":0.0,"event_name":"Vampires","player_choice":"Became a vampire","floor":21.0,"gold_loss":0.0,"damage_taken":0.0,"cards_obtained":["Bite","Bite","Bite","Bite","Bite"]},{"damage_healed":0.0,"max_hp_gain":0.0,"max_hp_loss":0.0,"gold_gain":0.0,"event_name":"Addict","player_choice":"Obtained Relic","floor":29.0,"gold_loss":85.0,"damage_taken":0.0,"relics_obtained":["Peace Pipe"]},{"damage_healed":0,"gold_gain":0,"player_choice":"Max HP","damage_taken":0,"max_hp_gain":0,"max_hp_loss":3,"event_name":"Winding Halls","floor":42,"gold_loss":0},{"damage_healed":0,"gold_gain":0,"player_choice":"Paid","damage_taken":0,"relics_obtained":["Red Mask"],"max_hp_gain":0,"max_hp_loss":0,"event_name":"Tomb of Lord Red Mask","floor":44,"gold_loss":84}],"is_beta":false,"boss_relics":[{"not_picked":["Pandora\u0027s Box","Mark of Pain"],"picked":"Snecko Eye"},{"not_picked":["Velvet Choker","Runic Pyramid"],"picked":"SacredBark"}],"items_purged_floors":[19],"is_endless":false,"potions_floor_spawned":[1,4,6,8,13,16,22,23,24,28,30,33,35,38,48],"killed_by":"The Heart","ascension_level":18}}