{"host":"3xafbmawo5lo8yih","time":1611925163,"event":{"mods":["Act Like it!","Aspiration","BaseMod","CapriCore","Colored Map","Conjunction","Conspire","DeckTracker","Friendly Minions","Gensokyo","Halation","Highlight Path","Hubris","Infinite Spire","Jedi Mod","Minty Spire (QoL Compilation)","Quarter Circle Forward PUNCH!","Relic Stats","Replay The Spire","Robot Space Explorer","StSLib"],"gold_per_floor":[132,55,100,100,154,244,244,334,360,474,474,607,731,770,770,1106,1106,1174,1174,1174,1270,1270,1270,1407,1407,1434,1579,1643,1728,1807,1932,1932,2243,2243,2292,2368,2436,2436,2436,2579,2710,2828,2828,2929,3027,3186,3186,3239,3239,3588,3588,3646,3646],"floor_reached":52,"language":"ENG","playtime":4113,"items_purged":[],"score":1237,"play_id":"22e86a1b-f0d0-48dd-8fa4-4cac367a616a","local_time":"20210129075923","daily_mods":["Heirloom","DeadlyEvents","Elite Swarm","Midas","Uncertain Future"],"is_ascension_mode":true,"campfire_choices":[{"floor":7,"key":"REST"},{"floor":11,"key":"REST"},{"floor":15,"key":"REST"},{"floor":23,"key":"REST"},{"floor":25,"key":"REST"},{"floor":32,"key":"REST"},{"floor":47,"key":"REST"},{"floor":49,"key":"REST"}],"circlet_count":0,"master_deck":["RobotSpaceExplorer:Strike","RobotSpaceExplorer:Strike","RobotSpaceExplorer:Strike","RobotSpaceExplorer:Strike","RobotSpaceExplorer:Defend","RobotSpaceExplorer:Defend","RobotSpaceExplorer:Defend","RobotSpaceExplorer:Scan","RobotSpaceExplorer:MiniLasers","RobotSpaceExplorer:LuckyStrike+1","Panacea","RobotSpaceExplorer:FranticSearch+1","RobotSpaceExplorer:Probe","RobotSpaceExplorer:Accelerator+1","RobotSpaceExplorer:ScrapMissile","RobotSpaceExplorer:Accelerator+1","RobotSpaceExplorer:ChargingLaser","RobotSpaceExplorer:Pulsar","RobotSpaceExplorer:Scanner+1","RobotSpaceExplorer:Comet+1","RobotSpaceExplorer:FranticSearch","RobotSpaceExplorer:ShovelStrike","RobotSpaceExplorer:ChargingLaser+1","RobotSpaceExplorer:ExhaustFan+1","RobotSpaceExplorer:JunkDive+1","RobotSpaceExplorer:TrailblazerForm+1","RobotSpaceExplorer:Comet+1","RobotSpaceExplorer:Pulsar+1","RobotSpaceExplorer:FranticSearch","RobotSpaceExplorer:StarLightning+1","RobotSpaceExplorer:Comet","RobotSpaceExplorer:ScrapMissile","RobotSpaceExplorer:ScrapMissile+1","RobotSpaceExplorer:ScrapMissile+1","RobotSpaceExplorer:Autoloader+1","RobotSpaceExplorer:Multitool+1","RobotSpaceExplorer:StarDust+1","RobotSpaceExplorer:FranticSearch+1","RobotSpaceExplorer:Accelerator"],"relics":["RobotSpaceExplorer:TurboCore","qcfpunch:Duffel_Bag","qcfpunch:Fighting_Gloves","qcfpunch:Red_Headband","Pondfish Scales","qcfpunch:Broken_Tusk","Lantern","Dream Catcher","aspiration:ChemicalBlood","Replay:Bandana","Iron Hammer","aspiration:PoetsPen","halation:PinkSoulGem","halation:Trompette","halation:IllGainedPizza","Snack Pack","infinitespire:BottledMercury","hubris:Backtick","RobotSpaceExplorer:SlideRule","Toy Ornithopter","halation:WeightlessCrab","Omamori","Garlic","infinitespire:WardingShard","Centennial Puzzle","Bottled Tornado"],"acts_visited":["Gensokyo:Gensokyo","Gensokyo:Gensokyoer","Gensokyo:Gensokyoest","Gensokyo:Gensokyo"],"potions_floor_usage":[16,28,31,33,33,35,40,40,41,44,48],"damage_taken":[{"damage":0,"enemies":"Gensokyo:2_Kodama","floor":1,"turns":3},{"damage":0,"enemies":"Gensokyo:3_Fairies","floor":3,"turns":3},{"damage":0,"enemies":"Gensokyo:Gryphon","floor":5,"turns":3},{"damage":17,"enemies":"Gensokyo:Mamizou","floor":6,"turns":8},{"damage":24,"enemies":"Gensokyo:Cirno","floor":8,"turns":6},{"damage":1,"enemies":"Gensokyo:Mamizou","floor":10,"turns":5},{"damage":13,"enemies":"Gensokyo:Cirno","floor":12,"turns":5},{"damage":0,"enemies":"Gensokyo:Aya","floor":13,"turns":4},{"damage":0,"enemies":"Gensokyo:Kitsune","floor":14,"turns":1},{"damage":5,"enemies":"Gensokyo:Reimu","floor":16,"turns":5},{"damage":0,"enemies":"Gensokyo:Chomper","floor":18,"turns":2},{"damage":0,"enemies":"Gensokyo:3_Dogs","floor":21,"turns":3},{"damage":9,"enemies":"Gensokyo:Koishi","floor":24,"turns":4},{"damage":10,"enemies":"Nightmare","floor":27,"turns":5},{"damage":35,"enemies":"Gensokyo:Swordslinger","floor":28,"turns":2},{"damage":0,"enemies":"Gensokyo:Monolith_and_Dog","floor":29,"turns":1},{"damage":0,"enemies":"Gensokyo:3_Gloops","floor":30,"turns":2},{"damage":0,"enemies":"Gensokyo:Koishi","floor":31,"turns":2},{"damage":28,"enemies":"Gensokyo:Eternal_Rivals","floor":33,"turns":5},{"damage":10,"enemies":"Gensokyo:3_Bats","floor":35,"turns":2},{"damage":18,"enemies":"Gensokyo:3_Boulders","floor":36,"turns":3},{"damage":6,"enemies":"Gensokyo:Dusk_and_Dawn","floor":37,"turns":2},{"damage":24,"enemies":"Gensokyo:Doremy","floor":40,"turns":3},{"damage":48,"enemies":"Gensokyo:Marisa","floor":41,"turns":2},{"damage":0,"enemies":"Gensokyo:Kasen","floor":42,"turns":2},{"damage":0,"enemies":"Nightmare","floor":44,"turns":2},{"damage":0,"enemies":"Gensokyo:SeedOfUnknown","floor":45,"turns":2},{"damage":35,"enemies":"Gensokyo:Kasen","floor":46,"turns":4},{"damage":8,"enemies":"Gensokyo:4_Bats","floor":48,"turns":2},{"damage":12,"enemies":"Gensokyo:Yuyuko","floor":50,"turns":3},{"damage":0,"enemies":"Gensokyo:Gryphon","floor":52,"turns":1}],"seed_played":"-9168063438206116018","potions_obtained":[{"floor":5,"key":"Weak Potion"},{"floor":6,"key":"Swift Potion"},{"floor":13,"key":"Block Potion"},{"floor":28,"key":"Swift Potion"},{"floor":33,"key":"Fire Potion"},{"floor":41,"key":"RobotSpaceExplorer:RecyclePotion"},{"floor":45,"key":"Conjunction:LightningMarble"}],"is_trial":true,"path_per_floor":["M","$","M","?","M","E","R","E","T","E","R","E","E","M","R","B",null,"M","?","?","M","AVR","R","E","R","T","NM","M","M","M","E","R","B",null,"M","M","M","?","AVR","E","E","E","T","NM","M","E","R","M","R","B",null,"M"],"character_chosen":"RobotSpaceExplorer","items_purchased":["RobotSpaceExplorer:LuckyStrike"],"campfire_rested":8,"item_purchase_floors":[2],"current_hp_per_floor":[75,75,75,75,75,58,75,51,51,50,72,59,59,59,75,70,75,75,75,75,75,75,75,66,75,75,65,36,42,50,58,75,59,75,69,57,59,67,67,55,26,36,36,47,59,38,60,59,75,75,75,75,75],"gold":3646,"neow_bonus":"","is_daily":false,"chose_seed":false,"campfire_upgraded":0,"win_rate":0.0,"timestamp":1611925163,"path_taken":["M","$","M","?","M","E","R","E","T","E","R","?","?","?","R","BOSS","M","?","?","M","AVR","R","E","R","T","NM","M","?","?","E","R","BOSS","M","M","M","?","AVR","?","?","E","T","NM","?","E","R","M","R","BOSS","M"],"items_purchased_type":["Card"],"build_version":"2020-12-22","purchased_purges":0,"victory":false,"max_hp_per_floor":[75,75,75,75,75,75,75,75,75,75,75,75,75,75,75,75,75,75,75,75,75,75,75,75,75,75,75,75,75,75,75,75,75,75,75,75,75,75,75,75,75,75,75,75,75,75,75,75,75,75,75,75,75],"relic_stats":{"Dream Catcher":8,"Centennial Puzzle":[9],"counters":[31,97],"obtain_stats":[{"infinitespire:BottledMercury":31,"Lantern":6,"RobotSpaceExplorer:SlideRule":34,"halation:WeightlessCrab":41,"Bottled Tornado":46,"Frozen Eye":24,"Dream Catcher":6,"Replay:Bandana":9,"Centennial Puzzle":44,"aspiration:PoetsPen":17,"hubris:Backtick":34,"Iron Hammer":13,"aspiration:ChemicalBlood":8,"halation:IllGainedPizza":26,"RobotSpaceExplorer:RoboCore":0,"Omamori":42,"RobotSpaceExplorer:TurboCore":51,"qcfpunch:Duffel_Bag":0,"Pondfish Scales":0,"qcfpunch:Broken_Tusk":5,"infinitespire:WardingShard":43,"qcfpunch:Fighting_Gloves":0,"qcfpunch:Red_Headband":0,"Snack Pack":27,"Garlic":42,"halation:PinkSoulGem":19,"halation:Trompette":24,"Toy Ornithopter":40},{"infinitespire:BottledMercury":18,"Lantern":4,"RobotSpaceExplorer:SlideRule":19,"halation:WeightlessCrab":24,"Bottled Tornado":28,"Frozen Eye":12,"Dream Catcher":4,"Replay:Bandana":5,"Centennial Puzzle":26,"aspiration:PoetsPen":10,"hubris:Backtick":19,"Iron Hammer":8,"aspiration:ChemicalBlood":5,"halation:IllGainedPizza":13,"RobotSpaceExplorer:RoboCore":0,"Omamori":25,"RobotSpaceExplorer:TurboCore":30,"qcfpunch:Duffel_Bag":0,"Pondfish Scales":0,"qcfpunch:Broken_Tusk":3,"infinitespire:WardingShard":25,"qcfpunch:Fighting_Gloves":0,"qcfpunch:Red_Headband":0,"Snack Pack":14,"Garlic":25,"halation:PinkSoulGem":11,"halation:Trompette":13,"Toy Ornithopter":23},{"infinitespire:BottledMercury":64,"Lantern":17,"RobotSpaceExplorer:SlideRule":69,"halation:WeightlessCrab":81,"Bottled Tornado":91,"Frozen Eye":48,"Dream Catcher":17,"Replay:Bandana":23,"Centennial Puzzle":85,"aspiration:PoetsPen":43,"hubris:Backtick":69,"Iron Hammer":37,"aspiration:ChemicalBlood":23,"halation:IllGainedPizza":52,"RobotSpaceExplorer:RoboCore":0,"Omamori":83,"RobotSpaceExplorer:TurboCore":96,"qcfpunch:Duffel_Bag":0,"Pondfish Scales":0,"qcfpunch:Broken_Tusk":9,"infinitespire:WardingShard":83,"qcfpunch:Fighting_Gloves":0,"qcfpunch:Red_Headband":0,"Snack Pack":57,"Garlic":83,"halation:PinkSoulGem":45,"halation:Trompette":52,"Toy Ornithopter":79}],"Toy Ornithopter":15},"card_choices":[{"not_picked":["Bandage Up"],"picked":"SKIP","floor":1},{"not_picked":["RobotSpaceExplorer:Fix","RobotSpaceExplorer:DoubleFind","RobotSpaceExplorer:GlueSpray"],"picked":"SKIP","floor":1},{"not_picked":[],"picked":"Panacea","floor":3},{"not_picked":["RobotSpaceExplorer:GlueSpray","RobotSpaceExplorer:MiniDrones"],"picked":"RobotSpaceExplorer:FranticSearch","floor":3},{"not_picked":["RobotSpaceExplorer:ImprovisedAttack","RobotSpaceExplorer:MetalStrike"],"picked":"RobotSpaceExplorer:Probe","floor":5},{"not_picked":["RobotSpaceExplorer:ShockMissile","RobotSpaceExplorer:BlastShield"],"picked":"RobotSpaceExplorer:Accelerator","floor":6},{"not_picked":["RobotSpaceExplorer:Smokescreen","RobotSpaceExplorer:Probe"],"picked":"RobotSpaceExplorer:ScrapMissile","floor":7},{"not_picked":["RobotSpaceExplorer:Blaster","RobotSpaceExplorer:DroneSwarm"],"picked":"RobotSpaceExplorer:Accelerator","floor":8},{"not_picked":["RobotSpaceExplorer:ShockMissile","RobotSpaceExplorer:Blaster"],"picked":"RobotSpaceExplorer:ChargingLaser","floor":10},{"not_picked":["RobotSpaceExplorer:SlimeMissile","RobotSpaceExplorer:Electroshield"],"picked":"RobotSpaceExplorer:Pulsar","floor":11},{"not_picked":["RobotSpaceExplorer:HighVoltage","RobotSpaceExplorer:ChargingLaser"],"picked":"RobotSpaceExplorer:Scanner","floor":12},{"not_picked":["RobotSpaceExplorer:HighVoltage","RobotSpaceExplorer:Asteroid"],"picked":"RobotSpaceExplorer:Comet","floor":13},{"not_picked":["RobotSpaceExplorer:ShovelStrike","RobotSpaceExplorer:Electroshield"],"picked":"RobotSpaceExplorer:FranticSearch","floor":14},{"not_picked":["RobotSpaceExplorer:Ammunition","RobotSpaceExplorer:SlimeMissile"],"picked":"RobotSpaceExplorer:ShovelStrike","floor":15},{"not_picked":["RobotSpaceExplorer:DroneSwarm","RobotSpaceExplorer:HighVoltage"],"picked":"RobotSpaceExplorer:ChargingLaser","floor":16},{"not_picked":["RobotSpaceExplorer:Ammunition","RobotSpaceExplorer:MetalStrike"],"picked":"RobotSpaceExplorer:ExhaustFan","floor":18},{"not_picked":["RobotSpaceExplorer:Electroshield","RobotSpaceExplorer:FreezeRay","RobotSpaceExplorer:SurgingShield+1"],"picked":"SKIP","floor":21},{"not_picked":["RobotSpaceExplorer:ImprovisedAttack","RobotSpaceExplorer:TurboDodge"],"picked":"RobotSpaceExplorer:JunkDive+1","floor":23},{"not_picked":["RobotSpaceExplorer:Wormhole","RobotSpaceExplorer:ChargingLaser"],"picked":"RobotSpaceExplorer:TrailblazerForm","floor":24},{"not_picked":["RobotSpaceExplorer:Scanner","RobotSpaceExplorer:Asteroid"],"picked":"RobotSpaceExplorer:Comet","floor":27},{"not_picked":["RobotSpaceExplorer:IronShell","RobotSpaceExplorer:GearShield"],"picked":"RobotSpaceExplorer:Pulsar+1","floor":28},{"not_picked":["RobotSpaceExplorer:SurgingShield","RobotSpaceExplorer:FreezeRay+1"],"picked":"RobotSpaceExplorer:FranticSearch","floor":29},{"not_picked":["RobotSpaceExplorer:Smokescreen","RobotSpaceExplorer:SurgingShield"],"picked":"RobotSpaceExplorer:StarLightning+1","floor":30},{"not_picked":["RobotSpaceExplorer:ChargingLaser","RobotSpaceExplorer:Blaster","RobotSpaceExplorer:Scanner"],"picked":"SKIP","floor":31},{"not_picked":["RobotSpaceExplorer:BlastShield","RobotSpaceExplorer:ShockMissile"],"picked":"RobotSpaceExplorer:Comet","floor":33},{"not_picked":["RobotSpaceExplorer:SurgingStrike","RobotSpaceExplorer:StunGrenade+1"],"picked":"RobotSpaceExplorer:ScrapMissile","floor":35},{"not_picked":["RobotSpaceExplorer:SwiftStep+1","RobotSpaceExplorer:MakeshiftVolley"],"picked":"RobotSpaceExplorer:ScrapMissile+1","floor":36},{"not_picked":["RobotSpaceExplorer:FranticSearch+1","RobotSpaceExplorer:Discharger+1"],"picked":"RobotSpaceExplorer:ScrapMissile+1","floor":37},{"not_picked":["RobotSpaceExplorer:Comet","RobotSpaceExplorer:Exploration"],"picked":"RobotSpaceExplorer:Autoloader","floor":40},{"not_picked":["RobotSpaceExplorer:Wormhole","RobotSpaceExplorer:Scanner"],"picked":"RobotSpaceExplorer:Exploration","floor":41},{"not_picked":["RobotSpaceExplorer:Arsenal","RobotSpaceExplorer:HighVoltage","RobotSpaceExplorer:ChargingLaser"],"picked":"SKIP","floor":42},{"not_picked":["RobotSpaceExplorer:Scanner","RobotSpaceExplorer:ShockMissile"],"picked":"RobotSpaceExplorer:Multitool","floor":44},{"not_picked":["RobotSpaceExplorer:Pulsar+1","RobotSpaceExplorer:GlueSpray+1"],"picked":"RobotSpaceExplorer:StarDust","floor":45},{"not_picked":["RobotSpaceExplorer:HighVoltage","RobotSpaceExplorer:Arsenal","RobotSpaceExplorer:Asteroid"],"picked":"SKIP","floor":46},{"not_picked":["RobotSpaceExplorer:Counterblock+1","RobotSpaceExplorer:Fix"],"picked":"RobotSpaceExplorer:FranticSearch+1","floor":48},{"not_picked":["RobotSpaceExplorer:Scanner","RobotSpaceExplorer:BlastShield"],"picked":"RobotSpaceExplorer:Accelerator","floor":50}],"player_experience":35271,"relics_obtained":[{"floor":5,"key":"qcfpunch:Broken_Tusk"},{"floor":6,"key":"Lantern"},{"floor":6,"key":"Dream Catcher"},{"floor":8,"key":"aspiration:ChemicalBlood"},{"floor":9,"key":"Replay:Bandana"},{"floor":13,"key":"Iron Hammer"},{"floor":24,"key":"halation:Trompette"},{"floor":26,"key":"halation:IllGainedPizza"},{"floor":27,"key":"Snack Pack"},{"floor":31,"key":"infinitespire:BottledMercury"},{"floor":40,"key":"Toy Ornithopter"},{"floor":41,"key":"halation:WeightlessCrab"},{"floor":42,"key":"Omamori"},{"floor":42,"key":"Garlic"},{"floor":43,"key":"infinitespire:WardingShard"},{"floor":44,"key":"Centennial Puzzle"},{"floor":46,"key":"Bottled Tornado"}],"event_choices":[],"is_beta":false,"boss_relics":[{"not_picked":["aspiration:DefectSkillbook","hubris:BlackHole"],"picked":"aspiration:PoetsPen"},{"not_picked":["conspire:SlowCooker","halation:ForbiddenBikini"],"picked":"hubris:Backtick"},{"not_picked":["halation:CatFaceCupcake","infinitespire:Cupcake"],"picked":"RobotSpaceExplorer:TurboCore"}],"items_purged_floors":[],"is_endless":true,"potions_floor_spawned":[5,6,10,13,24,28,29,30,36,37,41,45,46,52],"killed_by":"Gensokyo:Gryphon","ascension_level":1}}