{"host":"ecaj4hn004xnnrw9","time":1611876628,"event":{"mods":["AchievementEnabler","BaseMod","Better Third Choice","Hermit","Hubris","Infinite Spire","Jorbs\u0027s Wanderer Trilogy","Minty Spire (QoL Compilation)","Quick Restart","Relic Stats","Shop Mod","StSLib","The Construct","The Jungle","The Runesmith"],"gold_per_floor":[112,123,137,149,149,149,183,199,199,228,228,238,238,257,257,257,257],"floor_reached":16,"language":"ENG","playtime":453,"items_purged":[],"score":120,"play_id":"e52aab13-8a23-4a60-9e1a-2a4bcf71f359","local_time":"20210128233028","is_ascension_mode":true,"campfire_choices":[{"data":"SashWhip","floor":6,"key":"SMITH"},{"data":"TalkToTheHand","floor":13,"key":"SMITH"},{"floor":15,"key":"REST"}],"circlet_count":0,"master_deck":["Strike_P","Strike_P","Strike_P","Strike_P","Defend_P","Defend_P","Defend_P","Defend_P","Eruption+1","Vigilance","SashWhip+1","Adaptation","Vengeance","TalkToTheHand+1","SashWhip","Scrawl","FlurryOfBlows"],"relics":["VioletLotus","infinitespire:FocusingShard","infinitespire:CursedDice","White Beast Statue"],"acts_visited":["Exordium"],"potions_floor_usage":[8],"damage_taken":[{"damage":0,"enemies":"2 Louse","floor":1,"turns":2},{"damage":5,"enemies":"Small Slimes","floor":2,"turns":3},{"damage":0,"enemies":"Cultist","floor":3,"turns":3},{"damage":7,"enemies":"Large Slime","floor":4,"turns":6},{"damage":28,"enemies":"3 Sentries","floor":7,"turns":8},{"damage":1,"enemies":"Looter","floor":8,"turns":2},{"damage":24,"enemies":"Gremlin Nob","floor":10,"turns":3},{"damage":9,"enemies":"Lots of Slimes","floor":12,"turns":4},{"damage":19,"enemies":"Gremlin Gang","floor":14,"turns":6},{"damage":0,"enemies":"Hexaghost","floor":16,"turns":1}],"seed_played":"-7592043937678374418","potions_obtained":[{"floor":7,"key":"Block Potion"},{"floor":10,"key":"Regen Potion"},{"floor":12,"key":"SmokeBomb"},{"floor":14,"key":"LiquidBronze"}],"is_trial":false,"path_per_floor":["M","M","M","M","?","R","E","M","T","E","?","M","R","M","R","B"],"character_chosen":"WATCHER","items_purchased":[],"campfire_rested":1,"item_purchase_floors":[],"current_hp_per_floor":[72,67,67,60,60,60,32,31,31,7,31,22,22,3,24,24,24],"gold":257,"neow_bonus":"BOSS_RELIC","is_daily":false,"chose_seed":false,"campfire_upgraded":2,"win_rate":0.0,"timestamp":1611876628,"path_taken":["M","M","M","M","?","R","E","M","T","E","?","M","R","M","R","BOSS"],"items_purchased_type":[],"build_version":"2020-12-22","purchased_purges":0,"victory":false,"max_hp_per_floor":[72,72,72,72,72,72,72,72,72,72,72,72,72,72,72,72,72],"relic_stats":{"counters":[10,37],"VioletLotus":[6],"obtain_stats":[{"infinitespire:CursedDice":9,"VioletLotus":0,"infinitespire:FocusingShard":7,"PureWater":0,"White Beast Statue":10},{"infinitespire:CursedDice":6,"VioletLotus":0,"infinitespire:FocusingShard":5,"PureWater":0,"White Beast Statue":7},{"infinitespire:CursedDice":24,"VioletLotus":0,"infinitespire:FocusingShard":22,"PureWater":0,"White Beast Statue":27}]},"card_choices":[{"not_picked":["PathToVictory","Halt"],"picked":"SashWhip","floor":1},{"not_picked":["SignatureMove","Pray","Study"],"picked":"SKIP","floor":2},{"not_picked":["PathToVictory","Halt"],"picked":"Adaptation","floor":3},{"not_picked":["CutThroughFate","SashWhip"],"picked":"Vengeance","floor":4},{"not_picked":["SandsOfTime","Consecrate"],"picked":"TalkToTheHand","floor":7},{"not_picked":["ConjureBlade","ClearTheMind"],"picked":"SashWhip","floor":8},{"not_picked":["Meditate","Indignation"],"picked":"Scrawl","floor":10},{"not_picked":["SashWhip","Collect","Prostrate"],"picked":"SKIP","floor":12},{"not_picked":["ThirdEye","WindmillStrike"],"picked":"FlurryOfBlows","floor":14}],"player_experience":421836,"relics_obtained":[{"floor":7,"key":"infinitespire:FocusingShard"},{"floor":9,"key":"infinitespire:CursedDice"},{"floor":10,"key":"White Beast Statue"}],"event_choices":[{"damage_healed":24,"gold_gain":0,"player_choice":"Banana","damage_taken":0,"max_hp_gain":0,"max_hp_loss":0,"event_name":"Big Fish","floor":11,"gold_loss":0}],"is_beta":false,"boss_relics":[],"items_purged_floors":[],"is_endless":false,"potions_floor_spawned":[7,10,12,14],"killed_by":"Hexaghost","ascension_level":1}}