{"host":"ko40t1o51xotjt2v","time":1611940022,"event":{"mods":["2.2 Compatiblity","AchievementEnabler","Aspiration","BaseMod","Better Match","Better Third Choice","Better Vampires","Conspire","Downfall","Energized Spire","GifTheSpireLib","Halation","Hubris","Jedi Mod","Minty Spire (QoL Compilation)","MostiFishMod","Spicy Shops","Spikes Relics","StSLib","Stuff the Spire","TestMod","??????REMEMod"],"gold_per_floor":[99,115,115,137,17,17,87,116,116,134,146,146,261,297,310,418,418,318,342,342,358,81,95,172,212,231,268,268,288,288,361,382,485,485,485,513,513,539,539,571,645,674,702,542,577,603,603,216,234,241],"floor_reached":51,"language":"SPA","playtime":3529,"items_purged":["Regret","downfall:Malfunctioning","hexamod:Strike","hexamod:Defend","hexamod:Strike"],"score":5114,"play_id":"8769aecc-586e-4718-aa01-c84f33476c2e","local_time":"20210129180702","is_ascension_mode":false,"campfire_choices":[{"data":"hexamod:Sear","floor":1.0,"key":"SMITH"},{"data":"hexamod:SkipABeat","floor":9.0,"key":"SMITH"},{"data":"hexamod:Float","floor":18,"key":"SMITH"},{"floor":28,"key":"REST"},{"floor":30,"key":"REST"},{"data":"hexamod:SearingWound","floor":35,"key":"SMITH"},{"data":"hexamod:FastForward","floor":47,"key":"SMITH"}],"circlet_count":0,"master_deck":["hexamod:Strike+1","hexamod:Strike","hexamod:Defend","hexamod:Defend+1","hexamod:Defend+1","hexamod:Sear+1","hexamod:Float+1","hexamod:SoulSteal+1","hexamod:SkipABeat+1","hexamod:StepThrough","hexamod:PhantomFireball+1","hexamod:SwordOfDarkness+1","hexamod:BurningTouch","hexamod:PhantomFireball+1","hexamod:EmpoweredFlame+1","hexamod:HeatMetal+1","hexamod:GhostflameInferno","hexamod:Sear","octo:OctoAdvance","hexamod:FastForward","hexamod:RadiantFlame+1","hexamod:DynamicBlow+1","hexamod:RadiantFlame+1","hexamod:VolcanoVisage+1","hexamod:SearingWound+1","hexamod:StepThrough+1","hexamod:FastForward+1","hexamod:HeatMetal+1","hexamod:FastForward+1","hexamod:ThermalTransfer+1","hexamod:RainOfEmbers+1"],"relics":["hexamod:SpiritBrand","DaveBox","testmod-TestBox","REME_ComplimentaryCards","testmod-TheFather","ThornShield","Frozen Egg 2","Molten Egg 2","hubris:Icosahedron","Oddly Smooth Stone","hubris:TerracottaHorce","downfall:HeartBlessingGreen","jedi:bottledfury","MealTicket","Meat on the Bone","testmod-SaigiyounoYou","Blue Candle","hubris:Towel","Shuriken","aspiration:FrozenJewel","Smiling Mask","Potion Belt","Bronze Scales","Frozen Eye","hexamod:InflammatoryLetter","War Paint","halation:Komachan"],"acts_visited":["Exordium","TheCity","TheBeyond"],"potions_floor_usage":[21,26,33,42],"damage_taken":[{"damage":0.0,"enemies":"Small Slimes","floor":2.0,"turns":3.0},{"damage":4.0,"enemies":"Cultist","floor":4.0,"turns":3.0},{"damage":4.0,"enemies":"downfall:FleeingMerchant","floor":5.0,"turns":4.0},{"damage":1.0,"enemies":"Gremlin Nob","floor":8.0,"turns":3.0},{"damage":0.0,"enemies":"Jaw Worm","floor":10.0,"turns":1.0},{"damage":0.0,"enemies":"Exordium Thugs","floor":11.0,"turns":2.0},{"damage":0.0,"enemies":"3 Louse","floor":13.0,"turns":1.0},{"damage":16.0,"enemies":"Lagavulin","floor":14.0,"turns":5.0},{"damage":0,"enemies":"2 Fungi Beasts","floor":15,"turns":1},{"damage":32,"enemies":"WA_ARCHETYPE_RETAIN","floor":16,"turns":6},{"damage":0,"enemies":"3 Byrds","floor":19,"turns":2},{"damage":0,"enemies":"Centurion and Healer","floor":21,"turns":3},{"damage":3,"enemies":"downfall:FleeingMerchant","floor":22,"turns":4},{"damage":14,"enemies":"Snake Plant","floor":23,"turns":3},{"damage":29,"enemies":"Slavers","floor":25,"turns":2},{"damage":0,"enemies":"Sentry and Sphere","floor":26,"turns":3},{"damage":9,"enemies":"Book of Stabbing","floor":27,"turns":4},{"damage":10,"enemies":"Chosen and Byrds","floor":29,"turns":3},{"damage":14,"enemies":"Snake Plant","floor":32,"turns":3},{"damage":6,"enemies":"SI_MIRROR_ARCHETYPE","floor":33,"turns":4},{"damage":19,"enemies":"3 Darklings","floor":36,"turns":3},{"damage":1,"enemies":"3 Shapes","floor":38,"turns":2},{"damage":76,"enemies":"Giant Head","floor":40,"turns":7},{"damage":6,"enemies":"Nemesis","floor":42,"turns":3},{"damage":16,"enemies":"3 Darklings","floor":43,"turns":3},{"damage":0,"enemies":"downfall:FleeingMerchant","floor":44,"turns":4},{"damage":22,"enemies":"Giant Head","floor":45,"turns":6},{"damage":2,"enemies":"Transient","floor":46,"turns":5},{"damage":13,"enemies":"Writhing Mass","floor":49,"turns":3},{"damage":92,"enemies":"DF_ARCHETYPE_ORBS","floor":50,"turns":7}],"seed_played":"-400837658249143905","potions_obtained":[{"floor":4.0,"key":"FairyPotion"},{"floor":8.0,"key":"testmod-EscapePotion"},{"floor":10.0,"key":"jedi:wingpotion"},{"floor":14.0,"key":"bronze:BurnAndBuffPotion"},{"floor":23,"key":"hexamod:SoulburnPotion"},{"floor":29,"key":"Ancient Potion"},{"floor":32,"key":"AttackPotion"},{"floor":40,"key":"SkillPotion"},{"floor":42,"key":"CultistPotion"}],"is_trial":false,"path_per_floor":["R","M","?","M","$","?","T","E","R","M","M","?","M","E","M","B",null,"R","M","?","M","$","M","T","E","M","E","R","M","R","T","M","B",null,"R","M","?","M","?","E","T","E","M","$","E","M","R","$","M","B",null],"character_chosen":"THE_SPIRIT","items_purchased":["hexamod:PhantomFireball","hexamod:DynamicBlow+1","Potion Belt","Bronze Scales","Frozen Eye","War Paint","halation:Komachan","hexamod:RainOfEmbers+1"],"campfire_rested":2,"item_purchase_floors":[5,22,44,44,44,48,48,48],"current_hp_per_floor":[77,77,77,73,69,69,69,68,68,68,68,68,68,52,52,20,63,63,63,63,63,60,46,46,17,17,8,31,21,44,44,42,48,70,70,77,72,77,77,44,44,74,68,77,75,77,77,77,77,44],"gold":241,"neow_bonus":"TEN_PERCENT_HP_BONUS","is_daily":false,"chose_seed":false,"campfire_upgraded":5,"win_rate":0.0,"timestamp":1611940022,"path_taken":["R","M","?","M","$","?","T","E","R","M","M","?","M","E","M","BOSS","R","M","?","?","?","M","T","E","M","E","R","M","R","?","M","BOSS","R","M","?","M","?","E","T","E","M","$","E","M","R","$","M","BOSS"],"items_purchased_type":["Card","Card","Relic","Relic","Relic","Relic","Relic","Card"],"build_version":"2020-12-22","purchased_purges":5,"victory":true,"max_hp_per_floor":[77,77,77,77,77,77,77,77,77,77,77,77,77,77,77,77,77,77,77,77,77,77,77,77,77,77,77,77,77,77,77,77,77,77,77,77,77,77,77,77,77,77,77,77,77,77,77,77,77,77],"card_choices":[{"not_picked":["hexamod:GhostShield","hexamod:FastForward"],"picked":"hexamod:SoulSteal","floor":2.0},{"not_picked":["hexamod:GhostLash","hexamod:Hexaguard"],"picked":"hexamod:SkipABeat","floor":4.0},{"not_picked":["hexamod:RecurringNightmare","hexamod:SpectersWail"],"picked":"hexamod:StepThrough","floor":5.0},{"not_picked":["hexamod:ShieldOfDarkness","hexamod:FastForward"],"picked":"hexamod:SwordOfDarkness+1","floor":8.0},{"not_picked":["hexamod:SecondSeal","hexamod:BacktrackSmack+1"],"picked":"hexamod:BurningTouch","floor":10.0},{"not_picked":["hexamod:AdvancingGuard","hexamod:GhostShield"],"picked":"hexamod:PhantomFireball+1","floor":11.0},{"not_picked":["hexamod:SecondSeal","hexamod:EtherealExpedition"],"picked":"hexamod:EmpoweredFlame+1","floor":13.0},{"not_picked":["hexamod:SpectralAdrenaline","hexamod:PhantomCloak+1","hexamod:PhantomFireball+1"],"picked":"SKIP","floor":14.0},{"not_picked":["hexamod:GhostLash+1","hexamod:NightmareStrike+1"],"picked":"hexamod:HeatMetal+1","floor":15},{"not_picked":["hexamod:UnleashSpirits+1","hexamod:TurnItUp"],"picked":"hexamod:GhostflameInferno","floor":16},{"not_picked":["hexamod:HeatShield","hexamod:ThirdSeal","hexamod:RecurringNightmare+1"],"picked":"SKIP","floor":19},{"not_picked":["hexamod:NightmareStrike+1","hexamod:InspiringFlames"],"picked":"hexamod:FastForward","floor":21},{"not_picked":["hexamod:DynamicBlow+1","hexamod:AdvancingGuard"],"picked":"hexamod:RadiantFlame+1","floor":22},{"not_picked":["hexamod:RecurringNightmare","hexamod:GhostOfSpireFuture+1","hexamod:PhantomFireball+1"],"picked":"SKIP","floor":23},{"not_picked":["hexamod:HauntingEcho+1","hexamod:HeatShield"],"picked":"hexamod:RadiantFlame+1","floor":25},{"not_picked":["hexamod:HeatMetal+1","hexamod:HauntingEcho+1"],"picked":"hexamod:VolcanoVisage+1","floor":26},{"not_picked":["hexamod:GhostOfSpirePast+1","hexamod:HeatShield+1","hexamod:PhantomCloak+1"],"picked":"SKIP","floor":27},{"not_picked":["hexamod:BacktrackSmack+1","hexamod:GhostOfSpirePast+1","hexamod:FourthSeal"],"picked":"SKIP","floor":29},{"not_picked":["hexamod:Haunt","hexamod:BacktrackSmack+1","hexamod:NightmareGuise"],"picked":"SKIP","floor":32},{"not_picked":["hexamod:FifthSeal","hexamod:TurnItUp"],"picked":"hexamod:SearingWound","floor":33},{"not_picked":["hexamod:PhantomCloak+1","hexamod:GhostLash+1"],"picked":"hexamod:StepThrough+1","floor":36},{"not_picked":["hexamod:BacktrackSmack+1","hexamod:GhostflameBarrier"],"picked":"hexamod:FastForward+1","floor":38},{"not_picked":["hexamod:FirstSeal","hexamod:SixthSeal"],"picked":"hexamod:HeatMetal+1","floor":40},{"not_picked":["hexamod:InspiringFlames","hexamod:TurnItUp"],"picked":"hexamod:FastForward","floor":42},{"not_picked":["hexamod:AdvancingGuard+1","hexamod:BacktrackSmack+1"],"picked":"hexamod:ThermalTransfer+1","floor":43},{"not_picked":["hexamod:NightmareGuise+1","hexamod:NightmareStrike+1","hexamod:SpectersWail+1"],"picked":"SKIP","floor":44},{"not_picked":["hexamod:BacktrackSmack+1","hexamod:GhostOfSpireFuture+1","hexamod:UnleashSpirits+1"],"picked":"SKIP","floor":45},{"not_picked":["hexamod:FourthSeal","hexamod:InspiringFlames","hexamod:HeatMetal+1"],"picked":"SKIP","floor":46},{"not_picked":["hexamod:RecurringNightmare+1","hexamod:GhostShield+1","hexamod:InspiringFlames"],"picked":"SKIP","floor":49}],"player_experience":451110,"relics_obtained":[{"floor":8.0,"key":"Molten Egg 2"},{"floor":14.0,"key":"Oddly Smooth Stone"},{"floor":24,"key":"jedi:bottledfury"},{"floor":27,"key":"MealTicket"},{"floor":31,"key":"Meat on the Bone"},{"floor":40,"key":"Shuriken"},{"floor":41,"key":"aspiration:FrozenJewel"},{"floor":42,"key":"Smiling Mask"},{"floor":45,"key":"hexamod:InflammatoryLetter"}],"event_choices":[{"damage_healed":0.0,"max_hp_gain":0.0,"max_hp_loss":0.0,"gold_gain":0.0,"event_name":"Big Fish","player_choice":"Box","floor":3.0,"gold_loss":0.0,"damage_taken":0.0,"relics_obtained":["Frozen Egg 2"],"cards_obtained":["Regret"]}],"is_beta":false,"boss_relics":[{"not_picked":["ExusiaiGun","Cursed Key"],"picked":"hubris:TerracottaHorce"},{"not_picked":["testmod-Prudence","hubris:VirtuousBlindfold"],"picked":"testmod-SaigiyounoYou"}],"items_purged_floors":[5,22,22,44,48],"is_endless":false,"potions_floor_spawned":[4,8,10,14,19,23,25,29,32,40,42,43],"ascension_level":0}}