{"host":"o3n4et6u1y1w2h5j","time":1611931395,"event":{"mods":["AchievementEnabler","BaseMod","Minty Spire (QoL Compilation)","StSLib"],"gold_per_floor":[218,236,6,25,25,52,52,52,52,80,94,129,142,156,156,254,554,565,575,490,175,175,175,201,218,218,218,252,252,252],"floor_reached":29,"language":"ENG","playtime":2495,"items_purged":["Strike_G"],"score":366,"play_id":"7e5d0d46-9a10-4659-bc30-2929210d4338","local_time":"20210129064315","is_ascension_mode":true,"campfire_choices":[{"data":"After Image","floor":7,"key":"SMITH"},{"data":"Blade Dance","floor":15,"key":"SMITH"},{"data":"Well Laid Plans","floor":23,"key":"SMITH"},{"floor":27,"key":"REST"}],"circlet_count":0,"master_deck":["Strike_G","Strike_G","Strike_G","Strike_G","Defend_G","Defend_G","Defend_G+1","Defend_G","Defend_G","Survivor","Neutralize","Dagger Throw","Footwork","After Image+1","Well Laid Plans+1","Sucker Punch","Backflip","Cloak And Dagger+1","Blade Dance+1","Blade Dance","Night Terror","CurseOfTheBell","Terror","Panache","Footwork","Finisher","Prepared+1","Blur"],"relics":["Ring of the Snake","Membership Card","Shuriken","Pantograph","Blood Vial","Ice Cream","Calling Bell","Art of War","Gremlin Horn","Old Coin","War Paint","Question Card","Bronze Scales","Juzu Bracelet","PreservedInsect"],"acts_visited":["Exordium","TheCity"],"potions_floor_usage":[10,12,18,18,24,28,28],"damage_taken":[{"damage":5,"enemies":"Jaw Worm","floor":1,"turns":5},{"damage":5,"enemies":"Small Slimes","floor":2,"turns":3},{"damage":0,"enemies":"Cultist","floor":4,"turns":4},{"damage":19,"enemies":"3 Sentries","floor":6,"turns":13},{"damage":0,"enemies":"Gremlin Nob","floor":10,"turns":4},{"damage":0,"enemies":"Exordium Thugs","floor":11,"turns":6},{"damage":0,"enemies":"3 Sentries","floor":12,"turns":12},{"damage":0,"enemies":"Large Slime","floor":13,"turns":6},{"damage":0,"enemies":"Looter","floor":14,"turns":3},{"damage":28,"enemies":"The Guardian","floor":16,"turns":13},{"damage":19,"enemies":"2 Thieves","floor":18,"turns":4},{"damage":4,"enemies":"Shell Parasite","floor":19,"turns":6},{"damage":39,"enemies":"Slavers","floor":24,"turns":6},{"damage":13,"enemies":"3 Cultists","floor":25,"turns":5},{"damage":26,"enemies":"Gremlin Leader","floor":28,"turns":4},{"damage":7,"enemies":"Snecko","floor":29,"turns":3}],"seed_played":"-5637435360707022499","potions_obtained":[{"floor":2,"key":"AttackPotion"},{"floor":11,"key":"Swift Potion"},{"floor":12,"key":"Explosive Potion"},{"floor":13,"key":"FearPotion"},{"floor":16,"key":"Energy Potion"},{"floor":18,"key":"Swift Potion"},{"floor":24,"key":"ColorlessPotion"}],"is_trial":false,"path_per_floor":["M","M","$","M","?","E","R","?","T","E","M","E","M","M","R","B",null,"M","M","?","$","?","R","E","M","T","R","E","M"],"character_chosen":"THE_SILENT","items_purchased":["Membership Card","After Image","Panache","Question Card","BlessingOfTheForge","Footwork"],"campfire_rested":1,"item_purchase_floors":[3,3,21,21,21,21],"current_hp_per_floor":[65,60,60,60,65,46,46,39,39,39,41,43,45,47,47,46,75,56,54,54,54,54,54,17,6,6,28,4,0,0],"gold":252,"neow_bonus":"HUNDRED_GOLD","is_daily":false,"chose_seed":false,"campfire_upgraded":3,"win_rate":0.0,"timestamp":1611931395,"path_taken":["M","M","$","M","?","E","R","?","T","E","?","E","M","M","R","BOSS","M","M","?","$","?","R","E","?","T","R","E","M"],"items_purchased_type":["Relic","Card","Card","Relic","Potion","Card"],"build_version":"2020-12-22","purchased_purges":1,"victory":false,"max_hp_per_floor":[70,70,70,70,75,75,75,75,75,75,75,75,75,75,75,75,75,75,75,75,75,75,75,75,75,75,75,75,75,75],"card_choices":[{"not_picked":["Cloak And Dagger","Predator"],"picked":"Dagger Throw","floor":1},{"not_picked":["Blur","PiercingWail"],"picked":"Footwork","floor":2},{"not_picked":["Endless Agony","Slice"],"picked":"Well Laid Plans","floor":4},{"not_picked":["Tactician","Poisoned Stab"],"picked":"Sucker Punch","floor":6},{"not_picked":["Dash","Unload"],"picked":"Backflip","floor":10},{"not_picked":["Quick Slash","Calculated Gamble"],"picked":"Cloak And Dagger","floor":11},{"not_picked":["Masterful Stab","Heel Hook"],"picked":"Blade Dance","floor":12},{"not_picked":["Choke","Quick Slash","Outmaneuver"],"picked":"SKIP","floor":13},{"not_picked":["Reflex","Crippling Poison"],"picked":"Blade Dance","floor":14},{"not_picked":["Envenom","Venomology"],"picked":"Night Terror","floor":16},{"not_picked":["Underhanded Strike","Outmaneuver"],"picked":"Terror","floor":18},{"not_picked":["Predator","Expertise","Dodge and Roll"],"picked":"SKIP","floor":19},{"not_picked":["Malaise","Outmaneuver","Bouncing Flask+1"],"picked":"Finisher","floor":24},{"not_picked":["Endless Agony","Deflect+1","Crippling Poison"],"picked":"Prepared+1","floor":25},{"not_picked":["Eviscerate","Riddle With Holes","Night Terror"],"picked":"Blur","floor":28}],"player_experience":41586,"relics_obtained":[{"floor":6,"key":"Shuriken"},{"floor":9,"key":"Pantograph"},{"floor":10,"key":"Blood Vial"},{"floor":12,"key":"Ice Cream"},{"floor":17,"key":"Art of War"},{"floor":17,"key":"Gremlin Horn"},{"floor":17,"key":"Old Coin"},{"floor":24,"key":"Bronze Scales"},{"floor":26,"key":"Juzu Bracelet"},{"floor":28,"key":"PreservedInsect"}],"event_choices":[{"damage_healed":0,"gold_gain":0,"player_choice":"Donut","damage_taken":0,"max_hp_gain":5,"max_hp_loss":0,"event_name":"Big Fish","floor":5,"gold_loss":0},{"damage_healed":0,"gold_gain":0,"player_choice":"Damaged","damage_taken":7,"max_hp_gain":0,"max_hp_loss":0,"event_name":"Wheel of Change","floor":8,"gold_loss":0},{"damage_healed":0,"gold_gain":0,"player_choice":"Obtained Relic","damage_taken":0,"relics_obtained":["War Paint"],"max_hp_gain":0,"max_hp_loss":0,"event_name":"Addict","floor":20,"gold_loss":85},{"damage_healed":0,"gold_gain":0,"player_choice":"Bought 0 Potions","damage_taken":0,"max_hp_gain":0,"max_hp_loss":0,"event_name":"The Woman in Blue","floor":22,"gold_loss":0}],"is_beta":false,"boss_relics":[{"not_picked":["Cursed Key","SlaversCollar"],"picked":"Calling Bell"}],"items_purged_floors":[21],"is_endless":false,"potions_floor_spawned":[2,11,12,13,16,18,24],"killed_by":"Snecko","ascension_level":2}}