{"host":"dn6kke80v5f7isus","time":1611897496,"event":{"mods":["AchievementEnabler","Act Like it!","BaseMod","Colored Powertips","Custom Start","Defuse TimeMaze Blight","Gremlin Skip","Highlight Path","Hubris","Infinite Spire","Marisa????????","Minty Spire (QoL Compilation)","Rare Cards Sparkle","Replay The Spire","StSLib","The Servant 0.9.4","Uncapped","Unceasing Turn Reminder"],"gold_per_floor":[113,113,113,125,137,171,171,205,282,282,207,207,207],"floor_reached":12,"language":"ENG","playtime":237,"items_purged":[],"score":90,"play_id":"ce4bdfc7-1c0e-487f-8539-f8f8361e55ab","local_time":"20210129001816","is_ascension_mode":true,"campfire_choices":[{"data":"DoubleSpark","floor":7,"key":"SMITH"},{"floor":10,"key":"REST"}],"circlet_count":0,"master_deck":["Strike_MRS","Strike_MRS","Strike_MRS","Strike_MRS","Defend_MRS","Defend_MRS","Defend_MRS","Defend_MRS","MasterSpark","UpSweep","OrrerysSun","PowerUp","DoubleSpark+1","Singularity"],"relics":["MiniHakkero","NeowsBlessing","FaceOfCleric","Tiny Chest","hubris:Metronome","hubris:Zylophone"],"acts_visited":["Exordium"],"potions_floor_usage":[6],"damage_taken":[{"damage":0,"enemies":"Jaw Worm","floor":1,"turns":1},{"damage":0,"enemies":"Small Slimes","floor":4,"turns":1},{"damage":0,"enemies":"Cultist","floor":5,"turns":1},{"damage":16,"enemies":"Gremlin Nob","floor":6,"turns":3},{"damage":33,"enemies":"Lagavulin","floor":8,"turns":6},{"damage":27,"enemies":"3 Sentries","floor":12,"turns":3}],"seed_played":"443407768736438621","potions_obtained":[{"floor":1,"key":"Fire Potion"}],"is_trial":false,"path_per_floor":["M","?","?","M","M","E","R","E","T","R","?","E"],"character_chosen":"MARISA","items_purchased":[],"campfire_rested":1,"item_purchase_floors":[],"current_hp_per_floor":[75,75,75,76,77,62,62,30,30,53,53,26,26],"gold":207,"neow_bonus":"THREE_ENEMY_KILL","is_daily":false,"chose_seed":false,"campfire_upgraded":1,"win_rate":0.0,"timestamp":1611897496,"path_taken":["M","?","?","M","?","E","R","E","T","R","?","E"],"items_purchased_type":[],"build_version":"2020-12-22","purchased_purges":0,"victory":false,"max_hp_per_floor":[75,75,75,76,77,78,78,79,79,79,79,79,79],"card_choices":[{"not_picked":["SprinkleStarSeal","ShootingEcho"],"picked":"OrrerysSun","floor":1},{"not_picked":["UnstableBomb","Orbital"],"picked":"PowerUp","floor":4},{"not_picked":["EscapeVelocity","MysteriousBeam","LuminesStrike"],"picked":"SKIP","floor":5},{"not_picked":["ManaConvection","IllusionStar"],"picked":"DoubleSpark","floor":6},{"not_picked":["DoubleSpark","AbsoluteMagnitude"],"picked":"Singularity","floor":8}],"player_experience":394167,"relics_obtained":[{"floor":8,"key":"Tiny Chest"},{"floor":9,"key":"hubris:Metronome"}],"event_choices":[{"damage_healed":0,"gold_gain":0,"player_choice":"Trade","damage_taken":0,"relics_obtained":["FaceOfCleric"],"max_hp_gain":0,"max_hp_loss":0,"event_name":"FaceTrader","floor":3,"gold_loss":0},{"damage_healed":0,"gold_gain":0,"player_choice":"Paid Gold","damage_taken":0,"relics_obtained":["hubris:Zylophone"],"max_hp_gain":0,"max_hp_loss":0,"event_name":"WeMeetAgain","floor":11,"gold_loss":75}],"is_beta":false,"boss_relics":[],"items_purged_floors":[],"is_endless":false,"potions_floor_spawned":[1],"killed_by":"3 Sentries","ascension_level":1}}