{"host":"kda2p2afd6bvz6qo","time":1611879184,"event":{"mods":["BaseMod","Colored Map","Minty Spire (QoL Compilation)","Relic Stats"],"gold_per_floor":[112,32,47,66,79,110,121,146,146,146,146,146,146,29,29,124,124,147,170,170,191,212,245,265,300,300,300,300,300,336,352,352,445,445,461,138,471,199,219,254,254,254],"floor_reached":41,"language":"ENG","playtime":2245,"items_purged":["Strike_G","Defend_G"],"score":982,"play_id":"bb8f4c91-c9df-40bd-9e12-cee720785cd6","local_time":"20210129001304","is_ascension_mode":true,"campfire_choices":[{"floor":10.0,"key":"REST"},{"floor":13.0,"key":"REST"},{"data":"Riddle With Holes","floor":15.0,"key":"SMITH"},{"floor":28.0,"key":"REST"},{"floor":32.0,"key":"REST"}],"circlet_count":0,"master_deck":["AscendersBane","Strike_G","Defend_G","Defend_G","Defend_G","Survivor","Neutralize","Choke","Blade Dance","Cloak And Dagger","Cloak And Dagger","PiercingWail","Riddle With Holes+1","Backstab","Injury","Bouncing Flask","Tools of the Trade","Blade Dance+1","Burst","Cloak And Dagger","Acrobatics","Malaise","J.A.X."],"relics":["Busted Crown","Bag of Preparation","Bottled Flame","Shuriken","Du-Vu Doll","Empty Cage","Darkstone Periapt","Calipers","Pen Nib","White Beast Statue","Black Star","Happy Flower","Art of War","Orichalcum","Dream Catcher","Gremlin Horn"],"acts_visited":["Exordium","TheCity","TheBeyond"],"potions_floor_usage":[],"damage_taken":[{"damage":0.0,"enemies":"2 Louse","floor":1.0,"turns":4.0},{"damage":0.0,"enemies":"Small Slimes","floor":3.0,"turns":1.0},{"damage":0.0,"enemies":"Cultist","floor":4.0,"turns":3.0},{"damage":3.0,"enemies":"Looter","floor":5.0,"turns":2.0},{"damage":27.0,"enemies":"Lagavulin","floor":6.0,"turns":6.0},{"damage":8.0,"enemies":"2 Fungi Beasts","floor":7.0,"turns":3.0},{"damage":10.0,"enemies":"3 Sentries","floor":8.0,"turns":10.0},{"damage":20.0,"enemies":"Slime Boss","floor":16.0,"turns":9.0},{"damage":10.0,"enemies":"Shell Parasite","floor":18.0,"turns":3.0},{"damage":0.0,"enemies":"Spheric Guardian","floor":19.0,"turns":1.0},{"damage":8.0,"enemies":"Centurion and Healer","floor":21.0,"turns":3.0},{"damage":0.0,"enemies":"Cultist and Chosen","floor":22.0,"turns":4.0},{"damage":11.0,"enemies":"Book of Stabbing","floor":23.0,"turns":3.0},{"damage":0.0,"enemies":"Snecko","floor":24.0,"turns":2.0},{"damage":18.0,"enemies":"Gremlin Leader","floor":25.0,"turns":6.0},{"damage":3.0,"enemies":"Book of Stabbing","floor":30.0,"turns":5.0},{"damage":0.0,"enemies":"Shelled Parasite and Fungi","floor":31.0,"turns":1.0},{"damage":30.0,"enemies":"Champ","floor":33.0,"turns":7.0},{"damage":21.0,"enemies":"3 Shapes","floor":35.0,"turns":13.0},{"damage":12.0,"enemies":"3 Darklings","floor":39.0,"turns":6.0},{"damage":15.0,"enemies":"Nemesis","floor":40.0,"turns":5.0},{"damage":5,"enemies":"Writhing Mass","floor":41,"turns":1}],"seed_played":"140606338058292154","potions_obtained":[{"floor":1.0,"key":"PowerPotion"},{"floor":6.0,"key":"PowerPotion"},{"floor":7.0,"key":"Dexterity Potion"},{"floor":16.0,"key":"Ancient Potion"},{"floor":21.0,"key":"CunningPotion"},{"floor":24.0,"key":"ColorlessPotion"},{"floor":31.0,"key":"GhostInAJar"},{"floor":33.0,"key":"FearPotion"},{"floor":35.0,"key":"EntropicBrew"},{"floor":40.0,"key":"Swift Potion"}],"is_trial":false,"path_per_floor":["M","$","M","M","M","E","M","E","T","R","?","?","R","$","R","B",null,"M","M","?","M","M","E","M","E","T","?","R","?","E","M","R","B",null,"M","$","?","$","M","E","M"],"character_chosen":"THE_SILENT","items_purchased":["Blade Dance","Cloak And Dagger","Bouncing Flask","Happy Flower","Art of War","Orichalcum"],"campfire_rested":4,"item_purchase_floors":[2,2,14,36,36,38],"current_hp_per_floor":[59,59,59,59,56,29,21,11,11,30,19,19,38,38,38,18,54,44,44,44,36,36,25,25,7,7,7,26,26,23,23,42,12,53,32,32,32,32,20,5,0,0],"gold":254,"neow_bonus":"BOSS_RELIC","is_daily":false,"chose_seed":false,"campfire_upgraded":1,"win_rate":0.0,"timestamp":1611879184,"path_taken":["M","$","M","M","M","E","M","E","T","R","?","?","R","$","R","BOSS","M","M","?","M","M","E","?","E","T","?","R","?","E","?","R","BOSS","M","$","?","$","M","E","M"],"items_purchased_type":["Card","Card","Card","Relic","Relic","Relic"],"build_version":"2020-12-22","purchased_purges":2,"victory":false,"max_hp_per_floor":[66,66,66,66,66,66,66,66,66,66,66,66,66,66,66,66,66,66,66,66,66,66,66,66,66,66,66,66,66,66,66,66,66,66,66,66,66,66,66,66,66,66],"relic_stats":{"Darkstone Periapt":0,"Happy Flower":[4],"Gremlin Horn":[0,0],"counters":[22,98],"Pen Nib":[9],"Bag of Preparation":[34],"Orichalcum":[12],"Dream Catcher":0,"Busted Crown":42,"Shuriken":[46],"Black Star":1,"Art of War":[0],"obtain_stats":[{"Darkstone Periapt":23,"Calipers":25,"Happy Flower":36,"Gremlin Horn":40,"Golden Idol":12,"Pen Nib":26,"Bag of Preparation":6,"Orichalcum":38,"Empty Cage":17,"White Beast Statue":30,"Du-Vu Doll":11,"Bottled Flame":8,"Dream Catcher":40,"Busted Crown":0,"Shuriken":9,"Black Star":34,"Art of War":36,"Ring of the Snake":0},{"Darkstone Periapt":13,"Calipers":15,"Happy Flower":19,"Gremlin Horn":21,"Golden Idol":7,"Pen Nib":15,"Bag of Preparation":5,"Orichalcum":19,"Empty Cage":8,"White Beast Statue":16,"Du-Vu Doll":7,"Bottled Flame":7,"Dream Catcher":21,"Busted Crown":0,"Shuriken":7,"Black Star":18,"Art of War":19,"Ring of the Snake":0},{"Darkstone Periapt":52,"Calipers":60,"Happy Flower":86,"Gremlin Horn":97,"Golden Idol":29,"Pen Nib":60,"Bag of Preparation":16,"Orichalcum":86,"Empty Cage":38,"White Beast Statue":65,"Du-Vu Doll":29,"Bottled Flame":29,"Dream Catcher":97,"Busted Crown":0,"Shuriken":29,"Black Star":73,"Art of War":86,"Ring of the Snake":0}]},"card_choices":[{"not_picked":[],"picked":"Choke","floor":1.0},{"not_picked":[],"picked":"Cloak And Dagger","floor":3.0},{"not_picked":[],"picked":"PiercingWail","floor":4.0},{"not_picked":["PiercingWail"],"picked":"SKIP","floor":5.0},{"not_picked":[],"picked":"Riddle With Holes","floor":6.0},{"not_picked":[],"picked":"Backstab","floor":7.0},{"not_picked":["Underhanded Strike"],"picked":"SKIP","floor":8.0},{"not_picked":[],"picked":"Tools of the Trade","floor":16.0},{"not_picked":[],"picked":"Blade Dance+1","floor":18.0},{"not_picked":["Outmaneuver"],"picked":"SKIP","floor":19.0},{"not_picked":[],"picked":"Cloak And Dagger","floor":21.0},{"not_picked":[],"picked":"Acrobatics","floor":22.0},{"not_picked":["Catalyst"],"picked":"SKIP","floor":23.0},{"not_picked":["Deflect"],"picked":"SKIP","floor":24.0},{"not_picked":[],"picked":"Malaise","floor":25.0},{"not_picked":["Eviscerate"],"picked":"SKIP","floor":30.0},{"not_picked":["Skewer"],"picked":"SKIP","floor":31.0},{"not_picked":["Bane"],"picked":"SKIP","floor":35.0},{"not_picked":["Catalyst"],"picked":"SKIP","floor":39.0},{"not_picked":["Bane"],"picked":"SKIP","floor":40.0}],"player_experience":164682,"relics_obtained":[{"floor":6.0,"key":"Bag of Preparation"},{"floor":8.0,"key":"Bottled Flame"},{"floor":9.0,"key":"Shuriken"},{"floor":23.0,"key":"Darkstone Periapt"},{"floor":25.0,"key":"Calipers"},{"floor":26.0,"key":"Pen Nib"},{"floor":30.0,"key":"White Beast Statue"},{"floor":40.0,"key":"Dream Catcher"},{"floor":40.0,"key":"Gremlin Horn"}],"event_choices":[{"damage_healed":0.0,"max_hp_gain":0.0,"max_hp_loss":0.0,"gold_gain":0.0,"event_name":"Scrap Ooze","player_choice":"Success","floor":11.0,"gold_loss":0.0,"damage_taken":11.0,"relics_obtained":["Du-Vu Doll"]},{"damage_healed":0.0,"max_hp_gain":0.0,"max_hp_loss":0.0,"gold_gain":0.0,"event_name":"Golden Idol","player_choice":"Take Wound","floor":12.0,"gold_loss":0.0,"damage_taken":0.0,"relics_obtained":["Golden Idol"],"cards_obtained":["Injury"]},{"damage_healed":0.0,"max_hp_gain":0.0,"max_hp_loss":0.0,"gold_gain":0.0,"cards_transformed":["Strike_G"],"event_name":"Transmorgrifier","player_choice":"Transformed","floor":20.0,"gold_loss":0.0,"damage_taken":0.0,"cards_obtained":["Burst"]},{"damage_healed":0.0,"max_hp_gain":0.0,"max_hp_loss":0.0,"gold_gain":0.0,"event_name":"Drug Dealer","player_choice":"Obtain J.A.X.","floor":27.0,"gold_loss":0.0,"damage_taken":0.0,"cards_obtained":["J.A.X."]},{"cards_removed":["Strike_G"],"damage_healed":0.0,"max_hp_gain":0.0,"max_hp_loss":0.0,"gold_gain":0.0,"event_name":"Purifier","player_choice":"Purged","floor":29.0,"gold_loss":0.0,"damage_taken":0.0},{"damage_healed":0.0,"max_hp_gain":0.0,"max_hp_loss":0.0,"gold_gain":333.0,"event_name":"The Moai Head","player_choice":"Gave Idol","floor":37.0,"relics_lost":["Golden Idol"],"gold_loss":0.0,"damage_taken":0.0}],"is_beta":false,"boss_relics":[{"not_picked":["Runic Pyramid","Sozu"],"picked":"Empty Cage"},{"not_picked":["Coffee Dripper","SlaversCollar"],"picked":"Black Star"}],"items_purged_floors":[14,38],"is_endless":false,"potions_floor_spawned":[1,6,7,16,18,21,24,31,33,35,39,40],"killed_by":"Writhing Mass","ascension_level":20}}