{"host":"xi8yg1ddhptuxb9d","time":1611882494,"event":{"mods":["AchievementEnabler","AlwaysNeverKeys","BaseMod","Block Reminder","Minty Spire (QoL Compilation)","Relic Sorter","StSLib"],"gold_per_floor":[115,141,158,158,173,205,205,233,233,233,251,264,284,300,300,394,394,417,417,441,441,441],"floor_reached":21,"language":"ENG","playtime":781,"items_purged":[],"score":367,"play_id":"83338e62-3075-43f4-8089-d6129cdec726","local_time":"20210128200814","is_ascension_mode":true,"campfire_choices":[{"floor":7.0,"key":"REST"},{"floor":15.0,"key":"REST"}],"circlet_count":0,"master_deck":["AscendersBane","Strike_G","Strike_G","Strike_G","Strike_G","Strike_G","Defend_G","Defend_G","Defend_G","Defend_G","Defend_G","Survivor","Neutralize","Poisoned Stab","Poisoned Stab","Corpse Explosion","Footwork","Bouncing Flask","Injury","Dagger Throw+1","Bane+1","Dagger Spray+1","Backflip","Venomology","Noxious Fumes+1"],"relics":["Ring of the Snake","Oddly Smooth Stone","Mercury Hourglass","Letter Opener","Molten Egg 2","Golden Idol","SlaversCollar"],"acts_visited":["Exordium","TheCity"],"potions_floor_usage":[20,20,21,21,21],"damage_taken":[{"damage":5.0,"enemies":"Cultist","floor":1.0,"turns":5.0},{"damage":11.0,"enemies":"Jaw Worm","floor":3.0,"turns":7.0},{"damage":4.0,"enemies":"2 Louse","floor":5.0,"turns":3.0},{"damage":19.0,"enemies":"3 Sentries","floor":6.0,"turns":5.0},{"damage":21.0,"enemies":"Gremlin Nob","floor":8.0,"turns":4.0},{"damage":5.0,"enemies":"Large Slime","floor":11.0,"turns":5.0},{"damage":2.0,"enemies":"Red Slaver","floor":12.0,"turns":3.0},{"damage":6.0,"enemies":"Exordium Thugs","floor":13.0,"turns":3.0},{"damage":2.0,"enemies":"Looter","floor":14.0,"turns":2.0},{"damage":14.0,"enemies":"Hexaghost","floor":16.0,"turns":8.0},{"damage":42.0,"enemies":"Shell Parasite","floor":18.0,"turns":6.0},{"damage":11,"enemies":"3 Byrds","floor":20,"turns":3},{"damage":10,"enemies":"Snake Plant","floor":21,"turns":2}],"seed_played":"7589176147757483620","potions_obtained":[{"floor":3.0,"key":"Block Potion"},{"floor":11.0,"key":"Explosive Potion"},{"floor":13.0,"key":"PowerPotion"},{"floor":18.0,"key":"DuplicationPotion"},{"floor":20,"key":"Ancient Potion"}],"is_trial":false,"path_per_floor":["M","T","M","?","M","E","R","E","T","?","M","M","M","M","R","B",null,"M","?","M","M"],"character_chosen":"THE_SILENT","items_purchased":[],"campfire_rested":2,"item_purchase_floors":[],"current_hp_per_floor":[60,60,49,49,45,26,47,26,26,26,21,19,13,11,32,18,59,17,17,6,0,0],"gold":441,"neow_bonus":"TEN_PERCENT_HP_BONUS","is_daily":false,"chose_seed":false,"campfire_upgraded":0,"win_rate":0.0,"timestamp":1611882494,"path_taken":["M","?","M","?","M","E","R","E","T","?","M","M","M","M","R","BOSS","M","?","?","M"],"items_purchased_type":[],"build_version":"2020-12-22","purchased_purges":0,"victory":false,"max_hp_per_floor":[72,72,72,72,72,72,72,72,72,72,72,72,72,72,72,72,72,72,72,72,72,72],"card_choices":[{"not_picked":["Tactician","Deflect"],"picked":"Poisoned Stab","floor":1.0},{"not_picked":["Flying Knee","Outmaneuver"],"picked":"Poisoned Stab","floor":3.0},{"not_picked":["Finisher","Calculated Gamble"],"picked":"Corpse Explosion","floor":5.0},{"not_picked":["Sucker Punch","Escape Plan"],"picked":"Footwork","floor":6.0},{"not_picked":["Concentrate","Infinite Blades"],"picked":"Bouncing Flask","floor":8.0},{"not_picked":["Poisoned Stab+1","Dodge and Roll"],"picked":"Dagger Throw+1","floor":11.0},{"not_picked":["Flying Knee+1","Bullet Time"],"picked":"Bane+1","floor":12.0},{"not_picked":["Choke+1","Slice+1"],"picked":"Dagger Spray+1","floor":13.0},{"not_picked":["Skewer+1","Bane+1"],"picked":"Backflip","floor":14.0},{"not_picked":["Corpse Explosion","Doppelganger"],"picked":"Venomology","floor":16.0},{"not_picked":["Flechettes+1","Dodge and Roll"],"picked":"Noxious Fumes","floor":18.0},{"not_picked":["Bane+1","Underhanded Strike+1","Finisher+1"],"picked":"SKIP","floor":20}],"player_experience":688079,"relics_obtained":[{"floor":2.0,"key":"Oddly Smooth Stone"},{"floor":6.0,"key":"Mercury Hourglass"},{"floor":8.0,"key":"Letter Opener"},{"floor":9.0,"key":"Molten Egg 2"}],"event_choices":[{"damage_healed":0.0,"max_hp_gain":0.0,"max_hp_loss":0.0,"gold_gain":0.0,"event_name":"Golden Wing","player_choice":"Ignored","floor":4.0,"gold_loss":0.0,"damage_taken":0.0},{"damage_healed":0.0,"max_hp_gain":0.0,"max_hp_loss":0.0,"gold_gain":0.0,"event_name":"Golden Idol","player_choice":"Take Wound","floor":10.0,"gold_loss":0.0,"damage_taken":0.0,"relics_obtained":["Golden Idol"],"cards_obtained":["Injury"]},{"damage_healed":0.0,"max_hp_gain":0.0,"max_hp_loss":0.0,"gold_gain":0.0,"event_name":"Upgrade Shrine","player_choice":"Upgraded","floor":19.0,"gold_loss":0.0,"damage_taken":0.0,"cards_upgraded":["Noxious Fumes"]}],"is_beta":false,"boss_relics":[{"not_picked":["SacredBark","Snecko Eye"],"picked":"SlaversCollar"}],"items_purged_floors":[],"is_endless":false,"potions_floor_spawned":[3,11,12,13,14,18,20],"killed_by":"Snake Plant","ascension_level":18}}