{"host":"1dz819zv7fs9tsdy","time":1611881410,"event":{"mods":["AchievementEnabler","BaseMod","Colored Powertips","Curses Come First","Hubris","Minty Spire (QoL Compilation)","Rare Cards Sparkle","StSLib"],"gold_per_floor":[114,127,127,127,77,77,108,108,108,128,147,147,162,182,182,277,277,294,294,72,85,85,120,140,140,140,63,97,97,110,126,126,126,126],"floor_reached":33,"language":"ENG","playtime":2147,"items_purged":[],"score":388,"play_id":"850a3c24-5d39-4dd9-9914-e692556ba40b","local_time":"20210129005010","is_ascension_mode":true,"campfire_choices":[{"data":"Deadly Poison","floor":6,"key":"SMITH"},{"data":"Crippling Poison","floor":12,"key":"SMITH"},{"data":"Poisoned Stab","floor":15,"key":"SMITH"},{"floor":25,"key":"REST"},{"floor":29,"key":"REST"},{"floor":32,"key":"REST"}],"circlet_count":0,"master_deck":["Strike_G","Strike_G","Strike_G","Strike_G","Defend_G","Defend_G","Defend_G","Defend_G","Defend_G","Survivor","Neutralize","Deadly Poison+1","Dagger Throw","Crippling Poison+1","Poisoned Stab","Flying Knee","Poisoned Stab+1","Prepared","Bane","Corpse Explosion","Noxious Fumes","Slice+1","hubris:TrickCloak+1","Dash+1","Well Laid Plans","Backflip+1","Prepared"],"relics":["Ring of the Snake","NeowsBlessing","hubris:Towel","Akabeko","Snake Skull","hubris:HollowSoul","hubris:Icosahedron","Tiny Chest","The Specimen","hubris:Spice","hubris:CrystalStatue","PreservedInsect"],"acts_visited":["Exordium","TheCity"],"potions_floor_usage":[16,28,28,31,33,33],"damage_taken":[{"damage":0,"enemies":"Jaw Worm","floor":1,"turns":1},{"damage":0,"enemies":"Small Slimes","floor":2,"turns":1},{"damage":0,"enemies":"Gremlin Nob","floor":7,"turns":1},{"damage":0,"enemies":"2 Louse","floor":10,"turns":1},{"damage":0,"enemies":"Looter","floor":11,"turns":2},{"damage":1,"enemies":"3 Louse","floor":13,"turns":2},{"damage":7,"enemies":"Gremlin Gang","floor":14,"turns":2},{"damage":37,"enemies":"The Guardian","floor":16,"turns":8},{"damage":7,"enemies":"Chosen","floor":18,"turns":3},{"damage":0,"enemies":"3 Byrds","floor":21,"turns":3},{"damage":30,"enemies":"Gremlin Leader","floor":23,"turns":5},{"damage":31,"enemies":"Sentry and Sphere","floor":24,"turns":4},{"damage":12,"enemies":"Book of Stabbing","floor":28,"turns":5},{"damage":8,"enemies":"Chosen and Byrds","floor":30,"turns":3},{"damage":15,"enemies":"Centurion and Healer","floor":31,"turns":3},{"damage":38,"enemies":"Automaton","floor":33,"turns":6}],"seed_played":"8562474494416428770","potions_obtained":[{"floor":10,"key":"LiquidBronze"},{"floor":11,"key":"Weak Potion"},{"floor":14,"key":"LiquidBronze"},{"floor":18,"key":"Block Potion"},{"floor":23,"key":"CultistPotion"},{"floor":28,"key":"EssenceOfSteel"},{"floor":30,"key":"CunningPotion"}],"is_trial":false,"path_per_floor":["M","M","?","?","?","R","E","?","T","M","M","R","M","M","R","B",null,"M","?","$","M","?","E","M","R","T","$","E","R","M","M","R","B"],"character_chosen":"THE_SILENT","items_purchased":["Noxious Fumes","Tiny Chest","LiquidMemories"],"campfire_rested":3,"item_purchase_floors":[20,20,27],"current_hp_per_floor":[70,70,70,63,63,63,63,63,63,63,63,63,62,55,55,18,70,63,63,63,63,63,41,10,33,33,33,21,44,36,21,44,0,0],"gold":126,"neow_bonus":"THREE_ENEMY_KILL","is_daily":false,"chose_seed":false,"campfire_upgraded":3,"win_rate":0.0,"timestamp":1611881410,"path_taken":["M","M","?","?","?","R","E","?","T","M","M","R","M","M","R","BOSS","M","?","$","M","?","E","?","R","T","$","E","R","M","M","R","BOSS"],"items_purchased_type":["Card","Relic","Potion"],"build_version":"2020-12-22","purchased_purges":0,"victory":false,"max_hp_per_floor":[70,70,70,70,70,70,70,70,70,70,70,70,70,70,70,70,70,70,70,70,70,70,78,78,78,78,78,78,78,78,78,78,78,78],"card_choices":[{"not_picked":["hubris:SlightOfHand","Deflect"],"picked":"Deadly Poison","floor":1},{"not_picked":["Outmaneuver","hubris:SlightOfHand"],"picked":"Dagger Throw","floor":2},{"not_picked":["Flying Knee","Slice"],"picked":"Crippling Poison","floor":7},{"not_picked":["Bullet Time","Backflip"],"picked":"Flying Knee","floor":10},{"not_picked":["Cloak And Dagger","Blur"],"picked":"Poisoned Stab","floor":11},{"not_picked":["Accuracy","Predator"],"picked":"Prepared","floor":13},{"not_picked":["Dash","Well Laid Plans"],"picked":"Bane","floor":14},{"not_picked":["Burst","Unload"],"picked":"Corpse Explosion","floor":16},{"not_picked":["Blade Dance","Accuracy","Flechettes"],"picked":"SKIP","floor":18},{"not_picked":["Dagger Spray","Flying Knee"],"picked":"Slice+1","floor":21},{"not_picked":["Prepared","Setup"],"picked":"hubris:TrickCloak+1","floor":23},{"not_picked":["Well Laid Plans","Terror+1"],"picked":"Dash+1","floor":24},{"not_picked":["Flying Knee+1","Choke+1"],"picked":"Well Laid Plans","floor":28},{"not_picked":["Masterful Stab","Sucker Punch"],"picked":"Backflip+1","floor":30},{"not_picked":["hubris:TrickCloak","Accuracy+1"],"picked":"Prepared","floor":31}],"player_experience":340827,"relics_obtained":[{"floor":7,"key":"Snake Skull"},{"floor":23,"key":"hubris:Spice"},{"floor":26,"key":"hubris:CrystalStatue"},{"floor":28,"key":"PreservedInsect"}],"event_choices":[{"damage_healed":0,"gold_gain":0,"player_choice":"Success","damage_taken":7,"relics_obtained":["Akabeko"],"max_hp_gain":0,"max_hp_loss":0,"event_name":"Scrap Ooze","floor":4,"gold_loss":0},{"cards_removed":["Strike_G"],"damage_healed":0,"gold_gain":0,"player_choice":"Card Removal","damage_taken":0,"max_hp_gain":0,"max_hp_loss":0,"event_name":"The Cleric","floor":5,"gold_loss":50},{"damage_healed":0,"gold_gain":0,"player_choice":"Gave Potion","damage_taken":0,"relics_obtained":["The Specimen"],"max_hp_gain":0,"max_hp_loss":0,"event_name":"WeMeetAgain","floor":22,"gold_loss":0}],"is_beta":false,"boss_relics":[{"not_picked":["hubris:GrandSneckoEye","WristBlade"],"picked":"hubris:HollowSoul"}],"items_purged_floors":[],"is_endless":false,"potions_floor_spawned":[10,11,14,18,23,28,30],"killed_by":"Automaton","ascension_level":3}}