{"host":"na09lpbrez4gbfiz","time":1611912514,"event":{"mods":["Act Like it!","BaseMod","BetterRewards","Colored Map","Colored Powertips","DeckTracker","Googly Eyes","Highlight Path","Minty Spire (QoL Compilation)","Quick Restart","Spicy Shops","StSLib","SuperFastMode","Synergy Search"],"gold_per_floor":[110,285,285,57,70,101,101,140,140,159,219,235,235,271,271,271,271],"floor_reached":16,"language":"ENG","playtime":387,"items_purged":["Strike_B"],"score":160,"play_id":"75512f00-2db8-47b3-beaa-f59ba4d92118","local_time":"20210129102834","is_ascension_mode":true,"campfire_choices":[{"data":"Streamline","floor":7,"key":"SMITH"},{"data":"Zap","floor":13,"key":"SMITH"},{"floor":15,"key":"REST"}],"circlet_count":0,"master_deck":["Strike_B","Strike_B","Strike_B","Defend_B","Defend_B","Defend_B","Defend_B","Zap+1","Dualcast","Streamline","Doubt","Streamline+1","Leap","Rebound"],"relics":["SlaversCollar","Golden Idol","Meat on the Bone","Gambling Chip","Dead Branch","Odd Mushroom"],"acts_visited":["Exordium"],"potions_floor_usage":[6,16],"damage_taken":[{"damage":10.0,"enemies":"2 Louse","floor":1.0,"turns":3.0},{"damage":0.0,"enemies":"Small Slimes","floor":5.0,"turns":2.0},{"damage":0,"enemies":"Gremlin Nob","floor":6,"turns":2},{"damage":11,"enemies":"3 Sentries","floor":8,"turns":8},{"damage":0,"enemies":"Jaw Worm","floor":10,"turns":1},{"damage":0,"enemies":"Exordium Wildlife","floor":12,"turns":4},{"damage":27,"enemies":"The Mushroom Lair","floor":14,"turns":4},{"damage":55,"enemies":"Hexaghost","floor":16,"turns":9}],"seed_played":"1668826378449586888","potions_obtained":[{"floor":1.0,"key":"FearPotion"},{"floor":12,"key":"PowerPotion"}],"is_trial":false,"path_per_floor":["M","?","?","$","M","E","R","E","T","M","?","M","R","?","R","B"],"character_chosen":"DEFECT","items_purchased":["Streamline"],"campfire_rested":1,"item_purchase_floors":[4],"current_hp_per_floor":[65,65,47,47,47,47,47,48,48,48,48,48,48,33,55,0,0],"gold":271,"neow_bonus":"BOSS_RELIC","is_daily":false,"chose_seed":false,"campfire_upgraded":2,"win_rate":0.0,"timestamp":1611912514,"path_taken":["M","?","?","?","?","E","R","E","T","M","?","M","R","?","R","BOSS"],"items_purchased_type":["Card"],"build_version":"2020-12-22","purchased_purges":1,"victory":false,"max_hp_per_floor":[75,75,75,75,75,75,75,75,75,75,75,75,75,75,75,75,75],"card_choices":[{"not_picked":["Blizzard","Ball Lightning"],"picked":"Streamline","floor":1.0},{"not_picked":["Ball Lightning","Sunder"],"picked":"Leap","floor":5.0},{"not_picked":["Barrage","Compile Driver","Rebound"],"picked":"SKIP","floor":6},{"not_picked":["Barrage","Compile Driver"],"picked":"Rebound","floor":6},{"not_picked":["Auto Shields","Steam Power","Sweeping Beam"],"picked":"SKIP","floor":8},{"not_picked":["Conserve Battery","Cold Snap","Blizzard"],"picked":"SKIP","floor":10},{"not_picked":["Self Repair","Fusion","Steam Power"],"picked":"SKIP","floor":12}],"player_experience":203213,"relics_obtained":[{"floor":6,"key":"Meat on the Bone"},{"floor":8,"key":"Gambling Chip"},{"floor":9,"key":"Dead Branch"},{"floor":14,"key":"Odd Mushroom"}],"event_choices":[{"damage_healed":0.0,"max_hp_gain":0.0,"max_hp_loss":0.0,"gold_gain":175.0,"event_name":"Liars Game","player_choice":"AGREE","floor":2.0,"gold_loss":0.0,"damage_taken":0.0,"cards_obtained":["Doubt"]},{"damage_healed":0.0,"max_hp_gain":0.0,"max_hp_loss":0.0,"gold_gain":0.0,"event_name":"Golden Idol","player_choice":"Take Damage","floor":3.0,"gold_loss":0.0,"damage_taken":18.0,"relics_obtained":["Golden Idol"]},{"damage_healed":0,"gold_gain":60,"player_choice":"Gained Gold","damage_taken":0,"max_hp_gain":0,"max_hp_loss":0,"event_name":"Golden Wing","floor":11,"gold_loss":0},{"damage_healed":0,"gold_gain":0,"player_choice":"Fought Mushrooms","damage_taken":0,"max_hp_gain":0,"max_hp_loss":0,"event_name":"Mushrooms","floor":14,"gold_loss":0}],"is_beta":false,"boss_relics":[],"items_purged_floors":[4],"is_endless":false,"potions_floor_spawned":[1,12],"killed_by":"Hexaghost","ascension_level":4}}