{"host":"6h0diz2ap0m56grs","time":1611901486,"event":{"mods":["2.2 Compatiblity","BaseMod","Colored Map","Marisa????????","Minty Spire (QoL Compilation)","Quick Restart","Replay The Spire","Shop Mod","StSLib","The Servant 0.9.4"],"gold_per_floor":[113,128,128,128,141,173,173,202,227,264,264,264,264,290,290,401,401,431,431,431,464,385,453,491,545,593,634,700,700,337,398,398,513,513,537,591,395,89,0,42,42,42,42,0,0,38,38,38,38,64],"floor_reached":51,"language":"ENG","playtime":1496,"items_purged":["MilkyWay"],"score":1288,"play_id":"d164945f-0644-4b23-af3a-741cf3ac483a","local_time":"20210129002446","daily_mods":["SealedDeck","Heirloom","Time Dilation","Flight"],"is_ascension_mode":true,"campfire_choices":[{"data":"PulseMagic","floor":7,"key":"SMITH"},{"data":"SprinkleStarSeal","floor":12,"key":"SMITH"},{"data":"MilkyWay","floor":13,"key":"SMITH"},{"data":"MilkyWay","floor":15,"key":"SMITH"},{"data":"MillisecondPulsars","floor":29,"key":"SMITH"},{"data":"OortCloud","floor":32,"key":"SMITH"},{"data":"MilkyWay","floor":41,"key":"SMITH"},{"data":"OortCloud","floor":42,"key":"SMITH"},{"data":"MilkyWay","floor":45,"key":"SMITH"},{"data":"OortCloud","floor":47,"key":"SMITH"},{"data":"OortCloud","floor":49,"key":"SMITH"}],"circlet_count":0,"master_deck":["PulseMagic+1","GrandCross","OortCloud+1","UnstableBomb","MachineGunSpark","OortCloud+1","UnstableBomb","MilkyWay+1","MilkyWay+1","MilkyWay+1","OortCloud+1","ShootTheMoon","SprinkleStarSeal+1","GrandCross","MillisecondPulsars+1","SporeBomb+1","MilkyWay+1","OortCloud+1","Parasite","Parasite","MachineGunSpark","PowerUp","UltimateShortwave","PropBag+1","LuminesStrike+1","ReplayTheSpireMod:Brewmster+1","6A+1","GrandCross","Bandage Up"],"relics":["MiniHakkero","replay:Trail_Library","Replay:Towering Pillar of Hats","Replay:Rubber Ducky","Replay:Bandana","Ancient Tea Set","Torii","Coffee Dripper","ShroomBag","Centennial Puzzle","Thread and Needle","Potion Belt","White Beast Statue","MerchantsRug","CaptainsWheel","Honey Jar","Frozen Egg 2","Vajra","Happy Flower","Red Mask","Divine Protection","Kunai"],"acts_visited":["Exordium","TheCity","TheBeyond"],"potions_floor_usage":[6,40,50,50,50,50,50,50,50],"damage_taken":[{"damage":0,"enemies":"2 Louse","floor":1,"turns":2},{"damage":0,"enemies":"Jaw Worm","floor":2,"turns":3},{"damage":0,"enemies":"Small Slimes","floor":5,"turns":3},{"damage":0,"enemies":"3 Sentries","floor":6,"turns":7},{"damage":0,"enemies":"Gremlin Nob","floor":8,"turns":4},{"damage":0,"enemies":"Lagavulin","floor":10,"turns":5},{"damage":0,"enemies":"3 Louse","floor":14,"turns":1},{"damage":0,"enemies":"Slime Boss","floor":16,"turns":5},{"damage":0,"enemies":"2 Thieves","floor":18,"turns":3},{"damage":0,"enemies":"Chosen","floor":21,"turns":2},{"damage":0,"enemies":"Gremlin Leader","floor":23,"turns":4},{"damage":0,"enemies":"Centurion and Healer","floor":24,"turns":4},{"damage":1,"enemies":"Slavers","floor":25,"turns":4},{"damage":9,"enemies":"Book of Stabbing","floor":27,"turns":3},{"damage":0,"enemies":"Replay:Snechameleon","floor":28,"turns":3},{"damage":0,"enemies":"Slavers","floor":31,"turns":3},{"damage":0,"enemies":"Automaton","floor":33,"turns":6},{"damage":0,"enemies":"Orb Walker","floor":35,"turns":2},{"damage":0,"enemies":"Reptomancer","floor":40,"turns":3},{"damage":0,"enemies":"3 Darklings","floor":46,"turns":3},{"damage":0,"enemies":"Time Eater","floor":50,"turns":5}],"seed_played":"3069273169725202198","potions_obtained":[{"floor":1,"key":"BottledSpark"},{"floor":2,"key":"Block Potion"},{"floor":14,"key":"Milkshake"},{"floor":18,"key":"ColorlessPotion"},{"floor":24,"key":"Fire Potion"},{"floor":27,"key":"SkillPotion"},{"floor":28,"key":"FearPotion"},{"floor":31,"key":"Ancient Potion"},{"floor":33,"key":"Weak Potion"},{"floor":35,"key":"Doom Potion"},{"floor":36,"key":"LiquidBronze"},{"floor":40,"key":"LifebloodPotion"},{"floor":46,"key":"Strength Potion"}],"is_trial":true,"path_per_floor":["M","M","?","$","M","E","R","E","T","E","?","R","R","M","R","B",null,"M","$","?","M","$","E","M","E","T","E","E","R","$","E","R","B",null,"M","?","$","$","?","E","R","R","T","$","R","M","R","?","R","B",null],"character_chosen":"MARISA","items_purchased":["OortCloud","White Beast Statue","MerchantsRug","ReplayTheSpireMod:Brewmster+1","Vajra","Happy Flower"],"campfire_rested":0,"item_purchase_floors":[22,30,30,37,38,38],"current_hp_per_floor":[75,75,75,75,75,75,75,75,75,75,75,75,75,75,75,75,75,75,75,75,75,75,75,75,82,82,75,79,79,79,82,82,82,82,82,62,62,62,62,64,64,64,64,64,64,64,64,64,64,77],"gold":64,"neow_bonus":"","is_daily":false,"chose_seed":false,"campfire_upgraded":11,"win_rate":0.0,"timestamp":1611901486,"path_taken":["M","M","?","$","M","E","R","E","T","E","?","R","R","M","R","BOSS","M","$","?","M","$","E","M","E","T","E","E","R","$","E","R","BOSS","M","?","$","$","?","E","R","R","T","$","R","M","R","?","R","BOSS"],"items_purchased_type":["Card","Relic","Relic","Card","Relic","Relic"],"build_version":"2020-12-22","purchased_purges":1,"victory":true,"max_hp_per_floor":[75,75,75,75,75,75,75,75,75,75,75,75,75,75,75,75,75,75,75,75,75,75,75,75,82,82,82,82,82,82,82,82,82,82,82,82,82,82,82,82,82,82,82,82,82,82,82,82,82,82],"card_choices":[{"not_picked":["EarthLightRay","GalacticHalo"],"picked":"OortCloud","floor":1},{"not_picked":["PulseMagic","NonDirectionalLaser"],"picked":"ShootTheMoon","floor":2},{"not_picked":["GrandCross","SuperPerseids","PulseMagic"],"picked":"SKIP","floor":5},{"not_picked":["MaximisePower","EnergyFlow","SporeBomb"],"picked":"SKIP","floor":6},{"not_picked":["JA","GravityBeat"],"picked":"SprinkleStarSeal","floor":8},{"not_picked":["SuperPerseids","LuminesStrike"],"picked":"GrandCross","floor":10},{"not_picked":["WitchOfGreed","GalacticHalo","DC"],"picked":"SKIP","floor":14},{"not_picked":["BlazingStar","StarDustReverie"],"picked":"MillisecondPulsars","floor":16},{"not_picked":["ChargingUp","GalacticHalo"],"picked":"SporeBomb+1","floor":18},{"not_picked":["Occultation","DC"],"picked":"MilkyWay","floor":21},{"not_picked":["SuperPerseids","OrrerysSun"],"picked":"MachineGunSpark","floor":23},{"not_picked":["WitchLeyline","GasGiant","BlazeAway"],"picked":"SKIP","floor":24},{"not_picked":["IllusionStar","LuminesStrike+1","OrrerysSun"],"picked":"SKIP","floor":25},{"not_picked":["WitchOfGreed","DoubleSpark","UnstableBomb"],"picked":"SKIP","floor":27},{"not_picked":["OrrerysSun","GravityBeat+1"],"picked":"PowerUp","floor":28},{"not_picked":["LuminesStrike","CasketOfStar","ShootTheMoon+1"],"picked":"SKIP","floor":31},{"not_picked":["AbsoluteMagnitude","SatelliteIllusion"],"picked":"UltimateShortwave","floor":33},{"not_picked":["FairyDestructionRay","GrandCross","DragonMeteor"],"picked":"PropBag+1","floor":35},{"not_picked":["GalacticHalo","Occultation+1","MysteriousBeam"],"picked":"LuminesStrike+1","floor":36},{"not_picked":["DoubleSpark+1","MeteoricShower+1","Robbery+1"],"picked":"6A+1","floor":40},{"not_picked":["DC","MysteriousBeam","OrrerysSun+1"],"picked":"GrandCross","floor":46},{"not_picked":["Madness","PanicButton","ReplayTheSpireMod:Uncanny Aura"],"picked":"Bandage Up","floor":48}],"player_experience":233010,"relics_obtained":[{"floor":6,"key":"Replay:Rubber Ducky"},{"floor":8,"key":"Replay:Bandana"},{"floor":9,"key":"Ancient Tea Set"},{"floor":10,"key":"Torii"},{"floor":23,"key":"ShroomBag"},{"floor":25,"key":"Strawberry"},{"floor":26,"key":"Centennial Puzzle"},{"floor":27,"key":"Thread and Needle"},{"floor":28,"key":"Potion Belt"},{"floor":31,"key":"CaptainsWheel"},{"floor":36,"key":"Frozen Egg 2"},{"floor":40,"key":"Divine Protection"},{"floor":43,"key":"Kunai"}],"event_choices":[{"cards_removed":["StarBarrage"],"damage_healed":0,"gold_gain":0,"player_choice":"Card Removal","damage_taken":0,"max_hp_gain":0,"max_hp_loss":0,"event_name":"The Cleric","floor":11,"gold_loss":50},{"damage_healed":0,"gold_gain":0,"player_choice":"Leave","damage_taken":0,"max_hp_gain":0,"max_hp_loss":0,"event_name":"The Cleric","floor":11,"gold_loss":0},{"damage_healed":0,"gold_gain":0,"player_choice":"Ignored","damage_taken":0,"max_hp_gain":0,"max_hp_loss":0,"event_name":"Ghosts","floor":20,"gold_loss":0},{"damage_healed":0,"gold_gain":0,"player_choice":"Paid","damage_taken":0,"relics_obtained":["Red Mask"],"max_hp_gain":0,"max_hp_loss":0,"event_name":"Tomb of Lord Red Mask","floor":39,"gold_loss":89},{"damage_healed":0,"gold_gain":0,"player_choice":"Memory 1","damage_taken":0,"max_hp_gain":0,"max_hp_loss":0,"event_name":"SensoryStone","floor":48,"gold_loss":0}],"is_beta":false,"boss_relics":[{"not_picked":["Sozu","Kintsugi"],"picked":"Coffee Dripper"},{"not_picked":["Fusion Hammer","Replay:Ancient Bell"],"picked":"Honey Jar"}],"items_purged_floors":[44],"is_endless":false,"potions_floor_spawned":[1,2,14,18,24,27,28,31,33,35,40,46],"ascension_level":1}}