{"host":"t75twhtg6c476ygg","time":1611939585,"event":{"mods":["AchievementEnabler","BaseMod","Colored Powertips","Minty Spire (QoL Compilation)","Quick Restart","Relic Stats","StSLib","SuperFastMode"],"gold_per_floor":[114,114,339,439,454,484,484,499,499,499,514,529,11,26,26,126,126,150,150,750,774,689,689,704,704,704,719,743,758,773,773,773],"floor_reached":31,"language":"ENG","playtime":1464,"items_purged":["Unload","Night Terror"],"score":316,"play_id":"ecd49d54-19d5-4cd1-8bc0-150ac22b5f1c","local_time":"20210129165945","daily_mods":["Shiny","ControlledChaos","Lethality"],"is_ascension_mode":false,"campfire_choices":[{"data":"Wraith Form v2","floor":7.0,"key":"SMITH"},{"data":"Adrenaline","floor":10.0,"key":"SMITH"},{"data":"Wraith Form v2","floor":15.0,"key":"SMITH"},{"data":"Backstab","floor":23,"key":"SMITH"}],"circlet_count":0,"master_deck":["Venomology","Corpse Explosion","Malaise","Phantasmal Killer","Die Die Die","Adrenaline+1","Envenom","Burst","Wraith Form v2+1","Tools of the Trade","After Image","Bullet Time","Storm of Steel","Glass Knife","A Thousand Cuts","Infinite Blades","Slice","Footwork","Blade Dance","Wraith Form v2+1","Blade Dance","Backstab+1","Noxious Fumes+1"],"relics":["Ring of the Snake","Frozen Eye","Anchor","Unceasing Top","ClockworkSouvenir","Mummified Hand","Akabeko","Nunchaku","Sling","Bird Faced Urn","Oddly Smooth Stone","Meat on the Bone","Du-Vu Doll","CeramicFish","Darkstone Periapt","Prayer Wheel","Tiny Chest","Happy Flower","Regal Pillow","Toxic Egg 2"],"acts_visited":["Exordium","TheCity"],"potions_floor_usage":[16,24],"damage_taken":[{"damage":1.0,"enemies":"Jaw Worm","floor":1.0,"turns":3.0},{"damage":0.0,"enemies":"Small Slimes","floor":5.0,"turns":2.0},{"damage":0.0,"enemies":"Gremlin Nob","floor":6.0,"turns":3.0},{"damage":0.0,"enemies":"Cultist","floor":8.0,"turns":2.0},{"damage":0.0,"enemies":"Exordium Thugs","floor":11.0,"turns":3.0},{"damage":0.0,"enemies":"Large Slime","floor":12.0,"turns":1.0},{"damage":0.0,"enemies":"Looter","floor":14.0,"turns":1.0},{"damage":6,"enemies":"Hexaghost","floor":16,"turns":4},{"damage":0,"enemies":"2 Thieves","floor":18,"turns":3},{"damage":0,"enemies":"Spheric Guardian","floor":21,"turns":2},{"damage":0,"enemies":"Snecko","floor":24,"turns":2},{"damage":2,"enemies":"Cultist and Chosen","floor":27,"turns":4},{"damage":0,"enemies":"Shelled Parasite and Fungi","floor":28,"turns":3},{"damage":0,"enemies":"Snake Plant","floor":29,"turns":2},{"damage":0,"enemies":"Centurion and Healer","floor":30,"turns":2},{"damage":0,"enemies":"Shelled Parasite and Fungi","floor":31,"turns":3}],"seed_played":"1138922244981197753","potions_obtained":[{"floor":1.0,"key":"Poison Potion"}],"is_trial":false,"path_per_floor":["M","?","$","?","M","E","R","M","T","R","M","M","$","M","R","B",null,"M","?","$","M","?","R","M","?","T","M","M","M","M","M"],"character_chosen":"THE_SILENT","items_purchased":["Anchor","Unceasing Top","ClockworkSouvenir","Fruit Juice","Sling","Bird Faced Urn","Wraith Form v2","Tiny Chest","Happy Flower"],"campfire_rested":0,"item_purchase_floors":[3,3,3,3,13,13,13,20,20],"current_hp_per_floor":[69,62,67,67,67,67,67,67,67,67,67,67,67,71,71,73,75,75,61,61,71,71,71,79,79,79,80,80,80,80,80,80],"gold":773,"neow_bonus":"","is_daily":true,"chose_seed":false,"campfire_upgraded":4,"win_rate":0.0,"timestamp":1611939585,"path_taken":["M","?","$","?","?","E","R","M","T","R","M","M","?","M","R","BOSS","M","?","$","M","?","R","M","?","T","M","?","M","M","M"],"items_purchased_type":["Relic","Relic","Relic","Potion","Relic","Relic","Card","Relic","Relic"],"build_version":"2020-12-22","purchased_purges":2,"victory":false,"max_hp_per_floor":[70,70,75,75,75,75,75,75,75,75,75,75,75,75,75,75,75,75,80,80,80,80,80,80,80,80,80,80,80,80,80,80],"relic_stats":{"Darkstone Periapt":0,"Regal Pillow":0,"Happy Flower":[6],"counters":[16,40],"CeramicFish":27,"Nunchaku":[8],"Mummified Hand":[87],"Bird Faced Urn":[33],"Prayer Wheel":7,"Tiny Chest":0,"obtain_stats":[{"Darkstone Periapt":17,"Regal Pillow":22,"Happy Flower":20,"CeramicFish":17,"Oddly Smooth Stone":17,"Sling":13,"Akabeko":6,"ClockworkSouvenir":3,"Calling Bell":17,"Du-Vu Doll":17,"Frozen Eye":0,"Anchor":3,"Nunchaku":9,"Mummified Hand":6,"Bird Faced Urn":13,"Prayer Wheel":17,"Tiny Chest":20,"Toxic Egg 2":26,"Unceasing Top":3,"Ring of the Snake":0,"Meat on the Bone":17},{"Darkstone Periapt":8,"Regal Pillow":10,"Happy Flower":9,"CeramicFish":8,"Oddly Smooth Stone":8,"Sling":6,"Akabeko":3,"ClockworkSouvenir":1,"Calling Bell":8,"Du-Vu Doll":8,"Frozen Eye":0,"Anchor":1,"Nunchaku":4,"Mummified Hand":3,"Bird Faced Urn":6,"Prayer Wheel":8,"Tiny Chest":9,"Toxic Egg 2":11,"Unceasing Top":1,"Ring of the Snake":0,"Meat on the Bone":8},{"Darkstone Periapt":19,"Regal Pillow":24,"Happy Flower":22,"CeramicFish":19,"Oddly Smooth Stone":19,"Sling":14,"Akabeko":8,"ClockworkSouvenir":3,"Calling Bell":19,"Du-Vu Doll":19,"Frozen Eye":0,"Anchor":3,"Nunchaku":10,"Mummified Hand":6,"Bird Faced Urn":14,"Prayer Wheel":19,"Tiny Chest":22,"Toxic Egg 2":26,"Unceasing Top":3,"Ring of the Snake":0,"Meat on the Bone":19}],"Unceasing Top":[21],"Ring of the Snake":[32],"Meat on the Bone":0},"card_choices":[{"not_picked":["Masterful Stab","Cloak And Dagger"],"picked":"Infinite Blades","floor":1.0},{"not_picked":["Prepared","PiercingWail","Caltrops"],"picked":"SKIP","floor":5.0},{"not_picked":["Quick Slash","Dodge and Roll"],"picked":"Slice","floor":6.0},{"not_picked":["Flying Knee","Envenom"],"picked":"Footwork","floor":8.0},{"not_picked":["Deadly Poison","Choke"],"picked":"Blade Dance","floor":11.0},{"not_picked":["Poisoned Stab","Acrobatics","Dagger Spray"],"picked":"SKIP","floor":12.0},{"not_picked":["Cloak And Dagger","Bane","Dagger Throw"],"picked":"SKIP","floor":14.0},{"not_picked":["Prepared+1","Finisher"],"picked":"Blade Dance","floor":18},{"not_picked":["Cloak And Dagger+1","PiercingWail","Tactician"],"picked":"SKIP","floor":18},{"not_picked":["Infinite Blades","Blade Dance"],"picked":"Backstab","floor":21},{"not_picked":["All Out Attack","Distraction+1","Blade Dance"],"picked":"SKIP","floor":21},{"not_picked":["Dagger Spray","Skewer","Bane+1"],"picked":"SKIP","floor":24},{"not_picked":["Blur","Backstab","Bane"],"picked":"SKIP","floor":24},{"not_picked":["Prepared+1","Quick Slash+1","Escape Plan+1"],"picked":"SKIP","floor":27},{"not_picked":["Backflip+1","Masterful Stab+1","Outmaneuver+1"],"picked":"SKIP","floor":27},{"not_picked":["Storm of Steel+1","Dagger Spray"],"picked":"Noxious Fumes+1","floor":28},{"not_picked":["Finisher","Leg Sweep+1","Underhanded Strike"],"picked":"SKIP","floor":28},{"not_picked":["Quick Slash","Finisher","PiercingWail+1"],"picked":"SKIP","floor":29},{"not_picked":["Finisher","Poisoned Stab","Dagger Spray"],"picked":"SKIP","floor":29},{"not_picked":["Phantasmal Killer+1","All Out Attack","Sucker Punch"],"picked":"SKIP","floor":30},{"not_picked":["Outmaneuver+1","Concentrate+1","Acrobatics+1"],"picked":"SKIP","floor":30}],"player_experience":279547,"relics_obtained":[{"floor":6.0,"key":"Akabeko"},{"floor":9.0,"key":"Nunchaku"},{"floor":17,"key":"Oddly Smooth Stone"},{"floor":17,"key":"Meat on the Bone"},{"floor":17,"key":"Du-Vu Doll"},{"floor":17,"key":"CeramicFish"},{"floor":17,"key":"Darkstone Periapt"},{"floor":17,"key":"Prayer Wheel"},{"floor":26,"key":"Toxic Egg 2"}],"event_choices":[{"cards_removed":["Doppelganger"],"damage_healed":0.0,"max_hp_gain":0.0,"max_hp_loss":0.0,"gold_gain":0.0,"event_name":"Golden Wing","player_choice":"Card Removal","floor":2.0,"gold_loss":0.0,"damage_taken":7.0},{"damage_healed":0.0,"max_hp_gain":0.0,"max_hp_loss":0.0,"gold_gain":100.0,"event_name":"Wheel of Change","player_choice":"Gold","floor":4.0,"gold_loss":0.0,"damage_taken":0.0},{"damage_healed":0,"gold_gain":0,"player_choice":"Shed Blood","damage_taken":19,"max_hp_gain":5,"max_hp_loss":0,"event_name":"Forgotten Altar","floor":19,"gold_loss":0},{"damage_healed":0,"gold_gain":0,"player_choice":"Obtained Relic","damage_taken":0,"relics_obtained":["Regal Pillow"],"max_hp_gain":0,"max_hp_loss":0,"event_name":"Addict","floor":22,"gold_loss":85},{"cards_removed":["Grand Finale"],"damage_healed":0,"gold_gain":0,"player_choice":"Elegance","damage_taken":0,"max_hp_gain":0,"max_hp_loss":0,"event_name":"Back to Basics","floor":25,"gold_loss":0}],"is_beta":false,"boss_relics":[{"not_picked":["Ring of the Serpent","WristBlade"],"picked":"Calling Bell"}],"items_purged_floors":[3,20],"is_endless":false,"potions_floor_spawned":[1,8,11,27,29,30],"killed_by":"Shelled Parasite and Fungi","ascension_level":0}}