{"host":"qj91dvco5uhu9oti","time":1611951774,"event":{"mods":["BaseMod","Colored Map","Keyboard Shortcuts","Minty Spire (QoL Compilation)","Permanent Neow","Relic Stats","StSLib","SuperFastMode","everything is the same but u backflip on backflip"],"gold_per_floor":[115,127,28,28,40,40,57,75,98,98,112,112,122,142,142,243,243,253,130,90,106,106,106,134,134,134,144,171,171,188,205,205,205,205],"floor_reached":33,"language":"KOR","playtime":612,"items_purged":["Strike_R","Strike_R"],"score":306,"play_id":"efa82ab9-2d39-44e2-aaae-9d5b8b16207f","local_time":"20210130052254","is_ascension_mode":false,"campfire_choices":[{"data":"Inflame","floor":6,"key":"SMITH"},{"data":"Heavy Blade","floor":12,"key":"SMITH"},{"data":"Heavy Blade","floor":15,"key":"SMITH"},{"data":"Warcry","floor":23,"key":"SMITH"},{"data":"Warcry","floor":25,"key":"SMITH"},{"data":"Flex","floor":29,"key":"SMITH"},{"floor":32,"key":"REST"}],"circlet_count":0,"master_deck":["Strike_R","Strike_R+1","Strike_R","Defend_R","Defend_R","Defend_R","Defend_R","Bash","Heavy Blade+1","Inflame+1","Heavy Blade+1","Sword Boomerang","Pummel","Evolve","Sword Boomerang","Warcry+1","Reaper+1","Flex+1","Warcry+1","Flex+1","Pain","Uppercut+1","Flex+1"],"relics":["Burning Blood","Strawberry","Cursed Key","Whetstone","Art of War"],"acts_visited":["Exordium","TheCity"],"potions_floor_usage":[16,16,24,28,31],"damage_taken":[{"damage":15,"enemies":"Jaw Worm","floor":1,"turns":4},{"damage":5,"enemies":"Cultist","floor":2,"turns":4},{"damage":3,"enemies":"Small Slimes","floor":5,"turns":3},{"damage":18,"enemies":"Exordium Wildlife","floor":7,"turns":3},{"damage":21,"enemies":"Lots of Slimes","floor":8,"turns":3},{"damage":9,"enemies":"2 Fungi Beasts","floor":11,"turns":2},{"damage":14,"enemies":"Blue Slaver","floor":13,"turns":3},{"damage":5,"enemies":"Looter","floor":14,"turns":4},{"damage":55,"enemies":"Hexaghost","floor":16,"turns":9},{"damage":5,"enemies":"Spheric Guardian","floor":18,"turns":3},{"damage":0,"enemies":"Chosen","floor":21,"turns":4},{"damage":42,"enemies":"Slavers","floor":24,"turns":5},{"damage":4,"enemies":"Centurion and Healer","floor":27,"turns":4},{"damage":64,"enemies":"Book of Stabbing","floor":28,"turns":5},{"damage":25,"enemies":"Snake Plant","floor":30,"turns":4},{"damage":18,"enemies":"Snecko","floor":31,"turns":3},{"damage":91,"enemies":"Automaton","floor":33,"turns":6}],"seed_played":"-7074127558705774327","potions_obtained":[{"floor":2,"key":"Regen Potion"},{"floor":8,"key":"SneckoOil"},{"floor":13,"key":"AttackPotion"},{"floor":16,"key":"ColorlessPotion"},{"floor":20,"key":"DistilledChaos"},{"floor":20,"key":"Weak Potion"},{"floor":20,"key":"AttackPotion"},{"floor":24,"key":"Dexterity Potion"},{"floor":30,"key":"LiquidBronze"}],"is_trial":false,"path_per_floor":["M","M","$","?","M","R","M","M","T","$","M","R","M","M","R","B",null,"M","$","?","M","?","R","E","R","T","M","E","R","M","M","R","B"],"character_chosen":"IRONCLAD","items_purchased":["Heavy Blade","Flex"],"campfire_rested":1,"item_purchase_floors":[3,19],"current_hp_per_floor":[79,80,80,80,83,83,71,56,63,63,60,60,52,53,53,9,95,95,95,95,95,95,95,69,69,69,83,37,37,27,15,43,0,0],"gold":205,"neow_bonus":"TEN_PERCENT_HP_BONUS","is_daily":false,"chose_seed":false,"campfire_upgraded":6,"win_rate":0.0,"timestamp":1611951774,"path_taken":["M","M","$","?","M","R","M","M","T","$","?","R","M","M","R","BOSS","M","$","?","?","?","R","E","R","T","M","E","R","M","M","R","BOSS"],"items_purchased_type":["Card","Card"],"build_version":"2020-12-22","purchased_purges":2,"victory":false,"max_hp_per_floor":[88,88,88,88,88,88,88,88,95,95,95,95,95,95,95,95,95,95,95,95,95,95,95,95,95,95,95,95,95,95,95,95,95,95],"relic_stats":{"counters":[17,69],"Art of War":[1],"Whetstone":["Reaper","Strike_R"],"Cursed Key":1,"obtain_stats":[{"Strawberry":9,"Art of War":28,"Whetstone":24,"Cursed Key":17,"Burning Blood":0},{"Strawberry":5,"Art of War":14,"Whetstone":12,"Cursed Key":9,"Burning Blood":0},{"Strawberry":17,"Art of War":56,"Whetstone":47,"Cursed Key":35,"Burning Blood":0}],"Burning Blood":89},"card_choices":[{"not_picked":["Wild Strike","Armaments"],"picked":"Heavy Blade","floor":1},{"not_picked":["Cleave","Burning Pact"],"picked":"Inflame","floor":2},{"not_picked":["Warcry","Carnage"],"picked":"Sword Boomerang","floor":5},{"not_picked":["Sever Soul","Thunderclap"],"picked":"Pummel","floor":7},{"not_picked":["Wild Strike","Combust"],"picked":"Evolve","floor":8},{"not_picked":["Sentinel","Cleave"],"picked":"Sword Boomerang","floor":11},{"not_picked":["Perfected Strike","Cleave"],"picked":"Warcry","floor":13},{"not_picked":["Berserk","Iron Wave","Thunderclap"],"picked":"SKIP","floor":14},{"not_picked":["Limit Break","Exhume"],"picked":"Reaper","floor":16},{"not_picked":["Evolve","Headbutt+1","Armaments"],"picked":"SKIP","floor":18},{"not_picked":["Havoc","Body Slam+1"],"picked":"Warcry","floor":21},{"not_picked":["Disarm","Thunderclap"],"picked":"Flex+1","floor":24},{"not_picked":["Intimidate","Twin Strike+1","Searing Blow"],"picked":"SKIP","floor":27},{"not_picked":["Havoc","Cleave+1","Flex"],"picked":"SKIP","floor":28},{"not_picked":["Headbutt+1","Anger"],"picked":"Uppercut+1","floor":30},{"not_picked":["Warcry","Shrug It Off"],"picked":"Flex+1","floor":31}],"player_experience":353719,"relics_obtained":[{"floor":9,"key":"Strawberry"},{"floor":24,"key":"Whetstone"},{"floor":28,"key":"Art of War"}],"event_choices":[{"cards_removed":["FlyingSleeves"],"damage_healed":0,"gold_gain":0,"player_choice":"Took Card","damage_taken":0,"max_hp_gain":0,"max_hp_loss":0,"event_name":"NoteForYourself","floor":4,"gold_loss":0,"cards_obtained":["FlyingSleeves"]},{"damage_healed":0,"gold_gain":0,"player_choice":"Bought 3 Potions","damage_taken":0,"max_hp_gain":0,"max_hp_loss":0,"event_name":"The Woman in Blue","floor":20,"gold_loss":0},{"damage_healed":0,"gold_gain":0,"player_choice":"Ignored","damage_taken":0,"max_hp_gain":0,"max_hp_loss":0,"event_name":"Ghosts","floor":22,"gold_loss":0}],"is_beta":false,"boss_relics":[{"not_picked":["Tiny House","Runic Cube"],"picked":"Cursed Key"}],"items_purged_floors":[3,19],"is_endless":false,"potions_floor_spawned":[2,8,13,16,21,24,30],"killed_by":"Automaton","ascension_level":0}}