{"host":"6efts020nftxfcgy","time":1611958236,"event":{"mods":["BaseMod","Downfall","Minty Spire (QoL Compilation)","Poor People Problems","Relic Sorter","Relic Stats","Shop Mod","StSLib","SuperFastMode"],"gold_per_floor":[99,116,133,133,148,165,189,204,36,61,61,61,61,75,89,188,188,188,203,223,108,108,143,143,163,195,214,228,228,128,113,129,224,224,224,238,252,272,443,793,844,744,760,778,778,77,77,101,129,141],"floor_reached":51,"language":"ENG","playtime":6463,"items_purged":["Doubt","Guardian:Defend_Guardian","Guardian:Strike_Guardian","Guardian:Defend_Guardian+1"],"score":870,"play_id":"ee5f1c9f-e22b-47d2-8d20-abaac1d9b206","local_time":"20210129221036","is_ascension_mode":false,"campfire_choices":[{"data":"Guardian:CurlUp","floor":1.0,"key":"SMITH"},{"data":"Guardian:BodySlam","floor":11.0,"key":"SMITH"},{"data":"Guardian:PiercingHide","floor":13.0,"key":"SMITH"},{"data":"Guardian:StasisField","floor":18,"key":"SMITH"},{"floor":30,"key":"DIG"},{"data":"Guardian:TemporalShield","floor":35,"key":"SMITH"},{"floor":42,"key":"RECALL"},{"floor":47,"key":"DIG"}],"circlet_count":0,"master_deck":["Guardian:Defend_Guardian+1","Guardian:CurlUp+1","Guardian:TwinSlam","Guardian:BodySlam+1","Guardian:PiercingHide+1","Guardian:ArmoredProtocol","Guardian:BronzeOrb","Guardian:DecasProtection","Guardian:EvasiveProtocol","Guardian:StasisField+1","Guardian:TemporalShield+1","Guardian:TemporalStrike","Guardian:TemporalShield+1","Guardian:Reroute","Guardian:TemporalStrike","Guardian:BodySlam+1","expansioncontent:PrepareCrush"],"relics":["Guardian:ModeShifter","Boot","Vajra","SlaversCollar","Omamori","Shovel","Letter Opener","downfall:HeartBlessingGreen","Mercury Hourglass","Cursed Key","Old Coin","War Paint","downfall:HeartBlessingBlue","Kunai","Pen Nib","Toolbox","MawBank"],"acts_visited":["Exordium","TheCity","TheBeyond"],"potions_floor_usage":[26],"damage_taken":[{"damage":1.0,"enemies":"Jaw Worm","floor":2.0,"turns":4.0},{"damage":1.0,"enemies":"Cultist","floor":3.0,"turns":4.0},{"damage":0.0,"enemies":"2 Louse","floor":5.0,"turns":3.0},{"damage":8.0,"enemies":"Gremlin Gang","floor":6.0,"turns":5.0},{"damage":12.0,"enemies":"Exordium Thugs","floor":8.0,"turns":4.0},{"damage":5.0,"enemies":"downfall:FleeingMerchant","floor":9.0,"turns":4.0},{"damage":0.0,"enemies":"Lagavulin","floor":10.0,"turns":6.0},{"damage":0.0,"enemies":"Large Slime","floor":14.0,"turns":4.0},{"damage":0.0,"enemies":"Blue Slaver","floor":15.0,"turns":3.0},{"damage":5.0,"enemies":"SI_SHIV_ARCHETYPE","floor":16.0,"turns":7.0},{"damage":1,"enemies":"3 Byrds","floor":19,"turns":4},{"damage":0,"enemies":"Shell Parasite","floor":20,"turns":3},{"damage":0,"enemies":"downfall:FleeingMerchant","floor":21,"turns":4},{"damage":0,"enemies":"Gremlin Leader","floor":23,"turns":5},{"damage":0,"enemies":"Centurion and Healer","floor":25,"turns":5},{"damage":12,"enemies":"Book of Stabbing","floor":26,"turns":5},{"damage":0,"enemies":"Shelled Parasite and Fungi","floor":27,"turns":5},{"damage":0,"enemies":"Snake Plant","floor":28,"turns":4},{"damage":0,"enemies":"downfall:FleeingMerchant","floor":31,"turns":4},{"damage":0,"enemies":"Centurion and Healer","floor":32,"turns":5},{"damage":0,"enemies":"DF_ARCHETYPE_CLAW","floor":33,"turns":8},{"damage":0,"enemies":"3 Darklings","floor":36,"turns":5},{"damage":0,"enemies":"3 Shapes","floor":37,"turns":3},{"damage":4,"enemies":"Writhing Mass","floor":38,"turns":4},{"damage":0,"enemies":"downfall:FleeingMerchant","floor":39,"turns":1},{"damage":0,"enemies":"downfall:FleeingMerchant","floor":40,"turns":4},{"damage":0,"enemies":"3 Darklings","floor":43,"turns":3},{"damage":0,"enemies":"Jaw Worm Horde","floor":44,"turns":3},{"damage":0,"enemies":"Transient","floor":48,"turns":5},{"damage":0,"enemies":"3 Darklings","floor":49,"turns":3},{"damage":0,"enemies":"WA_ARCHETYPE_DIVINITY","floor":50,"turns":14}],"seed_played":"-4482079458154405960","potions_obtained":[{"floor":2.0,"key":"Strength Potion"},{"floor":5.0,"key":"AttackPotion"},{"floor":14.0,"key":"EssenceOfSteel"},{"floor":20,"key":"champ:CounterPotion"},{"floor":25,"key":"DistilledChaos"},{"floor":27,"key":"DistilledChaos"},{"floor":37,"key":"Block Potion"},{"floor":40,"key":"CultistPotion"}],"is_trial":false,"path_per_floor":["R","M","M","?","M","M","T","M","$","E","R","?","R","M","M","B",null,"R","M","M","$","?","E","T","M","E","M","M","?","R","$","M","B",null,"R","M","M","M","$","?","T","R","M","M","?","$","R","M","M","B",null],"character_chosen":"GUARDIAN","items_purchased":["Guardian:BronzeOrb","Guardian:Reroute","Kunai","Pen Nib","Toolbox"],"campfire_rested":0,"item_purchase_floors":[9,39,46,46,46],"current_hp_per_floor":[88,87,86,86,86,78,78,66,61,61,61,54,54,54,54,49,88,88,87,87,87,87,87,87,87,75,75,75,75,75,75,75,75,88,88,88,88,84,84,84,84,94,94,94,94,94,94,94,94,94],"gold":153,"neow_bonus":"TEN_PERCENT_HP_BONUS","is_daily":false,"chose_seed":false,"campfire_upgraded":5,"win_rate":0.0,"timestamp":1611958236,"path_taken":["R","M","M","?","?","M","T","M","$","E","R","?","R","M","M","BOSS","R","M","M","$","?","E","T","M","E","?","M","?","R","?","M","BOSS","R","M","M","M","$","?","T","R","M","M","?","$","R","M","M","BOSS"],"items_purchased_type":["Card","Card","Relic","Relic","Relic"],"build_version":"2020-12-22","purchased_purges":4,"victory":true,"max_hp_per_floor":[88,88,88,88,88,88,88,88,88,88,88,88,88,88,88,88,88,88,88,88,88,88,88,88,88,88,88,88,88,88,88,88,88,88,88,88,88,88,88,88,88,98,98,98,98,98,98,98,98,98],"relic_stats":{"Shovel":2,"counters":[31,141],"Pen Nib":[6],"Letter Opener":[259],"Kunai":[11],"War Paint":["Guardian:Defend_Guardian","Guardian:Defend_Guardian"],"Boot":[66],"Cursed Key":1,"MawBank":48,"obtain_stats":[{"Guardian:ModeShifter":0,"Vajra":12,"downfall:HeartBlessingGreen":30,"Pen Nib":46,"Omamori":23,"Letter Opener":26,"War Paint":41,"Boot":10,"Cursed Key":34,"MawBank":47,"Mercury Hourglass":30,"Old Coin":40,"SlaversCollar":17,"Shovel":24,"downfall:HeartBlessingBlue":42,"Toolbox":46,"Kunai":46},{"Guardian:ModeShifter":0,"Vajra":7,"downfall:HeartBlessingGreen":18,"Pen Nib":28,"Omamori":14,"Letter Opener":16,"War Paint":26,"Boot":7,"Cursed Key":21,"MawBank":28,"Mercury Hourglass":18,"Old Coin":26,"SlaversCollar":10,"Shovel":14,"downfall:HeartBlessingBlue":26,"Toolbox":28,"Kunai":28},{"Guardian:ModeShifter":0,"Vajra":30,"downfall:HeartBlessingGreen":79,"Pen Nib":119,"Omamori":60,"Letter Opener":70,"War Paint":113,"Boot":30,"Cursed Key":96,"MawBank":119,"Mercury Hourglass":79,"Old Coin":113,"SlaversCollar":44,"Shovel":60,"downfall:HeartBlessingBlue":113,"Toolbox":119,"Kunai":119}],"Mercury Hourglass":[177]},"card_choices":[{"not_picked":["Guardian:Incinerate","Guardian:Gem_Green"],"picked":"Guardian:BodySlam","floor":2.0},{"not_picked":["Guardian:CrystalBeam","Guardian:Repulse","Guardian:Gem_Fragmented"],"picked":"SKIP","floor":3.0},{"not_picked":["Guardian:VentSteam","Guardian:Repulse","Guardian:WalkerClaw"],"picked":"SKIP","floor":5.0},{"not_picked":["Guardian:Gem_Green","Guardian:Planning"],"picked":"Guardian:PiercingHide","floor":6.0},{"not_picked":["Guardian:VentSteam","Guardian:Suspension"],"picked":"Guardian:Gem_Lightblue","floor":8.0},{"not_picked":["Guardian:TimeSifter","Guardian:DonusPower"],"picked":"Guardian:ArmoredProtocol","floor":9.0},{"not_picked":["Guardian:Emergency","Guardian:Repulse"],"picked":"Guardian:Gem_White","floor":10.0},{"not_picked":["Guardian:ShieldCharger","Guardian:Preprogram"],"picked":"Guardian:DecasProtection","floor":14.0},{"not_picked":["Guardian:VentSteam","Guardian:TemporalShield"],"picked":"Guardian:EvasiveProtocol","floor":15.0},{"not_picked":["Guardian:Gem_Orange","Guardian:SphericShield"],"picked":"Guardian:StasisField","floor":16.0},{"not_picked":["Guardian:Gem_Lightblue","Guardian:Suspension","Guardian:Planning"],"picked":"SKIP","floor":19},{"not_picked":["Guardian:DonusPower","Guardian:TimeBomb","Guardian:CrystalBeam"],"picked":"SKIP","floor":20},{"not_picked":["Guardian:TemporalStrike","Guardian:WalkerClaw"],"picked":"Guardian:TemporalShield+1","floor":21},{"not_picked":["Guardian:RefractedBeam","Guardian:ConstructionForm","Guardian:ShieldSpikes"],"picked":"SKIP","floor":23},{"not_picked":["Guardian:PrimingBeam","Guardian:VentSteam+1"],"picked":"Guardian:Gem_Blue","floor":25},{"not_picked":["Guardian:WalkerClaw","Guardian:Recover","Guardian:Emergency"],"picked":"SKIP","floor":26},{"not_picked":["Guardian:DonusPower","Guardian:Gem_Blue"],"picked":"Guardian:Gem_White","floor":27},{"not_picked":["Guardian:Suspension","Guardian:ShieldCharger","Guardian:Gem_Lightblue"],"picked":"SKIP","floor":28},{"not_picked":["Guardian:Gem_Cyan","Guardian:Gem_Green"],"picked":"Guardian:TemporalStrike","floor":31},{"not_picked":["Guardian:ShieldCharger","Guardian:TemporalStrike"],"picked":"Guardian:TemporalShield","floor":32},{"not_picked":["Guardian:BaubleBeam","Guardian:RevengeProtocol"],"picked":"Guardian:Gem_Orange","floor":33},{"not_picked":["Guardian:PrismaticBeam","Guardian:DecasProtection+1","Guardian:ShieldSpikes+1"],"picked":"SKIP","floor":36},{"not_picked":["Guardian:PrimingBeam+1","Guardian:PiercingHide","Guardian:Reroute+1"],"picked":"SKIP","floor":37},{"not_picked":["Guardian:PrimingBeam","Guardian:TimeBomb+1","Guardian:Reroute"],"picked":"SKIP","floor":38},{"not_picked":["Guardian:ArmoredProtocol","Guardian:TemporalShield"],"picked":"Guardian:Gem_Synthetic","floor":39},{"not_picked":["Guardian:Gem_Crimson","Guardian:Planning"],"picked":"Guardian:TemporalStrike","floor":40},{"not_picked":["Guardian:RollAttack+1","Guardian:TimeCapacitor","Guardian:CrystalBeam+1"],"picked":"SKIP","floor":43},{"not_picked":["Guardian:Gem_Lightblue","Guardian:ShieldSpikes+1"],"picked":"Guardian:BodySlam+1","floor":44},{"not_picked":["expansioncontent:LastStand","expansioncontent:AwakenDeath"],"picked":"expansioncontent:PrepareCrush","floor":45},{"not_picked":["Guardian:PrimingBeam","Guardian:Gem_Red","Guardian:GuardianWhirl"],"picked":"SKIP","floor":48},{"not_picked":["Guardian:TemporalStrike","Guardian:ChargeCore","Guardian:Gem_Red"],"picked":"SKIP","floor":49}],"player_experience":394109,"relics_obtained":[{"floor":10.0,"key":"Boot"},{"floor":23,"key":"Omamori"},{"floor":24,"key":"Shovel"},{"floor":26,"key":"Letter Opener"},{"floor":30,"key":"Mercury Hourglass"},{"floor":40,"key":"Old Coin"},{"floor":41,"key":"War Paint"},{"floor":47,"key":"MawBank"}],"event_choices":[{"damage_healed":0.0,"max_hp_gain":0.0,"max_hp_loss":0.0,"gold_gain":0.0,"event_name":"Scrap Ooze","player_choice":"Success","floor":12.0,"gold_loss":0.0,"damage_taken":7.0,"relics_obtained":["Vajra"]},{"cards_removed":["Guardian:Strike_Guardian"],"damage_healed":0,"gold_gain":0,"player_choice":"Offered Basic","damage_taken":0,"max_hp_gain":0,"max_hp_loss":0,"event_name":"Bonfire Elementals","floor":22,"gold_loss":0},{"damage_healed":0,"gold_gain":0,"player_choice":"Ignored","damage_taken":0,"max_hp_gain":0,"max_hp_loss":0,"event_name":"Vampires","floor":29,"gold_loss":0}],"is_beta":false,"boss_relics":[{"not_picked":["Busted Crown","Calling Bell"],"picked":"SlaversCollar"},{"not_picked":["Tiny House","Guardian:ModeShifterPlus"],"picked":"Cursed Key"}],"items_purged_floors":[9,21,39,46],"is_endless":false,"potions_floor_spawned":[2,5,14,20,25,27,28,32,37,40,43,44],"ascension_level":0}}