{"host":"jvmr1bdatkd7dmak","time":1611922465,"event":{"mods":["BaseMod","Minty Spire (QoL Compilation)"],"gold_per_floor":[112,122,222,238,249,249,31,51,51,70,83,33,33,33,33,156,156,171,171,194,210,226,226,50,50,76,76,91,16,31,50,50,180,180,194,194,207,227,227,227,252,265,265,265,265,177,197,97,97,97],"floor_reached":51,"language":"ENG","playtime":2643,"items_purged":["Strike_B","Defend_B","Strike_B","Strike_B","Defend_B","Defend_B"],"score":668,"play_id":"b0b4070c-b4ce-4491-8dbc-c04e2c62320d","local_time":"20210129201425","is_ascension_mode":false,"campfire_choices":[{"data":"Beam Cell","floor":6,"key":"SMITH"},{"data":"Streamline","floor":15,"key":"SMITH"},{"data":"Fission","floor":23,"key":"SMITH"},{"data":"Defragment","floor":25,"key":"SMITH"},{"data":"Defragment","floor":27,"key":"SMITH"},{"data":"Dualcast","floor":32,"key":"SMITH"},{"data":"Zap","floor":40,"key":"SMITH"},{"data":"Sweeping Beam","floor":45,"key":"SMITH"},{"floor":49,"key":"REST"}],"circlet_count":0,"master_deck":["Strike_B","Zap+1","Dualcast+1","Leap","Sweeping Beam","Beam Cell+1","Coolheaded+1","Chill","Streamline+1","Fission+1","Go for the Eyes+1","Sweeping Beam+1","Defragment+1","Defragment+1","Auto Shields","Machine Learning","Darkness+1"],"relics":["FrozenCore","Membership Card","Odd Mushroom","Emotion Chip","Golden Idol","DollysMirror","Strawberry","Inserter","Blue Candle"],"acts_visited":["Exordium","TheCity","TheBeyond"],"potions_floor_usage":[16,22,22,30,33,38,47],"damage_taken":[{"damage":12,"enemies":"Small Slimes","floor":1,"turns":3},{"damage":1,"enemies":"Cultist","floor":2,"turns":4},{"damage":2,"enemies":"Jaw Worm","floor":4,"turns":3},{"damage":2,"enemies":"2 Fungi Beasts","floor":5,"turns":4},{"damage":12,"enemies":"The Mushroom Lair","floor":8,"turns":3},{"damage":0,"enemies":"3 Louse","floor":10,"turns":2},{"damage":5,"enemies":"Blue Slaver","floor":11,"turns":2},{"damage":5,"enemies":"Slime Boss","floor":16,"turns":10},{"damage":7,"enemies":"Chosen","floor":18,"turns":4},{"damage":11,"enemies":"2 Thieves","floor":20,"turns":4},{"damage":10,"enemies":"Shelled Parasite and Fungi","floor":21,"turns":6},{"damage":12,"enemies":"Snake Plant","floor":22,"turns":3},{"damage":0,"enemies":"3 Cultists","floor":28,"turns":4},{"damage":0,"enemies":"Sentry and Sphere","floor":30,"turns":6},{"damage":7,"enemies":"Centurion and Healer","floor":31,"turns":8},{"damage":8,"enemies":"Champ","floor":33,"turns":16},{"damage":3,"enemies":"Orb Walker","floor":35,"turns":5},{"damage":3,"enemies":"3 Darklings","floor":37,"turns":6},{"damage":25,"enemies":"Jaw Worm Horde","floor":38,"turns":6},{"damage":2,"enemies":"Spire Growth","floor":41,"turns":7},{"damage":5,"enemies":"Maw","floor":42,"turns":9},{"damage":14,"enemies":"Writhing Mass","floor":47,"turns":7},{"damage":34,"enemies":"Donu and Deca","floor":50,"turns":10}],"seed_played":"-300010264590032895","potions_obtained":[{"floor":2,"key":"Ancient Potion"},{"floor":8,"key":"Explosive Potion"},{"floor":10,"key":"EssenceOfSteel"},{"floor":11,"key":"Fire Potion"},{"floor":20,"key":"Fire Potion"},{"floor":28,"key":"Explosive Potion"},{"floor":31,"key":"Dexterity Potion"},{"floor":33,"key":"FearPotion"},{"floor":38,"key":"Explosive Potion"}],"is_trial":false,"path_per_floor":["M","M","?","M","M","R","$","?","T","M","M","$","?","?","R","B",null,"M","?","M","M","M","R","$","R","T","R","M","$","M","M","R","B",null,"M","?","M","M","?","R","M","M","T","?","R","$","M","$","R","B",null],"character_chosen":"DEFECT","items_purchased":["Membership Card","Defragment","DollysMirror"],"campfire_rested":1,"item_purchase_floors":[7,24,24],"current_hp_per_floor":[70,69,69,67,65,65,65,53,53,53,48,48,48,41,41,36,76,69,69,58,48,36,36,36,36,43,43,43,43,43,36,36,28,83,80,80,77,52,52,52,50,45,45,45,45,45,31,31,54,20],"gold":97,"neow_bonus":"TEN_PERCENT_HP_BONUS","is_daily":false,"chose_seed":false,"campfire_upgraded":8,"win_rate":0.0,"timestamp":1611922465,"path_taken":["M","M","?","?","M","R","?","?","T","M","M","$","?","?","R","BOSS","M","?","?","M","M","R","$","R","T","R","M","?","?","M","R","BOSS","M","?","M","M","?","R","?","M","T","?","R","$","M","$","R","BOSS"],"items_purchased_type":["Relic","Card","Relic"],"build_version":"2020-12-22","purchased_purges":6,"victory":true,"max_hp_per_floor":[82,82,82,82,82,82,82,82,82,82,82,82,76,76,76,76,76,76,76,76,76,76,76,76,76,83,83,83,83,83,83,83,83,83,83,83,83,83,83,83,83,83,83,79,79,79,79,79,79,79],"card_choices":[{"not_picked":["Redo","Barrage"],"picked":"Leap","floor":1},{"not_picked":["Conserve Battery","Rebound"],"picked":"Sweeping Beam","floor":2},{"not_picked":["Hello World","Self Repair"],"picked":"Beam Cell","floor":4},{"not_picked":["Barrage","Blizzard"],"picked":"Coolheaded","floor":5},{"not_picked":["Go for the Eyes","Chaos"],"picked":"Chill","floor":8},{"not_picked":["Hello World","Stack"],"picked":"Streamline","floor":10},{"not_picked":["Rebound","Beam Cell","Conserve Battery"],"picked":"SKIP","floor":11},{"not_picked":["Thunder Strike","Meteor Strike"],"picked":"Fission","floor":16},{"not_picked":["Compile Driver","Sunder"],"picked":"Go for the Eyes+1","floor":18},{"not_picked":["Darkness+1","Steam","Heatsinks"],"picked":"SKIP","floor":20},{"not_picked":["Stack","Cold Snap","Go for the Eyes"],"picked":"SKIP","floor":21},{"not_picked":["Sweeping Beam","Rip and Tear+1","Reprogram"],"picked":"SKIP","floor":22},{"not_picked":["Electrodynamics","Hologram+1","Leap+1"],"picked":"SKIP","floor":28},{"not_picked":["Leap","Streamline"],"picked":"Auto Shields","floor":30},{"not_picked":["Coolheaded","Rebound","Compile Driver"],"picked":"SKIP","floor":31},{"not_picked":["Seek","Multi-Cast"],"picked":"Machine Learning","floor":33},{"not_picked":["Recycle","Turbo","Steam+1"],"picked":"SKIP","floor":35},{"not_picked":["Steam+1","Compile Driver","Cold Snap+1"],"picked":"SKIP","floor":37},{"not_picked":["Chaos","Streamline","Sweeping Beam+1"],"picked":"SKIP","floor":38},{"not_picked":["Auto Shields+1","Storm+1","Hologram+1"],"picked":"SKIP","floor":41},{"not_picked":["Ball Lightning","Go for the Eyes"],"picked":"Darkness+1","floor":42},{"not_picked":["Beam Cell+1","Gash","Redo"],"picked":"SKIP","floor":47}],"player_experience":311141,"relics_obtained":[{"floor":8,"key":"Odd Mushroom"},{"floor":9,"key":"Emotion Chip"},{"floor":26,"key":"Strawberry"},{"floor":43,"key":"Blue Candle"}],"event_choices":[{"damage_healed":0,"gold_gain":100,"player_choice":"Pray","damage_taken":0,"max_hp_gain":0,"max_hp_loss":0,"event_name":"Golden Shrine","floor":3,"gold_loss":0},{"damage_healed":0,"gold_gain":0,"player_choice":"Fought Mushrooms","damage_taken":0,"max_hp_gain":0,"max_hp_loss":0,"event_name":"Mushrooms","floor":8,"gold_loss":0},{"damage_healed":0,"gold_gain":0,"player_choice":"Lose Max HP","damage_taken":0,"relics_obtained":["Golden Idol"],"max_hp_gain":0,"max_hp_loss":6,"event_name":"Golden Idol","floor":13,"gold_loss":0},{"cards_removed":["Defend_B"],"damage_healed":0,"gold_gain":0,"player_choice":"Card Removal","damage_taken":7,"max_hp_gain":0,"max_hp_loss":0,"event_name":"Golden Wing","floor":14,"gold_loss":0},{"damage_healed":0,"gold_gain":0,"player_choice":"Copied","damage_taken":0,"max_hp_gain":0,"max_hp_loss":0,"event_name":"Duplicator","floor":19,"gold_loss":0,"cards_obtained":["Sweeping Beam"]},{"damage_healed":0,"gold_gain":0,"player_choice":"Ignored","damage_taken":0,"max_hp_gain":0,"max_hp_loss":0,"event_name":"Mysterious Sphere","floor":36,"gold_loss":0},{"damage_healed":0,"gold_gain":0,"player_choice":"Upgraded","damage_taken":0,"max_hp_gain":0,"max_hp_loss":0,"event_name":"Upgrade Shrine","floor":39,"gold_loss":0,"cards_upgraded":["Coolheaded"]},{"damage_healed":0,"gold_gain":0,"player_choice":"Max HP","damage_taken":0,"max_hp_gain":0,"max_hp_loss":4,"event_name":"Winding Halls","floor":44,"gold_loss":0}],"is_beta":false,"boss_relics":[{"not_picked":["Empty Cage","Nuclear Battery"],"picked":"FrozenCore"},{"not_picked":["Fusion Hammer","Snecko Eye"],"picked":"Inserter"}],"items_purged_floors":[7,12,24,29,46,48],"is_endless":false,"potions_floor_spawned":[2,8,10,11,20,28,31,33,38],"ascension_level":0}}