{"host":"b6hf8n3pu8vqv2wi","time":1611942208,"event":{"mods":["BaseMod","Downfall","Minty Spire (QoL Compilation)","StSLib"],"gold_per_floor":[99,116,136,147,60,79,125,225,242,242,256,281,281,281,281],"floor_reached":13,"language":"ZHS","playtime":1220,"items_purged":[],"score":77,"play_id":"1df31792-b589-45e4-9395-dad5cd8bf44a","local_time":"20210130014328","is_ascension_mode":false,"campfire_choices":[],"circlet_count":0,"master_deck":["sneckomod:Strike","sneckomod:Strike","sneckomod:Strike","sneckomod:Defend","sneckomod:Defend","sneckomod:Defend","sneckomod:TailWhip","sneckomod:SnekBite","sneckomod:Unknown","Slimebound:LeechLife","sneckomod:UnknownStrike","sneckomod:SerpentIdol","sneckomod:CheapStock","sneckomod:RainOfDice","sneckomod:UnendingSupply","sneckomod:SerpentIdol","sneckomod:UnlimitedRolls","sneckomod:MasterEye","sneckomod:WideSting"],"relics":["sneckomod:SneckoSoul","Odd Mushroom"],"acts_visited":["Exordium"],"potions_floor_usage":[6,12,13],"damage_taken":[{"damage":3,"enemies":"Jaw Worm","floor":2,"turns":3},{"damage":7,"enemies":"Small Slimes","floor":3,"turns":4},{"damage":0,"enemies":"Cultist","floor":4,"turns":2},{"damage":0,"enemies":"downfall:FleeingMerchant","floor":5,"turns":4},{"damage":34,"enemies":"Exordium Thugs","floor":6,"turns":5},{"damage":28,"enemies":"Lots of Slimes","floor":9,"turns":4},{"damage":13,"enemies":"3 Louse","floor":11,"turns":4},{"damage":13,"enemies":"The Mushroom Lair","floor":12,"turns":4},{"damage":8,"enemies":"Gremlin Nob","floor":13,"turns":3}],"seed_played":"-5453240958951830682","potions_obtained":[{"floor":2,"key":"AttackPotion"},{"floor":6,"key":"Guardian:BlockOnCardUsePotion"},{"floor":12,"key":"Fire Potion"}],"is_trial":false,"path_per_floor":["R","M","M","M","$","M","T","?","M","?","M","?","E"],"character_chosen":"THE_SNECKO","items_purchased":["sneckomod:UnendingSupply"],"campfire_rested":0,"item_purchase_floors":[5],"current_hp_per_floor":[99,96,89,89,89,55,55,55,27,27,14,1,0,0,0],"gold":281,"neow_bonus":"TEN_PERCENT_HP_BONUS","is_daily":false,"chose_seed":false,"campfire_upgraded":0,"win_rate":0.0,"timestamp":1611942208,"path_taken":["R","M","M","M","$","M","T","?","M","?","M","?","E"],"items_purchased_type":["Card"],"build_version":"2020-12-22","purchased_purges":0,"victory":false,"max_hp_per_floor":[99,99,99,99,99,99,99,99,99,99,99,99,99,99,99],"card_choices":[{"not_picked":["sneckomod:UnknownDraw","sneckomod:QuickBite"],"picked":"sneckomod:UnknownStrike","floor":2},{"not_picked":["sneckomod:UnknownClassBLUE","sneckomod:UnknownBlock"],"picked":"sneckomod:SerpentIdol","floor":3},{"not_picked":["sneckomod:UnknownX","sneckomod:Unknown1Cost"],"picked":"sneckomod:CheapStock","floor":4},{"not_picked":["sneckomod:UnknownCommonSkill","sneckomod:SoulDraw"],"picked":"sneckomod:RainOfDice","floor":5},{"not_picked":["sneckomod:ImprovisedGuard","sneckomod:UnknownX"],"picked":"sneckomod:SerpentIdol","floor":6},{"not_picked":["sneckomod:UnknownClassBLUE","sneckomod:Nope"],"picked":"sneckomod:UnlimitedRolls","floor":9},{"not_picked":["sneckomod:UnknownBlock","sneckomod:DiceBlock"],"picked":"sneckomod:MasterEye","floor":11},{"not_picked":["sneckomod:TrashToTreasure","sneckomod:UnknownClassGREEN"],"picked":"sneckomod:WideSting","floor":12}],"player_experience":553161,"relics_obtained":[{"floor":12,"key":"Odd Mushroom"}],"event_choices":[{"damage_healed":0,"gold_gain":0,"player_choice":"Fought Mushrooms","damage_taken":0,"max_hp_gain":0,"max_hp_loss":0,"event_name":"Mushrooms","floor":12,"gold_loss":0}],"is_beta":false,"boss_relics":[],"items_purged_floors":[],"is_endless":false,"potions_floor_spawned":[2,6,12],"killed_by":"Gremlin Nob","ascension_level":0}}