{"host":"oeqgep2lwmjgysjb","time":1611931071,"event":{"mods":["AchievementEnabler","Aspiration","BaseMod","BetterRewards","Colored Powertips","Conspire","Custom Start","Downfall","Hubris","Infinite Spire","Minty Spire (QoL Compilation)","Quick Restart","Replay The Spire","Shop Mod","StSLib","The Hierophant","The Poker Player","The Runesmith"],"gold_per_floor":[111,130,130,130,130,156,156,166,166,166,166,177,196,219,219,316,316,334,352,364,364,291,303,342,379,391,428,440,503,539,570,582,705,717,743,755,786,819,849,885,922,364,391,425,444,444,462,474,474,474,474,474,42,77,77,77],"floor_reached":55,"language":"ENG","playtime":4932,"items_purged":["Strike_P","Defend_P","Injury","Strike_P","Strike_P"],"score":1030,"play_id":"d5856794-9c0b-445a-b887-ef7cf64399d1","local_time":"20210130013751","is_ascension_mode":false,"campfire_choices":[{"data":"Eruption","floor":7,"key":"SMITH"},{"floor":10,"key":"REST"},{"data":"MentalFortress","floor":15,"key":"SMITH"},{"floor":23,"key":"RECALL"},{"floor":28,"key":"REST"},{"data":"Defend_P","floor":32,"key":"PURGE"},{"floor":49,"key":"REST"}],"circlet_count":0,"master_deck":["Strike_P+1","Defend_P+1","Defend_P+1","Eruption+1","Flash of Steel+1","Tantrum+1","LikeWater","FollowUp","FollowUp+1","Bash","ReplayTheSpireMod:??????????????????????+1","BattleHymn+1","BattleHymn","Judgement+1","Wireheading","FlurryOfBlows+1","Crescendo","MentalFortress+1","LessonLearned+1","MentalFortress+1","infinitespire:Collect+1","FollowUp+1","Study","FollowUp+1","Study","TalkToTheHand+1","Devotion+1","Tantrum+1","infinitespire:NeuralNetwork","infinitespire:Collect+1","CutThroughFate+1","Adaptation","Master of Strategy+1","FlurryOfBlows+1","EmptyFist+1","MentalFortress"],"relics":["CloakClasp","Happy Flower","Replay:M_SmolderingBlood","Molten Egg 2","Orichalcum","ReplayTheSpireMod:Shallot","Odd Mushroom","Fusion Hammer","MawBank","SacredBark","CeramicFish","Replay:WaspNest","Art of War","conspire:SpecialSausage","Vajra","Damaru","Potion Belt","Replay:Bottled Steam","infinitespire:Golems Mask","War Paint"],"acts_visited":["Exordium","TheCity","TheBeyond","TheEnding"],"potions_floor_usage":[33,38,50,50,50,55,55,55],"damage_taken":[{"damage":14,"enemies":"infinitespire:Voidling","floor":1,"turns":6},{"damage":0,"enemies":"Jaw Worm","floor":2,"turns":2},{"damage":0,"enemies":"Gremlin Nob","floor":6,"turns":2},{"damage":0,"enemies":"2 Louse","floor":8,"turns":3},{"damage":0,"enemies":"Large Slime","floor":12,"turns":2},{"damage":0,"enemies":"2 Fungi Beasts","floor":13,"turns":2},{"damage":8,"enemies":"The Mushroom Lair","floor":14,"turns":2},{"damage":0,"enemies":"Slime Boss","floor":16,"turns":3},{"damage":0,"enemies":"2 Thieves","floor":18,"turns":3},{"damage":3,"enemies":"3 Byrds","floor":19,"turns":4},{"damage":0,"enemies":"Shelled Parasite and Fungi","floor":20,"turns":4},{"damage":4,"enemies":"Centurion and Healer","floor":24,"turns":3},{"damage":5,"enemies":"Snake Plant","floor":25,"turns":3},{"damage":0,"enemies":"conspire:HollyBat","floor":27,"turns":5},{"damage":7,"enemies":"Shelled Parasite and Fungi","floor":30,"turns":3},{"damage":0,"enemies":"3 Cultists","floor":31,"turns":4},{"damage":1,"enemies":"Collector","floor":33,"turns":5},{"damage":7,"enemies":"3 Shapes","floor":35,"turns":4},{"damage":0,"enemies":"3 Darklings","floor":37,"turns":2},{"damage":8,"enemies":"Sphere and 2 Shapes","floor":38,"turns":3},{"damage":6,"enemies":"Spire Growth","floor":40,"turns":4},{"damage":12,"enemies":"conspire:MimicChest","floor":41,"turns":4},{"damage":57,"enemies":"Nemesis","floor":44,"turns":4},{"damage":0,"enemies":"Writhing Mass","floor":45,"turns":4},{"damage":7,"enemies":"Maw","floor":47,"turns":5},{"damage":0,"enemies":"Transient","floor":48,"turns":5},{"damage":42,"enemies":"infinitespire:MassOfShapes","floor":50,"turns":4},{"damage":16,"enemies":"Shield and Spear","floor":54,"turns":2},{"damage":56,"enemies":"The Heart","floor":55,"turns":2}],"seed_played":"-1397843305676847135","potions_obtained":[{"floor":2,"key":"Adrenaline Potion"},{"floor":8,"key":"SmokeBomb"},{"floor":13,"key":"BlessingOfTheForge"},{"floor":18,"key":"GamblersBrew"},{"floor":29,"key":"BottledMiracle"},{"floor":30,"key":"AttackPotion"},{"floor":33,"key":"PowerPotion"},{"floor":37,"key":"FairyPotion"},{"floor":44,"key":"Dexterity Potion"},{"floor":45,"key":"BlessingOfTheForge"},{"floor":47,"key":"champ:CounterPotion"},{"floor":48,"key":"BottledMiracle"},{"floor":54,"key":"SpeedPotion"}],"is_trial":false,"path_per_floor":["M","M","?","?","?","E","R","M","T","R","?","M","M","?","R","B",null,"M","M","M","AVR","?","R","M","M","T","M","R","?","M","M","R","B",null,"M","?","M","M","AVR","M","?","$","T","E","M","?","M","M","R","B",null,"R","$","E","B"],"character_chosen":"WATCHER","items_purchased":["Flash of Steel","Tantrum","Happy Flower","LikeWater","Potion Belt","Adaptation","Master of Strategy","DistilledChaos","EmptyFist+1","MentalFortress","infinitespire:Golems Mask","Strength Potion"],"campfire_rested":3,"item_purchase_floors":[0,0,0,0,42,42,42,42,53,53,53,53],"current_hp_per_floor":[40,40,40,40,21,21,21,21,21,42,42,42,42,34,34,34,72,72,69,69,69,69,69,65,60,60,60,72,72,65,65,65,64,72,65,72,72,64,64,58,46,46,46,43,43,43,36,36,57,15,72,72,72,56,0,0],"gold":77,"neow_bonus":"","is_daily":false,"chose_seed":false,"campfire_upgraded":2,"win_rate":0.0,"timestamp":1611931071,"path_taken":["M","?","?","?","?","E","R","M","T","R","?","?","M","?","R","BOSS","M","M","M","AVR","?","R","M","M","T","M","R","?","?","M","R","BOSS","M","?","M","?","AVR","M","?","$","T","E","M","?","M","M","R","BOSS","R","$","E","BOSS"],"items_purchased_type":["Card","Card","Relic","Card","Relic","Card","Card","Potion","Card","Card","Relic","Potion"],"build_version":"2020-12-22","purchased_purges":5,"victory":false,"max_hp_per_floor":[72,72,72,72,72,72,72,72,72,72,72,72,72,72,72,72,72,72,72,72,72,72,72,72,72,72,72,72,72,72,72,72,72,72,72,72,72,72,72,72,72,72,72,72,72,72,72,72,72,72,72,72,72,72,72,72],"card_choices":[{"not_picked":["FlyingSleeves","Halt"],"picked":"FollowUp","floor":1},{"not_picked":["Fasting2","ForeignInfluence"],"picked":"FollowUp","floor":2},{"not_picked":["infinitespire:Punishment","infinitespire:Gouge"],"picked":"ReplayTheSpireMod:??????????????????????","floor":5},{"not_picked":["Replay:Battleflow","FollowUp+1"],"picked":"BattleHymn","floor":6},{"not_picked":["Conclude+1","PathToVictory"],"picked":"BattleHymn","floor":8},{"not_picked":["Judgement","Replay:ManipulateFuture","Halt"],"picked":"SKIP","floor":12},{"not_picked":["Headbutt+1","Replay:Battleflow"],"picked":"Crescendo","floor":13},{"not_picked":["Bludgeon+1","Pray"],"picked":"MentalFortress","floor":14},{"not_picked":["Blasphemy","Bludgeon+1"],"picked":"LessonLearned+1","floor":16},{"not_picked":["CrushJoints+1","Replay:ManipulateFuture"],"picked":"MentalFortress","floor":18},{"not_picked":["EmptyMind","CrushJoints+1","Replay:ManipulateFuture"],"picked":"SKIP","floor":19},{"not_picked":["WheelKick+1","Conclude+1","Protect+1"],"picked":"SKIP","floor":20},{"not_picked":["WheelKick+1","EmptyMind"],"picked":"FollowUp+1","floor":24},{"not_picked":["CrushJoints+1","Replay:Cycle+1"],"picked":"Study","floor":25},{"not_picked":["ThirdEye","Consecrate+1"],"picked":"FollowUp+1","floor":27},{"not_picked":["Judgement","CrushJoints+1"],"picked":"Study","floor":30},{"not_picked":["Replay:Vibes","Replay:AtTheReady+1"],"picked":"TalkToTheHand+1","floor":31},{"not_picked":["LessonLearned+1","Wish"],"picked":"Devotion","floor":33},{"not_picked":["PathToVictory+1","WreathOfFlame","Prostrate"],"picked":"SKIP","floor":35},{"not_picked":["Worship+1","CrushJoints+1","Prostrate"],"picked":"SKIP","floor":37},{"not_picked":["Evaluate","Consecrate+1"],"picked":"Tantrum+1","floor":38},{"not_picked":["Replay:ManipulateFuture+1","WaveOfTheHand"],"picked":"CutThroughFate+1","floor":40},{"not_picked":["Replay:DivineShield+1","Consecrate+1","BowlingBash+1"],"picked":"SKIP","floor":44},{"not_picked":["FlyingSleeves+1","Collect+1"],"picked":"FlurryOfBlows+1","floor":45},{"not_picked":["Alpha","Halt+1","Evaluate"],"picked":"SKIP","floor":47},{"not_picked":["Fasting2+1","Crescendo","JustLucky+1"],"picked":"SKIP","floor":48},{"not_picked":["PathToVictory","Conclude+1","Indignation"],"picked":"SKIP","floor":54}],"player_experience":397683,"relics_obtained":[{"floor":6,"key":"Orichalcum"},{"floor":9,"key":"ReplayTheSpireMod:Shallot"},{"floor":14,"key":"Odd Mushroom"},{"floor":26,"key":"Replay:WaspNest"},{"floor":29,"key":"Art of War"},{"floor":41,"key":"Damaru"},{"floor":44,"key":"Replay:Bottled Steam"},{"floor":54,"key":"War Paint"}],"event_choices":[{"damage_healed":0,"gold_gain":0,"player_choice":"3 cards matched","damage_taken":0,"max_hp_gain":0,"max_hp_loss":0,"event_name":"Match and Keep!","floor":11,"gold_loss":0,"cards_obtained":["Judgement","Wireheading","FlurryOfBlows"]},{"damage_healed":0,"gold_gain":0,"player_choice":"Fought Mushrooms","damage_taken":0,"max_hp_gain":0,"max_hp_loss":0,"event_name":"Mushrooms","floor":14,"gold_loss":0},{"damage_healed":0,"gold_gain":0,"player_choice":"Obtained Relic","damage_taken":0,"relics_obtained":["CeramicFish"],"max_hp_gain":0,"max_hp_loss":0,"event_name":"Addict","floor":22,"gold_loss":85},{"damage_healed":0,"gold_gain":0,"player_choice":"Ignored","damage_taken":0,"max_hp_gain":0,"max_hp_loss":0,"event_name":"SecretPortal","floor":46,"gold_loss":0}],"is_beta":false,"boss_relics":[{"not_picked":["Painkiller Herb","Runic Pyramid"],"picked":"Fusion Hammer"},{"not_picked":["aspiration:SilentSkillbook","Calling Bell"],"picked":"conspire:SpecialSausage"}],"items_purged_floors":[0,0,21,39,42],"is_endless":false,"potions_floor_spawned":[2,8,13,18,19,25,30,33,37,44,45,47,48,54],"killed_by":"The Heart","ascension_level":0}}