{"host":"3a5itcmwo6ddh3id","time":1611938552,"event":{"mods":["BaseMod","Colored Map","Colored Powertips","Minty Spire (QoL Compilation)","Relic Stats"],"gold_per_floor":[118,43,118,129,129,129,146,146,146,146,146,178,178,208,208,286,286,304,3,3,20,36,36,36,36,36,51,80,80,112,122,122,196,196,214,20,20,32,48,48,80,80,80,80,105,105,105,105,117,129,141,153,165,11,46,46],"floor_reached":57,"language":"ENG","playtime":4116,"items_purged":["Pain"],"score":3104,"play_id":"0fa06144-7666-4644-828e-2bacb613303a","local_time":"20210129104232","is_ascension_mode":true,"campfire_choices":[{"data":"Bash","floor":6.0,"key":"SMITH"},{"floor":8.0,"key":"DIG"},{"floor":11.0,"key":"DIG"},{"data":"Whirlwind","floor":15.0,"key":"SMITH"},{"floor":23.0,"key":"DIG"},{"floor":25.0,"key":"DIG"},{"floor":32.0,"key":"DIG"},{"floor":40.0,"key":"DIG"},{"data":"Inflame","floor":44.0,"key":"SMITH"},{"floor":47.0,"key":"RECALL"},{"floor":49.0,"key":"DIG"},{"floor":53.0,"key":"DIG"}],"circlet_count":0,"master_deck":["AscendersBane","Strike_R","Strike_R","Strike_R","Strike_R","Defend_R","Defend_R","Defend_R","Defend_R","Bash+1","Flame Barrier","Headbutt","Evolve","Hemokinesis","Whirlwind+1","Barricade","Feel No Pain","Entrench+1","Armaments+1","RitualDagger","Shrug It Off+1","Battle Trance+1","Intimidate+1","Reaper","Dual Wield+1","Entrench+1","Searing Blow+1","Carnage","Juggernaut","Ghostly Armor+1","Second Wind+1","Feel No Pain","Shockwave+1","Flame Barrier+1","Reaper","Impervious+1","Feel No Pain+1","Shrug It Off+1","Inflame+1","Master of Strategy+1","Disarm+1","RitualDagger","Disarm+1"],"relics":["Runic Dome","Shovel","The Courier","Meat on the Bone","Letter Opener","Toxic Egg 2","WarpedTongs","Kunai","Snecko Eye","ClockworkSouvenir","Bronze Scales","Incense Burner","Paper Frog","Potion Belt","Prayer Wheel","Pear","Philosopher\u0027s Stone","Darkstone Periapt","Mango","Question Card","Mummified Hand","MawBank","Centennial Puzzle","HornCleat","DollysMirror"],"acts_visited":["Exordium","TheCity","TheBeyond","TheEnding"],"potions_floor_usage":[56,56,56],"damage_taken":[{"damage":7.0,"enemies":"Jaw Worm","floor":1.0,"turns":3.0},{"damage":9.0,"enemies":"2 Louse","floor":4.0,"turns":3.0},{"damage":0.0,"enemies":"Small Slimes","floor":7.0,"turns":3.0},{"damage":17.0,"enemies":"Lagavulin","floor":12.0,"turns":5.0},{"damage":27.0,"enemies":"Gremlin Nob","floor":14.0,"turns":4.0},{"damage":38.0,"enemies":"Slime Boss","floor":16.0,"turns":8.0},{"damage":7.0,"enemies":"Chosen","floor":18.0,"turns":4.0},{"damage":0.0,"enemies":"3 Byrds","floor":21.0,"turns":4.0},{"damage":2.0,"enemies":"Cultist and Chosen","floor":22.0,"turns":8.0},{"damage":2.0,"enemies":"3 Cultists","floor":27.0,"turns":4.0},{"damage":2.0,"enemies":"Slavers","floor":28.0,"turns":4.0},{"damage":9.0,"enemies":"Book of Stabbing","floor":30.0,"turns":6.0},{"damage":15.0,"enemies":"Centurion and Healer","floor":31.0,"turns":6.0},{"damage":16.0,"enemies":"Collector","floor":33.0,"turns":8.0},{"damage":2.0,"enemies":"Orb Walker","floor":35.0,"turns":3.0},{"damage":0.0,"enemies":"3 Shapes","floor":38.0,"turns":1.0},{"damage":9.0,"enemies":"Spire Growth","floor":39.0,"turns":6.0},{"damage":0.0,"enemies":"Giant Head","floor":41.0,"turns":14.0},{"damage":0.0,"enemies":"Reptomancer","floor":45.0,"turns":7.0},{"damage":3.0,"enemies":"Awakened One","floor":50.0,"turns":23.0},{"damage":6.0,"enemies":"Donu and Deca","floor":51.0,"turns":11.0},{"damage":13,"enemies":"Shield and Spear","floor":55,"turns":6},{"damage":2,"enemies":"The Heart","floor":56,"turns":6}],"seed_played":"-106892876576261042","potions_obtained":[{"floor":1.0,"key":"Dexterity Potion"},{"floor":7.0,"key":"Fire Potion"},{"floor":14.0,"key":"Fruit Juice"},{"floor":21.0,"key":"DuplicationPotion"},{"floor":27.0,"key":"SpeedPotion"},{"floor":30.0,"key":"FearPotion"},{"floor":33.0,"key":"SkillPotion"},{"floor":35.0,"key":"Explosive Potion"},{"floor":41.0,"key":"SteroidPotion"}],"is_trial":false,"path_per_floor":["M","?","?","M","T","R","M","R","T","?","R","E","?","E","R","B",null,"M","$","?","M","M","R","?","R","T","M","E","?","E","M","R","B",null,"M","$","?","M","M","R","E","?","T","R","E","T","R","T","R","B","B",null,"R","$","E","B",null],"character_chosen":"IRONCLAD","items_purchased":["Entrench+1","ClockworkSouvenir","Armaments+1","Feel No Pain","Shockwave+1","Flame Barrier+1","DollysMirror","Disarm+1"],"campfire_rested":0,"item_purchase_floors":[19,19,19,36,36,36,54,54],"current_hp_per_floor":[61,61,50,41,41,41,41,41,41,66,66,49,49,39,39,13,63,56,56,50,50,48,48,48,48,48,46,44,44,43,44,54,49,80,85,85,85,85,88,88,104,94,94,94,104,104,104,104,104,104,104,104,104,104,103,104],"gold":46,"neow_bonus":"BOSS_RELIC","is_daily":false,"chose_seed":false,"campfire_upgraded":3,"win_rate":0.0,"timestamp":1611938552,"path_taken":["M","?","?","M","?","R","M","R","T","?","R","E","?","E","R","BOSS","M","$","?","M","M","R","?","R","T","M","E","?","E","M","R","BOSS","M","$","?","M","?","R","E","?","T","R","E","?","R","?","R","BOSS","BOSS","R","$","E","BOSS"],"items_purchased_type":["Card","Relic","Card","Card","Card","Card","Relic","Card"],"build_version":"2020-12-22","purchased_purges":1,"victory":true,"max_hp_per_floor":[75,75,75,75,75,75,75,75,75,75,75,75,75,80,80,80,80,80,80,80,80,80,80,80,80,80,80,80,80,80,80,90,90,90,90,90,90,90,90,90,104,104,104,104,104,104,104,104,104,104,104,104,104,104,104,104],"relic_stats":{"Darkstone Periapt":0,"counters":[23,147],"Letter Opener":[280],"Question Card":1,"MawBank":72,"WarpedTongs":[126],"Centennial Puzzle":[12],"Shovel":8,"Mummified Hand":[57],"Bronze Scales":[456],"Snecko Eye":[221,219,222,224],"Prayer Wheel":4,"Kunai":[19],"obtain_stats":[{"Darkstone Periapt":40,"Mango":41,"Incense Burner":25,"Burning Blood":0,"ClockworkSouvenir":19,"Centennial Puzzle":49,"Shovel":5,"HornCleat":53,"Mummified Hand":46,"DollysMirror":54,"Prayer Wheel":30,"Philosopher\u0027s Stone":34,"Kunai":14,"Toxic Egg 2":12,"Paper Frog":26,"Potion Belt":28,"Pear":32,"The Courier":8,"Letter Opener":11,"Question Card":45,"MawBank":48,"WarpedTongs":13,"Runic Dome":0,"Bronze Scales":23,"Snecko Eye":17,"Meat on the Bone":9},{"Darkstone Periapt":17,"Mango":18,"Incense Burner":9,"Burning Blood":0,"ClockworkSouvenir":7,"Centennial Puzzle":19,"Shovel":2,"HornCleat":21,"Mummified Hand":19,"DollysMirror":21,"Prayer Wheel":12,"Philosopher\u0027s Stone":14,"Kunai":5,"Toxic Egg 2":4,"Paper Frog":9,"Potion Belt":11,"Pear":13,"The Courier":3,"Letter Opener":3,"Question Card":19,"MawBank":19,"WarpedTongs":4,"Runic Dome":0,"Bronze Scales":9,"Snecko Eye":6,"Meat on the Bone":3},{"Darkstone Periapt":80,"Mango":94,"Incense Burner":42,"Burning Blood":0,"ClockworkSouvenir":30,"Centennial Puzzle":101,"Shovel":6,"HornCleat":135,"Mummified Hand":101,"DollysMirror":135,"Prayer Wheel":56,"Philosopher\u0027s Stone":70,"Kunai":18,"Toxic Egg 2":14,"Paper Frog":42,"Potion Belt":50,"Pear":62,"The Courier":9,"Letter Opener":9,"Question Card":101,"MawBank":101,"WarpedTongs":14,"Runic Dome":0,"Bronze Scales":42,"Snecko Eye":26,"Meat on the Bone":9}],"Meat on the Bone":36},"card_choices":[{"not_picked":["Fire Breathing","Flex"],"picked":"Flame Barrier","floor":1.0},{"not_picked":["Power Through","Second Wind"],"picked":"Headbutt","floor":4.0},{"not_picked":["Dual Wield","Body Slam"],"picked":"Evolve","floor":7.0},{"not_picked":["Fire Breathing","Cleave"],"picked":"Hemokinesis","floor":12.0},{"not_picked":["Clothesline","Limit Break+1"],"picked":"Whirlwind","floor":14.0},{"not_picked":["Double Tap+1","Bludgeon"],"picked":"Barricade","floor":16.0},{"not_picked":["Sword Boomerang","Evolve"],"picked":"Feel No Pain","floor":18.0},{"not_picked":["Sever Soul+1","Clothesline"],"picked":"Shrug It Off+1","floor":21.0},{"not_picked":["Whirlwind+1","Pommel Strike+1","Anger"],"picked":"SKIP","floor":22.0},{"not_picked":["Intimidate+1","Cleave"],"picked":"Battle Trance+1","floor":27.0},{"not_picked":["Wild Strike","Headbutt"],"picked":"Intimidate+1","floor":28.0},{"not_picked":["Clash","Intimidate+1"],"picked":"Entrench+1","floor":30.0},{"not_picked":["Whirlwind","Pommel Strike"],"picked":"Searing Blow+1","floor":31.0},{"not_picked":["Searing Blow","Havoc+1"],"picked":"Carnage","floor":31.0},{"not_picked":["Limit Break+1","Immolate"],"picked":"Juggernaut","floor":33.0},{"not_picked":["Clothesline","Body Slam"],"picked":"Ghostly Armor+1","floor":35.0},{"not_picked":["Clash+1","Heavy Blade"],"picked":"Second Wind+1","floor":35.0},{"not_picked":["Cleave","Iron Wave+1"],"picked":"Impervious+1","floor":38.0},{"not_picked":["Shrug It Off+1","Iron Wave+1"],"picked":"Feel No Pain+1","floor":38.0},{"not_picked":["Rage+1","Iron Wave+1"],"picked":"Shrug It Off+1","floor":39.0},{"not_picked":["Iron Wave","True Grit+1","Combust+1"],"picked":"SKIP","floor":39.0},{"not_picked":["Immolate","Clash"],"picked":"Inflame","floor":41.0},{"not_picked":["Apotheosis+1","HandOfGreed"],"picked":"Master of Strategy+1","floor":42.0},{"not_picked":["Ghostly Armor+1","Clothesline"],"picked":"Disarm+1","floor":45.0},{"not_picked":["Cleave","Iron Wave","Clash","Warcry+1"],"picked":"SKIP","floor":55}],"player_experience":1102767,"relics_obtained":[{"floor":5.0,"key":"Shovel"},{"floor":8.0,"key":"The Courier"},{"floor":9.0,"key":"Meat on the Bone"},{"floor":11.0,"key":"Letter Opener"},{"floor":12.0,"key":"Toxic Egg 2"},{"floor":14.0,"key":"Kunai"},{"floor":23.0,"key":"Bronze Scales"},{"floor":25.0,"key":"Incense Burner"},{"floor":26.0,"key":"Paper Frog"},{"floor":28.0,"key":"Potion Belt"},{"floor":30.0,"key":"Prayer Wheel"},{"floor":32.0,"key":"Pear"},{"floor":40.0,"key":"Darkstone Periapt"},{"floor":41.0,"key":"Mango"},{"floor":45.0,"key":"Question Card"},{"floor":46.0,"key":"Mummified Hand"},{"floor":48.0,"key":"MawBank"},{"floor":49.0,"key":"Centennial Puzzle"},{"floor":53.0,"key":"HornCleat"}],"event_choices":[{"cards_removed":["Strike_R"],"damage_healed":0.0,"max_hp_gain":0.0,"max_hp_loss":0.0,"gold_gain":0.0,"event_name":"The Cleric","player_choice":"Card Removal","floor":2.0,"gold_loss":75.0,"damage_taken":0.0},{"damage_healed":0.0,"max_hp_gain":0.0,"max_hp_loss":0.0,"gold_gain":75.0,"event_name":"World of Goop","player_choice":"Gather Gold","floor":3.0,"gold_loss":0.0,"damage_taken":11.0},{"damage_healed":25.0,"max_hp_gain":0.0,"max_hp_loss":0.0,"gold_gain":0.0,"event_name":"Big Fish","player_choice":"Banana","floor":10.0,"gold_loss":0.0,"damage_taken":0.0},{"damage_healed":0.0,"max_hp_gain":0.0,"max_hp_loss":0.0,"gold_gain":0.0,"event_name":"Accursed Blacksmith","player_choice":"Rummage","floor":13.0,"gold_loss":0.0,"damage_taken":0.0,"relics_obtained":["WarpedTongs"],"cards_obtained":["Pain"]},{"damage_healed":0.0,"max_hp_gain":0.0,"max_hp_loss":0.0,"gold_gain":0.0,"event_name":"Nest","player_choice":"Joined the Cult","floor":20.0,"gold_loss":0.0,"damage_taken":6.0,"cards_obtained":["RitualDagger"]},{"damage_healed":0.0,"max_hp_gain":0.0,"max_hp_loss":0.0,"gold_gain":0.0,"event_name":"Match and Keep!","player_choice":"2 cards matched","floor":29.0,"gold_loss":0.0,"damage_taken":0.0,"cards_obtained":["Reaper","Dual Wield"]},{"damage_healed":0.0,"max_hp_gain":0.0,"max_hp_loss":0.0,"gold_gain":0.0,"event_name":"Duplicator","player_choice":"Copied","floor":37.0,"gold_loss":0.0,"damage_taken":0.0,"cards_obtained":["Reaper"]},{"damage_healed":0.0,"max_hp_gain":0.0,"max_hp_loss":0.0,"gold_gain":0.0,"event_name":"SensoryStone","player_choice":"Memory 3","floor":42.0,"gold_loss":0.0,"damage_taken":10.0}],"is_beta":false,"boss_relics":[{"not_picked":["Ectoplasm","Pandora\u0027s Box"],"picked":"Snecko Eye"},{"not_picked":["Calling Bell","Velvet Choker"],"picked":"Philosopher\u0027s Stone"}],"items_purged_floors":[19],"is_endless":false,"potions_floor_spawned":[1,7,14,21,27,30,33,35,41],"ascension_level":20}}