{"host":"qxeepl7ydvsgmfdb","time":1611939878,"event":{"mods":["AchievementEnabler","BaseMod","Colored Powertips","Minty Spire (QoL Compilation)","Quick Restart","slay the spire mod where everything is the same but ironclad has a cowboy hat"],"gold_per_floor":[118,68,88,163,54,88,101,101,101,133,133,308,308,322,322,421,421,331,9,28,28,28],"floor_reached":21,"language":"ENG","playtime":803,"items_purged":[],"score":277,"play_id":"1d671b0b-b3db-4b37-81e1-c009df92c6b6","local_time":"20210129120438","is_ascension_mode":true,"campfire_choices":[{"data":"Zap","floor":8.0,"key":"SMITH"},{"floor":15.0,"key":"REST"}],"circlet_count":0,"master_deck":["Strike_B","Strike_B","Strike_B","Defend_B","Defend_B","Defend_B","Defend_B","Zap+1","Dualcast","Fusion","Ball Lightning","Chill+1","Doubt","Defragment","Capacitor"],"relics":["FrozenCore","NeowsBlessing","HornCleat","Symbiotic Virus","Singing Bowl","Juzu Bracelet","Membership Card","Mango"],"acts_visited":["Exordium","TheCity"],"potions_floor_usage":[21],"damage_taken":[{"damage":0.0,"enemies":"Small Slimes","floor":1.0,"turns":1.0},{"damage":0.0,"enemies":"2 Louse","floor":3.0,"turns":1.0},{"damage":0.0,"enemies":"3 Sentries","floor":6.0,"turns":2.0},{"damage":10.0,"enemies":"Cultist","floor":7.0,"turns":4.0},{"damage":27.0,"enemies":"Lagavulin","floor":10.0,"turns":6.0},{"damage":0.0,"enemies":"Gremlin Gang","floor":14.0,"turns":4.0},{"damage":43.0,"enemies":"The Guardian","floor":16.0,"turns":12.0},{"damage":31.0,"enemies":"2 Thieves","floor":18.0,"turns":5.0},{"damage":24.0,"enemies":"Chosen","floor":20.0,"turns":6.0},{"damage":56,"enemies":"3 Cultists","floor":21,"turns":6}],"seed_played":"-5178621496612400115","potions_obtained":[{"floor":6.0,"key":"GamblersBrew"},{"floor":14.0,"key":"PowerPotion"},{"floor":16.0,"key":"Fruit Juice"},{"floor":20.0,"key":"PowerPotion"}],"is_trial":false,"path_per_floor":["M","?","M","?","?","E","M","R","T","E","$","?","?","M","R","B",null,"M","$","M","M"],"character_chosen":"DEFECT","items_purchased":["Membership Card","Defragment","Mango"],"campfire_rested":1,"item_purchase_floors":[19,19,19],"current_hp_per_floor":[75,75,75,64,64,64,54,54,54,27,27,27,27,29,52,16,84,55,69,45,0,0],"gold":28,"neow_bonus":"THREE_ENEMY_KILL","is_daily":false,"chose_seed":false,"campfire_upgraded":1,"win_rate":0.0,"timestamp":1611939878,"path_taken":["M","?","M","?","?","E","?","R","T","E","$","?","?","M","R","BOSS","M","$","M","M"],"items_purchased_type":["Relic","Card","Relic"],"build_version":"2020-12-22","purchased_purges":0,"victory":false,"max_hp_per_floor":[75,75,75,75,75,75,75,75,75,75,75,75,75,77,77,84,84,86,100,100,100,100],"card_choices":[{"not_picked":["Gash","Sweeping Beam","Beam Cell"],"picked":"SKIP","floor":1.0},{"not_picked":["Steam","Beam Cell"],"picked":"Fusion","floor":3.0},{"not_picked":["Reinforced Body","Turbo","Sweeping Beam"],"picked":"SKIP","floor":6.0},{"not_picked":["Sweeping Beam","Go for the Eyes"],"picked":"Ball Lightning","floor":7.0},{"not_picked":["Seek","Reprogram"],"picked":"Chill","floor":10.0},{"not_picked":["Chill","Fusion","Beam Cell"],"picked":"Singing Bowl","floor":14.0},{"not_picked":["All For One","Amplify","Echo Form"],"picked":"Singing Bowl","floor":16.0},{"not_picked":["Compile Driver","Streamline","Glacier+1"],"picked":"Singing Bowl","floor":18.0},{"not_picked":["Blizzard","Steam Power"],"picked":"Capacitor","floor":20.0}],"player_experience":252550,"relics_obtained":[{"floor":6.0,"key":"Symbiotic Virus"},{"floor":9.0,"key":"Singing Bowl"},{"floor":10.0,"key":"Juzu Bracelet"}],"event_choices":[{"cards_removed":["Strike_B"],"damage_healed":0.0,"max_hp_gain":0.0,"max_hp_loss":0.0,"gold_gain":0.0,"event_name":"The Cleric","player_choice":"Card Removal","floor":2.0,"gold_loss":50.0,"damage_taken":0.0},{"damage_healed":0.0,"max_hp_gain":0.0,"max_hp_loss":0.0,"gold_gain":75.0,"event_name":"World of Goop","player_choice":"Gather Gold","floor":4.0,"gold_loss":0.0,"damage_taken":11.0},{"damage_healed":0.0,"max_hp_gain":0.0,"max_hp_loss":0.0,"gold_gain":0.0,"event_name":"WeMeetAgain","player_choice":"Paid Gold","floor":5.0,"gold_loss":109.0,"damage_taken":0.0,"relics_obtained":["HornCleat"]},{"damage_healed":0.0,"max_hp_gain":0.0,"max_hp_loss":0.0,"gold_gain":175.0,"event_name":"Liars Game","player_choice":"AGREE","floor":12.0,"gold_loss":0.0,"damage_taken":0.0,"cards_obtained":["Doubt"]},{"damage_healed":0.0,"max_hp_gain":0.0,"max_hp_loss":0.0,"gold_gain":0.0,"event_name":"Accursed Blacksmith","player_choice":"Forge","floor":13.0,"gold_loss":0.0,"damage_taken":0.0,"cards_upgraded":["Chill"]}],"is_beta":false,"boss_relics":[{"not_picked":["SlaversCollar","Coffee Dripper"],"picked":"FrozenCore"}],"items_purged_floors":[],"is_endless":false,"potions_floor_spawned":[6,14,16,20],"killed_by":"3 Cultists","ascension_level":4}}