{"host":"otdcrrn8ri3oipri","time":1611963073,"event":{"mods":["AchievementEnabler","BaseMod","Colored Map","Colored Powertips","Minty Spire (QoL Compilation)","Quick Restart","StSLib"],"gold_per_floor":[113,128,145,162,14,46,66,66,90,90,121,71,100,129,141,257,269,299,311,341,353,34,62,12,32,57,57,84,102,102,116,116,211,211,228,246,38,38,53,86,96,96,122,122,139,169,169,182,182,182,182],"floor_reached":50,"language":"ENG","playtime":3168,"items_purged":["Defend_P","Defend_P","Defend_P"],"score":670,"play_id":"f676c7f6-91e2-4d77-9309-a969cd35db85","local_time":"20210129173113","is_ascension_mode":true,"campfire_choices":[{"data":"Conclude","floor":8,"key":"SMITH"},{"data":"Eruption","floor":15,"key":"SMITH"},{"data":"Ragnarok","floor":27,"key":"SMITH"},{"data":"Tantrum","floor":30,"key":"SMITH"},{"data":"Brilliance","floor":32,"key":"SMITH"},{"floor":44,"key":"REST"},{"floor":47,"key":"REST"},{"floor":49,"key":"REST"}],"circlet_count":0,"master_deck":["Eruption+1","Vigilance","Conclude+1","FlurryOfBlows+1","CutThroughFate","Tantrum+1","Protect+1","ClearTheMind","Brilliance+1","FollowUp","FollowUp","Ragnarok+1","Bite+1","Bite","Bite","Bite","Bite","FlyingSleeves","Perseverance","Protect+1","FollowUp","ThirdEye+1","LessonLearned+1","ClearTheMind+1","CutThroughFate","Tantrum+1","DeusExMachina","Protect+1","DeceiveReality+1"],"relics":["PureWater","Pen Nib","War Paint","Centennial Puzzle","MawBank","Black Star","Sundial","Membership Card","Boot","Orichalcum","Bronze Scales","Ancient Tea Set","Bag of Preparation","Regal Pillow","Potion Belt","Fusion Hammer","Whetstone","Cauldron","Letter Opener","Molten Egg 2","Damaru","Happy Flower","Juzu Bracelet"],"acts_visited":["Exordium","TheCity","TheBeyond"],"potions_floor_usage":[11,13,13,23,33,39,39,41,41,41,45,46,50],"damage_taken":[{"damage":0,"enemies":"Cultist","floor":1,"turns":5},{"damage":0,"enemies":"Jaw Worm","floor":2,"turns":1},{"damage":0,"enemies":"2 Louse","floor":3,"turns":1},{"damage":7,"enemies":"Blue Slaver","floor":4,"turns":5},{"damage":13,"enemies":"Lagavulin","floor":6,"turns":5},{"damage":0,"enemies":"Exordium Wildlife","floor":7,"turns":3},{"damage":0,"enemies":"Gremlin Nob","floor":11,"turns":2},{"damage":6,"enemies":"3 Sentries","floor":13,"turns":3},{"damage":0,"enemies":"Large Slime","floor":14,"turns":3},{"damage":39,"enemies":"The Guardian","floor":16,"turns":5},{"damage":0,"enemies":"Shell Parasite","floor":18,"turns":2},{"damage":0,"enemies":"Spheric Guardian","floor":20,"turns":1},{"damage":13,"enemies":"Slavers","floor":23,"turns":2},{"damage":12,"enemies":"Shelled Parasite and Fungi","floor":25,"turns":3},{"damage":0,"enemies":"Gremlin Leader","floor":28,"turns":2},{"damage":0,"enemies":"Centurion and Healer","floor":29,"turns":2},{"damage":0,"enemies":"3 Cultists","floor":31,"turns":2},{"damage":12,"enemies":"Collector","floor":33,"turns":6},{"damage":0,"enemies":"Orb Walker","floor":35,"turns":1},{"damage":0,"enemies":"3 Darklings","floor":36,"turns":2},{"damage":4,"enemies":"Spire Growth","floor":39,"turns":4},{"damage":37,"enemies":"Nemesis","floor":40,"turns":3},{"damage":0,"enemies":"Maw","floor":41,"turns":2},{"damage":21,"enemies":"4 Shapes","floor":45,"turns":1},{"damage":40,"enemies":"Reptomancer","floor":46,"turns":6},{"damage":0,"enemies":"Sphere and 2 Shapes","floor":48,"turns":3},{"damage":64,"enemies":"Time Eater","floor":50,"turns":3}],"seed_played":"-1325444126354260001","potions_obtained":[{"floor":6,"key":"Strength Potion"},{"floor":7,"key":"Weak Potion"},{"floor":11,"key":"Energy Potion"},{"floor":13,"key":"Fruit Juice"},{"floor":14,"key":"Fire Potion"},{"floor":20,"key":"ColorlessPotion"},{"floor":23,"key":"SteroidPotion"},{"floor":28,"key":"ColorlessPotion"},{"floor":29,"key":"BottledMiracle"},{"floor":37,"key":"EssenceOfSteel"},{"floor":37,"key":"BlessingOfTheForge"},{"floor":37,"key":"Explosive Potion"},{"floor":37,"key":"DuplicationPotion"},{"floor":40,"key":"FearPotion"},{"floor":45,"key":"Weak Potion"},{"floor":46,"key":"StancePotion"}],"is_trial":false,"path_per_floor":["M","M","M","M","$","E","M","R","T","?","E","?","E","M","R","B",null,"M","?","M","?","$","E","$","M","T","R","E","M","R","M","R","B",null,"M","M","$","?","M","E","M","?","T","R","M","E","R","M","R","B"],"character_chosen":"WATCHER","items_purchased":["Tantrum","Membership Card","Boot","Orichalcum","FlyingSleeves","Whetstone","Cauldron"],"campfire_rested":3,"item_purchase_floors":[5,22,22,22,22,37,37],"current_hp_per_floor":[79,79,79,72,72,59,59,59,59,59,59,59,58,58,58,19,84,84,58,58,58,58,49,49,45,45,45,49,53,53,55,55,54,58,58,58,58,58,54,21,26,26,26,58,37,12,44,51,58,0,0],"gold":182,"neow_bonus":"TEN_PERCENT_HP_BONUS","is_daily":false,"chose_seed":false,"campfire_upgraded":5,"win_rate":0.0,"timestamp":1611963073,"path_taken":["M","M","M","M","$","E","M","R","T","?","E","?","E","M","R","BOSS","M","?","M","?","?","E","$","M","T","R","E","?","R","M","R","BOSS","M","M","$","?","?","E","M","?","T","R","M","E","R","M","R","BOSS"],"items_purchased_type":["Card","Relic","Relic","Relic","Card","Relic","Relic"],"build_version":"2020-12-22","purchased_purges":3,"victory":false,"max_hp_per_floor":[79,79,79,79,79,79,79,79,79,79,79,79,84,84,84,84,84,84,58,58,58,58,58,58,58,58,58,58,58,58,58,58,58,58,58,58,58,58,58,58,58,58,58,58,58,58,58,58,58,58,58],"card_choices":[{"not_picked":["EmptyFist","FlurryOfBlows"],"picked":"Conclude","floor":1},{"not_picked":["Weave","Fasting2"],"picked":"FlurryOfBlows","floor":2},{"not_picked":["Nirvana","Indignation","SignatureMove"],"picked":"SKIP","floor":3},{"not_picked":["ClearTheMind","Adaptation"],"picked":"CutThroughFate","floor":4},{"not_picked":["BowlingBash","PathToVictory"],"picked":"Protect","floor":6},{"not_picked":["Devotion","SandsOfTime"],"picked":"ClearTheMind","floor":7},{"not_picked":["FlurryOfBlows","Vengeance"],"picked":"Brilliance","floor":11},{"not_picked":["CrushJoints","JustLucky"],"picked":"FollowUp","floor":13},{"not_picked":["FlurryOfBlows","Prostrate"],"picked":"FollowUp","floor":14},{"not_picked":["Judgement","DevaForm"],"picked":"Ragnarok","floor":16},{"not_picked":["Halt","JustLucky","SignatureMove+1"],"picked":"SKIP","floor":18},{"not_picked":["Crescendo","ReachHeaven","JustLucky"],"picked":"SKIP","floor":20},{"not_picked":["Halt","Sanctity"],"picked":"Perseverance","floor":23},{"not_picked":["Consecrate","WaveOfTheHand"],"picked":"Protect+1","floor":25},{"not_picked":["Omniscience","Ragnarok"],"picked":"FollowUp","floor":28},{"not_picked":["PathToVictory","Sanctity","Halt"],"picked":"SKIP","floor":29},{"not_picked":["Prostrate","Indignation"],"picked":"ThirdEye+1","floor":31},{"not_picked":["Judgement","MasterReality"],"picked":"LessonLearned","floor":33},{"not_picked":["Prostrate+1","FlurryOfBlows+1"],"picked":"ClearTheMind+1","floor":35},{"not_picked":["ClearTheMind+1","Indignation+1","Worship"],"picked":"SKIP","floor":36},{"not_picked":["ForeignInfluence","Wallop+1"],"picked":"CutThroughFate","floor":39},{"not_picked":["Fasting2","SandsOfTime+1"],"picked":"Tantrum+1","floor":40},{"not_picked":["Protect+1","CrushJoints+1"],"picked":"DeusExMachina","floor":41},{"not_picked":["Nirvana","ForeignInfluence+1"],"picked":"Protect+1","floor":45},{"not_picked":["Collect","ClearTheMind"],"picked":"DeceiveReality+1","floor":46},{"not_picked":["WaveOfTheHand","Nirvana+1","EmptyBody"],"picked":"SKIP","floor":48}],"player_experience":21093,"relics_obtained":[{"floor":6,"key":"Pen Nib"},{"floor":9,"key":"War Paint"},{"floor":11,"key":"Centennial Puzzle"},{"floor":13,"key":"MawBank"},{"floor":23,"key":"Bronze Scales"},{"floor":23,"key":"Ancient Tea Set"},{"floor":26,"key":"Bag of Preparation"},{"floor":28,"key":"Regal Pillow"},{"floor":28,"key":"Potion Belt"},{"floor":40,"key":"Letter Opener"},{"floor":40,"key":"Molten Egg 2"},{"floor":43,"key":"Damaru"},{"floor":46,"key":"Happy Flower"},{"floor":46,"key":"Juzu Bracelet"}],"event_choices":[{"cards_removed":["Strike_P"],"damage_healed":0,"gold_gain":0,"player_choice":"Forget","damage_taken":0,"max_hp_gain":0,"max_hp_loss":0,"event_name":"Living Wall","floor":10,"gold_loss":0},{"cards_removed":["Strike_P"],"damage_healed":0,"gold_gain":0,"player_choice":"Card Removal","damage_taken":0,"max_hp_gain":0,"max_hp_loss":0,"event_name":"The Cleric","floor":12,"gold_loss":50},{"damage_healed":0,"gold_gain":0,"player_choice":"Became a vampire","damage_taken":0,"max_hp_gain":0,"max_hp_loss":26,"event_name":"Vampires","floor":19,"gold_loss":0,"cards_obtained":["Bite","Bite","Bite","Bite","Bite"]},{"damage_healed":0,"gold_gain":0,"player_choice":"Opened","damage_taken":0,"relics_obtained":["Sundial"],"max_hp_gain":0,"max_hp_loss":0,"event_name":"The Mausoleum","floor":21,"gold_loss":0},{"damage_healed":0,"gold_gain":0,"player_choice":"Forge","damage_taken":0,"max_hp_gain":0,"max_hp_loss":0,"event_name":"Accursed Blacksmith","floor":38,"gold_loss":0,"cards_upgraded":["FlurryOfBlows"]},{"cards_removed":["Defend_P"],"damage_healed":0,"gold_gain":0,"player_choice":"Removed Skill","damage_taken":0,"max_hp_gain":0,"max_hp_loss":0,"event_name":"Falling","floor":42,"gold_loss":0}],"is_beta":false,"boss_relics":[{"not_picked":["Cursed Key","Calling Bell"],"picked":"Black Star"},{"not_picked":["VioletLotus","Sozu"],"picked":"Fusion Hammer"}],"items_purged_floors":[5,24,37],"is_endless":false,"potions_floor_spawned":[6,7,11,13,14,20,23,28,29,40,45,46],"killed_by":"Time Eater","ascension_level":1}}