{"host":"qvcm5n1ry1q9iv9x","time":1611945020,"event":{"mods":["Act Like it!","BaseMod","BetterRewards","Colored Map","Colored Powertips","Friendly Minions","Highlight Path","Luminous","Minty Spire (QoL Compilation)","Quick Restart","Relic Sorter","Shop Mod","StSLib"],"gold_per_floor":[109,122,136,136,311,344,362,362,389,401,424,436,471,502,514,631,643,668,680,692,704,732,744,767,779,791,821,850,895,158,185,185,285,285,299,350,367,417,433,465,477,496,496,511,733,766,766,847,847,847,847],"floor_reached":50,"language":"ZHS","playtime":4935,"items_purged":["Luminous:Light_Flash_Shower"],"score":624,"play_id":"1aa128cc-b1ab-410a-a8bb-f62145c9a0b0","local_time":"20210130023020","is_ascension_mode":false,"campfire_choices":[{"data":"Luminous:Phantom_Treasure_Luminous","floor":8.0,"key":"SMITH"},{"floor":10.0,"key":"REST"},{"data":"Luminous:Abyss_Heart_Luminous","floor":15.0,"key":"SMITH"},{"data":"Luminous:Chaos_Field_Luminous","floor":23.0,"key":"SMITH"},{"floor":25.0,"key":"REST"},{"data":"Luminous:Lania_Blessing_Luminous","floor":32.0,"key":"SMITH"},{"data":"Luminous:Date_of_Light_Luminous","floor":47.0,"key":"SMITH"},{"data":"Luminous:Chaos_Field_Luminous","floor":49.0,"key":"SMITH"}],"circlet_count":0,"master_deck":["Luminous:Light_Flash_Shower","Luminous:Dark_Abyssal_Drop","Luminous:Dark_Abyssal_Drop","Luminous:Defend_Luminous","Luminous:Defend_Luminous","Luminous:Defend_Luminous","Luminous:Switch_Luminous","Luminous:Photic_Meditation_Luminous","Luminous:Hero_Will_Luminous","Luminous:Dark_Raid","Luminous:Photic_Meditation_Luminous","Luminous:Phantom_Treasure_Luminous+1","Luminous:Light_Glare","Luminous:Dark_Morning_Star","Luminous:Abyss_Heart_Luminous+1","Luminous:Chaos_Field_Luminous+1","Luminous:Flash_Blink_Luminous+1","Luminous:Dark_Dim_Erosion+1","Luminous:Light_Track+1","Luminous:Reverse_Spell_Luminous+1","Luminous:Fast_Spell_Luminous","Luminous:Light_Spectral_Light+1","Luminous:Lights_Protection_Luminous","Luminous:Lania_Blessing_Luminous+1","Luminous:Accumulation_Luminous","Luminous:Date_of_Light_Luminous+1","Luminous:Equalize_Luminous","Luminous:Light_Wash_Luminous+1","Luminous:Chase_Spell_Luminous+1","Luminous:Chaos_Field_Luminous+1","Luminous:Balance_Ender+1"],"relics":["Luminous:MirrorRelic","NeowsBlessing","Boot","Toy Ornithopter","MawBank","Odd Mushroom","Astrolabe","Ornamental Fan","Red Mask","Sling","Gambling Chip","Mummified Hand","Black Star","Mango","Bird Faced Urn","Matryoshka","Centennial Puzzle","Art of War","Kunai","Pear","Juzu Bracelet","MealTicket","Bottled Flame"],"acts_visited":["Exordium","TheCity","TheBeyond"],"potions_floor_usage":[50,50,50],"damage_taken":[{"damage":0.0,"enemies":"Cultist","floor":1.0,"turns":1.0},{"damage":0.0,"enemies":"Jaw Worm","floor":2.0,"turns":1.0},{"damage":0.0,"enemies":"Small Slimes","floor":3.0,"turns":1.0},{"damage":44.0,"enemies":"3 Sentries","floor":6.0,"turns":13.0},{"damage":28.0,"enemies":"Exordium Thugs","floor":7.0,"turns":6.0},{"damage":9.0,"enemies":"Blue Slaver","floor":11.0,"turns":6.0},{"damage":28.0,"enemies":"The Mushroom Lair","floor":13.0,"turns":5.0},{"damage":15.0,"enemies":"Large Slime","floor":14.0,"turns":7.0},{"damage":7.0,"enemies":"Hexaghost","floor":16.0,"turns":12.0},{"damage":18.0,"enemies":"Spheric Guardian","floor":18.0,"turns":5.0},{"damage":12.0,"enemies":"3 Byrds","floor":22.0,"turns":5.0},{"damage":29.0,"enemies":"3 Cultists","floor":24.0,"turns":6.0},{"damage":10.0,"enemies":"Snake Plant","floor":27.0,"turns":3.0},{"damage":33.0,"enemies":"Sentry and Sphere","floor":28.0,"turns":7.0},{"damage":19.0,"enemies":"Masked Bandits","floor":29.0,"turns":5.0},{"damage":5.0,"enemies":"Book of Stabbing","floor":31.0,"turns":6.0},{"damage":0.0,"enemies":"Collector","floor":33.0,"turns":7.0},{"damage":5.0,"enemies":"3 Darklings","floor":35.0,"turns":8.0},{"damage":21.0,"enemies":"2 Orb Walkers","floor":36.0,"turns":6.0},{"damage":6.0,"enemies":"3 Shapes","floor":37.0,"turns":4.0},{"damage":16.0,"enemies":"Mind Bloom Boss Battle","floor":38.0,"turns":8.0},{"damage":0.0,"enemies":"Maw","floor":39.0,"turns":8.0},{"damage":4.0,"enemies":"Giant Head","floor":40.0,"turns":9.0},{"damage":22.0,"enemies":"Spire Growth","floor":41.0,"turns":6.0},{"damage":8.0,"enemies":"3 Darklings","floor":42.0,"turns":4.0},{"damage":15.0,"enemies":"Maw","floor":44.0,"turns":6.0},{"damage":50.0,"enemies":"Reptomancer","floor":46.0,"turns":6.0},{"damage":122,"enemies":"Awakened One","floor":50,"turns":11}],"seed_played":"645319242949633973","potions_obtained":[{"floor":1.0,"key":"Ancient Potion"},{"floor":3.0,"key":"Weak Potion"},{"floor":7.0,"key":"SpeedPotion"},{"floor":16.0,"key":"Swift Potion"},{"floor":28.0,"key":"EssenceOfSteel"},{"floor":29.0,"key":"Swift Potion"},{"floor":31.0,"key":"DuplicationPotion"},{"floor":36.0,"key":"DistilledChaos"},{"floor":40.0,"key":"Weak Potion"},{"floor":46.0,"key":"ColorlessPotion"}],"is_trial":false,"path_per_floor":["M","M","M","?","?","E","M","R","T","R","M","$","?","M","R","B",null,"M","?","?","?","M","R","M","R","T","M","M","?","$","E","R","B",null,"M","?","M","?","M","E","M","M","T","M","?","E","R","T","R","B"],"character_chosen":"LuminousClass","items_purchased":["Luminous:Lania_Blessing_Luminous","Luminous:Accumulation_Luminous","Sling","Gambling Chip"],"campfire_rested":2,"item_purchase_floors":[30,30,30,30],"current_hp_per_floor":[75,75,75,68,68,30,16,16,16,38,46,46,30,30,30,43,75,64,50,50,50,41,41,18,42,42,37,16,17,17,47,47,72,80,80,81,88,78,94,94,94,94,94,94,94,59,59,59,59,0,0],"gold":847,"neow_bonus":"THREE_ENEMY_KILL","is_daily":false,"chose_seed":false,"campfire_upgraded":6,"win_rate":0.0,"timestamp":1611945020,"path_taken":["M","M","M","?","?","E","?","R","T","R","M","?","?","M","R","BOSS","M","?","?","?","M","R","M","R","T","?","M","?","$","E","R","BOSS","M","?","M","?","M","E","M","M","T","M","?","E","R","?","R","BOSS"],"items_purchased_type":["Card","Card","Relic","Relic"],"build_version":"2020-12-22","purchased_purges":1,"victory":false,"max_hp_per_floor":[75,75,75,75,75,75,75,75,75,75,75,75,75,75,75,75,75,75,80,80,80,80,80,80,80,80,80,80,80,80,80,80,80,80,80,94,94,94,94,94,94,94,94,94,94,104,104,104,104,104,104],"card_choices":[{"not_picked":["Luminous:Magic_Boost_Luminous","Luminous:Blinding_Pillar_Luminous"],"picked":"Luminous:Photic_Meditation_Luminous","floor":1.0},{"not_picked":["Luminous:Tune_Luminous","Luminous:Light_Gather"],"picked":"Luminous:Hero_Will_Luminous","floor":2.0},{"not_picked":["Luminous:Concentrate_Luminous","Luminous:Fast_Spell_Luminous"],"picked":"Luminous:Dark_Raid","floor":3.0},{"not_picked":["Luminous:Light_Wash_Luminous","Luminous:Tune_Luminous"],"picked":"Luminous:Photic_Meditation_Luminous","floor":6.0},{"not_picked":["Luminous:Light_Sylvan_Lance","Luminous:Light_Glare"],"picked":"Luminous:Phantom_Treasure_Luminous","floor":7.0},{"not_picked":["Luminous:Blinding_Pillar_Luminous","Luminous:Dark_Dim_Erosion"],"picked":"Luminous:Light_Glare","floor":11.0},{"not_picked":["Luminous:Accumulation_Luminous","Luminous:Light_Gather"],"picked":"Luminous:Dark_Morning_Star","floor":13.0},{"not_picked":["Luminous:Blinding_Pillar_Luminous","Luminous:Magic_Accelerate_Luminous"],"picked":"Luminous:Abyss_Heart_Luminous","floor":14.0},{"not_picked":["Luminous:Ethereal_Form_Luminous","Luminous:Equalize_Luminous"],"picked":"Luminous:Chaos_Field_Luminous","floor":16.0},{"not_picked":["Luminous:Light_Wash_Luminous","Luminous:Chase_Spell_Luminous"],"picked":"Luminous:Reverse_Spell_Luminous+1","floor":18.0},{"not_picked":["Luminous:Magic_Accelerate_Luminous","Luminous:Blinding_Pillar_Luminous","Luminous:Reverse_Spell_Luminous"],"picked":"SKIP","floor":22.0},{"not_picked":["Luminous:Light_Sylvan_Lance","Luminous:Concentrate_Luminous+1"],"picked":"Luminous:Fast_Spell_Luminous","floor":24.0},{"not_picked":["Luminous:Dark_Raid","Luminous:Fast_Spell_Luminous","Luminous:Dark_Dim_Erosion"],"picked":"SKIP","floor":27.0},{"not_picked":["Luminous:Light_Disperse","Luminous:Dark_Raid+1"],"picked":"Luminous:Light_Spectral_Light+1","floor":28.0},{"not_picked":["Luminous:Dark_Raid+1","Luminous:Dark_Dim_Erosion+1"],"picked":"Luminous:Lights_Protection_Luminous","floor":29.0},{"not_picked":["Luminous:Mana_Overload_Luminous","Luminous:Concentrate_Luminous","Luminous:Dark_Extract"],"picked":"SKIP","floor":31.0},{"not_picked":["Luminous:Equalize_Luminous","Luminous:Armageddon_Luminous"],"picked":"Luminous:Date_of_Light_Luminous","floor":33.0},{"not_picked":["Luminous:Concentrate_Luminous+1","Luminous:Light_Disperse","Luminous:Dark_Raid"],"picked":"SKIP","floor":35.0},{"not_picked":["Luminous:Light_Ray_of_Redemption","Luminous:Light_Sylvan_Lance"],"picked":"Luminous:Equalize_Luminous","floor":37.0},{"not_picked":["Luminous:Light_Reflection+1","Luminous:Accumulation_Luminous"],"picked":"Luminous:Light_Wash_Luminous+1","floor":38.0},{"not_picked":["Luminous:Concentrate_Luminous+1","Luminous:Light_Disperse+1"],"picked":"Luminous:Chase_Spell_Luminous+1","floor":39.0},{"not_picked":["Luminous:Concentrate_Luminous","Luminous:Blinding_Pillar_Luminous"],"picked":"Luminous:Chaos_Field_Luminous","floor":40.0},{"not_picked":["Luminous:Light_Glare+1","Luminous:Dark_Raid+1","Luminous:Fast_Spell_Luminous"],"picked":"SKIP","floor":41.0},{"not_picked":["Luminous:Light_Glare+1","Luminous:Light_Spectral_Light","Luminous:Light_Gather"],"picked":"SKIP","floor":42.0},{"not_picked":["Luminous:Light_Disperse","Luminous:Blinding_Pillar_Luminous+1"],"picked":"Luminous:Balance_Ender+1","floor":44.0},{"not_picked":["Luminous:Light_Glare","Luminous:Light_Gather","Luminous:Light_Disperse+1"],"picked":"SKIP","floor":46.0}],"player_experience":141610,"relics_obtained":[{"floor":6.0,"key":"Toy Ornithopter"},{"floor":9.0,"key":"MawBank"},{"floor":13.0,"key":"Odd Mushroom"},{"floor":26.0,"key":"Ornamental Fan"},{"floor":29.0,"key":"Red Mask"},{"floor":31.0,"key":"Mummified Hand"},{"floor":36.0,"key":"Mango"},{"floor":38.0,"key":"Bird Faced Urn"},{"floor":40.0,"key":"Matryoshka"},{"floor":40.0,"key":"Centennial Puzzle"},{"floor":43.0,"key":"Art of War"},{"floor":43.0,"key":"Kunai"},{"floor":46.0,"key":"Pear"},{"floor":46.0,"key":"Juzu Bracelet"},{"floor":48.0,"key":"MealTicket"},{"floor":48.0,"key":"Bottled Flame"}],"event_choices":[{"damage_healed":0.0,"max_hp_gain":0.0,"max_hp_loss":0.0,"gold_gain":0.0,"event_name":"Scrap Ooze","player_choice":"Success","floor":4.0,"gold_loss":0.0,"damage_taken":7.0,"relics_obtained":["Boot"]},{"damage_healed":0.0,"max_hp_gain":0.0,"max_hp_loss":0.0,"gold_gain":175.0,"event_name":"Liars Game","player_choice":"AGREE","floor":5.0,"gold_loss":0.0,"damage_taken":0.0,"cards_obtained":["Doubt"]},{"damage_healed":0.0,"max_hp_gain":0.0,"max_hp_loss":0.0,"gold_gain":0.0,"event_name":"Mushrooms","player_choice":"Fought Mushrooms","floor":13.0,"gold_loss":0.0,"damage_taken":0.0},{"damage_healed":0.0,"max_hp_gain":5.0,"max_hp_loss":0.0,"gold_gain":0.0,"event_name":"Forgotten Altar","player_choice":"Shed Blood","floor":19.0,"gold_loss":0.0,"damage_taken":19.0},{"damage_healed":0.0,"max_hp_gain":0.0,"max_hp_loss":0.0,"gold_gain":0.0,"event_name":"Ghosts","player_choice":"Ignored","floor":20.0,"gold_loss":0.0,"damage_taken":0.0},{"cards_removed":["Doubt"],"damage_healed":0.0,"max_hp_gain":0.0,"max_hp_loss":0.0,"gold_gain":0.0,"event_name":"Fountain of Cleansing","player_choice":"Removed Curses","floor":21.0,"gold_loss":0.0,"damage_taken":0.0},{"damage_healed":0.0,"max_hp_gain":0.0,"max_hp_loss":0.0,"gold_gain":0.0,"event_name":"Masked Bandits","player_choice":"Fought Bandits","floor":29.0,"gold_loss":0.0,"damage_taken":0.0},{"damage_healed":0.0,"max_hp_gain":0.0,"max_hp_loss":0.0,"gold_gain":0.0,"event_name":"Mysterious Sphere","player_choice":"Fight","floor":36.0,"gold_loss":0.0,"damage_taken":0.0},{"damage_healed":0.0,"max_hp_gain":0.0,"max_hp_loss":0.0,"gold_gain":0.0,"event_name":"MindBloom","player_choice":"Fight","floor":38.0,"gold_loss":0.0,"damage_taken":0.0},{"damage_healed":0.0,"max_hp_gain":0.0,"max_hp_loss":0.0,"gold_gain":222.0,"event_name":"Tomb of Lord Red Mask","player_choice":"Wore Mask","floor":45.0,"gold_loss":0.0,"damage_taken":0.0}],"is_beta":false,"boss_relics":[{"not_picked":["Coffee Dripper","Runic Dome"],"picked":"Astrolabe"},{"not_picked":["Philosopher\u0027s Stone","Sozu"],"picked":"Black Star"}],"items_purged_floors":[30],"is_endless":false,"potions_floor_spawned":[1,3,7,11,16,24,28,29,31,36,37,39,40,44,46],"killed_by":"Awakened One","ascension_level":0}}