{"host":"8u7tvcybuv0u72fd","time":1611899781,"event":{"mods":["BaseMod","BetterRewards","Colored Map","Colored Powertips","Minty Spire (QoL Compilation)","Quick Restart","Shop Mod"],"gold_per_floor":[118,118,118,138,147,147,175,201,247,274,285,305,305,318,318,424,424,449,449,475,375,335,335,364,364,364,397,421,243,271,290,290,398,398,409,468,480,330,383,425,425,442,442,451,451,221,241,261,261,261,261,261,10,53,53],"floor_reached":56,"language":"ENG","playtime":3861,"items_purged":["Strike_R","Berserk"],"score":1645,"play_id":"d5ddebca-9bcd-47d5-8d92-ea0405f5b929","local_time":"20210129005621","is_ascension_mode":false,"campfire_choices":[{"data":"Juggernaut","floor":6.0,"key":"SMITH"},{"data":"Shrug It Off","floor":13.0,"key":"SMITH"},{"data":"Bash","floor":15.0,"key":"SMITH"},{"data":"Body Slam","floor":23.0,"key":"SMITH"},{"data":"Iron Wave","floor":25.0,"key":"SMITH"},{"data":"Rage","floor":32,"key":"SMITH"},{"data":"Barricade","floor":41,"key":"SMITH"},{"data":"Metallicize","floor":45,"key":"SMITH"},{"floor":49,"key":"RECALL"},{"data":"Defend_R","floor":52,"key":"SMITH"}],"circlet_count":0,"master_deck":["Strike_R+1","Strike_R","Strike_R","Defend_R+1","Defend_R+1","Defend_R+1","Defend_R+1","Bash+1","Headbutt","Shrug It Off+1","Juggernaut+1","Metallicize+1","Body Slam+1","Iron Wave+1","Uppercut+1","Rage+1","Barricade+1","Disarm+1","Flame Barrier+1","Dramatic Entrance","Battle Trance"],"relics":["Burning Blood","Sling","Happy Flower","Akabeko","Gambling Chip","Medical Kit","CeramicFish","Strawberry","Blood Vial","MealTicket","Omamori","Toy Ornithopter","Sundial","Mark of Pain","Nilry\u0027s Codex","Bag of Preparation","Pen Nib","Champion Belt","Vajra","War Paint","Velvet Choker","Dead Branch","Oddly Smooth Stone","Du-Vu Doll","Incense Burner","Potion Belt","Lee\u0027s Waffle","Pear"],"acts_visited":["Exordium","TheCity","TheBeyond","TheEnding"],"potions_floor_usage":[54,55,55,55,55,55,55,55,55,55,55,55],"damage_taken":[{"damage":0.0,"enemies":"Cultist","floor":1.0,"turns":3.0},{"damage":0.0,"enemies":"Small Slimes","floor":4.0,"turns":3.0},{"damage":20.0,"enemies":"Gremlin Nob","floor":7.0,"turns":4.0},{"damage":1.0,"enemies":"Jaw Worm","floor":8.0,"turns":3.0},{"damage":5.0,"enemies":"Lagavulin","floor":10.0,"turns":5.0},{"damage":2.0,"enemies":"Lots of Slimes","floor":11.0,"turns":3.0},{"damage":0.0,"enemies":"2 Fungi Beasts","floor":12.0,"turns":3.0},{"damage":13.0,"enemies":"Large Slime","floor":14.0,"turns":3.0},{"damage":6.0,"enemies":"Slime Boss","floor":16.0,"turns":12.0},{"damage":0.0,"enemies":"Chosen","floor":18.0,"turns":3.0},{"damage":7.0,"enemies":"Shell Parasite","floor":20.0,"turns":4.0},{"damage":22.0,"enemies":"Slavers","floor":24.0,"turns":4.0},{"damage":3,"enemies":"Gremlin Leader","floor":27,"turns":5},{"damage":0,"enemies":"3 Cultists","floor":28,"turns":4},{"damage":4,"enemies":"Book of Stabbing","floor":30,"turns":3},{"damage":19,"enemies":"Shelled Parasite and Fungi","floor":31,"turns":4},{"damage":28,"enemies":"Automaton","floor":33,"turns":8},{"damage":8,"enemies":"3 Shapes","floor":35,"turns":3},{"damage":0,"enemies":"Mind Bloom Boss Battle","floor":36,"turns":5},{"damage":0,"enemies":"Orb Walker","floor":37,"turns":4},{"damage":11,"enemies":"2 Orb Walkers","floor":39,"turns":5},{"damage":0,"enemies":"Giant Head","floor":40,"turns":6},{"damage":0,"enemies":"4 Shapes","floor":42,"turns":5},{"damage":0,"enemies":"Maw","floor":47,"turns":7},{"damage":0,"enemies":"Writhing Mass","floor":48,"turns":5},{"damage":6,"enemies":"Donu and Deca","floor":50,"turns":9},{"damage":7,"enemies":"Shield and Spear","floor":54,"turns":7},{"damage":51,"enemies":"The Heart","floor":55,"turns":8}],"seed_played":"-2698607116210646454","potions_obtained":[{"floor":1.0,"key":"LiquidMemories"},{"floor":7.0,"key":"PowerPotion"},{"floor":10.0,"key":"FearPotion"},{"floor":14.0,"key":"FearPotion"},{"floor":18.0,"key":"LiquidBronze"},{"floor":20.0,"key":"LiquidBronze"},{"floor":27,"key":"DuplicationPotion"},{"floor":36,"key":"EssenceOfSteel"},{"floor":47,"key":"Block Potion"},{"floor":54,"key":"FearPotion"}],"is_trial":false,"path_per_floor":["M","?","?","M","?","R","E","M","T","E","M","M","R","M","R","B",null,"M","?","M","$","?","R","E","R","T","E","M","$","E","M","R","B",null,"M","?","M","$","?","E","R","M","T","?","R","$","M","M","R","B",null,"R","$","E","B",null],"character_chosen":"IRONCLAD","items_purchased":["Sling","Happy Flower","Akabeko","Headbutt","Medical Kit","CeramicFish","Strawberry","Blood Vial","Shrug It Off","Explosive Potion","Vajra","Rage","Oddly Smooth Stone","Potion Belt","EssenceOfSteel","EntropicBrew","Lee\u0027s Waffle"],"campfire_rested":0,"item_purchase_floors":[0,0,0,0,0,0,0,0,0,0,29,29,38,46,46,53,53],"current_hp_per_floor":[47,29,87,87,87,87,73,80,80,83,87,87,87,80,80,82,87,87,71,77,87,87,87,71,71,71,76,84,87,87,74,74,54,87,85,87,87,87,82,87,87,87,87,87,87,87,87,87,87,87,87,87,94,104,104],"gold":53,"neow_bonus":"","is_daily":false,"chose_seed":false,"campfire_upgraded":9,"win_rate":0.0,"timestamp":1611899781,"path_taken":["M","?","?","?","?","R","E","M","T","E","M","M","R","M","R","BOSS","M","?","M","$","?","R","E","R","T","E","M","$","E","?","R","BOSS","M","?","M","$","?","E","R","M","T","?","R","$","M","M","R","BOSS","R","$","E","BOSS"],"items_purchased_type":["Relic","Relic","Relic","Card","Relic","Relic","Relic","Relic","Card","Potion","Relic","Card","Relic","Relic","Potion","Potion","Relic"],"build_version":"2020-12-22","purchased_purges":2,"victory":true,"max_hp_per_floor":[87,87,87,87,87,87,87,87,87,87,87,87,87,87,87,87,87,87,87,87,87,87,87,87,87,87,87,87,87,87,87,87,87,87,87,87,87,87,87,87,87,87,87,87,87,87,87,87,87,87,87,87,94,104,104],"card_choices":[{"not_picked":["Flex","Wild Strike"],"picked":"Disarm","floor":1.0},{"not_picked":["Clash","Wild Strike","Warcry"],"picked":"SKIP","floor":4.0},{"not_picked":["Burning Pact","Pummel","Wild Strike"],"picked":"SKIP","floor":7.0},{"not_picked":["Havoc","Clash"],"picked":"Metallicize","floor":8.0},{"not_picked":["Sever Soul","Intimidate","Thunderclap"],"picked":"SKIP","floor":10.0},{"not_picked":["Anger","Thunderclap","Infernal Blade"],"picked":"SKIP","floor":11.0},{"not_picked":["Anger","Thunderclap","Infernal Blade"],"picked":"SKIP","floor":11.0},{"not_picked":["True Grit","Clash","Shockwave"],"picked":"SKIP","floor":12.0},{"not_picked":["Perfected Strike","Pummel","Headbutt"],"picked":"SKIP","floor":14.0},{"not_picked":["Reaper","Limit Break"],"picked":"Berserk","floor":16.0},{"not_picked":["Twin Strike","Fire Breathing"],"picked":"Body Slam","floor":18.0},{"not_picked":["Anger","Blood for Blood"],"picked":"Iron Wave","floor":20.0},{"not_picked":["Burning Pact","Entrench","Intimidate"],"picked":"SKIP","floor":24.0},{"not_picked":["Dark Embrace","Flex","Burning Pact"],"picked":"SKIP","floor":27},{"not_picked":["Anger","Searing Blow"],"picked":"Uppercut+1","floor":28},{"not_picked":["Inflame+1","Sentinel","Perfected Strike"],"picked":"SKIP","floor":30},{"not_picked":["Dual Wield+1","Shrug It Off","Second Wind"],"picked":"SKIP","floor":31},{"not_picked":["Immolate","Reaper"],"picked":"Barricade","floor":33},{"not_picked":["Bloodletting","Evolve","Warcry"],"picked":"SKIP","floor":35},{"not_picked":["Clash+1","Headbutt"],"picked":"Disarm+1","floor":36},{"not_picked":["Evolve+1","Armaments","Searing Blow"],"picked":"SKIP","floor":37},{"not_picked":["Sentinel+1","Perfected Strike"],"picked":"Flame Barrier+1","floor":40},{"not_picked":["Inflame","Carnage","Thunderclap"],"picked":"SKIP","floor":42},{"not_picked":["Forethought","Sadistic Nature"],"picked":"Dramatic Entrance","floor":44},{"not_picked":["Iron Wave","Anger","Flame Barrier"],"picked":"SKIP","floor":47},{"not_picked":["Thunderclap","Perfected Strike+1","Clothesline"],"picked":"SKIP","floor":48},{"not_picked":["Feed","Sword Boomerang"],"picked":"Battle Trance","floor":54}],"player_experience":1445928,"relics_obtained":[{"floor":7.0,"key":"Omamori"},{"floor":9.0,"key":"Toy Ornithopter"},{"floor":10.0,"key":"Sundial"},{"floor":19.0,"key":"Nilry\u0027s Codex"},{"floor":24.0,"key":"Bag of Preparation"},{"floor":26.0,"key":"Pen Nib"},{"floor":27,"key":"Champion Belt"},{"floor":30,"key":"War Paint"},{"floor":36,"key":"Dead Branch"},{"floor":39,"key":"Du-Vu Doll"},{"floor":40,"key":"Incense Burner"},{"floor":54,"key":"Pear"}],"event_choices":[{"damage_healed":0.0,"max_hp_gain":0.0,"max_hp_loss":0.0,"gold_gain":0.0,"event_name":"Scrap Ooze","player_choice":"Success","floor":2.0,"gold_loss":0.0,"damage_taken":18.0,"relics_obtained":["MealTicket"]},{"cards_removed":["Disarm"],"damage_healed":58.0,"max_hp_gain":0.0,"max_hp_loss":0.0,"gold_gain":0.0,"event_name":"Bonfire Elementals","player_choice":"Offered Uncommon","floor":3.0,"gold_loss":0.0,"damage_taken":0.0},{"damage_healed":0.0,"max_hp_gain":0.0,"max_hp_loss":0.0,"gold_gain":0.0,"cards_transformed":["Strike_R"],"event_name":"Transmorgrifier","player_choice":"Transformed","floor":5.0,"gold_loss":0.0,"damage_taken":0.0,"cards_obtained":["Juggernaut"]},{"damage_healed":0.0,"max_hp_gain":0.0,"max_hp_loss":0.0,"gold_gain":0.0,"event_name":"Cursed Tome","player_choice":"Obtained Book","floor":19.0,"gold_loss":0.0,"damage_taken":16.0},{"damage_healed":0.0,"max_hp_gain":0.0,"max_hp_loss":0.0,"gold_gain":0.0,"event_name":"Designer","player_choice":"Upgraded Two","floor":22.0,"gold_loss":40.0,"damage_taken":0.0,"cards_upgraded":["Strike_R","Defend_R"]},{"damage_healed":0,"gold_gain":0,"player_choice":"Fight","damage_taken":0,"max_hp_gain":0,"max_hp_loss":0,"event_name":"MindBloom","floor":36,"gold_loss":0},{"damage_healed":0,"gold_gain":0,"player_choice":"Fight","damage_taken":0,"max_hp_gain":0,"max_hp_loss":0,"event_name":"Mysterious Sphere","floor":39,"gold_loss":0},{"damage_healed":0,"gold_gain":0,"player_choice":"Memory 1","damage_taken":0,"max_hp_gain":0,"max_hp_loss":0,"event_name":"SensoryStone","floor":44,"gold_loss":0}],"is_beta":false,"boss_relics":[{"not_picked":["Philosopher\u0027s Stone","Busted Crown"],"picked":"Mark of Pain"},{"not_picked":["Runic Cube","Runic Dome"],"picked":"Velvet Choker"}],"items_purged_floors":[0,21],"is_endless":false,"potions_floor_spawned":[1,7,10,14,18,20,27,36,42,47,54],"ascension_level":0}}