{"host":"nwd160me4iqdtr8u","time":1611904993,"event":{"mods":["AchievementEnabler","Act Like it!","BaseMod","Colored Map","DeckTracker","Minty Spire (QoL Compilation)","Quick Restart","Rare Cards Sparkle","StSLib","SuperFastMode","everything is the same but u backflip on backflip"],"gold_per_floor":[16,36,36,36,46,46,57,82,133,145,158,158,158,177,177,277,277,290,290,361,374,69,69,83,83,83,102,120,120,120,120,120,216,216,230,245,150,163,17,17,37,89,89,139,139,150,163,163,163,163,163,163,14,48,48],"floor_reached":56,"language":"KOR","playtime":2678,"items_purged":["Strike_B"],"score":1201,"play_id":"34ad3404-4141-4f9f-889f-f4c6fbf777a0","local_time":"20210129162313","is_ascension_mode":false,"campfire_choices":[{"data":"Dualcast","floor":6.0,"key":"SMITH"},{"data":"Zap","floor":12.0,"key":"SMITH"},{"data":"Aggregate","floor":15.0,"key":"SMITH"},{"data":"Redo","floor":23,"key":"SMITH"},{"data":"Auto Shields","floor":25,"key":"SMITH"},{"data":"Defragment","floor":29,"key":"SMITH"},{"data":"Genetic Algorithm","floor":32,"key":"SMITH"},{"data":"Rainbow","floor":40,"key":"SMITH"},{"floor":45,"key":"RECALL"},{"floor":49,"key":"REST"},{"data":"Reinforced Body","floor":52,"key":"SMITH"}],"circlet_count":0,"master_deck":["Strike_B","Strike_B","Defend_B","Defend_B","Defend_B","Zap+1","Dualcast+1","Defragment+1","Rainbow+1","Redo+1","Cold Snap","Chill","Genetic Algorithm+1","Ball Lightning","Aggregate+1","Core Surge","Reinforced Body+1","Glacier","Auto Shields+1","Redo+1","Defragment+1","Necronomicurse","Core Surge","Undo+1","Capacitor","Compile Driver","Barrage+1","Chill","Hologram","Melter","Cold Snap+1"],"relics":["Cracked Core","Dead Branch","HornCleat","PreservedInsect","Busted Crown","DataDisk","InkBottle","Necronomicon","SlaversCollar","Runic Capacitor","Torii","Happy Flower","Emotion Chip","Orichalcum"],"acts_visited":["Exordium","TheCity","TheBeyond","TheEnding"],"potions_floor_usage":[33,33,42,50,55,55],"damage_taken":[{"damage":6.0,"enemies":"Jaw Worm","floor":1.0,"turns":3.0},{"damage":7.0,"enemies":"Small Slimes","floor":2.0,"turns":4.0},{"damage":0.0,"enemies":"Cultist","floor":5.0,"turns":3.0},{"damage":7.0,"enemies":"Blue Slaver","floor":7.0,"turns":2.0},{"damage":9.0,"enemies":"Gremlin Nob","floor":8.0,"turns":5.0},{"damage":13.0,"enemies":"Exordium Thugs","floor":10.0,"turns":5.0},{"damage":4.0,"enemies":"Looter","floor":11.0,"turns":3.0},{"damage":0.0,"enemies":"Blue Slaver","floor":14.0,"turns":2.0},{"damage":19.0,"enemies":"Slime Boss","floor":16.0,"turns":5.0},{"damage":0,"enemies":"2 Thieves","floor":18,"turns":3},{"damage":3,"enemies":"Chosen","floor":21,"turns":3},{"damage":0,"enemies":"Snake Plant","floor":24,"turns":4},{"damage":0,"enemies":"Centurion and Healer","floor":27,"turns":8},{"damage":0,"enemies":"3 Cultists","floor":28,"turns":5},{"damage":25,"enemies":"Automaton","floor":33,"turns":10},{"damage":0,"enemies":"3 Darklings","floor":35,"turns":9},{"damage":8,"enemies":"3 Shapes","floor":36,"turns":5},{"damage":12,"enemies":"3 Darklings","floor":38,"turns":6},{"damage":0,"enemies":"Maw","floor":41,"turns":7},{"damage":15,"enemies":"2 Orb Walkers","floor":42,"turns":5},{"damage":0,"enemies":"Mind Bloom Boss Battle","floor":44,"turns":4},{"damage":6,"enemies":"Spire Growth","floor":46,"turns":5},{"damage":0,"enemies":"Writhing Mass","floor":47,"turns":4},{"damage":0,"enemies":"Time Eater","floor":50,"turns":11},{"damage":9,"enemies":"Shield and Spear","floor":54,"turns":6},{"damage":34,"enemies":"The Heart","floor":55,"turns":11}],"seed_played":"4948596260283316047","potions_obtained":[{"floor":1.0,"key":"SneckoOil"},{"floor":5.0,"key":"PowerPotion"},{"floor":11.0,"key":"Swift Potion"},{"floor":16.0,"key":"DistilledChaos"},{"floor":21,"key":"AttackPotion"},{"floor":33,"key":"SkillPotion"},{"floor":41,"key":"Ancient Potion"},{"floor":42,"key":"SneckoOil"},{"floor":47,"key":"Fruit Juice"}],"is_trial":false,"path_per_floor":["M","M","?","?","M","R","M","E","T","M","M","R","?","M","R","B",null,"M","?","T","M","$","R","M","R","T","M","M","R","?","?","R","B",null,"M","M","$","M","$","R","M","?","T","?","R","M","M","?","R","B",null,"R","$","E","B",null],"character_chosen":"DEFECT","items_purchased":["Glacier","DataDisk","Capacitor","Compile Driver","Runic Capacitor","Hologram","Melter","Dexterity Potion"],"campfire_rested":1,"item_purchase_floors":[22,22,37,37,39,53,53,53],"current_hp_per_floor":[69,62,62,67,67,67,60,51,51,38,34,34,34,34,34,15,80,80,80,80,77,77,77,77,77,77,77,77,77,77,61,61,36,80,80,72,72,60,60,60,60,45,45,45,45,39,39,39,63,68,85,85,85,76,42],"gold":48,"neow_bonus":"ONE_RARE_RELIC","is_daily":false,"chose_seed":false,"campfire_upgraded":9,"win_rate":0.0,"timestamp":1611904993,"path_taken":["M","M","?","?","M","R","M","E","T","M","M","R","?","?","R","BOSS","M","?","?","M","$","R","M","R","T","M","M","R","?","?","R","BOSS","M","M","$","M","$","R","M","?","T","?","R","M","M","?","R","BOSS","R","$","E","BOSS"],"items_purchased_type":["Card","Relic","Card","Card","Relic","Card","Card","Potion"],"build_version":"2020-12-22","purchased_purges":1,"victory":true,"max_hp_per_floor":[75,75,75,80,80,80,80,80,80,80,80,80,80,80,80,80,80,80,80,80,80,80,80,80,80,80,80,80,80,80,80,80,80,80,80,80,80,80,80,80,80,80,80,80,80,80,80,80,80,85,85,85,85,85,85],"card_choices":[{"not_picked":["Gash","Redo"],"picked":"Defragment","floor":1.0},{"not_picked":["Steam Power","Reinforced Body","Stack"],"picked":"SKIP","floor":2.0},{"not_picked":["Leap","Hologram"],"picked":"Redo","floor":5.0},{"not_picked":["Go for the Eyes","Steam Power"],"picked":"Cold Snap","floor":7.0},{"not_picked":["Reinforced Body","Static Discharge"],"picked":"Chill","floor":8.0},{"not_picked":["Reprogram","Leap"],"picked":"Genetic Algorithm","floor":10.0},{"not_picked":["Turbo","Beam Cell"],"picked":"Ball Lightning","floor":11.0},{"not_picked":["Barrage","Tempest"],"picked":"Aggregate","floor":14.0},{"not_picked":["All For One","Fission"],"picked":"Core Surge","floor":16.0},{"not_picked":[],"picked":"Reinforced Body","floor":18},{"not_picked":["Force Field"],"picked":"SKIP","floor":21},{"not_picked":[],"picked":"Auto Shields","floor":24},{"not_picked":[],"picked":"Redo+1","floor":27},{"not_picked":[],"picked":"Defragment","floor":28},{"not_picked":[],"picked":"Core Surge","floor":33},{"not_picked":[],"picked":"Undo+1","floor":35},{"not_picked":["Static Discharge"],"picked":"SKIP","floor":36},{"not_picked":["Steam+1"],"picked":"SKIP","floor":38},{"not_picked":[],"picked":"Barrage+1","floor":41},{"not_picked":[],"picked":"Chill","floor":46},{"not_picked":["Sweeping Beam"],"picked":"SKIP","floor":47},{"not_picked":[],"picked":"Cold Snap+1","floor":54}],"player_experience":300362,"relics_obtained":[{"floor":8.0,"key":"HornCleat"},{"floor":9.0,"key":"PreservedInsect"},{"floor":26,"key":"InkBottle"},{"floor":31,"key":"Necronomicon"},{"floor":42,"key":"Torii"},{"floor":43,"key":"Happy Flower"},{"floor":44,"key":"Emotion Chip"},{"floor":54,"key":"Orichalcum"}],"event_choices":[{"damage_healed":0.0,"max_hp_gain":0.0,"max_hp_loss":0.0,"gold_gain":0.0,"cards_transformed":["Strike_B"],"event_name":"Living Wall","player_choice":"Change","floor":3.0,"gold_loss":0.0,"damage_taken":0.0,"cards_obtained":["Rainbow"]},{"damage_healed":0.0,"max_hp_gain":5.0,"max_hp_loss":0.0,"gold_gain":0.0,"event_name":"Big Fish","player_choice":"Donut","floor":4.0,"gold_loss":0.0,"damage_taken":0.0},{"damage_healed":0.0,"max_hp_gain":0.0,"max_hp_loss":0.0,"gold_gain":0.0,"event_name":"Accursed Blacksmith","player_choice":"Forge","floor":13.0,"gold_loss":0.0,"damage_taken":0.0,"cards_upgraded":["Defragment"]},{"damage_healed":0,"gold_gain":0,"player_choice":"Ignored","damage_taken":0,"max_hp_gain":0,"max_hp_loss":0,"event_name":"Vampires","floor":19,"gold_loss":0},{"cards_removed":["Defend_B"],"damage_healed":0,"gold_gain":0,"player_choice":"Elegance","damage_taken":0,"max_hp_gain":0,"max_hp_loss":0,"event_name":"Back to Basics","floor":30,"gold_loss":0},{"damage_healed":0,"gold_gain":0,"player_choice":"Obtained Book","damage_taken":16,"max_hp_gain":0,"max_hp_loss":0,"event_name":"Cursed Tome","floor":31,"gold_loss":0},{"damage_healed":0,"gold_gain":0,"player_choice":"Fight","damage_taken":0,"max_hp_gain":0,"max_hp_loss":0,"event_name":"Mysterious Sphere","floor":42,"gold_loss":0},{"damage_healed":0,"gold_gain":0,"player_choice":"Fight","damage_taken":0,"max_hp_gain":0,"max_hp_loss":0,"event_name":"MindBloom","floor":44,"gold_loss":0},{"damage_healed":0,"gold_gain":0,"player_choice":"Memory 1","damage_taken":0,"max_hp_gain":0,"max_hp_loss":0,"event_name":"SensoryStone","floor":48,"gold_loss":0}],"is_beta":false,"boss_relics":[{"not_picked":["Astrolabe","FrozenCore"],"picked":"Busted Crown"},{"not_picked":["Cursed Key","Nuclear Battery"],"picked":"SlaversCollar"}],"items_purged_floors":[22],"is_endless":false,"potions_floor_spawned":[1,5,11,16,21,27,28,33,41,42,46,47,54],"ascension_level":0}}