{"host":"56d873i5r3uhle0q","time":1611901049,"event":{"mods":["100% Spire Juice","Act Like it!","Aspiration","BaseMod","Block Reminder","Conspire","Dota2Spire","Downfall","Gensokyo","Hermit","Hubris","Infinite Spire","Jedi Mod","Lobotomy","LobotomyExtend","Marisa????????","Marked Mod","Minty Spire (QoL Compilation)","Reliquary","Replay The Spire","StSLib","The Animator","The Bug Knight","The Cursed","The Marked","The Servant 0.9.4","everything is the same but u backflip on backflip","??????REMEMod"],"gold_per_floor":[117,117,128,128,144,44,56,75,75,75,75,75,98,53,53,72,87,106,106,106,106],"floor_reached":20,"language":"ENG","playtime":1662,"items_purged":[],"score":116,"play_id":"2bdb677d-d8fb-4f6e-9102-17f824d59bc1","local_time":"20210128231729","is_ascension_mode":false,"campfire_choices":[{"floor":10,"key":"REST"},{"floor":15,"key":"REST"},{"floor":19,"key":"DIG"}],"circlet_count":0,"master_deck":["ReplayTheSpireMod:LeadingStrike","Ghostly","Flame Barrier","Havoc","jedi:harder"],"relics":["Burning Blood","REME_ComplimentaryCards","LetterFromLob","Blue Candle","Replay:Wax Seal","jedi:matchstick"],"acts_visited":["Gensokyo:Gensokyo"],"potions_floor_usage":[5],"damage_taken":[{"damage":0.0,"enemies":"Gensokyo:Python","floor":1.0,"turns":2.0},{"damage":2.0,"enemies":"Gensokyo:3_Fairies","floor":3.0,"turns":5.0},{"damage":29,"enemies":"Jaw Worm","floor":5,"turns":4},{"damage":48,"enemies":"Cultist","floor":7,"turns":6},{"damage":5,"enemies":"2 Louse","floor":8,"turns":3},{"damage":0,"enemies":"Looter","floor":14,"turns":5},{"damage":12,"enemies":"2 Fungi Beasts","floor":16,"turns":7},{"damage":4,"enemies":"Gremlin Gang","floor":17,"turns":7},{"damage":0,"enemies":"Large Slime","floor":18,"turns":16},{"damage":74,"enemies":"Hexaghost","floor":20,"turns":22}],"seed_played":"5262299651452411388","potions_obtained":[{"floor":1.0,"key":"hexamod:SoulburnPotion"},{"floor":8,"key":"Dexterity Potion"},{"floor":16,"key":"FearPotion"},{"floor":18,"key":"Ancient Potion"}],"is_trial":false,"path_per_floor":["M","$","M","?","M","?","M","M","$","R","?","?","T","M","R","M","M","M","R","B"],"character_chosen":"IRONCLAD","items_purchased":[],"campfire_rested":2,"item_purchase_floors":[],"current_hp_per_floor":[80,80,80,80,57,57,15,16,16,40,35,35,35,41,65,59,61,67,67,0,0],"gold":106,"neow_bonus":"THREE_CARDS","is_daily":false,"chose_seed":false,"campfire_upgraded":0,"win_rate":0.0,"timestamp":1611901049,"path_taken":["M","$","?","?","M","?","M","M","?","R","?","?","T","M","R","M","M","M","R","BOSS"],"items_purchased_type":[],"build_version":"2020-12-22","purchased_purges":0,"victory":false,"max_hp_per_floor":[80,80,80,80,80,80,80,80,80,80,80,80,80,80,80,80,80,80,80,80,80],"card_choices":[{"not_picked":["Heavy Blade","Twin Strike"],"picked":"Replay:Undeath\u0027s Touch","floor":1.0},{"not_picked":["Offering","Clothesline"],"picked":"ReplayTheSpireMod:Limb From Limb","floor":3.0},{"not_picked":["Flex","Run Through"],"picked":"Combust","floor":4},{"not_picked":["Pummel","Body Slam"],"picked":"ReplayTheSpireMod:LeadingStrike","floor":5},{"not_picked":["Run Through","Anger"],"picked":"Flame Barrier","floor":7},{"not_picked":["Clash","True Grit","Clothesline"],"picked":"SKIP","floor":8},{"not_picked":["REME_SingleHolding","Feel No Pain"],"picked":"Havoc","floor":14},{"not_picked":["Anger","Replay:Undeath\u0027s Touch"],"picked":"jedi:harder","floor":16},{"not_picked":["Wild Strike","Warcry","Flex"],"picked":"SKIP","floor":17},{"not_picked":["Shrug It Off","Flex","Power Through"],"picked":"SKIP","floor":18}],"player_experience":686116,"relics_obtained":[{"floor":1.0,"key":"LetterFromLob"},{"floor":5,"key":"LetterFromLob"},{"floor":13,"key":"Replay:Wax Seal"},{"floor":19,"key":"jedi:matchstick"}],"event_choices":[{"damage_healed":0,"gold_gain":0,"player_choice":"Argue","damage_taken":0,"max_hp_gain":0,"max_hp_loss":0,"event_name":"conspire:LoneGhost","floor":6,"gold_loss":0},{"cards_removed":["Combust"],"damage_healed":0,"gold_gain":0,"player_choice":"Purged","damage_taken":0,"max_hp_gain":0,"max_hp_loss":0,"event_name":"Purifier","floor":12,"gold_loss":0}],"is_beta":false,"boss_relics":[],"items_purged_floors":[],"is_endless":false,"potions_floor_spawned":[1,8,16,18],"killed_by":"Hexaghost","ascension_level":0}}