{"host":"ve5hox67eka4rdnb","time":1611931642,"event":{"mods":["ATMod(阿瑾Mod)","Act Like it!","BaseMod","Decade(王小明)","Downfall","Gensokyo","Hermit","Lobotomy","LobotomyExtend","Marisa（F雨　魔理沙）","Minty Spire (QoL Compilation)","Reimu（博丽灵梦）","Remilia（蕾米莉亚）","Replay The Spire","StSLib","The Cursed","The Servant 0.9.4"],"gold_per_floor":[115,115,125,136,154,189,66,94,94,94,121,121,72,72,72,150,150,141,216,17,112,127,127,154,46,46,72,72,105,105,105,105,203],"floor_reached":17,"language":"ZHS","playtime":2221,"items_purged":["Bash","Poor:ReiMu"],"score":523,"play_id":"2e228cdd-d8a4-4f93-a6c2-7de654ffef64","local_time":"20210129224722","is_ascension_mode":true,"campfire_choices":[{"data":"AT_OneInchPunch","floor":12,"key":"SMITH"},{"data":"Metallicize","floor":15,"key":"SMITH"},{"data":"AT_BodySlamDance","floor":6,"key":"SMITH"},{"data":"Metallicize","floor":13,"key":"SMITH"},{"data":"Metallicize","floor":15,"key":"SMITH"}],"circlet_count":0,"master_deck":["Strike_R","Strike_R","Strike_R","Strike_R","Strike_R","Defend_R","Defend_R+1","Defend_R","Defend_R","AT_OneInchPunch+1","SpiderBud","Self Repair+1","Genetic Algorithm+1","Metallicize+1","OSAHOGD","ReplayReversal+1","Barricade+1","LaLuna","AT_BodySlamDance+1","Metallicize+1","Metallicize+1","Metallicize+1","MeatLantern","AT_Dispersion"],"relics":["AT_ATBox","CogitoBucket","Iron Core","Bronze Scales","Bottled Tornado","CrazyTorch:ReiMu","Replay:Bottled Steam","YidongShenshe:ReiMu","Ooze Armor","MagicBullet_r","BackwardClock","LetterFromLob","Ornamental Fan","AT_BladeRuinedKing","Prayer Wheel","Mango"],"acts_visited":["Exordium","TheCity"],"potions_floor_usage":[5,6,8,8,16,16,12,17,17,17],"damage_taken":[{"damage":3,"enemies":"2 Louse","floor":1,"turns":2},{"damage":1,"enemies":"Small Slimes","floor":3,"turns":2},{"damage":2,"enemies":"Jaw Worm","floor":4,"turns":3},{"damage":5,"enemies":"Lots of Slimes","floor":5,"turns":5},{"damage":10,"enemies":"Lagavulin","floor":6,"turns":6},{"damage":23,"enemies":"3 Sentries","floor":8,"turns":6},{"damage":0,"enemies":"Lagavulin","floor":11,"turns":6},{"damage":4,"enemies":"The Guardian","floor":16,"turns":6},{"damage":11,"enemies":"Jaw Worm","floor":1,"turns":6},{"damage":0,"enemies":"2 Louse","floor":5,"turns":1},{"damage":0,"enemies":"Gremlin Nob","floor":7,"turns":3},{"damage":0,"enemies":"3 Sentries","floor":10,"turns":2},{"damage":0,"enemies":"Lagavulin","floor":12,"turns":1},{"damage":23,"enemies":"The Guardian","floor":16,"turns":4},{"damage":6,"enemies":"Malkuth","floor":17,"turns":9},{"damage":51,"enemies":"Hod","floor":17,"turns":12}],"seed_played":"4987934979723726929","potions_obtained":[{"floor":1,"key":"Slimebound:ThreeZeroPotion"},{"floor":3,"key":"Block Potion"},{"floor":4,"key":"Weak Potion"},{"floor":11,"key":"BlessingOfTheForge"},{"floor":1,"key":"champ:CounterPotion"},{"floor":5,"key":"MagicPotion:ReiMu"},{"floor":10,"key":"BloodPotion"},{"floor":16,"key":"champ:CounterPotion"}],"is_trial":false,"path_per_floor":["M","?","M","M","M","E","$","E","T","?","E","R","$","?","R","B",null,"M","M","?","$","?","M","R","E","$","T","E","T","E","R","?","R","B",null],"character_chosen":"IRONCLAD","items_purchased":["Fire Potion","AttackPotion","AT_BodySlamDance","Metallicize","Metallicize","SkillPotion"],"campfire_rested":0,"item_purchase_floors":[7,13,3,3,8,8],"current_hp_per_floor":[80,80,79,80,80,80,80,67,67,51,61,61,61,61,61,67,80,79,68,68,48,48,48,58,58,58,68,68,82,82,63,63,40],"gold":203,"neow_bonus":"","is_daily":false,"chose_seed":false,"campfire_upgraded":5,"win_rate":0.0,"timestamp":1611931642,"path_taken":["M","?","M","M","M","E","$","E","T","?","E","R","$","?","R","BOSS","M","M","?","$","?","?","R","E","$","T","E","?","E","R","?","R","BOSS"],"items_purchased_type":["Potion","Potion","Card","Card","Card","Potion"],"build_version":"2020-12-22","purchased_purges":2,"victory":true,"max_hp_per_floor":[80,80,80,80,80,80,80,80,80,80,80,80,80,80,80,80,80,80,80,80,80,80,80,80,80,80,80,80,94,94,94,94,94],"card_choices":[{"not_picked":["ShyLook","Funeral"],"picked":"SpiderBud","floor":1},{"not_picked":["AT_GerminateFire","Flex","Clothesline"],"picked":"SKIP","floor":1},{"not_picked":["VoidDream","Scorched","Bloodbath"],"picked":"Singing Bowl","floor":3},{"not_picked":["Intimidate","Gash"],"picked":"Genetic Algorithm","floor":3},{"not_picked":["CherryBlossoms","ShyLook","Murderer"],"picked":"Singing Bowl","floor":4},{"not_picked":["Shrug It Off","AT_ShrugMaster"],"picked":"Metallicize","floor":4},{"not_picked":["WhitesApple","Wellcheers","DespairKnight"],"picked":"Singing Bowl","floor":5},{"not_picked":["BeautyBeast","NakedNest"],"picked":"OSAHOGD","floor":5},{"not_picked":["True Grit","Blood for Blood"],"picked":"ReplayReversal","floor":5},{"not_picked":["CherryBlossoms","HappyTeddy","Wellcheers"],"picked":"Singing Bowl","floor":6},{"not_picked":["Replay:Undeath\u0027s Touch","Havoc"],"picked":"Barricade","floor":6},{"not_picked":["Bloodbath","OldLady","BeautyBeast"],"picked":"Singing Bowl","floor":8},{"not_picked":["AT_IchimonjiDouble","Turbo","Warcry"],"picked":"SKIP","floor":8},{"not_picked":["MHz","LittlePrince"],"picked":"LaLuna","floor":11},{"not_picked":["Shockwave","Turbo","Pommel Strike"],"picked":"SKIP","floor":11},{"not_picked":["CrumblingArmor","Alriune","VoidDream"],"picked":"Singing Bowl","floor":16},{"not_picked":["VoidDream","Murderer","BeautyBeast"],"picked":"Singing Bowl","floor":1},{"not_picked":["Rage","Searing Blow","AT_ShrugMaster"],"picked":"SKIP","floor":1},{"not_picked":["QueenBee","Yin"],"picked":"QueenOfHatred","floor":5},{"not_picked":["Fire Breathing","Clothesline","Replay:Undeath\u0027s Touch"],"picked":"SKIP","floor":5},{"not_picked":["OldLady","HeroicMonk","CrumblingArmor"],"picked":"Singing Bowl","floor":7},{"not_picked":["Abandon","Flame Barrier","Twin Strike"],"picked":"SKIP","floor":7},{"not_picked":["CherryBlossoms","FieryBird","PunishingBird"],"picked":"Singing Bowl","floor":10},{"not_picked":["Bloodletting","Power Through","Impervious"],"picked":"SKIP","floor":10},{"not_picked":["Scorched","Bloodbath","BigBadWolf"],"picked":"Singing Bowl","floor":12},{"not_picked":["WallGazer","Woodsman"],"picked":"MeatLantern","floor":12},{"not_picked":["Berserk","True Grit","ReplayTheSpireMod:Strike From Hell"],"picked":"SKIP","floor":12},{"not_picked":["Berserk","True Grit","ReplayTheSpireMod:Strike From Hell"],"picked":"SKIP","floor":12},{"not_picked":["DreamingCurrent","Porccubus","Murderer"],"picked":"Singing Bowl","floor":16},{"not_picked":["Impervious","Exhume"],"picked":"AT_Dispersion","floor":16}],"player_experience":178443,"relics_obtained":[{"floor":1,"key":"LetterFromLob"},{"floor":6,"key":"Bronze Scales"},{"floor":8,"key":"Bottled Tornado"},{"floor":9,"key":"CrazyTorch:ReiMu"},{"floor":11,"key":"Replay:Bottled Steam"},{"floor":1,"key":"LetterFromLob"},{"floor":7,"key":"Ornamental Fan"},{"floor":10,"key":"AT_BladeRuinedKing"},{"floor":11,"key":"Prayer Wheel"},{"floor":12,"key":"Mango"}],"event_choices":[{"damage_healed":0,"gold_gain":0,"player_choice":"Entered Light","damage_taken":16,"max_hp_gain":0,"max_hp_loss":0,"event_name":"Shining Light","floor":10,"gold_loss":0,"cards_upgraded":["Barricade","Defend_R"]},{"damage_healed":0,"gold_gain":0,"player_choice":"带走神社","damage_taken":0,"relics_obtained":["YidongShenshe:ReiMu"],"max_hp_gain":0,"max_hp_loss":0,"event_name":"yidonshenshe","floor":14,"gold_loss":0,"cards_obtained":["Poor:ReiMu"]},{"damage_healed":0,"gold_gain":75,"player_choice":"Gather Gold","damage_taken":11,"max_hp_gain":0,"max_hp_loss":0,"event_name":"World of Goop","floor":2,"gold_loss":0},{"damage_healed":0,"gold_gain":0,"player_choice":"Entered Light","damage_taken":19,"max_hp_gain":0,"max_hp_loss":0,"event_name":"Shining Light","floor":14,"gold_loss":0,"cards_upgraded":["ReplayReversal","Metallicize"]}],"is_beta":false,"boss_relics":[{"not_picked":["Snecko Eye","ChewingGum"],"picked":"Ooze Armor"}],"items_purged_floors":[7,3],"is_endless":false,"potions_floor_spawned":[1,3,4,11,1,5,10,16],"ascension_level":2}}