{"host":"eketvm4dld8igxnv","time":1611891983,"event":{"mods":["BaseMod","Better Skull","Better Third Choice","Googly Eyes","Hermit","Minty Spire (QoL Compilation)","StSLib","The Servant 0.9.4"],"gold_per_floor":[113,76,76,42,57,57,85,314,362,394,404,414,439,614,614,715,715,731,731,27,27,27,27,47,22,22,22,47,66,66,94,94,189,189,202,202,6,22,0,0,32,32,32,32,32],"floor_reached":44,"language":"ENG","playtime":2729,"items_purged":["Doubt"],"score":515,"play_id":"d82bde4e-18c0-4f3e-92f2-0af6195a096d","local_time":"20210128224623","is_ascension_mode":false,"campfire_choices":[{"floor":6,"key":"RECALL"},{"floor":15,"key":"REST"},{"floor":23,"key":"REST"},{"data":"Initiator","floor":27,"key":"SMITH"},{"floor":30,"key":"REST"},{"floor":32,"key":"REST"},{"floor":40,"key":"REST"}],"circlet_count":0,"master_deck":["Strike_S","Strike_S","Strike_S","Strike_S","Defend_S","Defend_S","Defend_S","Defend_S","KidneyShot","Exchange","Luminosity+1","SilverBlades","FanOfKnives","ShatteredReality+1","MurderousAura","Replace+1","Ricochet","ShatteredReality","Revamp+1","Initiator+1","Potential","RitualDagger","TimeWarp","SurpressingFire","J.A.X.+1","Starlight","Potential","Replace+1","Defy+1","Potential+1","Duplication+1","GearUp+1","Rewind+1","Rearm+1"],"relics":["Uniform","NeowsBlessing","Centennial Puzzle","Nunchaku","Oddly Smooth Stone","Toxic Egg 2","Bag of Preparation","SacredBark","Juzu Bracelet","Sling","Lantern","Matryoshka","Letter Opener","Fusion Hammer","Anchor","Red Mask","Sundial","Bottled Flame","Mummified Hand"],"acts_visited":["Exordium","TheCity","TheBeyond"],"potions_floor_usage":[13,24,28,33,38,41,42],"damage_taken":[{"damage":0,"enemies":"Cultist","floor":1,"turns":1},{"damage":0,"enemies":"2 Louse","floor":5,"turns":1},{"damage":0,"enemies":"Lagavulin","floor":7,"turns":2},{"damage":12,"enemies":"3 Sentries","floor":10,"turns":4},{"damage":5,"enemies":"Jaw Worm","floor":11,"turns":3},{"damage":0,"enemies":"Exordium Wildlife","floor":12,"turns":1},{"damage":15,"enemies":"Lagavulin","floor":13,"turns":5},{"damage":32,"enemies":"The Guardian","floor":16,"turns":9},{"damage":0,"enemies":"2 Thieves","floor":18,"turns":1},{"damage":0,"enemies":"Spheric Guardian","floor":24,"turns":1},{"damage":23,"enemies":"Book of Stabbing","floor":28,"turns":3},{"damage":7,"enemies":"Snecko","floor":29,"turns":4},{"damage":13,"enemies":"Slavers","floor":31,"turns":2},{"damage":37,"enemies":"Automaton","floor":33,"turns":5},{"damage":14,"enemies":"Orb Walker","floor":35,"turns":3},{"damage":0,"enemies":"3 Shapes","floor":38,"turns":2},{"damage":46,"enemies":"Giant Head","floor":41,"turns":7},{"damage":3,"enemies":"Transient","floor":42,"turns":2},{"damage":22,"enemies":"Writhing Mass","floor":44,"turns":2}],"seed_played":"-281477869584950994","potions_obtained":[{"floor":1,"key":"SmokeBomb"},{"floor":11,"key":"FairyPotion"},{"floor":12,"key":"Energy Potion"},{"floor":18,"key":"LiquidBronze"},{"floor":28,"key":"BlessingOfTheForge"},{"floor":31,"key":"ColorlessPotion"},{"floor":35,"key":"SmokeBomb"}],"is_trial":false,"path_per_floor":["M","$","?","$","M","R","E","?","T","E","M","M","E","?","R","B",null,"M","?","$","?","?","R","M","$","T","R","E","M","R","E","R","B",null,"M","?","$","M","?","R","E","M","T","M"],"character_chosen":"THE_SERVANT","items_purchased":["SilverBlades","FanOfKnives","TimeWarp","Juzu Bracelet","Sling","Lantern","AttackPotion","SurpressingFire","Potential","Anchor","Energy Potion"],"campfire_rested":5,"item_purchase_floors":[2,4,20,20,20,20,20,20,25,37,37],"current_hp_per_floor":[65,65,65,65,65,65,65,26,26,14,9,9,19,19,38,6,65,65,59,59,48,48,69,69,69,69,69,46,39,60,47,68,31,70,56,60,60,60,60,70,24,21,21,0,0],"gold":32,"neow_bonus":"THREE_ENEMY_KILL","is_daily":false,"chose_seed":false,"campfire_upgraded":1,"win_rate":0.0,"timestamp":1611891983,"path_taken":["M","?","?","$","M","R","E","?","T","E","?","M","E","?","R","BOSS","M","?","$","?","?","R","M","?","T","R","E","M","R","E","R","BOSS","M","?","$","M","?","R","E","M","T","M"],"items_purchased_type":["Card","Card","Card","Relic","Relic","Relic","Potion","Card","Card","Relic","Potion"],"build_version":"2020-12-22","purchased_purges":1,"victory":false,"max_hp_per_floor":[65,65,65,65,65,65,65,65,65,65,65,65,65,65,65,65,65,65,65,65,70,70,70,70,70,70,70,70,70,70,70,70,70,70,70,70,70,70,70,70,70,70,70,70,70],"card_choices":[{"not_picked":["Alleviate","DualDimension"],"picked":"Luminosity","floor":1},{"not_picked":["Unruled","Alleviate"],"picked":"ShatteredReality","floor":5},{"not_picked":["Rewind","Misdirection"],"picked":"MurderousAura","floor":7},{"not_picked":["Luminosity","Initiator"],"picked":"Replace+1","floor":10},{"not_picked":["MoonPhase","Reset+1"],"picked":"Ricochet","floor":11},{"not_picked":["Rearm+1","Collapse"],"picked":"ShatteredReality","floor":12},{"not_picked":["Foresight","FloweringNight"],"picked":"Revamp+1","floor":13},{"not_picked":["ForgedInTime+1","MurderousAura"],"picked":"Initiator","floor":16},{"not_picked":["ShatteredReality","Replace+1"],"picked":"Potential","floor":18},{"not_picked":["TimeWarp","Gouge"],"picked":"Starlight","floor":24},{"not_picked":["SpecialFormula+1","Foresight"],"picked":"Replace+1","floor":28},{"not_picked":["Hightail+1","Alleviate+1"],"picked":"Defy+1","floor":29},{"not_picked":["Solidify+1","SilverBlades"],"picked":"Potential+1","floor":31},{"not_picked":["Sunlight","FloweringNight"],"picked":"Duplication+1","floor":33},{"not_picked":["Reset+1","Comet+1"],"picked":"GearUp+1","floor":35},{"not_picked":["SilverBlades+1","FastForward+1"],"picked":"Rewind+1","floor":38},{"not_picked":["MoonPhase","BottledTime+1"],"picked":"Rearm+1","floor":41}],"player_experience":253348,"relics_obtained":[{"floor":7,"key":"Centennial Puzzle"},{"floor":9,"key":"Oddly Smooth Stone"},{"floor":10,"key":"Toxic Egg 2"},{"floor":13,"key":"Bag of Preparation"},{"floor":28,"key":"Matryoshka"},{"floor":31,"key":"Letter Opener"},{"floor":41,"key":"Sundial"},{"floor":43,"key":"Bottled Flame"},{"floor":43,"key":"Mummified Hand"}],"event_choices":[{"damage_healed":0,"gold_gain":0,"player_choice":"Grow","damage_taken":0,"max_hp_gain":0,"max_hp_loss":0,"event_name":"Living Wall","floor":3,"gold_loss":0,"cards_upgraded":["Luminosity"]},{"damage_healed":0,"gold_gain":229,"player_choice":"UP RE GO GO ","damage_taken":45,"relics_obtained":["Nunchaku"],"max_hp_gain":0,"max_hp_loss":0,"event_name":"betterSkull:BetterSkull","floor":8,"gold_loss":0,"cards_upgraded":["ShatteredReality"]},{"damage_healed":0,"gold_gain":175,"player_choice":"AGREE","damage_taken":439,"max_hp_gain":0,"max_hp_loss":0,"event_name":"betterThird:BetterSerpent","floor":14,"gold_loss":0},{"damage_healed":0,"gold_gain":0,"player_choice":"Dagger","damage_taken":6,"max_hp_gain":0,"max_hp_loss":0,"event_name":"betterThird:BetterNest","floor":19,"gold_loss":0,"cards_obtained":["RitualDagger"]},{"damage_healed":0,"gold_gain":0,"player_choice":"Shed Blood","damage_taken":16,"max_hp_gain":5,"max_hp_loss":0,"event_name":"Forgotten Altar","floor":21,"gold_loss":0},{"damage_healed":0,"gold_gain":0,"player_choice":"Obtain J.A.X.","damage_taken":0,"max_hp_gain":0,"max_hp_loss":0,"event_name":"Drug Dealer","floor":22,"gold_loss":0,"cards_obtained":["J.A.X."]},{"damage_healed":4,"gold_gain":0,"player_choice":"LEAVE ","damage_taken":0,"relics_obtained":[],"max_hp_gain":0,"max_hp_loss":0,"event_name":"betterSkull:BetterSkull","floor":36,"gold_loss":0,"cards_upgraded":[]},{"damage_healed":0,"gold_gain":0,"player_choice":"Paid","damage_taken":0,"relics_obtained":["Red Mask"],"max_hp_gain":0,"max_hp_loss":0,"event_name":"Tomb of Lord Red Mask","floor":39,"gold_loss":22}],"is_beta":false,"boss_relics":[{"not_picked":["Snecko Eye","Runic Pyramid"],"picked":"SacredBark"},{"not_picked":["Philosopher\u0027s Stone","Black Star"],"picked":"Fusion Hammer"}],"items_purged_floors":[20],"is_endless":false,"potions_floor_spawned":[1,11,12,18,28,31,35,42],"killed_by":"Writhing Mass","ascension_level":0}}