{"host":"qxlnb1uz9drfcwnc","time":1611896616,"event":{"mods":["100% Spire Juice","BaseMod","Bestiary","Curses Come First","Minty Spire (QoL Compilation)","StSLib","The Servant 0.9.4"],"gold_per_floor":[118,133,150,150,150,150,199,199,252,268,300,318,347,357,357,454,454,473,15,35,35,49,74,74,74,74,86,111,111,138,138,138,235,235,254,264,274,286,338,373,383,415,415,415,429,448,25,25,25,25],"floor_reached":51,"language":"ENG","playtime":2703,"items_purged":["Normality"],"score":942,"play_id":"4a2dd343-5494-4253-9b1e-18bb6a3f0372","local_time":"20210128210336","is_ascension_mode":true,"campfire_choices":[{"data":"Eruption","floor":6.0,"key":"SMITH"},{"data":"WreathOfFlame","floor":8.0,"key":"SMITH"},{"floor":15.0,"key":"REST"},{"floor":24.0,"key":"RECALL"},{"floor":29.0,"key":"REST"},{"floor":32.0,"key":"REST"},{"floor":44,"key":"REST"},{"floor":49,"key":"REST"}],"circlet_count":0,"master_deck":["Strike_P+1","Strike_P+1","Strike_P+1","Strike_P+1","Defend_P+1","Defend_P+1","Eruption+1","Vigilance+1","Consecrate+1","WreathOfFlame+1","Vengeance+1","LessonLearned+1","LessonLearned+1","CrushJoints+1","Blasphemy+1","EmptyBody+1","FollowUp+1","Brilliance+1","Consecrate+1","BattleHymn+1","ConjureBlade+1","TalkToTheHand+1","FollowUp+1","DevaForm+1","Collect+1","Consecrate+1","ForeignInfluence+1","Wallop+1","CarveReality+1","FollowUp+1","Conclude+1","ForeignInfluence+1"],"relics":["Runic Pyramid","Strawberry","Anchor","TeardropLocket","Bottled Lightning","Fusion Hammer","Torii","MealTicket","Prayer Wheel","Gremlin Horn","Question Card","Bag of Preparation","Cursed Key","Unceasing Top","Pantograph","The Courier","Bird Faced Urn","CloakClasp","Frozen Eye"],"acts_visited":["Exordium","TheCity","TheBeyond"],"potions_floor_usage":[50,50],"damage_taken":[{"damage":0.0,"enemies":"Cultist","floor":1.0,"turns":2.0},{"damage":28.0,"enemies":"Small Slimes","floor":2.0,"turns":3.0},{"damage":0.0,"enemies":"2 Louse","floor":3.0,"turns":2.0},{"damage":0.0,"enemies":"Gremlin Nob","floor":7.0,"turns":2.0},{"damage":3.0,"enemies":"Gremlin Gang","floor":10.0,"turns":3.0},{"damage":12.0,"enemies":"Lagavulin","floor":11.0,"turns":4.0},{"damage":0.0,"enemies":"2 Fungi Beasts","floor":12.0,"turns":2.0},{"damage":20.0,"enemies":"3 Sentries","floor":13.0,"turns":3.0},{"damage":0.0,"enemies":"3 Louse","floor":14.0,"turns":2.0},{"damage":26.0,"enemies":"Hexaghost","floor":16.0,"turns":6.0},{"damage":4.0,"enemies":"Shell Parasite","floor":18.0,"turns":2.0},{"damage":1.0,"enemies":"Chosen","floor":20.0,"turns":2.0},{"damage":0.0,"enemies":"Snecko","floor":22.0,"turns":2.0},{"damage":6.0,"enemies":"Book of Stabbing","floor":23.0,"turns":2.0},{"damage":0.0,"enemies":"Sentry and Sphere","floor":27.0,"turns":2.0},{"damage":8.0,"enemies":"Slavers","floor":28.0,"turns":2.0},{"damage":1.0,"enemies":"Gremlin Leader","floor":30.0,"turns":2.0},{"damage":22.0,"enemies":"Collector","floor":33.0,"turns":3.0},{"damage":0.0,"enemies":"3 Darklings","floor":35.0,"turns":2.0},{"damage":11.0,"enemies":"3 Shapes","floor":36.0,"turns":2.0},{"damage":0.0,"enemies":"Jaw Worm Horde","floor":37.0,"turns":2.0},{"damage":1.0,"enemies":"Sphere and 2 Shapes","floor":38.0,"turns":2.0},{"damage":1.0,"enemies":"2 Orb Walkers","floor":39.0,"turns":2.0},{"damage":1.0,"enemies":"Giant Head","floor":40.0,"turns":5.0},{"damage":6.0,"enemies":"Writhing Mass","floor":41.0,"turns":2.0},{"damage":13,"enemies":"Nemesis","floor":42,"turns":4},{"damage":23,"enemies":"4 Shapes","floor":45,"turns":3},{"damage":1,"enemies":"Jaw Worm Horde","floor":46,"turns":2},{"damage":11,"enemies":"Awakened One","floor":50,"turns":5}],"seed_played":"-1594226281430335299","potions_obtained":[{"floor":2.0,"key":"ColorlessPotion"},{"floor":7.0,"key":"LiquidMemories"},{"floor":13.0,"key":"DistilledChaos"},{"floor":16.0,"key":"Swift Potion"},{"floor":18.0,"key":"BottledMiracle"},{"floor":23.0,"key":"Energy Potion"},{"floor":39.0,"key":"FairyPotion"},{"floor":41.0,"key":"DuplicationPotion"}],"is_trial":false,"path_per_floor":["M","M","M","?","?","R","E","R","T","M","E","M","E","M","R","B",null,"M","$","M","?","M","E","R","?","T","M","E","R","E","?","R","B",null,"M","M","M","M","?","E","M","E","T","R","M","M","$","?","R","B",null],"character_chosen":"WATCHER","items_purchased":["Torii","MealTicket","CloakClasp","Frozen Eye"],"campfire_rested":5,"item_purchase_floors":[19,19,47,47],"current_hp_per_floor":[72,44,44,37,37,37,44,44,44,41,29,29,9,9,32,6,79,75,75,74,74,74,68,68,53,53,53,45,70,69,69,84,62,84,84,73,73,72,71,70,64,51,51,76,55,56,71,71,80,71],"gold":25,"neow_bonus":"BOSS_RELIC","is_daily":false,"chose_seed":false,"campfire_upgraded":2,"win_rate":0.0,"timestamp":1611896616,"path_taken":["M","?","M","?","?","R","E","R","T","M","E","M","E","?","R","BOSS","M","$","M","?","M","E","R","?","T","M","E","R","E","?","R","BOSS","M","M","M","?","?","E","M","E","T","R","M","M","$","?","R","BOSS"],"items_purchased_type":["Relic","Relic","Relic","Relic"],"build_version":"2020-12-22","purchased_purges":1,"victory":true,"max_hp_per_floor":[72,72,72,72,72,72,79,79,79,79,79,79,79,79,79,79,79,79,79,79,79,79,79,79,84,84,84,84,84,84,84,84,84,84,84,84,84,84,84,84,84,84,84,84,84,84,84,80,80,80],"card_choices":[{"not_picked":["TalkToTheHand","FlyingSleeves"],"picked":"Consecrate","floor":1.0},{"not_picked":["Crescendo","CrushJoints","CutThroughFate"],"picked":"SKIP","floor":2.0},{"not_picked":["Wireheading","EmptyFist"],"picked":"WreathOfFlame","floor":3.0},{"not_picked":["FollowUp","ClearTheMind","PathToVictory"],"picked":"SKIP","floor":7.0},{"not_picked":["FlyingSleeves","EmptyFist"],"picked":"LessonLearned","floor":10.0},{"not_picked":["FlyingSleeves","Nirvana"],"picked":"LessonLearned","floor":11.0},{"not_picked":["EmptyBody","SashWhip","JustLucky"],"picked":"SKIP","floor":12.0},{"not_picked":["Evaluate","LikeWater"],"picked":"Adaptation","floor":13.0},{"not_picked":["SashWhip","Crescendo"],"picked":"CrushJoints","floor":14.0},{"not_picked":["Vault","Scrawl"],"picked":"Blasphemy","floor":16.0},{"not_picked":["ClearTheMind+1","FearNoEvil"],"picked":"EmptyBody+1","floor":18.0},{"not_picked":["SignatureMove","ThirdEye","Fasting2"],"picked":"SKIP","floor":20.0},{"not_picked":["Vengeance","ClearTheMind","EmptyFist"],"picked":"SKIP","floor":22.0},{"not_picked":["Study","FlurryOfBlows"],"picked":"FollowUp+1","floor":23.0},{"not_picked":["Indignation","Consecrate"],"picked":"Brilliance","floor":27.0},{"not_picked":["MentalFortress+1","JustLucky","CrushJoints"],"picked":"SKIP","floor":27.0},{"not_picked":["Collect","Prostrate+1"],"picked":"Consecrate","floor":28.0},{"not_picked":["FlurryOfBlows","FollowUp","TalkToTheHand+1"],"picked":"BattleHymn","floor":30.0},{"not_picked":["Judgement","MasterReality","Establishment"],"picked":"ConjureBlade","floor":33.0},{"not_picked":["FlyingSleeves","EmptyBody+1","ClearTheMind"],"picked":"TalkToTheHand","floor":35.0},{"not_picked":["CutThroughFate","JustLucky","Swivel"],"picked":"FollowUp+1","floor":35.0},{"not_picked":["FlyingSleeves+1","Protect","Worship+1"],"picked":"DevaForm","floor":36.0},{"not_picked":["Crescendo","Fasting2+1","SashWhip"],"picked":"Collect+1","floor":36.0},{"not_picked":["PathToVictory","EmptyFist","Crescendo"],"picked":"Consecrate+1","floor":37.0},{"not_picked":["Evaluate+1","Halt","Wireheading","FlurryOfBlows"],"picked":"SKIP","floor":37.0},{"not_picked":["Evaluate","Tantrum","JustLucky"],"picked":"ForeignInfluence+1","floor":38.0},{"not_picked":["Indignation","Sanctity+1","EmptyBody","Consecrate"],"picked":"SKIP","floor":38.0},{"not_picked":["Judgement","Vengeance","SashWhip"],"picked":"Wallop+1","floor":39.0},{"not_picked":["Judgement","CutThroughFate","SignatureMove","MentalFortress"],"picked":"SKIP","floor":40.0},{"not_picked":["FlyingSleeves","Crescendo","CrushJoints+1"],"picked":"CarveReality+1","floor":41.0},{"not_picked":["CrushJoints+1","BowlingBash+1","Nirvana"],"picked":"FollowUp+1","floor":41.0},{"not_picked":["Vengeance","Brilliance","Crescendo"],"picked":"Conclude+1","floor":42},{"not_picked":["SandsOfTime","EmptyBody+1","SashWhip+1","Halt+1"],"picked":"SKIP","floor":45},{"not_picked":["BowlingBash","EmptyBody+1","Consecrate","InnerPeace"],"picked":"SKIP","floor":45},{"not_picked":["InnerPeace","Protect+1","MentalFortress+1"],"picked":"ForeignInfluence+1","floor":46},{"not_picked":["SashWhip","Consecrate","Evaluate+1","CrushJoints+1"],"picked":"SKIP","floor":46}],"player_experience":129833,"relics_obtained":[{"floor":7.0,"key":"Strawberry"},{"floor":9.0,"key":"Anchor"},{"floor":11.0,"key":"TeardropLocket"},{"floor":13.0,"key":"Bottled Lightning"},{"floor":23.0,"key":"Prayer Wheel"},{"floor":26.0,"key":"Gremlin Horn"},{"floor":28.0,"key":"Question Card"},{"floor":30.0,"key":"Bag of Preparation"},{"floor":39.0,"key":"Unceasing Top"},{"floor":40.0,"key":"Pantograph"},{"floor":42,"key":"The Courier"},{"floor":43,"key":"Bird Faced Urn"}],"event_choices":[{"cards_removed":["Defend_P"],"damage_healed":0.0,"max_hp_gain":0.0,"max_hp_loss":0.0,"gold_gain":0.0,"event_name":"Golden Wing","player_choice":"Card Removal","floor":4.0,"gold_loss":0.0,"damage_taken":7.0},{"damage_healed":0.0,"max_hp_gain":0.0,"max_hp_loss":0.0,"gold_gain":0.0,"cards_transformed":["Defend_P"],"event_name":"Transmorgrifier","player_choice":"Transformed","floor":5.0,"gold_loss":0.0,"damage_taken":0.0,"cards_obtained":["Vengeance"]},{"cards_removed":["Adaptation"],"damage_healed":0.0,"max_hp_gain":0.0,"max_hp_loss":0.0,"gold_gain":0.0,"event_name":"Back to Basics","player_choice":"Elegance","floor":21.0,"gold_loss":0.0,"damage_taken":0.0},{"damage_healed":0.0,"max_hp_gain":5.0,"max_hp_loss":0.0,"gold_gain":0.0,"event_name":"Forgotten Altar","player_choice":"Shed Blood","floor":25.0,"gold_loss":0.0,"damage_taken":20.0},{"damage_healed":0.0,"max_hp_gain":0.0,"max_hp_loss":0.0,"gold_gain":0.0,"event_name":"Upgrade Shrine","player_choice":"Upgraded","floor":31.0,"gold_loss":0.0,"damage_taken":0.0,"cards_upgraded":["BattleHymn"]},{"damage_healed":0.0,"max_hp_gain":0.0,"max_hp_loss":0.0,"gold_gain":0.0,"event_name":"Mysterious Sphere","player_choice":"Fight","floor":39.0,"gold_loss":0.0,"damage_taken":0.0},{"damage_healed":0,"gold_gain":0,"player_choice":"Max HP","damage_taken":0,"max_hp_gain":0,"max_hp_loss":4,"event_name":"Winding Halls","floor":48,"gold_loss":0}],"is_beta":false,"boss_relics":[{"not_picked":["SacredBark","Coffee Dripper"],"picked":"Fusion Hammer"},{"not_picked":["Runic Dome","Pandora\u0027s Box"],"picked":"Cursed Key"}],"items_purged_floors":[47],"is_endless":false,"potions_floor_spawned":[2,7,13,16,18,23,27,35,37,39,41,42,46],"ascension_level":4}}