{"host":"jm9833yuloeli2yd","time":1611936736,"event":{"mods":["BaseMod","Better Altar","Better Match","Better Note","Better Sensory Stone","Better Skull","Better Third Choice","Better Vampires","BetterRewards","Colored Map","Colored Powertips","DeckTracker","Minty Spire (QoL Compilation)","Permanent Neow","Quick Restart","Slay-I","StSLib","SuperFastMode"],"gold_per_floor":[112,187,112,125,0,34,34,53,79,154,154,154,74,90,90,162,162,182,182,182,198,55,55,90,105,105,105,50,66,66,92,92,92,92],"floor_reached":33,"language":"ENG","playtime":845,"items_purged":["Strike_R","Strike_R"],"score":705,"play_id":"ca1a911d-efeb-408e-8b7f-dcb5ef764ebd","local_time":"20210129111216","is_ascension_mode":true,"campfire_choices":[{"data":"Enlightenment","floor":7.0,"key":"SMITH"},{"data":"Whirlwind","floor":12.0,"key":"SMITH"},{"data":"Flex","floor":15.0,"key":"SMITH"},{"data":"Juggernaut","floor":23.0,"key":"SMITH"},{"data":"True Grit","floor":27.0,"key":"SMITH"},{"data":"Iron Wave","floor":30.0,"key":"SMITH"},{"data":"Shrug It Off","floor":32.0,"key":"SMITH"}],"circlet_count":0,"master_deck":["AscendersBane","Strike_R","Strike_R","Defend_R","Defend_R","Defend_R","Defend_R+1","Bash","Uppercut","Armaments+1","Clothesline","Thunderclap","Enlightenment+1","Iron Wave+1","Whirlwind+1","Metallicize","Flex+1","Juggernaut+1","J.A.X.","True Grit+1","Dropkick+1","Shrug It Off+1","Whirlwind+1","Iron Wave+1","Reaper+1"],"relics":["Burning Blood","Champion Belt","Omamori","War Paint","Toy Ornithopter","Coffee Dripper","Molten Egg 2","Nunchaku","Self Forming Clay","Matryoshka"],"acts_visited":["Exordium","TheCity"],"potions_floor_usage":[],"damage_taken":[{"damage":1.0,"enemies":"2 Louse","floor":1.0,"turns":4.0},{"damage":4.0,"enemies":"Jaw Worm","floor":4.0,"turns":4.0},{"damage":20.0,"enemies":"3 Sentries","floor":6.0,"turns":7.0},{"damage":4.0,"enemies":"Small Slimes","floor":8.0,"turns":4.0},{"damage":8.0,"enemies":"Looter","floor":14.0,"turns":3.0},{"damage":27.0,"enemies":"The Guardian","floor":16.0,"turns":15.0},{"damage":15.0,"enemies":"2 Thieves","floor":18.0,"turns":4.0},{"damage":16.0,"enemies":"Shell Parasite","floor":21.0,"turns":5.0},{"damage":21.0,"enemies":"Gremlin Leader","floor":24.0,"turns":6.0},{"damage":16.0,"enemies":"Shelled Parasite and Fungi","floor":25.0,"turns":4.0},{"damage":14.0,"enemies":"Chosen and Byrds","floor":29.0,"turns":6.0},{"damage":8.0,"enemies":"Slavers","floor":31.0,"turns":4.0},{"damage":44,"enemies":"Collector","floor":33,"turns":5}],"seed_played":"6365033298824942609","potions_obtained":[{"floor":1.0,"key":"Explosive Potion"},{"floor":4.0,"key":"Block Potion"},{"floor":14.0,"key":"SpeedPotion"},{"floor":18.0,"key":"LiquidMemories"},{"floor":29.0,"key":"SkillPotion"},{"floor":31.0,"key":"SteroidPotion"}],"is_trial":false,"path_per_floor":["M","?","?","M","?","E","R","M","T","?","T","R","$","M","R","B",null,"M","?","?","M","$","R","E","M","T","R","$","M","R","E","R","B"],"character_chosen":"IRONCLAD","items_purchased":["Uppercut","Armaments","Metallicize","Dropkick+1","Block Potion"],"campfire_rested":0,"item_purchase_floors":[0,0,13,22,28],"current_hp_per_floor":[57,57,57,59,65,51,51,53,53,42,42,42,42,40,40,19,66,57,57,57,47,47,47,32,27,27,27,27,24,24,27,27,0,0],"gold":92,"neow_bonus":"","is_daily":false,"chose_seed":false,"campfire_upgraded":7,"win_rate":0.0,"timestamp":1611936736,"path_taken":["M","?","?","M","?","E","R","M","T","?","?","R","$","M","R","BOSS","M","?","?","?","$","R","E","M","T","R","?","?","R","E","R","BOSS"],"items_purchased_type":["Card","Card","Card","Card","Potion"],"build_version":"2020-12-22","purchased_purges":2,"victory":false,"max_hp_per_floor":[75,75,75,75,81,81,81,81,81,81,81,81,81,81,81,81,81,81,81,81,81,81,81,81,81,81,81,81,81,81,81,81,81,81],"card_choices":[{"not_picked":["Perfected Strike","Blood for Blood"],"picked":"Clothesline","floor":1.0},{"not_picked":["Body Slam","Perfected Strike"],"picked":"Thunderclap","floor":4.0},{"not_picked":["Clothesline","Exhume"],"picked":"Iron Wave","floor":6.0},{"not_picked":["Body Slam","Cleave"],"picked":"Whirlwind","floor":8.0},{"not_picked":["Infernal Blade","Feel No Pain"],"picked":"Flex","floor":14.0},{"not_picked":["Berserk","Fiend Fire"],"picked":"Juggernaut","floor":16.0},{"not_picked":["Headbutt","Body Slam","Armaments"],"picked":"SKIP","floor":18.0},{"not_picked":["Perfected Strike+1","Rupture"],"picked":"True Grit","floor":21.0},{"not_picked":["Perfected Strike+1","Armaments"],"picked":"Shrug It Off","floor":24.0},{"not_picked":["Pommel Strike+1","Cleave+1"],"picked":"Whirlwind+1","floor":25.0},{"not_picked":["Pommel Strike+1","Sword Boomerang+1"],"picked":"Iron Wave+1","floor":29.0},{"not_picked":["Wild Strike+1","Armaments"],"picked":"Reaper+1","floor":31.0}],"player_experience":1343950,"relics_obtained":[{"floor":6.0,"key":"Omamori"},{"floor":9.0,"key":"War Paint"},{"floor":11.0,"key":"Toy Ornithopter"},{"floor":20.0,"key":"Molten Egg 2"},{"floor":24.0,"key":"Nunchaku"},{"floor":26.0,"key":"Self Forming Clay"},{"floor":31.0,"key":"Matryoshka"}],"event_choices":[{"damage_healed":0.0,"max_hp_gain":0.0,"max_hp_loss":0.0,"gold_gain":75.0,"event_name":"Golden Wing","player_choice":"Gained Gold","floor":2.0,"gold_loss":0.0,"damage_taken":0.0},{"cards_removed":["Strike_R"],"damage_healed":0.0,"max_hp_gain":0.0,"max_hp_loss":0.0,"gold_gain":0.0,"event_name":"The Cleric","player_choice":"Card Removal","floor":3.0,"gold_loss":75.0,"damage_taken":0.0},{"damage_healed":0.0,"max_hp_gain":0.0,"max_hp_loss":0.0,"gold_gain":0.0,"event_name":"betterThird:BetterSerpent","player_choice":"RENOUNCE","floor":5.0,"gold_loss":125.0,"damage_taken":125.0,"cards_obtained":["Enlightenment"]},{"damage_healed":0.0,"max_hp_gain":0.0,"max_hp_loss":0.0,"gold_gain":75.0,"event_name":"betterThird:BetterGoop","player_choice":"Gold","floor":10.0,"gold_loss":0.0,"damage_taken":11.0},{"damage_healed":0.0,"max_hp_gain":0.0,"max_hp_loss":0.0,"gold_gain":0.0,"event_name":"Drug Dealer","player_choice":"Obtain J.A.X.","floor":19.0,"gold_loss":0.0,"damage_taken":0.0,"cards_obtained":["J.A.X."]},{"damage_healed":0.0,"max_hp_gain":0.0,"max_hp_loss":0.0,"gold_gain":0.0,"event_name":"Wheel of Change","player_choice":"Relic","floor":20.0,"gold_loss":0.0,"damage_taken":0.0}],"is_beta":false,"boss_relics":[{"not_picked":["Runic Cube","Ectoplasm"],"picked":"Coffee Dripper"}],"items_purged_floors":[0,22],"is_endless":false,"potions_floor_spawned":[1,4,14,18,29,31],"killed_by":"Collector","ascension_level":17}}