{"host":"7gewg82ormp6yt4e","time":1611921990,"event":{"mods":["BaseMod","Block Reminder","Colored Map","DeckTracker","Highlight Path","Minty Spire (QoL Compilation)","Relic Stats","StSLib","ojb\u0027s Info Mod"],"gold_per_floor":[361,102,117,133,133,133,163,163,187,187,215,233,252,277,277,348,348,361,32,82,92,103,103,103,103,155,8,8,8,8,27,27,106,106,125,140,160,160,160,160,194,194,220,268,286,298,298,298],"floor_reached":47,"language":"JPN","playtime":4021,"items_purged":["Parasite"],"score":996,"play_id":"5325b10a-3b93-4124-9a4c-0d9ece075462","local_time":"20210129210630","is_ascension_mode":true,"campfire_choices":[{"data":"Melter","floor":6.0,"key":"SMITH"},{"data":"Streamline","floor":8.0,"key":"SMITH"},{"data":"Fission","floor":10.0,"key":"SMITH"},{"data":"Coolheaded","floor":15,"key":"SMITH"},{"data":"Chaos","floor":23,"key":"SMITH"},{"data":"Capacitor","floor":25,"key":"SMITH"},{"data":"Seek","floor":28,"key":"SMITH"},{"data":"Rainbow","floor":29,"key":"SMITH"},{"data":"Reinforced Body","floor":32,"key":"SMITH"},{"floor":40,"key":"REST"},{"floor":42,"key":"REST"}],"circlet_count":0,"master_deck":["AscendersBane","Strike_B+1","Strike_B+1","Strike_B+1","Defend_B+1","Defend_B+1","Defend_B+1","Defend_B+1","Zap","Dualcast","Coolheaded","Melter+1","Undo","Fission+1","Streamline+1","Capacitor+1","Reinforced Body+1","Coolheaded+1","Seek+1","Glacier","Ball Lightning","Chaos+1","Rainbow+1","Capacitor+1","Undo","All For One","Hologram+1","The Bomb","Secret Weapon","Enlightenment","Electrodynamics","Self Repair+1","Go for the Eyes","Turbo"],"relics":["Cracked Core","Membership Card","PreservedInsect","Regal Pillow","Art of War","InkBottle","Snecko Eye","OrangePellets","Omamori","WingedGreaves","Akabeko","DollysMirror","Inserter","Centennial Puzzle","Mango"],"acts_visited":["Exordium","TheCity","TheBeyond"],"potions_floor_usage":[16,22,33,33,45,46,47],"damage_taken":[{"damage":1.0,"enemies":"Cultist","floor":1.0,"turns":3.0},{"damage":1.0,"enemies":"2 Louse","floor":3.0,"turns":2.0},{"damage":0.0,"enemies":"Jaw Worm","floor":4.0,"turns":4.0},{"damage":10.0,"enemies":"3 Sentries","floor":7.0,"turns":11.0},{"damage":15.0,"enemies":"Lagavulin","floor":11.0,"turns":3.0},{"damage":1.0,"enemies":"2 Fungi Beasts","floor":12.0,"turns":3.0},{"damage":0,"enemies":"Looter","floor":13,"turns":1},{"damage":0,"enemies":"3 Sentries","floor":14,"turns":6},{"damage":26,"enemies":"Slime Boss","floor":16,"turns":14},{"damage":9,"enemies":"Chosen","floor":18,"turns":9},{"damage":0,"enemies":"Spheric Guardian","floor":21,"turns":1},{"damage":5,"enemies":"3 Cultists","floor":22,"turns":5},{"damage":0,"enemies":"Snake Plant","floor":31,"turns":4},{"damage":3,"enemies":"Collector","floor":33,"turns":14},{"damage":7,"enemies":"3 Shapes","floor":35,"turns":7},{"damage":30,"enemies":"3 Darklings","floor":36,"turns":11},{"damage":0,"enemies":"Spire Growth","floor":37,"turns":6},{"damage":36,"enemies":"Giant Head","floor":41,"turns":8},{"damage":15,"enemies":"2 Orb Walkers","floor":44,"turns":5},{"damage":16,"enemies":"Maw","floor":45,"turns":6},{"damage":14,"enemies":"Transient","floor":46,"turns":6},{"damage":54,"enemies":"Reptomancer","floor":47,"turns":5}],"seed_played":"-6004242333506236437","potions_obtained":[{"floor":3.0,"key":"BlessingOfTheForge"},{"floor":12.0,"key":"FairyPotion"},{"floor":13,"key":"SpeedPotion"},{"floor":16,"key":"CultistPotion"},{"floor":31,"key":"FocusPotion"},{"floor":33,"key":"Swift Potion"},{"floor":37,"key":"BlessingOfTheForge"},{"floor":44,"key":"Block Potion"},{"floor":46,"key":"Explosive Potion"}],"is_trial":false,"path_per_floor":["M","$","M","M","?","R","E","R","T","R","E","M","M","E","R","B",null,"M","$","?","M","M","R","?","R","T","$","R","R","?","M","R","B",null,"M","M","M","?","?","R","E","R","T","?","M","M","E"],"character_chosen":"DEFECT","items_purchased":["Membership Card","Melter","FearPotion","OrangePellets","Omamori","WingedGreaves","Rainbow","DollysMirror","PowerPotion"],"campfire_rested":2,"item_purchase_floors":[2,2,2,19,19,19,27,27,27],"current_hp_per_floor":[63,63,62,62,62,62,52,52,52,52,37,36,36,36,36,10,54,45,45,45,45,40,40,40,40,40,40,40,40,40,40,40,37,60,53,23,23,13,27,62,26,61,61,60,54,50,0,0],"gold":298,"neow_bonus":"TWO_FIFTY_GOLD","is_daily":false,"chose_seed":false,"campfire_upgraded":9,"win_rate":0.0,"timestamp":1611921990,"path_taken":["M","$","M","?","?","R","E","R","T","R","E","?","M","E","R","BOSS","M","$","?","M","M","R","?","R","T","$","R","R","?","?","R","BOSS","M","?","M","?","?","R","E","R","T","?","M","M","E"],"items_purchased_type":["Relic","Card","Potion","Relic","Relic","Relic","Card","Relic","Potion"],"build_version":"2020-12-22","purchased_purges":1,"victory":false,"max_hp_per_floor":[71,68,68,68,68,68,68,68,68,68,68,68,68,68,68,68,68,68,68,68,68,68,68,68,68,68,68,68,68,68,68,68,68,68,68,68,68,68,68,68,68,68,68,82,82,82,82,82],"relic_stats":{"OrangePellets":[22],"Regal Pillow":30,"Centennial Puzzle":[12],"Inserter":[17],"counters":[22,134],"Snecko Eye":[67,61,63,68],"PreservedInsect":269,"Art of War":[36],"obtain_stats":[{"Regal Pillow":9,"Inserter":34,"Mango":44,"PreservedInsect":7,"Omamori":19,"Akabeko":26,"OrangePellets":19,"Centennial Puzzle":41,"DollysMirror":27,"Snecko Eye":17,"WingedGreaves":19,"Art of War":11,"Membership Card":2,"Cracked Core":0,"InkBottle":14},{"Regal Pillow":4,"Inserter":14,"Mango":19,"PreservedInsect":4,"Omamori":10,"Akabeko":12,"OrangePellets":10,"Centennial Puzzle":18,"DollysMirror":12,"Snecko Eye":9,"WingedGreaves":10,"Art of War":5,"Membership Card":1,"Cracked Core":0,"InkBottle":8},{"Regal Pillow":20,"Inserter":80,"Mango":117,"PreservedInsect":20,"Omamori":56,"Akabeko":62,"OrangePellets":56,"Centennial Puzzle":112,"DollysMirror":62,"Snecko Eye":47,"WingedGreaves":56,"Art of War":23,"Membership Card":3,"Cracked Core":0,"InkBottle":33}],"InkBottle":[39]},"card_choices":[{"not_picked":["Gash","Heatsinks"],"picked":"Coolheaded","floor":1.0},{"not_picked":["Heatsinks","Coolheaded"],"picked":"Undo","floor":3.0},{"not_picked":["Coolheaded","Double Energy"],"picked":"Fission","floor":4.0},{"not_picked":["White Noise","Force Field"],"picked":"Streamline","floor":7.0},{"not_picked":["Tempest","Reprogram","Steam"],"picked":"SKIP","floor":11.0},{"not_picked":["Stack","Steam"],"picked":"Capacitor","floor":12.0},{"not_picked":["Genetic Algorithm","Melter"],"picked":"Reinforced Body","floor":13},{"not_picked":["Hologram","Multi-Cast"],"picked":"Coolheaded","floor":14},{"not_picked":["Buffer","Meteor Strike"],"picked":"Seek","floor":16},{"not_picked":["Lockon","Rebound"],"picked":"Glacier","floor":18},{"not_picked":["Hologram","Genetic Algorithm"],"picked":"Ball Lightning","floor":21},{"not_picked":["Gash","Double Energy"],"picked":"Chaos","floor":22},{"not_picked":["Aggregate+1","Hologram"],"picked":"Undo","floor":31},{"not_picked":["Rainbow","Hyperbeam"],"picked":"All For One","floor":33},{"not_picked":["Beam Cell","Rebound+1","Streamline+1"],"picked":"SKIP","floor":35},{"not_picked":["FTL","Coolheaded"],"picked":"Hologram+1","floor":36},{"not_picked":["Rebound","Cold Snap","Coolheaded"],"picked":"SKIP","floor":37},{"not_picked":["Swift Strike","Blind"],"picked":"The Bomb","floor":38},{"not_picked":["Good Instincts","Dramatic Entrance"],"picked":"Secret Weapon","floor":38},{"not_picked":["Dramatic Entrance","Deep Breath"],"picked":"Enlightenment","floor":38},{"not_picked":["Steam","Stack"],"picked":"Electrodynamics","floor":41},{"not_picked":["Redo+1","Blizzard+1"],"picked":"Self Repair+1","floor":44},{"not_picked":["Auto Shields+1","Rebound+1"],"picked":"Go for the Eyes","floor":45},{"not_picked":["Beam Cell","Hologram"],"picked":"Turbo","floor":46}],"player_experience":2718057,"relics_obtained":[{"floor":7.0,"key":"PreservedInsect"},{"floor":9.0,"key":"Regal Pillow"},{"floor":11.0,"key":"Art of War"},{"floor":14,"key":"InkBottle"},{"floor":26,"key":"Akabeko"},{"floor":41,"key":"Centennial Puzzle"},{"floor":44,"key":"Mango"}],"event_choices":[{"cards_removed":["Strike_B"],"damage_healed":0.0,"max_hp_gain":0.0,"max_hp_loss":0.0,"gold_gain":0.0,"event_name":"Purifier","player_choice":"Purged","floor":5.0,"gold_loss":0.0,"damage_taken":0.0},{"damage_healed":0,"gold_gain":50,"player_choice":"Stole From Cult","damage_taken":0,"max_hp_gain":0,"max_hp_loss":0,"event_name":"Nest","floor":20,"gold_loss":0},{"damage_healed":0,"gold_gain":0,"player_choice":"Smashed Altar","damage_taken":0,"max_hp_gain":0,"max_hp_loss":0,"event_name":"Forgotten Altar","floor":24,"gold_loss":0,"cards_obtained":["Decay"]},{"damage_healed":0,"gold_gain":0,"player_choice":"Simplicity","damage_taken":0,"max_hp_gain":0,"max_hp_loss":0,"event_name":"Back to Basics","floor":30,"gold_loss":0,"cards_upgraded":["Strike_B","Strike_B","Strike_B","Defend_B","Defend_B","Defend_B","Defend_B"]},{"damage_healed":0,"gold_gain":0,"player_choice":"Memory 3","damage_taken":10,"max_hp_gain":0,"max_hp_loss":0,"event_name":"SensoryStone","floor":38,"gold_loss":0},{"damage_healed":14,"gold_gain":0,"player_choice":"Writhe","damage_taken":0,"max_hp_gain":0,"max_hp_loss":0,"event_name":"Winding Halls","floor":39,"gold_loss":0,"cards_obtained":["Writhe"]},{"damage_healed":0,"gold_gain":0,"player_choice":"Fight","damage_taken":0,"max_hp_gain":0,"max_hp_loss":0,"event_name":"Mysterious Sphere","floor":44,"gold_loss":0}],"is_beta":false,"boss_relics":[{"not_picked":["Black Star","Ectoplasm"],"picked":"Snecko Eye"},{"not_picked":["SacredBark","Coffee Dripper"],"picked":"Inserter"}],"items_purged_floors":[2],"is_endless":false,"potions_floor_spawned":[3,4,12,13,16,31,33,37,44,46],"killed_by":"Reptomancer","ascension_level":20}}