{"host":"aukiz5jlacd3g5yc","time":1611902071,"event":{"mods":["2.2 Compatiblity","BaseMod","Bestiary","Colored Map","Colored Powertips","Downfall","GifTheSpireLib","Hubris","Minty Spire (QoL Compilation)","Permanent Neow","Quick Restart","Random Character Button","Rare Cards Sparkle","Relic Sorter","Relic Stats","Replay The Spire","StSLib","everything is the same but u backflip on backflip","slay the spire mod where everything is the same but ironclad has a cowboy hat"],"gold_per_floor":[99,45,58,70,70,70,70,86,86,86,118,146,158,170,200,317,329,141,173,203,125,141,141,141,141,155,155,183,183,211,211,225,225,225,225],"floor_reached":33,"language":"ENG","playtime":1291,"items_purged":["bronze:Strike"],"score":285,"play_id":"f0738f58-3490-41fe-b05b-9afc75225fc3","local_time":"20210129003431","is_ascension_mode":false,"campfire_choices":[{"floor":1,"key":"RECALL"},{"data":"bronze:InfiniteBeams","floor":6,"key":"SMITH"},{"data":"bronze:Flail","floor":9,"key":"SMITH"},{"data":"bronze:AlphaBuild","floor":13,"key":"SMITH"},{"data":"bronze:SpaghettiCode","floor":25,"key":"SMITH"},{"data":"bronze:InfiniteBeams","floor":27,"key":"SMITH"}],"circlet_count":0,"master_deck":["bronze:Defend","bronze:Defend","bronze:Defend","bronze:Defend","bronze:Replicate","bronze:Goto","Sadistic Nature","bronze:Frontload","bronze:DelayedGuard+1","bronze:InfiniteBeams+1","bronze:FollowUp","bronze:Flail+1","bronze:Optimize","bronze:AlphaBuild+1","bronze:Flail+1","bronze:Separator","bronze:Format","bronze:FineTuning","bronze:DelayedGuard+1","bronze:SpaghettiCode+1","Slimebound:Tackle+1","Slimebound:Tackle+1","Slimebound:Tackle+1","bronze:InfiniteBeams+1","bronze:Repulsor+1","bronze:BuggyMess+1","bronze:InfiniteBeams+1"],"relics":["bronze:BronzeCore","hubris:Icosahedron","Bird Faced Urn","MawBank","bronze:MakeshiftBattery","downfall:HeartBlessingRed","downfall:HeartBlessingBlue","hubris:AstralHammer","Eternal Feather","bronze:BottledCode","Bottled Flame","hexamod:CandleOfCauterizing"],"acts_visited":["Exordium","TheCity"],"potions_floor_usage":[16,16,21],"damage_taken":[{"damage":10,"enemies":"downfall:FleeingMerchant","floor":2,"turns":4},{"damage":5,"enemies":"Cultist","floor":3,"turns":6},{"damage":3,"enemies":"Small Slimes","floor":4,"turns":4},{"damage":8,"enemies":"2 Louse","floor":8,"turns":3},{"damage":15,"enemies":"Gremlin Nob","floor":11,"turns":5},{"damage":13,"enemies":"Lots of Slimes","floor":12,"turns":2},{"damage":11,"enemies":"Large Slime","floor":15,"turns":2},{"damage":31,"enemies":"DF_ARCHETYPE_STREAMLINE","floor":16,"turns":11},{"damage":0,"enemies":"Chosen","floor":19,"turns":4},{"damage":5,"enemies":"Spheric Guardian","floor":20,"turns":3},{"damage":15,"enemies":"downfall:FleeingMerchant","floor":21,"turns":4},{"damage":9,"enemies":"Snake Plant","floor":22,"turns":4},{"damage":10,"enemies":"Cultist and Chosen","floor":26,"turns":5},{"damage":7,"enemies":"Slavers","floor":28,"turns":6},{"damage":44,"enemies":"Gremlin Leader","floor":30,"turns":7},{"damage":8,"enemies":"Chosen and Byrds","floor":32,"turns":3},{"damage":14,"enemies":"IC_MUSHROOM_ARCHETYPE","floor":33,"turns":1}],"seed_played":"3967164169003813610","potions_obtained":[{"floor":3,"key":"Guardian:BlockOnCardUsePotion"},{"floor":12,"key":"Adrenaline Potion"},{"floor":15,"key":"SkillPotion"},{"floor":20,"key":"Energy Potion"},{"floor":22,"key":"SpeedPotion"}],"is_trial":false,"path_per_floor":["R_BF","$","M","M","?","R","T","M","R","?","E","M","R","?","M","B",null,"R_BF","M","M","$","M","?","T","R","M","R","E","?","E","T","M","B"],"character_chosen":"THE_AUTOMATON","items_purchased":["bronze:DelayedGuard+1"],"campfire_rested":0,"item_purchase_floors":[2],"current_hp_per_floor":[63,53,48,45,38,38,38,34,34,34,48,35,35,35,30,7,63,65,67,66,53,48,48,48,48,44,44,43,43,9,9,7,0,0,0],"gold":225,"neow_bonus":"RANDOM_COLORLESS_2","is_daily":false,"chose_seed":false,"campfire_upgraded":5,"win_rate":0.0,"timestamp":1611902071,"path_taken":["R_BF","$","M","M","?","R","T","M","R","?","E","M","R","?","M","BOSS","R_BF","M","M","$","M","?","T","R","M","R","E","?","E","?","M","BOSS"],"items_purchased_type":["Card"],"build_version":"2020-12-22","purchased_purges":1,"victory":false,"max_hp_per_floor":[63,63,63,63,63,63,63,63,63,63,63,63,63,63,63,63,63,73,73,73,73,73,73,73,73,73,73,73,63,63,63,63,63,63,63],"relic_stats":{"counters":[17,74],"Bird Faced Urn":[58],"Eternal Feather":0,"MawBank":120,"obtain_stats":[{"bronze:BottledCode":29,"Bottled Flame":30,"hexamod:CandleOfCauterizing":31,"bronze:BronzeCore":0,"hubris:Icosahedron":10,"downfall:HeartBlessingRed":18,"downfall:HeartBlessingBlue":18,"hubris:AstralHammer":24,"Bird Faced Urn":5,"Eternal Feather":28,"MawBank":11,"bronze:MakeshiftBattery":17},{"bronze:BottledCode":14,"Bottled Flame":15,"hexamod:CandleOfCauterizing":15,"bronze:BronzeCore":0,"hubris:Icosahedron":4,"downfall:HeartBlessingRed":8,"downfall:HeartBlessingBlue":8,"hubris:AstralHammer":12,"Bird Faced Urn":3,"Eternal Feather":14,"MawBank":5,"bronze:MakeshiftBattery":8},{"bronze:BottledCode":63,"Bottled Flame":70,"hexamod:CandleOfCauterizing":70,"bronze:BronzeCore":0,"hubris:Icosahedron":17,"downfall:HeartBlessingRed":37,"downfall:HeartBlessingBlue":37,"hubris:AstralHammer":52,"Bird Faced Urn":14,"Eternal Feather":63,"MawBank":22,"bronze:MakeshiftBattery":37}]},"card_choices":[{"not_picked":["Crow Ritual","Poisoned Strike"],"picked":"Sadistic Nature","floor":0},{"not_picked":["bronze:CutThrough","bronze:Branch"],"picked":"bronze:Frontload","floor":2},{"not_picked":["bronze:OilSpill","bronze:ChosenStrike"],"picked":"bronze:InfiniteBeams","floor":3},{"not_picked":["bronze:Refactor","bronze:BitShift"],"picked":"bronze:FollowUp","floor":4},{"not_picked":["bronze:Overheat","bronze:ChosenStrike"],"picked":"bronze:Flail","floor":8},{"not_picked":["bronze:MaxOutput","bronze:ForceShield"],"picked":"bronze:Optimize","floor":11},{"not_picked":["bronze:FineTuning","bronze:BuggyMess"],"picked":"bronze:AlphaBuild","floor":12},{"not_picked":["bronze:Frontload","bronze:Shield"],"picked":"bronze:Separator","floor":15},{"not_picked":["bronze:AlphaBuild","bronze:Hardcode"],"picked":"bronze:Format","floor":16},{"not_picked":["bronze:WildBeam","bronze:Invalidate"],"picked":"bronze:FineTuning","floor":19},{"not_picked":["bronze:Deprecate","bronze:ChosenStrike"],"picked":"bronze:DelayedGuard+1","floor":20},{"not_picked":["bronze:Shell","bronze:Invalidate+1"],"picked":"bronze:SpaghettiCode","floor":21},{"not_picked":["bronze:ForLoop+1","bronze:Invalidate","bronze:Return"],"picked":"SKIP","floor":22},{"not_picked":["bronze:Shield+1","bronze:Invalidate"],"picked":"bronze:InfiniteBeams","floor":26},{"not_picked":["bronze:Shield+1","bronze:BitShift"],"picked":"bronze:Repulsor+1","floor":28},{"not_picked":["bronze:BitShift+1","bronze:WildBeam+1"],"picked":"bronze:BuggyMess+1","floor":30},{"not_picked":["bronze:Turbo+1","bronze:Separator"],"picked":"bronze:InfiniteBeams+1","floor":32}],"player_experience":374761,"relics_obtained":[{"floor":11,"key":"MawBank"},{"floor":24,"key":"hubris:AstralHammer"},{"floor":28,"key":"Eternal Feather"},{"floor":30,"key":"Bottled Flame"},{"floor":31,"key":"hexamod:CandleOfCauterizing"}],"event_choices":[{"damage_healed":0,"gold_gain":0,"player_choice":"Success","damage_taken":7,"relics_obtained":["Bird Faced Urn"],"max_hp_gain":0,"max_hp_loss":0,"event_name":"Scrap Ooze","floor":5,"gold_loss":0}],"is_beta":false,"boss_relics":[{"not_picked":["Astrolabe","Replay:Drink Me"],"picked":"bronze:MakeshiftBattery"}],"items_purged_floors":[21],"is_endless":false,"potions_floor_spawned":[3,12,15,20,22,26,32],"killed_by":"IC_MUSHROOM_ARCHETYPE","ascension_level":0}}