{"host":"o3b7ow6d1xe49css","time":1611901414,"event":{"mods":["Act Like it!","Aspiration","BaseMod","Bestiary","Better Altar","Better Match","Better Note","Better Sensory Stone","Better Skull","Better Third Choice","Colored Powertips","Conspire","Energized Spire","Force Act Four","GifTheSpireLib","Halation","Hermit","Hubris","Infinite Spire","Lobotomy","Minty Spire (QoL Compilation)","Quick Restart","Relic Filter Mod","Reliquary","Replay The Spire","Spicy Shops","Spikes Relics","Spire Arcade","StSLib","Stuff the Spire","The Blue Laboratory","Wandering Minibosses"],"gold_per_floor":[118,136,149,149,167,167,196,221,221,252,252,283,57,91,91,188,188,205,223,223,223,240,270,270,270,270,302,94,94,124,138,138,243,243,256,256,256,268,268,300,31,31,31,56,56,56,88,39,39,137,137,137,12,12,12],"floor_reached":54,"language":"ENG","playtime":2031,"items_purged":["Strike_G","Strike_G","Scorched","hubris:Compulsion"],"score":1319,"play_id":"1e1b0f00-c869-4dac-83fa-66b591e9db97","local_time":"20210128212334","daily_mods":["Heirloom","Flight"],"is_ascension_mode":true,"campfire_choices":[{"data":"Deadly Poison","floor":6,"key":"SMITH"},{"data":"Catalyst","floor":11,"key":"SMITH"},{"data":"Dash","floor":15,"key":"SMITH"},{"data":"Burst","floor":24,"key":"SMITH"},{"floor":25,"key":"RECALL"},{"data":"Acrobatics","floor":29,"key":"SMITH"},{"data":"Deadly Poison","floor":32,"key":"SMITH"},{"floor":42,"key":"REST"},{"data":"conspire:PoisonWeapons","floor":42,"key":"SMITH"},{"floor":45,"key":"REST"},{"data":"Bullet Time","floor":45,"key":"SMITH"},{"floor":49,"key":"REST"},{"data":"Blade Dance","floor":49,"key":"SMITH"},{"data":"Bullet Time","floor":52,"key":"SMITH"}],"circlet_count":0,"master_deck":["Strike_G","Strike_G","Defend_G","Defend_G","Defend_G","Defend_G","Defend_G","Survivor","Neutralize","Deadly Poison+1","UniverseFragment","Bane","Slice","Dash+1","Quick Slash","Catalyst+1","OldLady","Bullet Time+1","Deadly Poison+1","Burst+1","Well Laid Plans+1","Acrobatics+1","Blade Dance+1","Hidden Blade+1","conspire:PoisonWeapons+1","Sickly","infinitespire:Fortify","Acrobatics+1","Bullet Time+1"],"relics":["Ring of the Snake","Ring of Chaos","CrustySpines","CogitoBucket","ReplayTheSpireMod:TigerMarble","StuffTheSpire:RubySignet","Bottled Lightning","reliquary:KillPill","halation:BottledLove","Bag of Preparation","MiniBlackHole","Cursed Key","ResearcherNote","StuffTheSpire:DarkSteelAnvil","Prayer Wheel","Medical Kit","HornCleat","aspiration:RitualDagger","halation:PapillonHeart","halation:EternalFortune","halation:LostSnail","SpikesRelics:ToyHorsey","infinitespire:Magic Flask","Blue Candle","StuffTheSpire:OldFever","StoneCalendar","ChewingGum","Ring of Chaos"],"acts_visited":["Exordium","TheCity","TheBeyond","Exordium","TheEnding"],"potions_floor_usage":[8,10,27,31,31,33,44,44,44],"damage_taken":[{"damage":1,"enemies":"Small Slimes","floor":1,"turns":4},{"damage":0,"enemies":"Jaw Worm","floor":2,"turns":3},{"damage":7,"enemies":"Cultist","floor":3,"turns":4},{"damage":0,"enemies":"2 Fungi Beasts","floor":5,"turns":4},{"damage":9,"enemies":"Gremlin Nob","floor":7,"turns":3},{"damage":12,"enemies":"3 Sentries","floor":8,"turns":3},{"damage":0,"enemies":"Gremlin Nob","floor":10,"turns":2},{"damage":10,"enemies":"3 Sentries","floor":12,"turns":3},{"damage":0,"enemies":"Lagavulin","floor":14,"turns":2},{"damage":12,"enemies":"Hexaghost","floor":16,"turns":6},{"damage":20,"enemies":"2 Thieves","floor":18,"turns":3},{"damage":0,"enemies":"3 Byrds","floor":19,"turns":1},{"damage":0,"enemies":"Snake Plant","floor":22,"turns":2},{"damage":5,"enemies":"Slavers","floor":23,"turns":4},{"damage":2,"enemies":"Nightmare","floor":27,"turns":4},{"damage":0,"enemies":"Gremlin Leader","floor":30,"turns":4},{"damage":27,"enemies":"Sentry and Sphere","floor":31,"turns":5},{"damage":15,"enemies":"conspire:MysteriousRune","floor":33,"turns":3},{"damage":12,"enemies":"3 Darklings","floor":35,"turns":4},{"damage":17,"enemies":"Orb Walker","floor":38,"turns":2},{"damage":12,"enemies":"R_Hoarder","floor":40,"turns":4},{"damage":7,"enemies":"Nightmare","floor":44,"turns":2},{"damage":10,"enemies":"R_Hoarder","floor":47,"turns":3},{"damage":9,"enemies":"hubris:GrandSnecko","floor":50,"turns":3},{"damage":50,"enemies":"Shield and Spear","floor":54,"turns":4}],"seed_played":"7406460824284829477","potions_obtained":[{"floor":1,"key":"Poison Potion"},{"floor":5,"key":"blueLaboratory:HorrorPotion"},{"floor":8,"key":"blueLaboratory:CorrosionFlask"},{"floor":12,"key":"blueLaboratory:FrostheartPotion"},{"floor":22,"key":"blueLaboratory:FruitPreserves"},{"floor":23,"key":"BlessingOfTheForge"},{"floor":31,"key":"SteroidPotion"},{"floor":35,"key":"Doom Potion"},{"floor":40,"key":"SneckoOil"},{"floor":47,"key":"LiquidBronze"}],"is_trial":true,"path_per_floor":["M","M","M","?","M","R","E","E","T","E","R","E","$","E","R","B",null,"M","M","$","?","M","E","R","R","T","NM","$","R","E","M","R","B",null,"M","?","?","M","AVR","E","$","R","T","NM","R","?","E","$","R","B",null,"R","$","E"],"character_chosen":"THE_SILENT","items_purchased":["Bag of Preparation","Acrobatics","Medical Kit","infinitespire:Magic Flask","conspire:PoisonWeapons","blueLaboratory:FrostheartPotion"],"campfire_rested":3,"item_purchase_floors":[13,28,28,41,41,48],"current_hp_per_floor":[69,69,62,62,62,62,53,41,41,41,41,31,31,31,31,19,57,37,37,37,37,37,34,34,34,34,32,32,32,33,35,35,20,58,46,46,49,35,35,23,23,44,44,37,58,58,48,48,69,60,72,72,72,22,22],"gold":12,"neow_bonus":"","is_daily":false,"chose_seed":false,"campfire_upgraded":10,"win_rate":0.0,"timestamp":1611901414,"path_taken":["M","M","M","?","M","R","E","E","T","E","R","E","$","E","R","BOSS","M","M","$","?","M","E","R","R","T","NM","$","R","E","?","R","BOSS","M","?","?","M","AVR","E","$","R","T","NM","R","?","E","$","R","BOSS","R","$","E"],"items_purchased_type":["Relic","Card","Relic","Relic","Card","Potion"],"build_version":"2020-12-22","purchased_purges":4,"victory":false,"max_hp_per_floor":[70,70,70,70,70,70,70,70,70,70,70,70,70,70,70,70,70,70,70,70,70,70,70,70,70,70,70,70,70,71,71,71,71,71,71,67,70,73,73,73,73,73,73,73,73,73,73,73,73,73,73,73,73,73,73],"card_choices":[{"not_picked":["HeroicMonk","MeatLantern","FairyFestival"],"picked":"Singing Bowl","floor":1},{"not_picked":["Deflect","Tactician"],"picked":"Deadly Poison","floor":1},{"not_picked":["SingingMachine","MHz"],"picked":"UniverseFragment","floor":2},{"not_picked":["hubris:SlightOfHand","Slice"],"picked":"Bane","floor":2},{"not_picked":["WallGazer","VoidDream","PunishingBird"],"picked":"Singing Bowl","floor":3},{"not_picked":["Doppelganger","Dagger Spray","hubris:SlightOfHand"],"picked":"SKIP","floor":3},{"not_picked":["NakedNest","MHz","Woodsman"],"picked":"Singing Bowl","floor":5},{"not_picked":["Setup","StuffTheSpire:Python"],"picked":"Slice","floor":5},{"not_picked":["WallGazer","RedShoes","CherryBlossoms"],"picked":"Singing Bowl","floor":7},{"not_picked":["ShyLook","CrumblingArmor"],"picked":"Scorched","floor":7},{"not_picked":["Accuracy","Cloak And Dagger"],"picked":"Dash","floor":7},{"not_picked":["WhitesApple","LaLuna","GalaxyChild"],"picked":"Singing Bowl","floor":8},{"not_picked":["Night Terror","StuffTheSpire:ClusterCrunch"],"picked":"Quick Slash","floor":8},{"not_picked":["VoidDream","PunishingBird","OSAHOGD"],"picked":"Singing Bowl","floor":10},{"not_picked":["Dodge and Roll","Bane"],"picked":"Catalyst","floor":10},{"not_picked":["PunishingBird","SpiderBud","LongBird"],"picked":"Singing Bowl","floor":12},{"not_picked":["ShyLook","CrumblingArmor"],"picked":"OldLady","floor":12},{"not_picked":["Catalyst","Escape Plan"],"picked":"Bullet Time","floor":12},{"not_picked":["Wellcheers","NakedNest","VoidDream"],"picked":"Singing Bowl","floor":14},{"not_picked":["Masterful Stab","ShadowRift"],"picked":"Deadly Poison","floor":14},{"not_picked":["SilentOrchestra","BigBadWolf","BeautyBeast"],"picked":"Singing Bowl","floor":16},{"not_picked":["Glass Knife","Storm of Steel"],"picked":"Burst","floor":16},{"not_picked":["WhiteNight","CherryBlossoms","PunishingBird"],"picked":"Singing Bowl","floor":18},{"not_picked":["Footwork","hubris:Sniper","Flying Knee"],"picked":"SKIP","floor":18},{"not_picked":["MeatLantern","MHz","Bloodbath"],"picked":"Singing Bowl","floor":19},{"not_picked":["Reflex","Quick Slash","ReplayTheSpireMod:From All Sides"],"picked":"SKIP","floor":19},{"not_picked":["BlackSwan","CENSORED","Woodsman"],"picked":"Singing Bowl","floor":22},{"not_picked":["Poisoned Stab+1","hubris:TrickCloak"],"picked":"Well Laid Plans+1","floor":22},{"not_picked":["MeltingLove","Laetitia","PunishingBird"],"picked":"Singing Bowl","floor":23},{"not_picked":["StuffTheSpire:Python","Sneak Up","Expertise"],"picked":"SKIP","floor":23},{"not_picked":["WhiteNight","MeatLantern","CrumblingArmor"],"picked":"Singing Bowl","floor":27},{"not_picked":["Tools of the Trade","Blur+1","Escape Plan"],"picked":"SKIP","floor":27},{"not_picked":["SnowQueen","HeroicMonk","RedShoes"],"picked":"Singing Bowl","floor":30},{"not_picked":["Fluid Movement","InfectiousVector","StuffTheSpire:Shiver"],"picked":"SKIP","floor":30},{"not_picked":["Murderer","CherryBlossoms","BeautyBeast"],"picked":"Singing Bowl","floor":31},{"not_picked":["StuffTheSpire:Injection","conspire:DoublingDagger","Outmaneuver"],"picked":"SKIP","floor":31},{"not_picked":["InfectiousVector","StuffTheSpire:Repulse","Sucker Punch"],"picked":"SKIP","floor":31},{"not_picked":["SpiderBud","QueenBee","MeatLantern"],"picked":"Singing Bowl","floor":33},{"not_picked":["Hidden Blade+1","Tactician"],"picked":"Blade Dance","floor":35},{"not_picked":["DreamingCurrent","PunishingBird","HappyTeddy"],"picked":"Singing Bowl","floor":35},{"not_picked":["Endless Agony+1","StuffTheSpire:Repulse","StuffTheSpire:BrimstoneBlast+1"],"picked":"SKIP","floor":35},{"not_picked":["Sucker Punch","Underhanded Strike+1"],"picked":"Hidden Blade+1","floor":38},{"not_picked":["WhiteNight","CherryBlossoms","Wellcheers"],"picked":"Singing Bowl","floor":38},{"not_picked":["Grand Finale","Dagger Spray","conspire:DoublingDagger"],"picked":"SKIP","floor":38},{"not_picked":["BlackSwan","LongBird","Variant"],"picked":"Singing Bowl","floor":40},{"not_picked":["Tactician","Sucker Punch","All Out Attack"],"picked":"SKIP","floor":40},{"not_picked":["infinitespire:Execution","ReplayTheSpireMod:Chaos Vortex"],"picked":"infinitespire:Fortify","floor":44},{"not_picked":["Laetitia","MeltingLove","HeroicMonk"],"picked":"Singing Bowl","floor":44},{"not_picked":["Quick Slash","Escape Plan","Deadly Poison"],"picked":"SKIP","floor":44},{"not_picked":["BlackArmy","Scarecrow","CENSORED"],"picked":"Singing Bowl","floor":47},{"not_picked":["conspire:DoublingDagger","hubris:SlightOfHand+1"],"picked":"Acrobatics+1","floor":47},{"not_picked":["Venomology","ReplayTheSpireMod:Necrosis"],"picked":"Bullet Time","floor":50},{"not_picked":["Mercenary","LongBird","CENSORED"],"picked":"Singing Bowl","floor":50}],"player_experience":1879213,"relics_obtained":[{"floor":7,"key":"ReplayTheSpireMod:TigerMarble"},{"floor":8,"key":"StuffTheSpire:RubySignet"},{"floor":9,"key":"Bottled Lightning"},{"floor":10,"key":"reliquary:KillPill"},{"floor":12,"key":"halation:BottledLove"},{"floor":14,"key":"MiniBlackHole"},{"floor":23,"key":"StuffTheSpire:DarkSteelAnvil"},{"floor":27,"key":"Prayer Wheel"},{"floor":30,"key":"HornCleat"},{"floor":38,"key":"halation:EternalFortune"},{"floor":40,"key":"SpikesRelics:ToyHorsey"},{"floor":43,"key":"Blue Candle"},{"floor":44,"key":"StuffTheSpire:OldFever"},{"floor":47,"key":"StoneCalendar"}],"event_choices":[{"cards_removed":["Strike_G"],"damage_healed":0,"gold_gain":0,"player_choice":"Purged","damage_taken":0,"max_hp_gain":0,"max_hp_loss":0,"event_name":"Purifier","floor":21,"gold_loss":0}],"is_beta":false,"boss_relics":[{"not_picked":["Replay:Ancient Bell","conspire:SlowCooker"],"picked":"Cursed Key"},{"not_picked":["halation:CatFaceCupcake","Runic Dome"],"picked":"aspiration:RitualDagger"},{"not_picked":["hubris:Stopwatch","StuffTheSpire:ModemDavis"],"picked":"ChewingGum"}],"items_purged_floors":[13,39,41,53],"is_endless":true,"potions_floor_spawned":[1,5,8,12,22,23,31,35,40,47,50],"killed_by":"Shield and Spear","ascension_level":5}}