{"host":"9tzam4717zt8ei1o","time":1611947672,"event":{"mods":["BaseMod","Colored Map","Keyboard Shortcuts","Minty Spire (QoL Compilation)","Quick Restart","StSLib","SuperFastMode"],"gold_per_floor":[117,117,133,145,145,145,177,15,15,35,35,51,51,64,64,139,139,149,164,164,164,39,39,39,39],"floor_reached":24,"language":"KOR","playtime":487,"items_purged":["Strike_R+1"],"score":392,"play_id":"958aa2ee-fdf3-4e73-994d-e3ac50a70210","local_time":"20210130041432","is_ascension_mode":true,"campfire_choices":[{"data":"Bludgeon","floor":6.0,"key":"SMITH"},{"data":"Body Slam","floor":11.0,"key":"SMITH"},{"data":"Pommel Strike","floor":13.0,"key":"SMITH"},{"data":"Havoc","floor":15.0,"key":"SMITH"},{"floor":23.0,"key":"REST"}],"circlet_count":0,"master_deck":["AscendersBane","Strike_R+1","Defend_R","Defend_R","Defend_R","Defend_R","Bash","Bludgeon+1","Body Slam+1","Havoc+1","Evolve","Pommel Strike+1","Feel No Pain","Feed","Dropkick+1","Exhume+1","Twin Strike+1","Burning Pact+1","Shrug It Off"],"relics":["Burning Blood","Sundial","Medical Kit","Lantern","Astrolabe"],"acts_visited":["Exordium","TheCity"],"potions_floor_usage":[24,24],"damage_taken":[{"damage":1.0,"enemies":"2 Louse","floor":1.0,"turns":3.0},{"damage":11.0,"enemies":"Small Slimes","floor":3.0,"turns":4.0},{"damage":6.0,"enemies":"Cultist","floor":4.0,"turns":3.0},{"damage":10.0,"enemies":"3 Sentries","floor":7.0,"turns":7.0},{"damage":0.0,"enemies":"Blue Slaver","floor":10.0,"turns":1.0},{"damage":6.0,"enemies":"Exordium Wildlife","floor":12.0,"turns":3.0},{"damage":1.0,"enemies":"Exordium Thugs","floor":14.0,"turns":3.0},{"damage":43.0,"enemies":"Hexaghost","floor":16.0,"turns":9.0},{"damage":22.0,"enemies":"Spheric Guardian","floor":18.0,"turns":4.0},{"damage":25.0,"enemies":"2 Thieves","floor":19.0,"turns":5.0},{"damage":91,"enemies":"Book of Stabbing","floor":24,"turns":6}],"seed_played":"456491601593564157","potions_obtained":[{"floor":3.0,"key":"Regen Potion"},{"floor":4.0,"key":"Block Potion"},{"floor":14.0,"key":"FearPotion"},{"floor":18.0,"key":"Regen Potion"}],"is_trial":false,"path_per_floor":["M","?","M","M","?","R","E","$","T","M","R","M","R","M","R","B",null,"M","M","?","?","$","R","E"],"character_chosen":"IRONCLAD","items_purchased":["Medical Kit","Shrug It Off"],"campfire_rested":1,"item_purchase_floors":[8,22],"current_hp_per_floor":[68,48,43,43,43,43,39,39,39,45,45,45,45,50,50,13,54,38,22,22,22,22,43,0,0],"gold":39,"neow_bonus":"THREE_RARE_CARDS","is_daily":false,"chose_seed":false,"campfire_upgraded":4,"win_rate":0.0,"timestamp":1611947672,"path_taken":["M","?","M","M","?","R","E","$","T","?","R","M","R","M","R","BOSS","M","M","?","?","$","R","E"],"items_purchased_type":["Relic","Card"],"build_version":"2020-12-22","purchased_purges":1,"victory":false,"max_hp_per_floor":[68,68,68,68,68,68,68,68,68,68,68,68,68,68,68,68,68,68,71,71,71,71,71,71,71],"card_choices":[{"not_picked":["Fiend Fire","Reaper"],"picked":"Bludgeon","floor":0.0},{"not_picked":["Pommel Strike","Perfected Strike"],"picked":"Body Slam","floor":1.0},{"not_picked":["Sword Boomerang","Heavy Blade","Twin Strike"],"picked":"SKIP","floor":3.0},{"not_picked":["Body Slam","Inflame","Heavy Blade"],"picked":"SKIP","floor":4.0},{"not_picked":["Iron Wave","Pummel"],"picked":"Havoc","floor":7.0},{"not_picked":["Perfected Strike","Brutality"],"picked":"Evolve","floor":10.0},{"not_picked":["Cleave","Burning Pact"],"picked":"Pommel Strike","floor":12.0},{"not_picked":["Rampage","Cleave"],"picked":"Feel No Pain","floor":14.0},{"not_picked":["Berserk","Juggernaut"],"picked":"Feed","floor":16.0},{"not_picked":["Thunderclap","True Grit"],"picked":"Burning Pact+1","floor":18.0},{"not_picked":["Dual Wield","Twin Strike","Sword Boomerang"],"picked":"SKIP","floor":19.0}],"player_experience":112341,"relics_obtained":[{"floor":7.0,"key":"Sundial"},{"floor":9.0,"key":"Lantern"}],"event_choices":[{"damage_healed":0.0,"max_hp_gain":0.0,"max_hp_loss":0.0,"gold_gain":0.0,"event_name":"Shining Light","player_choice":"Entered Light","floor":2.0,"gold_loss":0.0,"damage_taken":20.0,"cards_upgraded":["Strike_R","Strike_R"]},{"damage_healed":0.0,"max_hp_gain":0.0,"max_hp_loss":0.0,"gold_gain":0.0,"event_name":"Lab","player_choice":"Got Potions","floor":5.0,"gold_loss":0.0,"damage_taken":0.0},{"damage_healed":0.0,"max_hp_gain":0.0,"max_hp_loss":0.0,"gold_gain":0.0,"event_name":"The Mausoleum","player_choice":"Ignored","floor":20.0,"gold_loss":0.0,"damage_taken":0.0},{"damage_healed":0.0,"max_hp_gain":0.0,"max_hp_loss":0.0,"gold_gain":0.0,"event_name":"Vampires","player_choice":"Ignored","floor":21.0,"gold_loss":0.0,"damage_taken":0.0}],"is_beta":false,"boss_relics":[{"not_picked":["Mark of Pain","Ectoplasm"],"picked":"Astrolabe"}],"items_purged_floors":[22],"is_endless":false,"potions_floor_spawned":[3,4,14,18],"killed_by":"Book of Stabbing","ascension_level":20}}