{"host":"Sean","time":1611925298,"event":{"mods":["BaseMod","Block Reminder","Colored Map","Colored Powertips","Highlight Path","Minty Spire (QoL Compilation)","Permanent Neow","Relic Stats"],"gold_per_floor":[116,41,53,53,71,71,101,101,101,101,101,1,34,58,58,187,187,206,206,206,229,245,245,284,284,284,327,351,351,365,365,365],"floor_reached":31,"language":"ENG","playtime":1270,"items_purged":["Regret","Defend_R"],"score":508,"play_id":"df2b2c2c-6a30-4f34-b186-fefdc3fa6298","local_time":"20210129130138","is_ascension_mode":true,"campfire_choices":[{"data":"Wild Strike","floor":6.0,"key":"SMITH"},{"data":"True Grit","floor":8.0,"key":"SMITH"},{"data":"Uppercut","floor":15.0,"key":"SMITH"},{"data":"Bludgeon","floor":23.0,"key":"SMITH"},{"data":"Double Tap","floor":25,"key":"SMITH"}],"circlet_count":0,"master_deck":["Defend_R","Defend_R+1","Defend_R","Bash","Double Tap+1","Wild Strike+1","Twin Strike","Combust+1","True Grit+1","Rupture","Uppercut+1","Bludgeon+1","Bite","Bite","Bite","Bite","Bite","Dual Wield","Battle Trance+1","Iron Wave+1","Double Tap+1","J.A.X.+1"],"relics":["Burning Blood","Ancient Tea Set","Paper Frog","Golden Idol","Champion Belt","Snecko Eye","Toxic Egg 2","Molten Egg 2","Question Card"],"acts_visited":["Exordium","TheCity"],"potions_floor_usage":[24,24,24,31],"damage_taken":[{"damage":9.0,"enemies":"Small Slimes","floor":1.0,"turns":5.0},{"damage":9.0,"enemies":"Jaw Worm","floor":3.0,"turns":3.0},{"damage":2.0,"enemies":"2 Louse","floor":5.0,"turns":2.0},{"damage":21.0,"enemies":"Gremlin Nob","floor":7.0,"turns":4.0},{"damage":24.0,"enemies":"Lagavulin","floor":13.0,"turns":5.0},{"damage":8.0,"enemies":"2 Fungi Beasts","floor":14.0,"turns":3.0},{"damage":0.0,"enemies":"Slime Boss","floor":16.0,"turns":8.0},{"damage":12.0,"enemies":"3 Byrds","floor":18.0,"turns":6.0},{"damage":30.0,"enemies":"2 Thieves","floor":21.0,"turns":3.0},{"damage":0.0,"enemies":"Snake Plant","floor":22.0,"turns":1.0},{"damage":6,"enemies":"Book of Stabbing","floor":24,"turns":2},{"damage":46,"enemies":"Gremlin Leader","floor":27,"turns":6},{"damage":6,"enemies":"Shelled Parasite and Fungi","floor":28,"turns":2},{"damage":0,"enemies":"Snecko","floor":30,"turns":1},{"damage":26,"enemies":"Slavers","floor":31,"turns":3}],"seed_played":"-5075488159944720523","potions_obtained":[{"floor":5.0,"key":"Strength Potion"},{"floor":13.0,"key":"EssenceOfSteel"},{"floor":16.0,"key":"Strength Potion"},{"floor":18.0,"key":"SneckoOil"},{"floor":27,"key":"Weak Potion"}],"is_trial":false,"path_per_floor":["M","$","M","?","M","R","E","R","T","?","?","$","E","M","R","B",null,"M","?","?","M","M","R","E","R","T","E","M","?","M","E"],"character_chosen":"IRONCLAD","items_purchased":[],"campfire_rested":0,"item_purchase_floors":[],"current_hp_per_floor":[69,69,66,80,80,80,65,65,65,65,50,50,32,30,30,36,65,59,51,51,31,37,37,41,41,41,7,13,13,19,0,0],"gold":365,"neow_bonus":"THREE_RARE_CARDS","is_daily":false,"chose_seed":false,"campfire_upgraded":5,"win_rate":0.0,"timestamp":1611925298,"path_taken":["M","$","M","?","M","R","E","R","T","?","?","$","E","?","R","BOSS","M","?","?","M","M","R","E","R","T","E","M","?","M","E"],"items_purchased_type":[],"build_version":"2020-12-18","purchased_purges":2,"victory":false,"max_hp_per_floor":[80,80,80,80,80,80,80,80,80,74,74,74,74,74,74,74,74,74,51,51,51,51,51,51,51,51,51,51,51,51,51,51],"relic_stats":{"counters":[15,54],"Golden Idol":75,"Snecko Eye":[36,37,41,53],"Champion Belt":[18],"Question Card":2,"obtain_stats":[{"Golden Idol":10,"Snecko Eye":17,"Molten Egg 2":26,"Champion Belt":13,"Toxic Egg 2":24,"Ancient Tea Set":7,"Question Card":27,"Burning Blood":0,"Paper Frog":9},{"Golden Idol":4,"Snecko Eye":7,"Molten Egg 2":11,"Champion Belt":5,"Toxic Egg 2":11,"Ancient Tea Set":4,"Question Card":12,"Burning Blood":0,"Paper Frog":4},{"Golden Idol":14,"Snecko Eye":30,"Molten Egg 2":42,"Champion Belt":19,"Toxic Egg 2":42,"Ancient Tea Set":14,"Question Card":48,"Burning Blood":0,"Paper Frog":14}],"Burning Blood":80},"card_choices":[{"not_picked":["Impervious","Berserk"],"picked":"Double Tap","floor":0.0},{"not_picked":["Havoc","Heavy Blade"],"picked":"Wild Strike","floor":1.0},{"not_picked":["Warcry","Heavy Blade"],"picked":"Twin Strike","floor":3.0},{"not_picked":["Thunderclap","Evolve"],"picked":"Combust","floor":5.0},{"not_picked":["Clash","Thunderclap"],"picked":"True Grit","floor":7.0},{"not_picked":["Sentinel","Hemokinesis"],"picked":"Rupture","floor":13.0},{"not_picked":["Reckless Charge","Evolve"],"picked":"Uppercut","floor":14.0},{"not_picked":["Impervious","Reaper"],"picked":"Bludgeon","floor":16.0},{"not_picked":["Rampage","Twin Strike","Flex"],"picked":"SKIP","floor":18.0},{"not_picked":["Whirlwind","Hemokinesis","Wild Strike+1"],"picked":"SKIP","floor":21.0},{"not_picked":["Wild Strike","Perfected Strike"],"picked":"Battle Trance+1","floor":22.0},{"not_picked":["Searing Blow","Reckless Charge"],"picked":"Iron Wave+1","floor":24},{"not_picked":["Body Slam+1","Inflame"],"picked":"Double Tap+1","floor":27},{"not_picked":["Rage+1","Wild Strike+1","Armaments+1","Fire Breathing"],"picked":"SKIP","floor":28},{"not_picked":["Dark Embrace+1","Sentinel+1","Warcry+1","Twin Strike+1"],"picked":"SKIP","floor":30}],"player_experience":490846,"relics_obtained":[{"floor":7.0,"key":"Ancient Tea Set"},{"floor":9.0,"key":"Paper Frog"},{"floor":13.0,"key":"Champion Belt"},{"floor":24,"key":"Toxic Egg 2"},{"floor":26,"key":"Molten Egg 2"},{"floor":27,"key":"Question Card"}],"event_choices":[{"damage_healed":26.0,"max_hp_gain":0.0,"max_hp_loss":0.0,"gold_gain":0.0,"event_name":"Big Fish","player_choice":"Banana","floor":4.0,"gold_loss":0.0,"damage_taken":0.0},{"damage_healed":0.0,"max_hp_gain":0.0,"max_hp_loss":6.0,"gold_gain":0.0,"event_name":"Golden Idol","player_choice":"Lose Max HP","floor":10.0,"gold_loss":0.0,"damage_taken":0.0,"relics_obtained":["Golden Idol"]},{"damage_healed":0.0,"max_hp_gain":0.0,"max_hp_loss":0.0,"gold_gain":0.0,"event_name":"Shining Light","player_choice":"Entered Light","floor":11.0,"gold_loss":0.0,"damage_taken":15.0,"cards_upgraded":["Combust","Defend_R"]},{"damage_healed":0.0,"max_hp_gain":0.0,"max_hp_loss":23.0,"gold_gain":0.0,"event_name":"Vampires","player_choice":"Became a vampire","floor":19.0,"gold_loss":0.0,"damage_taken":0.0,"cards_obtained":["Bite","Bite","Bite","Bite","Bite"]},{"damage_healed":0.0,"max_hp_gain":0.0,"max_hp_loss":0.0,"gold_gain":0.0,"event_name":"The Library","player_choice":"Read","floor":20.0,"gold_loss":0.0,"damage_taken":0.0,"cards_obtained":["Dual Wield"]},{"damage_healed":0,"gold_gain":0,"player_choice":"Obtain J.A.X.","damage_taken":0,"max_hp_gain":0,"max_hp_loss":0,"event_name":"Drug Dealer","floor":29,"gold_loss":0,"cards_obtained":["J.A.X."]}],"is_beta":true,"boss_relics":[{"not_picked":["SacredBark","Ectoplasm"],"picked":"Snecko Eye"}],"items_purged_floors":[2,12],"is_endless":false,"potions_floor_spawned":[5,13,16,18,27],"killed_by":"Slavers","ascension_level":9}}