{"host":"lzlnscgb2n0l5w2m","time":1611931526,"event":{"mods":["AchievementEnabler","BaseMod","Block Reminder","Colored Powertips","Highlight Path","Minty Spire (QoL Compilation)","Permanent Neow","Relic Stats","StSLib","Yuri Mod"],"gold_per_floor":[118,152,46,46,81,81,115,115,139,174,174,249,296,110,110,130,130],"floor_reached":16,"language":"ZHS","playtime":1866,"items_purged":["yuri:yuriDefend"],"score":100,"play_id":"f20c0919-a626-401e-a785-ec58a27c07d1","local_time":"20210129224526","is_ascension_mode":false,"campfire_choices":[{"data":"yuri:DistillInsanity","floor":6,"key":"SMITH"},{"data":"yuri:StealPen","floor":8,"key":"SMITH"},{"data":"yuri:ReactiveMadness","floor":11,"key":"SMITH"},{"floor":15,"key":"REST"}],"circlet_count":0,"master_deck":["yuri:yuriStrike","yuri:yuriStrike","yuri:yuriStrike","yuri:yuriStrike","yuri:yuriStrike","yuri:yuriDefend","yuri:yuriDefend","yuri:yuriDefend","yuri:yuriDefend","yuri:Oolong","yuri:yuriStab","yuri:DistillInsanity+1","yuri:StealPen+1","yuri:WickedSlash","yuri:ReactiveMadness+1","yuri:BookBlue","yuri:Stalk","yuri:RecklessStrike","yuri:TeaSet","yuri:BookBlue"],"relics":["yuri:yuriKnife","Blood Vial","Bottled Lightning"],"acts_visited":["Exordium"],"potions_floor_usage":[13,13,16],"damage_taken":[{"damage":1,"enemies":"2 Louse","floor":1,"turns":3},{"damage":14,"enemies":"Small Slimes","floor":2,"turns":5},{"damage":9,"enemies":"Jaw Worm","floor":5,"turns":3},{"damage":8,"enemies":"Gremlin Gang","floor":7,"turns":3},{"damage":6,"enemies":"2 Fungi Beasts","floor":10,"turns":3},{"damage":24,"enemies":"Lagavulin","floor":13,"turns":4},{"damage":30,"enemies":"The Guardian","floor":16,"turns":8}],"seed_played":"-1461204170806906694","potions_obtained":[{"floor":1,"key":"EssenceOfSteel"},{"floor":5,"key":"SkillPotion"},{"floor":7,"key":"Strength Potion"}],"is_trial":false,"path_per_floor":["M","M","$","?","M","R","M","R","T","M","R","?","E","$","R","B"],"character_chosen":"YURI","items_purchased":["yuri:ReactiveMadness","yuri:BookBlue","yuri:TeaSet","yuri:BookBlue"],"campfire_rested":1,"item_purchase_floors":[3,3,14,14],"current_hp_per_floor":[72,59,59,41,38,38,36,36,36,32,32,21,3,3,24,0,0],"gold":130,"neow_bonus":"THREE_RARE_CARDS","is_daily":false,"chose_seed":false,"campfire_upgraded":3,"win_rate":0.0,"timestamp":1611931526,"path_taken":["M","M","$","?","M","R","M","R","T","M","R","?","E","$","R","BOSS"],"items_purchased_type":["Card","Card","Card","Card"],"build_version":"2020-12-22","purchased_purges":1,"victory":false,"max_hp_per_floor":[72,72,72,72,72,72,72,72,72,72,72,72,72,72,72,72,72],"relic_stats":{"Blood Vial":10,"counters":[7,29],"obtain_stats":[{"Blood Vial":4,"yuri:yuriKnife":0,"Bottled Lightning":13},{"Blood Vial":2,"yuri:yuriKnife":0,"Bottled Lightning":6},{"Blood Vial":8,"yuri:yuriKnife":0,"Bottled Lightning":21}]},"card_choices":[{"not_picked":["yuri:DragonForm","yuri:DuplicateCode"],"picked":"yuri:DistillInsanity","floor":0},{"not_picked":["yuri:SeeingDouble","yuri:ThrowingKnives"],"picked":"yuri:StealPen","floor":1},{"not_picked":["yuri:ThrowBook","yuri:Spin"],"picked":"yuri:WickedSlash","floor":2},{"not_picked":["yuri:Skip","yuri:ThrowBook","yuri:InduceGlitch"],"picked":"SKIP","floor":5},{"not_picked":["yuri:DebugCard","yuri:GlitchedStrike"],"picked":"yuri:Stalk","floor":7},{"not_picked":["yuri:DebugCard","yuri:Spin"],"picked":"yuri:RecklessStrike","floor":10},{"not_picked":["yuri:CorruptHitbox","yuri:GlitchedStrike","yuri:CalmingAura"],"picked":"SKIP","floor":13}],"player_experience":288142,"relics_obtained":[{"floor":13,"key":"Bottled Lightning"}],"event_choices":[{"damage_healed":0,"gold_gain":0,"player_choice":"Success","damage_taken":18,"relics_obtained":["Blood Vial"],"max_hp_gain":0,"max_hp_loss":0,"event_name":"Scrap Ooze","floor":4,"gold_loss":0},{"damage_healed":0,"gold_gain":75,"player_choice":"Gather Gold","damage_taken":11,"max_hp_gain":0,"max_hp_loss":0,"event_name":"World of Goop","floor":12,"gold_loss":0}],"is_beta":false,"boss_relics":[],"items_purged_floors":[14],"is_endless":false,"potions_floor_spawned":[1,5,7],"killed_by":"The Guardian","ascension_level":0}}