{"host":"t7mx8yfj1no5p62f","time":1611945187,"event":{"mods":["BaseMod","Colored Map","Colored Powertips","Minty Spire (QoL Compilation)","Relic Stats","StSLib"],"gold_per_floor":[118,118,130,53,79,113,113,113,113,144,157,168,168,196,196,271,271,284,284,209,223,1,28,28,62,62,62,76,76,95,107,107,180,180,199,214,226,239,239,272,305,305,305,305,305],"floor_reached":44,"language":"ENG","playtime":2076,"items_purged":["Defend_R"],"score":1202,"play_id":"491eeb41-09c2-4b2e-a838-cc38215acbc1","local_time":"20210129133307","is_ascension_mode":true,"campfire_choices":[{"data":"Uppercut","floor":8,"key":"SMITH"},{"data":"Armaments","floor":13,"key":"SMITH"},{"data":"Disarm","floor":15,"key":"SMITH"},{"data":"Dark Embrace","floor":27,"key":"SMITH"},{"floor":29,"key":"REST"},{"data":"Limit Break","floor":32,"key":"SMITH"},{"floor":42,"key":"RECALL"}],"circlet_count":0,"master_deck":["AscendersBane","Strike_R+1","Strike_R+1","Defend_R","Defend_R","Defend_R","Bash","Armaments+1","Uppercut+1","Disarm+1","Iron Wave","Pommel Strike","Feed","Battle Trance","Reckless Charge","Fire Breathing","Shockwave","True Grit","Dark Embrace+1","Inflame","Limit Break+1","Shrug It Off","Impervious","Heavy Blade","Parasite","Entrench","Enlightenment","Discovery"],"relics":["Burning Blood","NeowsBlessing","Akabeko","Happy Flower","Bag of Preparation","Pantograph","Regal Pillow","Cursed Key","WingedGreaves","Bag of Marbles","Snecko Eye","Letter Opener","Orichalcum"],"acts_visited":["Exordium","TheCity","TheBeyond"],"potions_floor_usage":[14,16,23,25,40,44,44],"damage_taken":[{"damage":0,"enemies":"Jaw Worm","floor":1,"turns":1},{"damage":0,"enemies":"Cultist","floor":3,"turns":1},{"damage":0,"enemies":"3 Sentries","floor":6,"turns":2},{"damage":24,"enemies":"Lagavulin","floor":10,"turns":8},{"damage":1,"enemies":"2 Louse","floor":11,"turns":7},{"damage":6,"enemies":"Exordium Thugs","floor":12,"turns":5},{"damage":17,"enemies":"Gremlin Nob","floor":14,"turns":4},{"damage":34,"enemies":"The Guardian","floor":16,"turns":14},{"damage":11,"enemies":"2 Thieves","floor":18,"turns":4},{"damage":18,"enemies":"Shell Parasite","floor":21,"turns":5},{"damage":12,"enemies":"Book of Stabbing","floor":23,"turns":5},{"damage":50,"enemies":"Slavers","floor":25,"turns":6},{"damage":11,"enemies":"3 Cultists","floor":28,"turns":5},{"damage":10,"enemies":"Chosen and Byrds","floor":30,"turns":5},{"damage":3,"enemies":"Snake Plant","floor":31,"turns":3},{"damage":36,"enemies":"Champ","floor":33,"turns":17},{"damage":0,"enemies":"3 Shapes","floor":35,"turns":8},{"damage":23,"enemies":"Orb Walker","floor":36,"turns":4},{"damage":6,"enemies":"Writhing Mass","floor":37,"turns":6},{"damage":18,"enemies":"4 Shapes","floor":38,"turns":15},{"damage":9,"enemies":"Nemesis","floor":40,"turns":7},{"damage":18,"enemies":"Giant Head","floor":41,"turns":7},{"damage":78,"enemies":"Reptomancer","floor":44,"turns":5}],"seed_played":"-6709573267075638401","potions_obtained":[{"floor":1,"key":"DistilledChaos"},{"floor":11,"key":"Ancient Potion"},{"floor":12,"key":"SkillPotion"},{"floor":14,"key":"Regen Potion"},{"floor":16,"key":"SpeedPotion"},{"floor":23,"key":"Ancient Potion"},{"floor":25,"key":"Strength Potion"},{"floor":38,"key":"AttackPotion"},{"floor":41,"key":"BloodPotion"}],"is_trial":false,"path_per_floor":["M","?","M","$","T","E","?","R","T","E","M","M","R","E","R","B",null,"M","?","?","M","$","E","?","E","T","R","M","R","M","M","R","B",null,"M","M","M","M","?","E","E","R","T","E"],"character_chosen":"IRONCLAD","items_purchased":["Uppercut","True Grit","Dark Embrace"],"campfire_rested":1,"item_purchase_floors":[4,22,22],"current_hp_per_floor":[74,74,75,75,75,75,52,52,52,34,39,39,39,28,28,25,63,62,62,62,50,50,61,61,20,20,20,18,59,58,64,64,63,89,95,82,82,74,64,61,53,53,53,0,0],"gold":305,"neow_bonus":"THREE_ENEMY_KILL","is_daily":false,"chose_seed":false,"campfire_upgraded":5,"win_rate":0.0,"timestamp":1611945187,"path_taken":["M","?","M","$","?","E","?","R","T","E","?","M","R","E","R","BOSS","M","?","?","M","$","E","?","E","T","R","M","R","M","M","R","BOSS","M","?","M","?","?","E","E","R","T","E"],"items_purchased_type":["Card","Card","Card"],"build_version":"2020-12-22","purchased_purges":1,"victory":false,"max_hp_per_floor":[75,75,75,75,75,75,75,75,75,75,75,75,75,75,75,75,75,79,79,79,79,79,82,82,85,85,85,88,88,91,94,94,98,98,98,102,102,106,106,106,110,110,110,110,110],"relic_stats":{"Regal Pillow":15,"Happy Flower":[47],"counters":[23,144],"Pantograph":50,"Snecko Eye":[100,114,95,119],"Bag of Preparation":[40],"Letter Opener":[60],"Orichalcum":[0],"Cursed Key":0,"obtain_stats":[{"Regal Pillow":14,"NeowsBlessing":0,"Happy Flower":5,"Bag of Preparation":6,"Letter Opener":40,"Orichalcum":41,"Cursed Key":17,"Burning Blood":0,"Akabeko":2,"Pantograph":10,"Snecko Eye":34,"WingedGreaves":23,"Bag of Marbles":25},{"Regal Pillow":7,"NeowsBlessing":0,"Happy Flower":2,"Bag of Preparation":3,"Letter Opener":21,"Orichalcum":22,"Cursed Key":8,"Burning Blood":0,"Akabeko":1,"Pantograph":4,"Snecko Eye":16,"WingedGreaves":11,"Bag of Marbles":12},{"Regal Pillow":28,"NeowsBlessing":0,"Happy Flower":2,"Bag of Preparation":4,"Letter Opener":132,"Orichalcum":139,"Cursed Key":42,"Burning Blood":0,"Akabeko":1,"Pantograph":12,"Snecko Eye":92,"WingedGreaves":56,"Bag of Marbles":62}],"Burning Blood":121},"card_choices":[{"not_picked":["True Grit","Second Wind","Flex"],"picked":"SKIP","floor":1},{"not_picked":["Warcry","Heavy Blade"],"picked":"Armaments","floor":3},{"not_picked":["Anger","Thunderclap"],"picked":"Disarm","floor":6},{"not_picked":["Rupture","Havoc","Whirlwind"],"picked":"SKIP","floor":10},{"not_picked":["Sword Boomerang","Thunderclap"],"picked":"Iron Wave","floor":11},{"not_picked":["Clash","Perfected Strike"],"picked":"Pommel Strike","floor":12},{"not_picked":["Blood for Blood","Warcry","Combust"],"picked":"SKIP","floor":14},{"not_picked":["Offering","Brutality"],"picked":"Feed","floor":16},{"not_picked":["Burning Pact+1","Combust"],"picked":"Battle Trance","floor":18},{"not_picked":["Rupture","Reckless Charge"],"picked":"Shockwave","floor":21},{"not_picked":["Clash","Fire Breathing","Iron Wave"],"picked":"SKIP","floor":23},{"not_picked":["Havoc","Clothesline"],"picked":"Inflame","floor":25},{"not_picked":["Dropkick","Twin Strike","Clothesline"],"picked":"SKIP","floor":28},{"not_picked":["Evolve+1","Armaments"],"picked":"Limit Break","floor":30},{"not_picked":["Searing Blow","Combust+1"],"picked":"Shrug It Off","floor":31},{"not_picked":["Exhume","Bludgeon"],"picked":"Impervious","floor":33},{"not_picked":["Flex","Pommel Strike","Armaments+1"],"picked":"SKIP","floor":35},{"not_picked":["Twin Strike","Perfected Strike+1"],"picked":"Heavy Blade","floor":36},{"not_picked":["Shrug It Off","Sword Boomerang","Whirlwind"],"picked":"SKIP","floor":37},{"not_picked":["Pummel+1","Flex+1"],"picked":"Entrench","floor":38},{"not_picked":["Purity","Madness"],"picked":"Enlightenment","floor":39},{"not_picked":["Chrysalis","Trip"],"picked":"Discovery","floor":39},{"not_picked":["Whirlwind","Iron Wave+1","Uppercut"],"picked":"SKIP","floor":40},{"not_picked":["Pommel Strike","Wild Strike","Searing Blow"],"picked":"SKIP","floor":41}],"player_experience":1885785,"relics_obtained":[{"floor":5,"key":"Happy Flower"},{"floor":6,"key":"Bag of Preparation"},{"floor":10,"key":"Pantograph"},{"floor":14,"key":"Regal Pillow"},{"floor":23,"key":"WingedGreaves"},{"floor":25,"key":"Bag of Marbles"},{"floor":40,"key":"Letter Opener"},{"floor":41,"key":"Orichalcum"}],"event_choices":[{"damage_healed":0,"gold_gain":0,"player_choice":"Gave Potion","damage_taken":0,"relics_obtained":["Akabeko"],"max_hp_gain":0,"max_hp_loss":0,"event_name":"WeMeetAgain","floor":2,"gold_loss":0},{"damage_healed":0,"gold_gain":0,"player_choice":"Entered Light","damage_taken":23,"max_hp_gain":0,"max_hp_loss":0,"event_name":"Shining Light","floor":7,"gold_loss":0,"cards_upgraded":["Strike_R","Strike_R"]},{"damage_healed":0,"gold_gain":0,"cards_transformed":["Strike_R","Strike_R"],"player_choice":"Became Test Subject","damage_taken":0,"max_hp_gain":0,"max_hp_loss":0,"event_name":"Drug Dealer","floor":19,"gold_loss":0,"cards_obtained":["Reckless Charge","Fire Breathing"]},{"cards_removed":["Strike_R"],"damage_healed":0,"gold_gain":0,"player_choice":"Gave Gold","damage_taken":0,"max_hp_gain":0,"max_hp_loss":0,"event_name":"Beggar","floor":20,"gold_loss":75},{"damage_healed":0,"gold_gain":0,"player_choice":"Got Potions","damage_taken":0,"max_hp_gain":0,"max_hp_loss":0,"event_name":"Lab","floor":24,"gold_loss":0},{"damage_healed":0,"gold_gain":0,"player_choice":"Memory 3","damage_taken":10,"max_hp_gain":0,"max_hp_loss":0,"event_name":"SensoryStone","floor":39,"gold_loss":0}],"is_beta":false,"boss_relics":[{"not_picked":["SacredBark","Ectoplasm"],"picked":"Cursed Key"},{"not_picked":["Runic Cube","Busted Crown"],"picked":"Snecko Eye"}],"items_purged_floors":[22],"is_endless":false,"potions_floor_spawned":[1,11,12,14,16,23,25,35,38,41],"killed_by":"Reptomancer","ascension_level":20}}