{"host":"Troy","time":1611880920,"event":{"mods":["BaseMod","Colored Map","Highlight Path","Minty Spire (QoL Compilation)","Permanent Neow"],"gold_per_floor":[119,119,119,131,141,141,171,171,195,272,283,299,315,346,346,441,441,451,464,479,479,175,206,206,206,256,330,355,355,371,399,399,504,504,518,518,313,313,192,192,192,218,218,265,315,315,315,315,315,315,315,315,69,101,101],"floor_reached":56,"language":"ENG","playtime":5048,"items_purged":["Strike_R"],"score":1312,"play_id":"ecfcd080-3afe-4bf5-98f2-f4d129878be5","local_time":"20210128194200","is_ascension_mode":false,"campfire_choices":[{"data":"Armaments","floor":6.0,"key":"SMITH"},{"data":"Battle Trance","floor":8.0,"key":"SMITH"},{"data":"Feel No Pain","floor":15.0,"key":"SMITH"},{"data":"True Grit","floor":24.0,"key":"SMITH"},{"data":"Ghostly","floor":32.0,"key":"SMITH"},{"floor":40,"key":"RECALL"},{"floor":46,"key":"REST"},{"floor":49,"key":"REST"},{"floor":52,"key":"REST"}],"circlet_count":0,"master_deck":["Strike_R","Defend_R","Defend_R","Defend_R+1","Bash+1","Battle Trance+1","Ghostly Armor","Dark Embrace","Armaments+1","Cleave","Seeing Red","Pommel Strike","Feel No Pain+1","Metallicize","Offering","True Grit+1","Clash+1","Ghostly","Ghostly","Ghostly","Ghostly+1","Ghostly","Brutality","Panache","Inflame","Barricade","Disarm","Disarm","Whirlwind","Sadistic Nature","Mind Blast","Discovery","Shrug It Off+1"],"relics":["Burning Blood","Tiny Chest","PreservedInsect","Juzu Bracelet","Busted Crown","The Courier","Bag of Marbles","Frozen Eye","Dream Catcher","Bottled Tornado","Sundial","Paper Frog","Fusion Hammer","Magic Flower","Prayer Wheel","Gambling Chip","Mango","Thread and Needle","Shuriken","Sling","Oddly Smooth Stone","Blood Vial"],"acts_visited":["Exordium","TheCity","TheBeyond","TheEnding"],"potions_floor_usage":[55,55,55],"damage_taken":[{"damage":5.0,"enemies":"Cultist","floor":1.0,"turns":4.0},{"damage":3.0,"enemies":"Jaw Worm","floor":4.0,"turns":3.0},{"damage":0.0,"enemies":"2 Louse","floor":5.0,"turns":4.0},{"damage":32.0,"enemies":"Lagavulin","floor":7.0,"turns":9.0},{"damage":0.0,"enemies":"Looter","floor":11.0,"turns":5.0},{"damage":2.0,"enemies":"Blue Slaver","floor":12.0,"turns":3.0},{"damage":6.0,"enemies":"Exordium Wildlife","floor":13.0,"turns":3.0},{"damage":0.0,"enemies":"Gremlin Nob","floor":14.0,"turns":3.0},{"damage":48.0,"enemies":"Hexaghost","floor":16.0,"turns":13.0},{"damage":8.0,"enemies":"Spheric Guardian","floor":18.0,"turns":4.0},{"damage":6.0,"enemies":"3 Byrds","floor":19.0,"turns":6.0},{"damage":6.0,"enemies":"Sentry and Sphere","floor":20.0,"turns":9.0},{"damage":11.0,"enemies":"Book of Stabbing","floor":23.0,"turns":7.0},{"damage":13.0,"enemies":"Slavers","floor":28.0,"turns":4.0},{"damage":6.0,"enemies":"Snecko","floor":30.0,"turns":7.0},{"damage":6.0,"enemies":"Gremlin Leader","floor":31.0,"turns":5.0},{"damage":18.0,"enemies":"Automaton","floor":33.0,"turns":14.0},{"damage":13.0,"enemies":"3 Darklings","floor":35.0,"turns":6.0},{"damage":9,"enemies":"Nemesis","floor":42,"turns":11},{"damage":11,"enemies":"2 Orb Walkers","floor":44,"turns":7},{"damage":12,"enemies":"Mind Bloom Boss Battle","floor":45,"turns":7},{"damage":29,"enemies":"Awakened One","floor":50,"turns":13},{"damage":1,"enemies":"Shield and Spear","floor":54,"turns":11},{"damage":13,"enemies":"The Heart","floor":55,"turns":12}],"seed_played":"-3443224636760449905","potions_obtained":[{"floor":1.0,"key":"FearPotion"},{"floor":5.0,"key":"FearPotion"},{"floor":13.0,"key":"Block Potion"},{"floor":16.0,"key":"LiquidMemories"},{"floor":23.0,"key":"LiquidMemories"},{"floor":30.0,"key":"Strength Potion"},{"floor":31.0,"key":"SpeedPotion"},{"floor":33.0,"key":"Ancient Potion"},{"floor":44,"key":"CultistPotion"}],"is_trial":false,"path_per_floor":["M","?","?","M","M","R","E","R","T","?","M","M","M","E","R","B",null,"M","M","M","?","$","E","R","?","T","T","E","?","M","E","R","B",null,"M","?","$","?","$","R","T","E","T","?","?","R","?","T","R","B",null,"R","$","E","B",null],"character_chosen":"IRONCLAD","items_purchased":["Bag of Marbles","Frozen Eye","Panache","Inflame","Barricade","Sling","Oddly Smooth Stone"],"campfire_rested":3,"item_purchase_floors":[22,22,37,37,39,53,53],"current_hp_per_floor":[72,58,58,61,67,67,41,41,41,41,47,51,51,57,57,15,72,70,70,70,70,70,65,65,65,65,65,58,36,36,36,36,24,36,29,29,29,29,29,29,29,29,29,41,38,50,40,40,50,30,50,50,50,50,46],"gold":101,"neow_bonus":"TRANSFORM_TWO_CARDS","is_daily":false,"chose_seed":false,"campfire_upgraded":5,"win_rate":0.0,"timestamp":1611880920,"path_taken":["M","?","?","?","M","R","E","R","T","?","M","M","M","E","R","BOSS","M","M","M","?","$","E","R","?","T","?","E","?","M","E","R","BOSS","M","?","$","?","$","R","?","E","T","?","?","R","?","?","R","BOSS","R","$","E","BOSS"],"items_purchased_type":["Relic","Relic","Card","Card","Card","Relic","Relic"],"build_version":"2020-12-18","purchased_purges":1,"victory":true,"max_hp_per_floor":[72,72,72,72,72,72,72,72,72,72,72,72,72,72,72,72,72,72,72,72,72,72,72,72,72,72,72,72,36,36,36,36,36,36,36,36,36,36,36,36,36,36,36,50,50,50,50,50,50,50,50,50,50,50,50],"card_choices":[{"not_picked":["Evolve","Carnage"],"picked":"Dark Embrace","floor":1.0},{"not_picked":["Iron Wave","Havoc"],"picked":"Armaments","floor":4.0},{"not_picked":["Warcry","Combust"],"picked":"Cleave","floor":5.0},{"not_picked":["Cleave","Iron Wave"],"picked":"Seeing Red","floor":7.0},{"not_picked":["Flex","Perfected Strike"],"picked":"Pommel Strike","floor":11.0},{"not_picked":["True Grit","Headbutt","Clothesline"],"picked":"SKIP","floor":12.0},{"not_picked":["Seeing Red","Spot Weakness"],"picked":"Feel No Pain","floor":13.0},{"not_picked":["Clash","Dual Wield"],"picked":"Metallicize","floor":14.0},{"not_picked":["Berserk","Brutality"],"picked":"Offering","floor":16.0},{"not_picked":[],"picked":"True Grit","floor":18.0},{"not_picked":["Clothesline"],"picked":"SKIP","floor":19.0},{"not_picked":["Warcry+1"],"picked":"SKIP","floor":20.0},{"not_picked":["Combust"],"picked":"SKIP","floor":23.0},{"not_picked":[],"picked":"Clash+1","floor":28.0},{"not_picked":["Headbutt"],"picked":"SKIP","floor":30.0},{"not_picked":["Pummel"],"picked":"SKIP","floor":31.0},{"not_picked":[],"picked":"Brutality","floor":33.0},{"not_picked":["Armaments"],"picked":"SKIP","floor":35.0},{"not_picked":["Wild Strike"],"picked":"SKIP","floor":42},{"not_picked":[],"picked":"Disarm","floor":44},{"not_picked":[],"picked":"Disarm","floor":45},{"not_picked":[],"picked":"Whirlwind","floor":46},{"not_picked":[],"picked":"Sadistic Nature","floor":47},{"not_picked":[],"picked":"Mind Blast","floor":47},{"not_picked":[],"picked":"Discovery","floor":47},{"not_picked":[],"picked":"Shrug It Off+1","floor":49},{"not_picked":["Shrug It Off"],"picked":"SKIP","floor":54}],"player_experience":4100797,"relics_obtained":[{"floor":7.0,"key":"Tiny Chest"},{"floor":9.0,"key":"PreservedInsect"},{"floor":14.0,"key":"Juzu Bracelet"},{"floor":23.0,"key":"Dream Catcher"},{"floor":27.0,"key":"Bottled Tornado"},{"floor":28.0,"key":"Sundial"},{"floor":31.0,"key":"Paper Frog"},{"floor":41,"key":"Magic Flower"},{"floor":42,"key":"Prayer Wheel"},{"floor":43,"key":"Gambling Chip"},{"floor":44,"key":"Mango"},{"floor":45,"key":"Thread and Needle"},{"floor":48,"key":"Shuriken"},{"floor":54,"key":"Blood Vial"}],"event_choices":[{"damage_healed":0.0,"max_hp_gain":0.0,"max_hp_loss":0.0,"gold_gain":0.0,"event_name":"Shining Light","player_choice":"Entered Light","floor":2.0,"gold_loss":0.0,"damage_taken":14.0,"cards_upgraded":["Defend_R","Bash"]},{"damage_healed":0.0,"max_hp_gain":0.0,"max_hp_loss":0.0,"gold_gain":0.0,"event_name":"NoteForYourself","player_choice":"Ignored","floor":3.0,"gold_loss":0.0,"damage_taken":0.0},{"damage_healed":0.0,"max_hp_gain":0.0,"max_hp_loss":0.0,"gold_gain":77.0,"event_name":"Golden Wing","player_choice":"Gained Gold","floor":10.0,"gold_loss":0.0,"damage_taken":0.0},{"damage_healed":0.0,"max_hp_gain":0.0,"max_hp_loss":0.0,"gold_gain":0.0,"event_name":"The Mausoleum","player_choice":"Opened","floor":21.0,"gold_loss":0.0,"damage_taken":0.0,"relics_obtained":["The Courier"]},{"cards_removed":["Strike_R"],"damage_healed":0.0,"max_hp_gain":0.0,"max_hp_loss":0.0,"gold_gain":0.0,"event_name":"Back to Basics","player_choice":"Elegance","floor":25.0,"gold_loss":0.0,"damage_taken":0.0},{"damage_healed":0.0,"max_hp_gain":0.0,"max_hp_loss":36.0,"gold_gain":0.0,"event_name":"Ghosts","player_choice":"Became a Ghost","floor":29.0,"gold_loss":0.0,"damage_taken":0.0,"cards_obtained":["Ghostly","Ghostly","Ghostly","Ghostly","Ghostly"]},{"damage_healed":0.0,"max_hp_gain":0.0,"max_hp_loss":0.0,"gold_gain":0.0,"event_name":"Tomb of Lord Red Mask","player_choice":"Ignored","floor":36.0,"gold_loss":0.0,"damage_taken":0.0},{"cards_removed":["Strike_R"],"damage_healed":0.0,"max_hp_gain":0.0,"max_hp_loss":0.0,"gold_gain":0.0,"event_name":"Falling","player_choice":"Removed Attack","floor":38.0,"gold_loss":0.0,"damage_taken":0.0},{"damage_healed":0,"gold_gain":0,"player_choice":"Fight","damage_taken":0,"max_hp_gain":0,"max_hp_loss":0,"event_name":"Mysterious Sphere","floor":44,"gold_loss":0},{"damage_healed":0,"gold_gain":0,"player_choice":"Fight","damage_taken":0,"max_hp_gain":0,"max_hp_loss":0,"event_name":"MindBloom","floor":45,"gold_loss":0},{"damage_healed":0,"gold_gain":0,"player_choice":"Memory 3","damage_taken":10,"max_hp_gain":0,"max_hp_loss":0,"event_name":"SensoryStone","floor":47,"gold_loss":0}],"is_beta":true,"boss_relics":[{"not_picked":["Runic Pyramid","Runic Cube"],"picked":"Busted Crown"},{"not_picked":["SlaversCollar","Velvet Choker"],"picked":"Fusion Hammer"}],"items_purged_floors":[22],"is_endless":false,"potions_floor_spawned":[1,5,13,16,23,30,31,33,44,45,54],"ascension_level":0}}