{"host":"j4g6ia6asvpyu2b0","time":1611919144,"event":{"mods":["BaseMod","Colored Map","Minty Spire (QoL Compilation)","Permanent Neow","Quick Restart","Relic Stats","StSLib","Unceasing Turn Reminder"],"gold_per_floor":[118,118,83,97,97,126,138,165,165,193,206,206,220,2,2,103,103,117,135,43,43,43,43,68,68,95,95,124,136,169,169,169,169,169],"floor_reached":33,"language":"ENG","playtime":1172,"items_purged":[],"score":450,"play_id":"85801fbf-fcd9-47e4-8ad4-3e14b6f7e68f","local_time":"20210129041904","is_ascension_mode":true,"campfire_choices":[{"data":"Loop","floor":12,"key":"SMITH"},{"data":"Defragment","floor":15,"key":"SMITH"},{"data":"Storm","floor":23,"key":"SMITH"},{"floor":25,"key":"REST"},{"data":"Consume","floor":27,"key":"SMITH"},{"floor":32,"key":"REST"}],"circlet_count":0,"master_deck":["Strike_B+1","Defend_B+1","Defend_B+1","Defend_B+1","Defend_B+1","Zap","Dualcast+1","Loop+1","Chill","Streamline","Static Discharge","Capacitor","Capacitor","Chaos","Defragment+1","Electrodynamics","Storm+1","Sweeping Beam+1","Consume+1","Compile Driver","Ball Lightning","Skim","Force Field+1","Lockon","Shame","Ball Lightning+1","Self Repair","Force Field","Parasite","Barrage"],"relics":["Cracked Core","PreservedInsect","Dream Catcher","Darkstone Periapt","Oddly Smooth Stone","DataDisk","Cursed Key","Art of War","Toy Ornithopter","Bottled Tornado","MealTicket","Blue Candle"],"acts_visited":["Exordium","TheCity"],"potions_floor_usage":[8,18,24,28,30],"damage_taken":[{"damage":7,"enemies":"Jaw Worm","floor":1,"turns":3},{"damage":0,"enemies":"Small Slimes","floor":4,"turns":2},{"damage":2,"enemies":"3 Sentries","floor":6,"turns":10},{"damage":0,"enemies":"Cultist","floor":7,"turns":3},{"damage":1,"enemies":"Lagavulin","floor":8,"turns":5},{"damage":10,"enemies":"Gremlin Nob","floor":10,"turns":3},{"damage":0,"enemies":"Red Slaver","floor":11,"turns":3},{"damage":10,"enemies":"Large Slime","floor":13,"turns":5},{"damage":16,"enemies":"Hexaghost","floor":16,"turns":8},{"damage":27,"enemies":"2 Thieves","floor":18,"turns":3},{"damage":3,"enemies":"Chosen","floor":19,"turns":3},{"damage":17,"enemies":"Gremlin Leader","floor":24,"turns":3},{"damage":0,"enemies":"Slavers","floor":28,"turns":1},{"damage":27,"enemies":"Shelled Parasite and Fungi","floor":29,"turns":4},{"damage":24,"enemies":"Book of Stabbing","floor":30,"turns":3},{"damage":69,"enemies":"Champ","floor":33,"turns":6}],"seed_played":"400662564071765456","potions_obtained":[{"floor":6,"key":"Block Potion"},{"floor":7,"key":"PowerPotion"},{"floor":10,"key":"SkillPotion"},{"floor":16,"key":"DuplicationPotion"},{"floor":18,"key":"BlessingOfTheForge"},{"floor":24,"key":"FocusPotion"},{"floor":28,"key":"GamblersBrew"}],"is_trial":false,"path_per_floor":["M","?","?","M","?","E","M","E","T","E","M","R","M","$","R","B",null,"M","M","$","?","?","R","E","R","T","R","E","M","E","T","R","B"],"character_chosen":"DEFECT","items_purchased":["DataDisk","Defragment","Consume","Compile Driver"],"campfire_rested":2,"item_purchase_floors":[14,14,20,20],"current_hp_per_floor":[61,46,64,64,64,62,62,61,61,51,51,51,41,41,41,25,63,36,33,33,33,33,33,16,38,44,44,49,22,10,16,42,0,0],"gold":169,"neow_bonus":"RANDOM_COMMON_RELIC","is_daily":false,"chose_seed":false,"campfire_upgraded":4,"win_rate":0.0,"timestamp":1611919144,"path_taken":["M","?","?","M","?","E","?","E","T","E","M","R","M","$","R","BOSS","M","M","?","?","?","R","E","R","T","R","E","?","E","?","R","BOSS"],"items_purchased_type":["Relic","Card","Card","Card"],"build_version":"2020-12-22","purchased_purges":0,"victory":false,"max_hp_per_floor":[75,75,75,75,75,75,75,75,75,75,75,75,75,75,75,75,75,75,75,75,75,75,75,75,75,81,81,81,81,81,87,87,87,87],"relic_stats":{"Darkstone Periapt":12,"Dream Catcher":2,"counters":[16,64],"Blue Candle":[1],"MealTicket":0,"PreservedInsect":209,"Art of War":[6],"Cursed Key":2,"obtain_stats":[{"Darkstone Periapt":8,"Dream Catcher":6,"DataDisk":14,"Blue Candle":31,"Oddly Smooth Stone":10,"MealTicket":30,"PreservedInsect":0,"Art of War":24,"Bottled Tornado":28,"Cracked Core":0,"Cursed Key":17,"Toy Ornithopter":26},{"Darkstone Periapt":5,"Dream Catcher":3,"DataDisk":8,"Blue Candle":15,"Oddly Smooth Stone":6,"MealTicket":15,"PreservedInsect":0,"Art of War":12,"Bottled Tornado":13,"Cracked Core":0,"Cursed Key":9,"Toy Ornithopter":12},{"Darkstone Periapt":23,"Dream Catcher":15,"DataDisk":34,"Blue Candle":58,"Oddly Smooth Stone":26,"MealTicket":58,"PreservedInsect":0,"Art of War":50,"Bottled Tornado":51,"Cracked Core":0,"Cursed Key":42,"Toy Ornithopter":50}],"Toy Ornithopter":10},"card_choices":[{"not_picked":["Redo","Reinforced Body"],"picked":"Loop","floor":1},{"not_picked":["Chaos","Cold Snap"],"picked":"Chill","floor":4},{"not_picked":["Redo","Chill"],"picked":"Streamline","floor":6},{"not_picked":["Streamline","Chaos"],"picked":"Static Discharge","floor":7},{"not_picked":["Go for the Eyes","Compile Driver"],"picked":"Capacitor","floor":8},{"not_picked":["Ball Lightning","FTL"],"picked":"Capacitor","floor":10},{"not_picked":["Streamline","Redo","Turbo"],"picked":"SKIP","floor":11},{"not_picked":["Compile Driver","Sweeping Beam"],"picked":"Chaos","floor":13},{"not_picked":["Meteor Strike","Reboot"],"picked":"Electrodynamics","floor":16},{"not_picked":["Gash","Blizzard"],"picked":"Storm","floor":18},{"not_picked":["Genetic Algorithm","Redo"],"picked":"Sweeping Beam+1","floor":19},{"not_picked":["Stack","Turbo"],"picked":"Force Field+1","floor":24},{"not_picked":["Beam Cell","Turbo+1"],"picked":"Lockon","floor":25},{"not_picked":["Streamline","Rebound+1"],"picked":"Ball Lightning+1","floor":28},{"not_picked":["Melter+1","Thunder Strike"],"picked":"Self Repair","floor":29},{"not_picked":["Gash+1","Rebound"],"picked":"Force Field","floor":30},{"not_picked":["Chaos","Turbo+1"],"picked":"Barrage","floor":32}],"player_experience":1073045,"relics_obtained":[{"floor":6,"key":"Dream Catcher"},{"floor":8,"key":"Darkstone Periapt"},{"floor":10,"key":"Oddly Smooth Stone"},{"floor":24,"key":"Art of War"},{"floor":26,"key":"Toy Ornithopter"},{"floor":28,"key":"Bottled Tornado"},{"floor":30,"key":"MealTicket"},{"floor":31,"key":"Blue Candle"}],"event_choices":[{"damage_healed":0,"gold_gain":0,"player_choice":"Entered Light","damage_taken":15,"max_hp_gain":0,"max_hp_loss":0,"event_name":"Shining Light","floor":2,"gold_loss":0,"cards_upgraded":["Dualcast","Strike_B"]},{"damage_healed":18,"gold_gain":0,"player_choice":"Healed","damage_taken":0,"max_hp_gain":0,"max_hp_loss":0,"event_name":"The Cleric","floor":3,"gold_loss":35},{"cards_removed":["Strike_B"],"damage_healed":0,"gold_gain":0,"player_choice":"Offered Basic","damage_taken":0,"max_hp_gain":0,"max_hp_loss":0,"event_name":"Bonfire Elementals","floor":5,"gold_loss":0},{"damage_healed":0,"gold_gain":0,"cards_transformed":["Strike_B","Strike_B"],"player_choice":"Became Test Subject","damage_taken":0,"max_hp_gain":0,"max_hp_loss":0,"event_name":"Drug Dealer","floor":21,"gold_loss":0,"cards_obtained":["Ball Lightning","Skim"]},{"damage_healed":0,"gold_gain":0,"player_choice":"Simplicity","damage_taken":0,"max_hp_gain":0,"max_hp_loss":0,"event_name":"Back to Basics","floor":22,"gold_loss":0,"cards_upgraded":["Defend_B","Defend_B","Defend_B","Defend_B"]}],"is_beta":false,"boss_relics":[{"not_picked":["Philosopher\u0027s Stone","Empty Cage"],"picked":"Cursed Key"}],"items_purged_floors":[],"is_endless":false,"potions_floor_spawned":[6,7,10,16,18,24,28],"killed_by":"Champ","ascension_level":6}}