{"host":"491vyvchqhlfizue","time":1611933581,"event":{"mods":["AchievementEnabler","BaseMod","BetterRewards","Colored Map","Conspire","Downfall","Infinite Spire","Minty Spire (QoL Compilation)","Reliquary","Replay The Spire","Shop Mod","Spikes Relics","StSLib","The Forsaken","The Runesmith"],"gold_per_floor":[114,114,127,141,159,185,200,230,230,255,272,272,288,315,315,414,414,433,445,445,445,463,489,489,524,524,153,179,197,229,245,245,343,343,375,375,385,385,403,438,93,119,144,168,168,16,45,55,55,55],"floor_reached":51,"language":"ENG","playtime":7156,"items_purged":["theForsaken:TheForsaken_Strike","theForsaken:TheForsaken_Strike","Writhe","downfall:Icky"],"score":1768,"play_id":"a928aaa1-f629-4233-b267-14174a9631a9","local_time":"20210129101941","is_ascension_mode":true,"campfire_choices":[{"data":"ReplayTheSpireMod:Private Reserves","floor":12.0,"key":"SMITH"},{"data":"ReplayTheSpireMod:Private Reserves","floor":15.0,"key":"SMITH"},{"data":"theForsaken:NobleSacrifice","floor":24.0,"key":"SMITH"},{"floor":32,"key":"DIG"},{"data":"Apotheosis","floor":45,"key":"SMITH"},{"data":"theForsaken:Eulogy","floor":49,"key":"SMITH"}],"circlet_count":0,"master_deck":["theForsaken:TheForsaken_Strike","theForsaken:TheForsaken_Defend","theForsaken:TheForsaken_Defend","theForsaken:TheForsaken_Defend","theForsaken:TheForsaken_Defend","theForsaken:Smite","theForsaken:Penitence","ReplayTheSpireMod:Private Reserves+1","theForsaken:InspiringBlow","ReplayTheSpireMod:Private Reserves+1","theForsaken:ShieldBash","theForsaken:QuickAttack+1","theForsaken:NobleSacrifice+1","theForsaken:Bolster","theForsaken:DesperatePlea+1","theForsaken:Bolster","theForsaken:Bolster","theForsaken:Eulogy+1","CloudedMind","theForsaken:WordsOfMight+1","theForsaken:SpreadingPlague","Jack Of All Trades","Apotheosis+1"],"relics":["theForsaken:JudgementScales","Oddly Smooth Stone","theForsaken:Gavel","DollysMirror","conspire:Boomerang","infinitespire:Satchel","MerchantsRug","BrokenLever","InkBottle","conspire:Dentures","Anchor","WizardHat","Replay:Ancient Bell","ReplayTheSpireMod:TigerMarble","Shuriken","FossilizedHelix","reliquary:Knoch","reliquary:Buckler","Gremlin Food","reliquary:PurpleTingedLeaf","ReplayFunnel","Chameleon Ring","Mummified Hand","SlaversCollar","theForsaken:HumbleEgg","ReplayTheSpireMod:Lightbulb","reliquary:Bookmark","Blood Vial","reliquary:WeakTea","Centennial Puzzle","Potion Belt","Bag of Preparation"],"acts_visited":["Exordium","TheCity","TheBeyond"],"potions_floor_usage":[33,50,50,50],"damage_taken":[{"damage":0.0,"enemies":"2 Louse","floor":1.0,"turns":3.0},{"damage":0.0,"enemies":"Cultist","floor":3.0,"turns":4.0},{"damage":9.0,"enemies":"infinitespire:Voidling","floor":4.0,"turns":4.0},{"damage":5.0,"enemies":"Exordium Wildlife","floor":5.0,"turns":4.0},{"damage":0.0,"enemies":"Lagavulin","floor":6.0,"turns":6.0},{"damage":0.0,"enemies":"Looter","floor":7.0,"turns":3.0},{"damage":0.0,"enemies":"3 Sentries","floor":8.0,"turns":10.0},{"damage":0.0,"enemies":"Replay:BlueRogue","floor":10.0,"turns":7.0},{"damage":0.0,"enemies":"conspire:2 RoseBushes","floor":11.0,"turns":5.0},{"damage":0.0,"enemies":"Exordium Wildlife","floor":13.0,"turns":4.0},{"damage":0.0,"enemies":"Lagavulin","floor":14.0,"turns":7.0},{"damage":0.0,"enemies":"The Guardian","floor":16.0,"turns":10.0},{"damage":0.0,"enemies":"Chosen","floor":18.0,"turns":7.0},{"damage":0.0,"enemies":"3 Byrds","floor":19.0,"turns":8.0},{"damage":0.0,"enemies":"3 Cultists","floor":22.0,"turns":7.0},{"damage":0.0,"enemies":"conspire:SneckoGhost","floor":23.0,"turns":11.0},{"damage":0.0,"enemies":"Book of Stabbing","floor":25.0,"turns":10.0},{"damage":0,"enemies":"Shelled Parasite and Fungi","floor":29,"turns":7},{"damage":0,"enemies":"Gremlin Leader","floor":30,"turns":10},{"damage":0,"enemies":"Chosen and Byrds","floor":31,"turns":6},{"damage":0,"enemies":"Collector","floor":33,"turns":11},{"damage":0,"enemies":"3 Shapes","floor":35,"turns":9},{"damage":11,"enemies":"3 Darklings","floor":37,"turns":6},{"damage":2,"enemies":"Sphere and 2 Shapes","floor":39,"turns":5},{"damage":4,"enemies":"R_Hoarder","floor":40,"turns":9},{"damage":0,"enemies":"Nemesis","floor":42,"turns":5},{"damage":0,"enemies":"R_Hoarder","floor":47,"turns":4},{"damage":0,"enemies":"Maw","floor":48,"turns":6},{"damage":0,"enemies":"Time Eater","floor":50,"turns":8}],"seed_played":"4255751129020331330","potions_obtained":[{"floor":3.0,"key":"champ:CounterPotion"},{"floor":4.0,"key":"SteroidPotion"},{"floor":7.0,"key":"PowerPotion"},{"floor":11.0,"key":"Dexterity Potion"},{"floor":18.0,"key":"Fire Potion"},{"floor":29,"key":"Weak Potion"},{"floor":30,"key":"LiquidBronze"},{"floor":35,"key":"bronze:BurnAndBuffPotion"},{"floor":39,"key":"Venom Potion"},{"floor":47,"key":"SteroidPotion"}],"is_trial":false,"path_per_floor":["M","?","M","M","M","E","M","E","T","E","M","R","M","E","R","B",null,"M","M","?","?","M","E","R","E","T","$","T","M","E","M","R_BF","B",null,"M","?","M","AVR","M","E","$","E","T","T","R","$","E","M","R","B",null],"character_chosen":"THE_FORSAKEN","items_purchased":["Oddly Smooth Stone","ReplayTheSpireMod:Private Reserves","theForsaken:Gavel","theForsaken:InspiringBlow","DollysMirror","theForsaken:ShieldBash","infinitespire:Satchel","MerchantsRug","reliquary:PurpleTingedLeaf","ReplayTheSpireMod:Lightbulb","reliquary:Bookmark","Potion Belt"],"campfire_rested":0,"item_purchase_floors":[0,0,0,0,0,0,0,0,27,41,41,46],"current_hp_per_floor":[61,61,64,57,54,56,56,62,62,65,65,65,65,65,65,65,65,65,65,65,54,57,60,60,60,60,60,60,67,70,70,70,70,70,70,60,65,65,66,70,70,70,70,70,70,70,70,70,70,70],"gold":55,"neow_bonus":"","is_daily":false,"chose_seed":false,"campfire_upgraded":5,"win_rate":0.0,"timestamp":1611933581,"path_taken":["M","?","M","?","M","E","M","E","T","E","M","R","M","E","R","BOSS","M","?","?","?","M","E","R","E","T","$","?","M","E","M","R_BF","BOSS","M","?","M","AVR","M","E","$","E","T","?","R","?","E","M","R","BOSS"],"items_purchased_type":["Relic","Card","Relic","Card","Relic","Card","Relic","Relic","Relic","Relic","Relic","Relic"],"build_version":"2020-12-22","purchased_purges":4,"victory":true,"max_hp_per_floor":[65,65,65,65,65,65,65,65,65,65,65,65,65,65,65,65,65,65,65,65,70,70,70,70,70,70,70,70,70,70,70,70,70,70,70,70,70,70,70,70,70,70,70,70,70,70,70,70,70,70],"card_choices":[{"not_picked":["theForsaken:Thunderbolt","theForsaken:WardingHymn"],"picked":"theForsaken:QuickAttack","floor":1.0},{"not_picked":["theForsaken:Preservation","theForsaken:ShieldBash"],"picked":"theForsaken:NobleSacrifice","floor":3.0},{"not_picked":["theForsaken:MagicWeapon","theForsaken:PanicDive"],"picked":"theForsaken:Bolster","floor":4.0},{"not_picked":["theForsaken:Thunderbolt","theForsaken:HorrifyingStrike"],"picked":"theForsaken:DesperatePlea","floor":5.0},{"not_picked":["theForsaken:Temperance","theForsaken:HymnOfRest","theForsaken:QuickAttack"],"picked":"SKIP","floor":6.0},{"not_picked":["theForsaken:WardingHymn","theForsaken:ScorchingSunlight","theForsaken:BlightOfFamine"],"picked":"SKIP","floor":7.0},{"not_picked":["theForsaken:PowerUp","theForsaken:BlightOfFamine"],"picked":"theForsaken:Bolster","floor":8.0},{"not_picked":["theForsaken:CowardsBrand","theForsaken:Terrorize"],"picked":"theForsaken:Bolster","floor":10.0},{"not_picked":["theForsaken:Backlash","theForsaken:QuickAttack","theForsaken:CreepingInfection"],"picked":"SKIP","floor":11.0},{"not_picked":["theForsaken:BattleHymn","theForsaken:CorruptedWord"],"picked":"theForsaken:Eulogy","floor":13.0},{"not_picked":["theForsaken:Thunderbolt","theForsaken:CreepingInfection","theForsaken:HymnOfPatience"],"picked":"SKIP","floor":14.0},{"not_picked":["Looming Evil","downfall:Aged"],"picked":"downfall:Icky","floor":17.0},{"not_picked":["Doubt","Writhe"],"picked":"CloudedMind","floor":17.0},{"not_picked":["CurseOfTheBell","Languid"],"picked":"Writhe","floor":17.0},{"not_picked":["theForsaken:CorruptedWord","theForsaken:BindingThorns+1","theForsaken:HymnOfPatience+1"],"picked":"SKIP","floor":18.0},{"not_picked":["theForsaken:WordOfPower+1","theForsaken:WrathOfGod","theForsaken:MagicWeapon"],"picked":"SKIP","floor":19.0},{"not_picked":["theForsaken:Parry","theForsaken:DesperatePlea","theForsaken:WrathOfGod"],"picked":"SKIP","floor":22.0},{"not_picked":["theForsaken:FuryStrikes","theForsaken:DarkBarrier+1"],"picked":"theForsaken:WordsOfMight+1","floor":23.0},{"not_picked":["theForsaken:PanicDive","theForsaken:NobleSacrifice","theForsaken:Terrorize+1"],"picked":"SKIP","floor":25.0},{"not_picked":["theForsaken:BottledPlague","theForsaken:ScorchingSunlight","theForsaken:CleansingLight+1"],"picked":"SKIP","floor":29},{"not_picked":["theForsaken:StoreUp+1","theForsaken:Thunderbolt+1","theForsaken:HorrifyingStrike"],"picked":"SKIP","floor":30},{"not_picked":["theForsaken:ChargeAttack","theForsaken:ShieldCharge","theForsaken:Tranquility+1"],"picked":"SKIP","floor":31},{"not_picked":["theForsaken:Purification","theForsaken:CorruptedForm"],"picked":"theForsaken:SpreadingPlague","floor":33},{"not_picked":["theForsaken:Eulogy+1","theForsaken:QuickAttack","theForsaken:NobleSacrifice+1"],"picked":"SKIP","floor":35},{"not_picked":["Replay:Dark Deal","Sharp Hide"],"picked":"Jack Of All Trades","floor":36},{"not_picked":["Secret Technique","HandOfGreed"],"picked":"Apotheosis","floor":36},{"not_picked":["theForsaken:StoreUp","theForsaken:Eulogy+1","theForsaken:HorrifyingStrike"],"picked":"SKIP","floor":37},{"not_picked":["theForsaken:Thunderbolt","theForsaken:PowerUp+1","theForsaken:SolarFlare+1"],"picked":"SKIP","floor":39},{"not_picked":["theForsaken:Devotion+1","theForsaken:SacredOath","theForsaken:BlindFaith+1"],"picked":"SKIP","floor":40},{"not_picked":["theForsaken:ShieldCharge+1","theForsaken:HorrifyingStrike+1","theForsaken:Tranquility+1"],"picked":"SKIP","floor":42},{"not_picked":["theForsaken:CleansingLight","theForsaken:DarkBarrier","theForsaken:WordOfPower+1"],"picked":"SKIP","floor":47},{"not_picked":["theForsaken:HealingLight","theForsaken:FatRoll+1","theForsaken:WardingHymn"],"picked":"SKIP","floor":48}],"player_experience":54375,"relics_obtained":[{"floor":6.0,"key":"BrokenLever"},{"floor":8.0,"key":"InkBottle"},{"floor":9.0,"key":"conspire:Dentures"},{"floor":10.0,"key":"Anchor"},{"floor":14.0,"key":"WizardHat"},{"floor":23.0,"key":"reliquary:Knoch"},{"floor":25.0,"key":"reliquary:Buckler"},{"floor":26.0,"key":"Gremlin Food"},{"floor":28.0,"key":"ReplayFunnel"},{"floor":30,"key":"Chameleon Ring"},{"floor":32,"key":"Mummified Hand"},{"floor":40,"key":"theForsaken:HumbleEgg"},{"floor":42,"key":"Blood Vial"},{"floor":43,"key":"reliquary:WeakTea"},{"floor":44,"key":"Centennial Puzzle"},{"floor":47,"key":"Bag of Preparation"}],"event_choices":[{"cards_removed":["theForsaken:TheForsaken_Strike"],"damage_healed":0.0,"max_hp_gain":0.0,"max_hp_loss":0.0,"gold_gain":0.0,"event_name":"Purifier","player_choice":"Purged","floor":2.0,"gold_loss":0.0,"damage_taken":0.0},{"damage_healed":0.0,"max_hp_gain":0.0,"max_hp_loss":0.0,"gold_gain":0.0,"event_name":"Ghosts","player_choice":"Ignored","floor":20.0,"gold_loss":0.0,"damage_taken":0.0},{"damage_healed":0.0,"max_hp_gain":5.0,"max_hp_loss":0.0,"gold_gain":0.0,"event_name":"Forgotten Altar","player_choice":"Shed Blood","floor":21.0,"gold_loss":0.0,"damage_taken":16.0},{"damage_healed":0,"gold_gain":0,"player_choice":"Memory 3","damage_taken":10,"max_hp_gain":0,"max_hp_loss":0,"event_name":"SensoryStone","floor":36,"gold_loss":0}],"is_beta":false,"boss_relics":[{"not_picked":["Busted Crown","Fusion Hammer"],"picked":"Replay:Ancient Bell"},{"not_picked":["Happy Flower","infinitespire:PuzzleCube"],"picked":"ReplayTheSpireMod:TigerMarble"},{"not_picked":["Meat on the Bone","GiantMaggot"],"picked":"Shuriken"},{"not_picked":["Gambling Chip","Incense Burner"],"picked":"FossilizedHelix"},{"not_picked":["Philosopher\u0027s Stone","Cursed Key"],"picked":"SlaversCollar"}],"items_purged_floors":[0,0,27,38],"is_endless":false,"potions_floor_spawned":[3,4,7,11,14,18,29,30,35,39,40,47],"ascension_level":8}}