{"host":"mnpd8gh7cwxsn5kh","time":1611959052,"event":{"mods":["BaseMod","Bestiary","Block Reminder","Colored Map","Colored Powertips","Highlight Path","Minty Spire (QoL Compilation)","Relic Sorter","Relic Stats"],"gold_per_floor":[110,110,75,0,18,18,51,51,76,107,125,137,169,169,169,290,290,310,225,225,225,243,276,276,276,324,343,376,253,276,295,295,421,421,441,455,518,199,212,212,545,545,568,586,586,26,46,64,64,64],"floor_reached":51,"language":"ENG","playtime":4278,"items_purged":["Strike_P"],"score":1081,"play_id":"48be793c-fc44-4ea3-904a-39a7658824df","local_time":"20210129232412","is_ascension_mode":true,"campfire_choices":[{"data":"Protect","floor":6,"key":"SMITH"},{"data":"Protect","floor":8,"key":"SMITH"},{"data":"ReachHeaven","floor":15,"key":"SMITH"},{"data":"LessonLearned","floor":24,"key":"SMITH"},{"data":"Protect","floor":32,"key":"SMITH"},{"floor":40,"key":"REST"},{"data":"Vigilance","floor":42,"key":"SMITH"},{"floor":45,"key":"REST"},{"data":"Fasting2","floor":49,"key":"SMITH"}],"circlet_count":0,"master_deck":["Strike_P+1","Strike_P+1","Strike_P+1","Defend_P+1","Defend_P","Defend_P","Defend_P+1","Eruption+1","Vigilance+1","Protect+1","Protect+1","BowlingBash","SashWhip","Tantrum","SashWhip+1","EmptyMind","CutThroughFate","ReachHeaven+1","LessonLearned+1","CutThroughFate+1","RitualDagger+1","Evaluate+1","ReachHeaven+1","FearNoEvil","ClearTheMind","Protect+1","FollowUp","ThirdEye","TalkToTheHand+1","WindmillStrike+1","DevaForm","Protect","CutThroughFate+1","FearNoEvil+1","Fasting2+1","Crescendo","Parasite","Indignation","Wallop"],"relics":["Snecko Eye","Art of War","Vajra","Bag of Preparation","Oddly Smooth Stone","Philosopher\u0027s Stone","Blood Vial","Mummified Hand","Juzu Bracelet","Bottled Lightning","Sozu","Turnip","Whetstone","Lantern","Ornamental Fan","Torii"],"acts_visited":["Exordium","TheCity","TheBeyond"],"potions_floor_usage":[7,16,22,23,23,23,31,33,33],"damage_taken":[{"damage":10,"enemies":"2 Louse","floor":1,"turns":3},{"damage":0,"enemies":"Small Slimes","floor":5,"turns":3},{"damage":0,"enemies":"Lagavulin","floor":7,"turns":3},{"damage":2,"enemies":"Gremlin Nob","floor":10,"turns":4},{"damage":0,"enemies":"Jaw Worm","floor":11,"turns":1},{"damage":0,"enemies":"Exordium Wildlife","floor":12,"turns":2},{"damage":0,"enemies":"Lagavulin","floor":13,"turns":3},{"damage":0,"enemies":"The Guardian","floor":16,"turns":4},{"damage":0,"enemies":"Spheric Guardian","floor":18,"turns":1},{"damage":0,"enemies":"Shell Parasite","floor":22,"turns":1},{"damage":0,"enemies":"Book of Stabbing","floor":23,"turns":2},{"damage":0,"enemies":"3 Cultists","floor":27,"turns":3},{"damage":13,"enemies":"Slavers","floor":28,"turns":4},{"damage":3,"enemies":"Centurion and Healer","floor":30,"turns":6},{"damage":0,"enemies":"Shelled Parasite and Fungi","floor":31,"turns":6},{"damage":17,"enemies":"Champ","floor":33,"turns":8},{"damage":0,"enemies":"3 Shapes","floor":35,"turns":2},{"damage":0,"enemies":"Orb Walker","floor":36,"turns":2},{"damage":29,"enemies":"Mind Bloom Boss Battle","floor":37,"turns":5},{"damage":0,"enemies":"Maw","floor":39,"turns":6},{"damage":24,"enemies":"Spire Growth","floor":44,"turns":5},{"damage":1,"enemies":"Writhing Mass","floor":47,"turns":5},{"damage":0,"enemies":"4 Shapes","floor":48,"turns":6},{"damage":9,"enemies":"Donu and Deca","floor":50,"turns":5}],"seed_played":"-5224969120780069758","potions_obtained":[{"floor":1,"key":"Strength Potion"},{"floor":5,"key":"SteroidPotion"},{"floor":12,"key":"Strength Potion"},{"floor":16,"key":"EntropicBrew"},{"floor":18,"key":"AttackPotion"},{"floor":23,"key":"Fire Potion"},{"floor":30,"key":"FearPotion"},{"floor":31,"key":"DistilledChaos"},{"floor":33,"key":"BlessingOfTheForge"}],"is_trial":false,"path_per_floor":["M","?","?","$","M","R","E","R","T","E","M","M","E","?","R","B",null,"M","?","?","?","M","E","R","?","T","M","E","$","M","M","R","B",null,"M","M","?","$","M","R","?","R","T","M","R","$","M","M","R","B",null],"character_chosen":"WATCHER","items_purchased":["Protect","BowlingBash","Protect","FollowUp","ThirdEye","Fasting2","Crescendo","Whetstone","Ornamental Fan","Torii"],"campfire_rested":2,"item_purchase_floors":[4,4,29,29,29,38,38,38,46,46],"current_hp_per_floor":[62,48,66,66,66,66,66,66,66,64,64,64,64,64,64,64,66,66,66,66,60,62,64,64,64,64,66,54,54,53,55,55,40,60,62,64,37,37,39,59,59,59,59,37,57,57,58,60,60,53],"gold":64,"neow_bonus":"BOSS_RELIC","is_daily":false,"chose_seed":false,"campfire_upgraded":7,"win_rate":0.0,"timestamp":1611959052,"path_taken":["M","?","?","?","?","R","E","R","T","E","M","M","E","?","R","BOSS","M","?","?","?","M","E","R","?","T","M","E","$","M","M","R","BOSS","M","M","?","$","M","R","?","R","T","M","R","$","M","M","R","BOSS"],"items_purchased_type":["Card","Card","Card","Card","Card","Card","Card","Relic","Relic","Relic"],"build_version":"2020-12-22","purchased_purges":1,"victory":true,"max_hp_per_floor":[72,72,72,72,72,72,72,72,72,72,72,72,72,67,67,67,67,67,67,67,67,67,67,67,67,67,67,67,67,67,67,67,67,67,67,67,67,67,67,67,67,67,67,67,67,67,67,67,67,67],"relic_stats":{"Torii":3,"counters":[24,90],"Bag of Preparation":[40],"Juzu Bracelet":0,"Whetstone":["SashWhip","Eruption"],"Blood Vial":29,"Sozu":3,"Mummified Hand":[20],"Ornamental Fan":[32],"Snecko Eye":[168,193,173,173],"Turnip":[3],"Art of War":[3],"obtain_stats":[{"Lantern":43,"Torii":46,"Golden Idol":14,"Vajra":9,"Oddly Smooth Stone":13,"Bag of Preparation":10,"Juzu Bracelet":26,"Whetstone":38,"Blood Vial":19,"Sozu":34,"Mummified Hand":23,"Ornamental Fan":46,"Snecko Eye":0,"Philosopher\u0027s Stone":17,"Turnip":37,"Art of War":7,"Bottled Lightning":28,"PureWater":0},{"Lantern":20,"Torii":21,"Golden Idol":7,"Vajra":3,"Oddly Smooth Stone":7,"Bag of Preparation":4,"Juzu Bracelet":11,"Whetstone":19,"Blood Vial":9,"Sozu":16,"Mummified Hand":11,"Ornamental Fan":21,"Snecko Eye":0,"Philosopher\u0027s Stone":8,"Turnip":19,"Art of War":3,"Bottled Lightning":13,"PureWater":0},{"Lantern":69,"Torii":74,"Golden Idol":19,"Vajra":9,"Oddly Smooth Stone":19,"Bag of Preparation":13,"Juzu Bracelet":27,"Whetstone":63,"Blood Vial":24,"Sozu":54,"Mummified Hand":27,"Ornamental Fan":74,"Snecko Eye":0,"Philosopher\u0027s Stone":23,"Turnip":63,"Art of War":9,"Bottled Lightning":34,"PureWater":0}]},"card_choices":[{"not_picked":["CarveReality","JustLucky"],"picked":"Protect","floor":1},{"not_picked":["Prostrate","BattleHymn"],"picked":"SashWhip","floor":5},{"not_picked":["JustLucky","Adaptation"],"picked":"Tantrum","floor":7},{"not_picked":["Brilliance","FlurryOfBlows"],"picked":"SashWhip","floor":10},{"not_picked":["FollowUp","EmptyBody"],"picked":"EmptyMind","floor":11},{"not_picked":["Evaluate","Nirvana"],"picked":"CutThroughFate","floor":12},{"not_picked":["Protect","FollowUp"],"picked":"ReachHeaven","floor":13},{"not_picked":["DeusExMachina","MasterReality"],"picked":"LessonLearned","floor":16},{"not_picked":["EmptyBody","Crescendo"],"picked":"CutThroughFate+1","floor":18},{"not_picked":["SignatureMove+1","Judgement"],"picked":"Evaluate+1","floor":22},{"not_picked":["CutThroughFate","FlyingSleeves"],"picked":"ReachHeaven","floor":23},{"not_picked":["FollowUp","BowlingBash+1"],"picked":"FearNoEvil","floor":27},{"not_picked":["PathToVictory","MentalFortress"],"picked":"ClearTheMind","floor":28},{"not_picked":["PathToVictory","LikeWater"],"picked":"TalkToTheHand+1","floor":30},{"not_picked":["Study+1","EmptyBody"],"picked":"WindmillStrike+1","floor":31},{"not_picked":["Brilliance","ConjureBlade"],"picked":"DevaForm","floor":33},{"not_picked":["SashWhip","EmptyBody+1"],"picked":"Protect","floor":35},{"not_picked":["Evaluate+1","CrushJoints"],"picked":"CutThroughFate+1","floor":36},{"not_picked":["BowlingBash","Prostrate+1"],"picked":"FearNoEvil+1","floor":37},{"not_picked":["JustLucky","Prostrate","FlurryOfBlows"],"picked":"SKIP","floor":39},{"not_picked":["FollowUp+1","SashWhip+1","Conclude"],"picked":"SKIP","floor":44},{"not_picked":["PathToVictory+1","LikeWater"],"picked":"Indignation","floor":47},{"not_picked":["BowlingBash+1","MasterReality"],"picked":"Wallop","floor":48}],"player_experience":191668,"relics_obtained":[{"floor":7,"key":"Art of War"},{"floor":9,"key":"Vajra"},{"floor":10,"key":"Bag of Preparation"},{"floor":13,"key":"Oddly Smooth Stone"},{"floor":23,"key":"Mummified Hand"},{"floor":26,"key":"Juzu Bracelet"},{"floor":28,"key":"Bottled Lightning"},{"floor":37,"key":"Turnip"},{"floor":43,"key":"Lantern"}],"event_choices":[{"damage_healed":0,"gold_gain":0,"player_choice":"Entered Light","damage_taken":14,"max_hp_gain":0,"max_hp_loss":0,"event_name":"Shining Light","floor":2,"gold_loss":0,"cards_upgraded":["Strike_P","Defend_P"]},{"damage_healed":18,"gold_gain":0,"player_choice":"Healed","damage_taken":0,"max_hp_gain":0,"max_hp_loss":0,"event_name":"The Cleric","floor":3,"gold_loss":35},{"damage_healed":0,"gold_gain":0,"player_choice":"Lose Max HP","damage_taken":0,"relics_obtained":["Golden Idol"],"max_hp_gain":0,"max_hp_loss":5,"event_name":"Golden Idol","floor":14,"gold_loss":0},{"damage_healed":0,"gold_gain":0,"player_choice":"Obtained Relic","damage_taken":0,"relics_obtained":["Blood Vial"],"max_hp_gain":0,"max_hp_loss":0,"event_name":"Addict","floor":19,"gold_loss":85},{"damage_healed":0,"gold_gain":0,"player_choice":"Ignored","damage_taken":0,"max_hp_gain":0,"max_hp_loss":0,"event_name":"Cursed Tome","floor":20,"gold_loss":0},{"damage_healed":0,"gold_gain":0,"player_choice":"Joined the Cult","damage_taken":6,"max_hp_gain":0,"max_hp_loss":0,"event_name":"Nest","floor":21,"gold_loss":0,"cards_obtained":["RitualDagger"]},{"damage_healed":0,"gold_gain":0,"player_choice":"Ignored","damage_taken":0,"max_hp_gain":0,"max_hp_loss":0,"event_name":"Beggar","floor":25,"gold_loss":0},{"damage_healed":0,"gold_gain":0,"player_choice":"Fight","damage_taken":0,"max_hp_gain":0,"max_hp_loss":0,"event_name":"MindBloom","floor":37,"gold_loss":0},{"damage_healed":0,"gold_gain":333,"player_choice":"Gave Idol","damage_taken":0,"max_hp_gain":0,"max_hp_loss":0,"event_name":"The Moai Head","floor":41,"relics_lost":["Golden Idol"],"gold_loss":0}],"is_beta":false,"boss_relics":[{"not_picked":["Empty Cage","SlaversCollar"],"picked":"Philosopher\u0027s Stone"},{"not_picked":["Pandora\u0027s Box","VioletLotus"],"picked":"Sozu"}],"items_purged_floors":[38],"is_endless":false,"potions_floor_spawned":[1,5,12,16,18,23,30,31,33,35,36,47],"ascension_level":5}}