{"host":"q0qnzbgdx8oqogg9","time":1611938061,"event":{"mods":["BaseMod","Minty Spire (QoL Compilation)","StSLib"],"gold_per_floor":[115,133,153,228,246,246,246,281,281,324,324,65,65,83,83,177,177,168,184,259,9,27,66,80,80,80,100,100,121,46,62,62,151,151,164,179,192,192,26,64,0,16,86,86,86,86],"floor_reached":45,"language":"ENG","playtime":2312,"items_purged":["Strike_G","Strike_G"],"score":787,"play_id":"28077748-8ef7-4e03-ac54-1082454b1c6f","local_time":"20210129113421","is_ascension_mode":true,"campfire_choices":[{"data":"Dash","floor":6.0,"key":"SMITH"},{"data":"Neutralize","floor":11.0,"key":"SMITH"},{"data":"Apotheosis","floor":13.0,"key":"SMITH"},{"floor":15.0,"key":"REST"},{"data":"Dodge and Roll","floor":25.0,"key":"SMITH"},{"floor":32,"key":"REST"},{"floor":44,"key":"REST"}],"circlet_count":0,"master_deck":["AscendersBane","Strike_G","Defend_G","Defend_G","Defend_G","Defend_G","Defend_G","Survivor","Neutralize+1","Infinite Blades","Slice","Caltrops","Dash+1","PiercingWail","Blade Dance","Dodge and Roll+1","Apotheosis+1","Envenom","Blur","Backflip","Blade Dance","Well Laid Plans","Sucker Punch","Leg Sweep","Bouncing Flask","Malaise","Blade Dance+1","Choke","The Bomb","Flechettes","Pain"],"relics":["Ring of the Snake","Golden Idol","Art of War","Sundial","Bottled Flame","Cursed Key","Lee\u0027s Waffle","Torii","Empty Cage","Smiling Mask","Red Mask","Kunai"],"acts_visited":["Exordium","TheCity","TheBeyond"],"potions_floor_usage":[29,29,33,35,37,40],"damage_taken":[{"damage":6.0,"enemies":"Small Slimes","floor":1.0,"turns":4.0},{"damage":0.0,"enemies":"2 Louse","floor":2.0,"turns":4.0},{"damage":1.0,"enemies":"Cultist","floor":3.0,"turns":4.0},{"damage":2.0,"enemies":"Looter","floor":5.0,"turns":4.0},{"damage":22.0,"enemies":"3 Sentries","floor":8.0,"turns":9.0},{"damage":16.0,"enemies":"Gremlin Nob","floor":10.0,"turns":4.0},{"damage":6.0,"enemies":"Lots of Slimes","floor":14.0,"turns":4.0},{"damage":20.0,"enemies":"Slime Boss","floor":16.0,"turns":13.0},{"damage":0.0,"enemies":"2 Thieves","floor":18.0,"turns":4.0},{"damage":4.0,"enemies":"Chosen","floor":19.0,"turns":6.0},{"damage":6.0,"enemies":"Centurion and Healer","floor":22.0,"turns":7.0},{"damage":5.0,"enemies":"Book of Stabbing","floor":23.0,"turns":6.0},{"damage":9.0,"enemies":"Chosen and Byrds","floor":24.0,"turns":5.0},{"damage":33.0,"enemies":"Cultist and Chosen","floor":27.0,"turns":9.0},{"damage":0,"enemies":"3 Cultists","floor":29,"turns":3},{"damage":1,"enemies":"Centurion and Healer","floor":31,"turns":8},{"damage":23,"enemies":"Collector","floor":33,"turns":19},{"damage":10,"enemies":"Orb Walker","floor":35,"turns":5},{"damage":3,"enemies":"3 Darklings","floor":36,"turns":7},{"damage":37,"enemies":"4 Shapes","floor":37,"turns":12},{"damage":53,"enemies":"Reptomancer","floor":40,"turns":8},{"damage":3,"enemies":"Writhing Mass","floor":42,"turns":10},{"damage":28,"enemies":"3 Darklings","floor":45,"turns":2}],"seed_played":"3303120813084032935","potions_obtained":[{"floor":5.0,"key":"Regen Potion"},{"floor":10.0,"key":"ColorlessPotion"},{"floor":14.0,"key":"Energy Potion"},{"floor":16.0,"key":"CunningPotion"},{"floor":22.0,"key":"Weak Potion"},{"floor":27.0,"key":"EntropicBrew"},{"floor":33,"key":"Swift Potion"},{"floor":35,"key":"LiquidBronze"},{"floor":36,"key":"LiquidBronze"}],"is_trial":false,"path_per_floor":["M","M","M","?","M","R","?","E","T","E","R","$","R","M","R","B",null,"M","M","?","$","M","E","M","R","T","M","?","M","$","M","R","B",null,"M","M","M","?","$","E","?","M","T","R","M"],"character_chosen":"THE_SILENT","items_purchased":["Apotheosis","Lee\u0027s Waffle","Bouncing Flask","The Bomb"],"campfire_rested":3,"item_purchase_floors":[12,21,30,39],"current_hp_per_floor":[57,57,56,45,43,43,43,36,36,20,20,20,20,14,33,13,52,52,48,42,72,66,61,52,52,52,19,12,12,12,11,32,9,56,46,43,6,63,63,10,10,7,7,25,0,0],"gold":86,"neow_bonus":"THREE_CARDS","is_daily":false,"chose_seed":false,"campfire_upgraded":4,"win_rate":0.0,"timestamp":1611938061,"path_taken":["M","M","M","?","M","R","?","E","T","E","R","$","R","M","R","BOSS","M","M","?","$","M","E","M","R","T","?","?","M","$","?","R","BOSS","M","M","M","?","$","E","?","M","T","R","M"],"items_purchased_type":["Card","Relic","Card","Card"],"build_version":"2020-12-22","purchased_purges":2,"victory":false,"max_hp_per_floor":[70,70,70,70,70,70,65,65,65,65,65,65,65,65,65,65,65,65,65,65,72,72,72,72,72,72,72,72,72,72,72,72,72,72,72,72,72,63,63,63,63,63,63,63,63,63],"card_choices":[{"not_picked":["Quick Slash","Concentrate"],"picked":"Infinite Blades","floor":0.0},{"not_picked":["Prepared","Backflip"],"picked":"Slice","floor":1.0},{"not_picked":["Concentrate","Catalyst"],"picked":"Caltrops","floor":2.0},{"not_picked":["Crippling Poison","Tactician"],"picked":"Dash","floor":3.0},{"not_picked":["Sucker Punch","Phantasmal Killer"],"picked":"PiercingWail","floor":5.0},{"not_picked":["Backflip","Calculated Gamble"],"picked":"Blade Dance","floor":8.0},{"not_picked":["Eviscerate","Dagger Spray"],"picked":"Dodge and Roll","floor":10.0},{"not_picked":["Underhanded Strike","Concentrate","Bane"],"picked":"SKIP","floor":14.0},{"not_picked":["Unload","Night Terror"],"picked":"Envenom","floor":16.0},{"not_picked":["Expertise","Cloak And Dagger"],"picked":"Blur","floor":18.0},{"not_picked":["Dodge and Roll","Distraction","Flying Knee"],"picked":"SKIP","floor":19.0},{"not_picked":["Bane","Dagger Throw"],"picked":"Backflip","floor":22.0},{"not_picked":["Catalyst","Doppelganger"],"picked":"Blade Dance","floor":23.0},{"not_picked":["Acrobatics","Poisoned Stab"],"picked":"Well Laid Plans","floor":24.0},{"not_picked":["Underhanded Strike+1","Slice"],"picked":"Sucker Punch","floor":27.0},{"not_picked":["Sucker Punch","Bane"],"picked":"Leg Sweep","floor":29},{"not_picked":["Backstab+1","Dagger Throw","Infinite Blades"],"picked":"SKIP","floor":31},{"not_picked":["Tools of the Trade","Venomology"],"picked":"Malaise","floor":33},{"not_picked":["Slice","Tactician"],"picked":"Blade Dance+1","floor":35},{"not_picked":["Acrobatics","Outmaneuver","Poisoned Stab+1"],"picked":"SKIP","floor":36},{"not_picked":["Outmaneuver","Acrobatics+1"],"picked":"Choke","floor":37},{"not_picked":["Skewer+1","Dodge and Roll"],"picked":"Flechettes","floor":40},{"not_picked":["Deadly Poison","Sucker Punch","Outmaneuver+1"],"picked":"SKIP","floor":42}],"player_experience":312857,"relics_obtained":[{"floor":8.0,"key":"Art of War"},{"floor":9.0,"key":"Sundial"},{"floor":10.0,"key":"Bottled Flame"},{"floor":23.0,"key":"Torii"},{"floor":40,"key":"Smiling Mask"},{"floor":43,"key":"Kunai"}],"event_choices":[{"damage_healed":0.0,"max_hp_gain":0.0,"max_hp_loss":0.0,"gold_gain":75.0,"event_name":"World of Goop","player_choice":"Gather Gold","floor":4.0,"gold_loss":0.0,"damage_taken":11.0},{"damage_healed":0.0,"max_hp_gain":0.0,"max_hp_loss":5.0,"gold_gain":0.0,"event_name":"Golden Idol","player_choice":"Lose Max HP","floor":7.0,"gold_loss":0.0,"damage_taken":0.0,"relics_obtained":["Golden Idol"]},{"damage_healed":0.0,"max_hp_gain":0.0,"max_hp_loss":0.0,"gold_gain":75.0,"event_name":"FaceTrader","player_choice":"Touch","floor":20.0,"gold_loss":0.0,"damage_taken":6.0},{"damage_healed":0.0,"max_hp_gain":0.0,"max_hp_loss":0.0,"gold_gain":0.0,"event_name":"Wheel of Change","player_choice":"Damaged","floor":28.0,"gold_loss":0.0,"damage_taken":7.0},{"damage_healed":63,"gold_gain":0,"player_choice":"Heal","damage_taken":0,"max_hp_gain":0,"max_hp_loss":9,"event_name":"The Moai Head","floor":38,"gold_loss":0},{"damage_healed":0,"gold_gain":0,"player_choice":"Paid","damage_taken":0,"relics_obtained":["Red Mask"],"max_hp_gain":0,"max_hp_loss":0,"event_name":"Tomb of Lord Red Mask","floor":41,"gold_loss":64}],"is_beta":false,"boss_relics":[{"not_picked":["Tiny House","Velvet Choker"],"picked":"Cursed Key"},{"not_picked":["Sozu","Coffee Dripper"],"picked":"Empty Cage"}],"items_purged_floors":[12,21],"is_endless":false,"potions_floor_spawned":[5,10,14,16,22,27,33,35,36],"killed_by":"3 Darklings","ascension_level":13}}