{"host":"oehe2dxjvdgux73m","time":1611933500,"event":{"mods":["AchievementEnabler","BaseMod","Colored Map","Colored Powertips","DeckTracker","Keyboard Shortcuts","Minty Spire (QoL Compilation)","Permanent Neow","Quick Restart","StSLib","SuperFastMode"],"gold_per_floor":[113,132,152,163,238,238,238,288,370,401,417,429,441,458,458,529,529,539,454,472,321,5,5,32,48,48,48,48],"floor_reached":27,"language":"KOR","playtime":1084,"items_purged":["Strike_G","Strike_G"],"score":474,"play_id":"710b7a46-2f90-40a2-bf5f-c10d9e63b17c","local_time":"20210130001820","is_ascension_mode":true,"campfire_choices":[{"data":"Glass Knife","floor":6.0,"key":"SMITH"},{"floor":15.0,"key":"REST"},{"data":"Bullet Time","floor":23.0,"key":"SMITH"}],"circlet_count":0,"master_deck":["AscendersBane","Strike_G","Strike_G","Strike_G","Defend_G","Defend_G","Defend_G","Defend_G","Defend_G","Survivor","Neutralize","Glass Knife+1","Acrobatics","Noxious Fumes","Underhanded Strike","Bullet Time+1","Backflip","Die Die Die","Burst","Tactician","Concentrate","Well Laid Plans","Prepared","Dagger Throw"],"relics":["Ring of the Snake","Happy Flower","Gremlin Horn","Toy Ornithopter","SacredBark","Blood Vial","Pantograph","Juzu Bracelet"],"acts_visited":["Exordium","TheCity"],"potions_floor_usage":[27],"damage_taken":[{"damage":4.0,"enemies":"Jaw Worm","floor":1.0,"turns":6.0},{"damage":4.0,"enemies":"Small Slimes","floor":2.0,"turns":4.0},{"damage":0.0,"enemies":"Cultist","floor":3.0,"turns":3.0},{"damage":5.0,"enemies":"Blue Slaver","floor":4.0,"turns":3.0},{"damage":2.0,"enemies":"3 Sentries","floor":10.0,"turns":7.0},{"damage":8.0,"enemies":"Exordium Thugs","floor":11.0,"turns":4.0},{"damage":0.0,"enemies":"2 Fungi Beasts","floor":12.0,"turns":2.0},{"damage":0.0,"enemies":"3 Louse","floor":13.0,"turns":3.0},{"damage":0.0,"enemies":"Exordium Wildlife","floor":14.0,"turns":2.0},{"damage":36.0,"enemies":"Hexaghost","floor":16.0,"turns":9.0},{"damage":1.0,"enemies":"Spheric Guardian","floor":18.0,"turns":3.0},{"damage":26.0,"enemies":"3 Byrds","floor":20.0,"turns":6.0},{"damage":18.0,"enemies":"Gremlin Leader","floor":24.0,"turns":5.0},{"damage":17.0,"enemies":"3 Cultists","floor":25.0,"turns":6.0},{"damage":28,"enemies":"Slavers","floor":27,"turns":4}],"seed_played":"9222062458947871628","potions_obtained":[{"floor":2.0,"key":"CunningPotion"},{"floor":4.0,"key":"SkillPotion"},{"floor":10.0,"key":"Poison Potion"},{"floor":14.0,"key":"PowerPotion"},{"floor":16.0,"key":"AttackPotion"},{"floor":18.0,"key":"FearPotion"},{"floor":25.0,"key":"Energy Potion"}],"is_trial":false,"path_per_floor":["M","M","M","M","?","R","?","?","T","E","M","M","M","M","R","B",null,"M","?","M","$","$","R","E","M","T","E"],"character_chosen":"THE_SILENT","items_purchased":["Concentrate","SteroidPotion","CunningPotion","Well Laid Plans"],"campfire_rested":1,"item_purchase_floors":[21,22,22,22],"current_hp_per_floor":[40,36,36,31,20,20,20,20,20,18,15,15,15,15,34,3,50,54,54,35,35,35,35,29,14,14,0,0],"gold":48,"neow_bonus":"THREE_RARE_CARDS","is_daily":false,"chose_seed":false,"campfire_upgraded":2,"win_rate":0.0,"timestamp":1611933500,"path_taken":["M","M","M","M","?","R","?","?","T","E","M","M","?","M","R","BOSS","M","?","M","?","$","R","E","M","T","E"],"items_purchased_type":["Card","Potion","Potion","Card"],"build_version":"2020-12-22","purchased_purges":2,"victory":false,"max_hp_per_floor":[66,66,66,66,66,66,66,66,66,66,66,66,66,66,66,66,66,66,66,66,66,66,66,66,66,66,66,66],"card_choices":[{"not_picked":["Envenom","Tools of the Trade"],"picked":"Glass Knife","floor":0.0},{"not_picked":["Blade Dance","Prepared"],"picked":"Acrobatics","floor":1.0},{"not_picked":["Deadly Poison","Prepared","Acrobatics"],"picked":"SKIP","floor":2.0},{"not_picked":["Quick Slash","Deadly Poison"],"picked":"Noxious Fumes","floor":3.0},{"not_picked":["Deadly Poison","Flying Knee"],"picked":"Underhanded Strike","floor":4.0},{"not_picked":["Dagger Spray","Quick Slash","All Out Attack"],"picked":"SKIP","floor":10.0},{"not_picked":["Poisoned Stab","Eviscerate"],"picked":"Bullet Time","floor":11.0},{"not_picked":["Underhanded Strike","Outmaneuver"],"picked":"Backflip","floor":12.0},{"not_picked":["Quick Slash","Dodge and Roll","Caltrops"],"picked":"SKIP","floor":13.0},{"not_picked":["Underhanded Strike","Bane"],"picked":"Die Die Die","floor":14.0},{"not_picked":["Bullet Time","Envenom"],"picked":"Burst","floor":16.0},{"not_picked":["Eviscerate","Riddle With Holes"],"picked":"Tactician","floor":18.0},{"not_picked":["Dodge and Roll","Blade Dance","Sucker Punch"],"picked":"SKIP","floor":20.0},{"not_picked":["Dagger Spray","Acrobatics"],"picked":"Prepared","floor":24.0},{"not_picked":["Bane+1","Finisher"],"picked":"Dagger Throw","floor":25.0}],"player_experience":324545,"relics_obtained":[{"floor":9.0,"key":"Gremlin Horn"},{"floor":10.0,"key":"Toy Ornithopter"},{"floor":24.0,"key":"Pantograph"},{"floor":26.0,"key":"Juzu Bracelet"}],"event_choices":[{"damage_healed":0.0,"max_hp_gain":0.0,"max_hp_loss":0.0,"gold_gain":75.0,"event_name":"World of Goop","player_choice":"Gather Gold","floor":5.0,"gold_loss":0.0,"damage_taken":11.0},{"damage_healed":0.0,"max_hp_gain":0.0,"max_hp_loss":0.0,"gold_gain":0.0,"event_name":"Dead Adventurer","player_choice":"Searched \u00272\u0027 times","floor":7.0,"gold_loss":0.0,"damage_taken":0.0,"relics_obtained":["Happy Flower"]},{"damage_healed":0.0,"max_hp_gain":0.0,"max_hp_loss":0.0,"gold_gain":50.0,"event_name":"Golden Shrine","player_choice":"Pray","floor":8.0,"gold_loss":0.0,"damage_taken":0.0},{"damage_healed":0.0,"max_hp_gain":0.0,"max_hp_loss":0.0,"gold_gain":0.0,"event_name":"Addict","player_choice":"Obtained Relic","floor":19.0,"gold_loss":85.0,"damage_taken":0.0,"relics_obtained":["Blood Vial"]}],"is_beta":false,"boss_relics":[{"not_picked":["Tiny House","Black Star"],"picked":"SacredBark"}],"items_purged_floors":[21,22],"is_endless":false,"potions_floor_spawned":[2,4,10,14,16,18,25],"killed_by":"Slavers","ascension_level":20}}