{"host":"oz4ht6ec7xzo36kd","time":1611917390,"event":{"mods":["Act Like it!","BaseMod","Friendly Minions","Marisa¡]Ãú«B¡@Å]²z¨F¡^","Minty Spire (QoL Compilation)","Remilia¡]Á¢¦Ì²ú?¡^","StSLib","The Marked","The Servant 0.9.4","WarShipGirlsR/??¤Ö¤kR mod","Youmu¡]»î¾z§¯?¡^"],"gold_per_floor":[115,115,40,5,5,34,34,48,48,73,73,73,73,105,105,202,202,213,233,233,244,267,285,285,300,324,53,53,53,53,63,63,63,63],"floor_reached":33,"language":"ZHT","playtime":1013,"items_purged":["Decay"],"score":286,"play_id":"28df2927-3686-4b0b-a2a7-282290f2b115","local_time":"20210129184950","is_ascension_mode":false,"campfire_choices":[{"floor":7,"key":"RECALL"},{"floor":13,"key":"REST"},{"floor":15,"key":"REST"},{"floor":24,"key":"REST"},{"floor":32,"key":"REST"}],"circlet_count":0,"master_deck":["theMarked:Strike","theMarked:Strike","theMarked:Strike","theMarked:Strike","theMarked:Strike","theMarked:Defend","theMarked:Defend","theMarked:Defend","theMarked:SoldierOfQuellstein","Apotheosis+1","theMarked:ShockingTouch","theMarked:Indomitable","theMarked:OneWithTheBlade","theMarked:Defy","theMarked:ThrowWeapon","theMarked:HeightenedSenses","theMarked:TakeOffHeels","theMarked:ChainLightning","theMarked:CreepingChasm+1","theMarked:WardOff"],"relics":["theMarked:ArtifactOfAir","The Courier","Juzu Bracelet","White Beast Statue","Busted Crown","Eternal Feather","Dream Catcher","Pen Nib","Membership Card","StrikeDummy","Oddly Smooth Stone","Dead Branch"],"acts_visited":["Exordium","TheCity"],"potions_floor_usage":[18,19,23,25,33,33,33],"damage_taken":[{"damage":2,"enemies":"Small Slimes","floor":1,"turns":4},{"damage":21,"enemies":"3 Sentries","floor":6,"turns":7},{"damage":6,"enemies":"Cultist","floor":8,"turns":3},{"damage":0,"enemies":"Lagavulin","floor":10,"turns":4},{"damage":14,"enemies":"Gremlin Nob","floor":14,"turns":3},{"damage":33,"enemies":"Hexaghost","floor":16,"turns":7},{"damage":10,"enemies":"Shell Parasite","floor":18,"turns":3},{"damage":2,"enemies":"3 Byrds","floor":19,"turns":3},{"damage":24,"enemies":"Shelled Parasite and Fungi","floor":21,"turns":4},{"damage":14,"enemies":"Centurion and Healer","floor":23,"turns":3},{"damage":0,"enemies":"Snecko","floor":25,"turns":2},{"damage":5,"enemies":"Chosen and Byrds","floor":31,"turns":3},{"damage":94,"enemies":"Automaton","floor":33,"turns":6}],"seed_played":"6581343188687538226","potions_obtained":[{"floor":1,"key":"Weak Potion"},{"floor":6,"key":"Explosive Potion"},{"floor":14,"key":"AttackPotion"},{"floor":16,"key":"Strength Potion"},{"floor":18,"key":"FairyPotion"},{"floor":19,"key":"Fire Potion"},{"floor":21,"key":"CultistPotion"},{"floor":23,"key":"AttackPotion"},{"floor":25,"key":"PowerPotion"},{"floor":31,"key":"Weak Potion"}],"is_trial":false,"path_per_floor":["M","?","$","?","?","E","R","M","T","E","?","?","R","E","R","B",null,"M","M","?","M","T","M","R","M","T","$","?","?","?","M","R","B"],"character_chosen":"THE_DEFAULT","items_purchased":["Membership Card","StrikeDummy","Oddly Smooth Stone"],"campfire_rested":4,"item_purchase_floors":[27,27,27],"current_hp_per_floor":[47,47,47,64,64,43,43,37,37,37,37,37,58,44,65,32,70,60,58,58,34,34,20,53,53,53,53,53,53,58,53,70,0,0],"gold":63,"neow_bonus":"RANDOM_COLORLESS_2","is_daily":false,"chose_seed":false,"campfire_upgraded":0,"win_rate":0.0,"timestamp":1611917390,"path_taken":["M","?","?","?","?","E","R","?","T","E","?","?","R","E","R","BOSS","M","M","?","M","?","M","R","M","T","?","?","?","?","M","R","BOSS"],"items_purchased_type":["Relic","Relic","Relic"],"build_version":"2020-12-22","purchased_purges":1,"victory":false,"max_hp_per_floor":[70,70,70,70,70,70,70,70,70,70,70,70,70,70,70,70,70,70,70,70,70,70,70,70,70,70,70,70,70,70,70,70,70,70],"card_choices":[{"not_picked":["Panache","Master of Strategy"],"picked":"Apotheosis","floor":0},{"not_picked":["theMarked:Parkour","theMarked:TakeCover"],"picked":"theMarked:ShockingTouch","floor":1},{"not_picked":["theMarked:ChainLightning","theMarked:RepellingDischarge"],"picked":"theMarked:Indomitable","floor":6},{"not_picked":["theMarked:Parkour","theMarked:Convert"],"picked":"theMarked:OneWithTheBlade","floor":8},{"not_picked":["theMarked:SwordAndMagic","theMarked:EnhanceMovement"],"picked":"theMarked:Defy","floor":10},{"not_picked":["theMarked:Convert","theMarked:TakeCover"],"picked":"theMarked:HeightenedSenses","floor":14},{"not_picked":["theMarked:Toughness","theMarked:DispelDoubt"],"picked":"theMarked:TakeOffHeels","floor":16},{"not_picked":[],"picked":"theMarked:ChainLightning","floor":18},{"not_picked":["theMarked:HeightenedSenses"],"picked":"SKIP","floor":19},{"not_picked":["theMarked:Electrify"],"picked":"SKIP","floor":21},{"not_picked":["theMarked:TheMission"],"picked":"SKIP","floor":23},{"not_picked":["theMarked:WastefulAttack"],"picked":"SKIP","floor":25},{"not_picked":[],"picked":"theMarked:CreepingChasm+1","floor":31},{"not_picked":[],"picked":"theMarked:WardOff","floor":32}],"player_experience":415656,"relics_obtained":[{"floor":6,"key":"The Courier"},{"floor":10,"key":"Juzu Bracelet"},{"floor":14,"key":"White Beast Statue"},{"floor":22,"key":"Dream Catcher"},{"floor":26,"key":"Pen Nib"}],"event_choices":[{"damage_healed":0,"gold_gain":0,"player_choice":"Cursed","damage_taken":0,"max_hp_gain":0,"max_hp_loss":0,"event_name":"Wheel of Change","floor":2,"gold_loss":0,"cards_obtained":["Decay"]},{"damage_healed":17,"gold_gain":0,"player_choice":"Healed","damage_taken":0,"max_hp_gain":0,"max_hp_loss":0,"event_name":"The Cleric","floor":4,"gold_loss":35},{"damage_healed":0,"gold_gain":0,"player_choice":"1 cards matched","damage_taken":0,"max_hp_gain":0,"max_hp_loss":0,"event_name":"Match and Keep!","floor":5,"gold_loss":0,"cards_obtained":["theMarked:SoldierOfQuellstein"]},{"damage_healed":0,"gold_gain":0,"cards_transformed":["theMarked:Defend"],"player_choice":"Transformed","damage_taken":0,"max_hp_gain":0,"max_hp_loss":0,"event_name":"Transmorgrifier","floor":11,"gold_loss":0,"cards_obtained":["theMarked:ThrowWeapon"]},{"damage_healed":0,"gold_gain":0,"player_choice":"Upgraded","damage_taken":0,"max_hp_gain":0,"max_hp_loss":0,"event_name":"Upgrade Shrine","floor":12,"gold_loss":0,"cards_upgraded":["Apotheosis"]},{"damage_healed":0,"gold_gain":0,"player_choice":"Stole Relic","damage_taken":0,"relics_obtained":["Eternal Feather"],"max_hp_gain":0,"max_hp_loss":0,"event_name":"Addict","floor":20,"gold_loss":0,"cards_obtained":["Shame"]},{"damage_healed":0,"gold_gain":0,"player_choice":"Gave Potion","damage_taken":0,"relics_obtained":["Dead Branch"],"max_hp_gain":0,"max_hp_loss":0,"event_name":"WeMeetAgain","floor":29,"gold_loss":0},{"cards_removed":["Envy_TH"],"damage_healed":5,"gold_gain":0,"player_choice":"Offered Special","damage_taken":0,"max_hp_gain":0,"max_hp_loss":0,"event_name":"Bonfire Elementals","floor":30,"gold_loss":0}],"is_beta":false,"boss_relics":[{"not_picked":["Runic Dome","Sozu"],"picked":"Busted Crown"}],"items_purged_floors":[3],"is_endless":false,"potions_floor_spawned":[1,6,14,16,18,19,21,23,25,31],"killed_by":"Automaton","ascension_level":0}}