{"host":"r20plk0ye00cesdc","time":1611914068,"event":{"mods":["BaseMod","Better Third Choice","Colored Powertips","Downfall","GifTheSpireLib","Minty Spire (QoL Compilation)","Quick Restart","StSLib"],"gold_per_floor":[99,110,23,35,20,51,130,140,159,172,172,199,212,246,265,370,370,270,281,298,383,393,393,416,316,334,334,334,334,334],"floor_reached":28,"language":"ENG","playtime":1631,"items_purged":[],"score":292,"play_id":"4483440e-3608-4d15-8fac-126d9347770e","local_time":"20210129045428","is_ascension_mode":false,"campfire_choices":[{"data":"Slimebound:CorrosiveSpit","floor":1,"key":"SMITH"},{"data":"Slimebound:DouseInSlime","floor":18,"key":"SMITH"},{"data":"Judgement","floor":25,"key":"SMITH"},{"data":"Slimebound:LivingWall","floor":27,"key":"SMITH"}],"circlet_count":0,"master_deck":["Slimebound:Tackle","Slimebound:Split","Slimebound:CorrosiveSpit+1","Slimebound:SplitMire","Slimebound:SplitLeeching","Slimebound:AcidTongue","Slimebound:RainOfGoop","Slimebound:ViciousTackle","Slimebound:RejuvenatingLick","Slimebound:HauntingLick","Judgement+1","Slimebound:Repurpose","Slimebound:GoopSpray","Slimebound:LivingWall+1","Slimebound:DouseInSlime+1","Slimebound:SplitAcid","Slimebound:SlimeTap","Slimebound:GrowthPunch","Slimebound:MegaLick","Slimebound:LeechingTouch","Slimebound:LivingWall","Slimebound:PressTheAttack","Slimebound:Gluttony+1","Slimebound:RainOfGoop+1","Slimebound:LevelUp+1","Slimebound:Repurpose","Slimebound:SplitBruiser"],"relics":["Slimebound:AbsorbEndCombat","PreservedInsect","Question Card","Omamori","Frozen Egg 2","Pandora\u0027s Box","downfall:HeartBlessingGreen","downfall:HeartBlessingBlue"],"acts_visited":["Exordium","TheCity"],"potions_floor_usage":[3,14,16],"damage_taken":[{"damage":7,"enemies":"Cultist","floor":2,"turns":3},{"damage":26,"enemies":"downfall:FleeingMerchant","floor":3,"turns":4},{"damage":0,"enemies":"2 Louse","floor":4,"turns":3},{"damage":15,"enemies":"downfall:FleeingMerchant","floor":5,"turns":4},{"damage":5,"enemies":"Gremlin Nob","floor":6,"turns":3},{"damage":5,"enemies":"Jaw Worm","floor":8,"turns":2},{"damage":2,"enemies":"3 Louse","floor":9,"turns":3},{"damage":4,"enemies":"Red Slaver","floor":10,"turns":3},{"damage":12,"enemies":"3 Sentries","floor":12,"turns":4},{"damage":9,"enemies":"Gremlin Gang","floor":13,"turns":4},{"damage":3,"enemies":"Gremlin Nob","floor":14,"turns":2},{"damage":22,"enemies":"Large Slime","floor":15,"turns":3},{"damage":16,"enemies":"SI_SHIV_ARCHETYPE","floor":16,"turns":6},{"damage":0,"enemies":"Spheric Guardian","floor":19,"turns":1},{"damage":3,"enemies":"3 Byrds","floor":20,"turns":4},{"damage":18,"enemies":"Centurion and Healer","floor":22,"turns":6},{"damage":12,"enemies":"Snake Plant","floor":26,"turns":3},{"damage":49,"enemies":"Gremlin Leader","floor":28,"turns":5}],"seed_played":"6928550032344290509","potions_obtained":[{"floor":2,"key":"PowerPotion"},{"floor":8,"key":"Strength Potion"},{"floor":9,"key":"Guardian:BlockOnCardUsePotion"},{"floor":10,"key":"Swift Potion"},{"floor":15,"key":"ColorlessPotion"},{"floor":19,"key":"FearPotion"}],"is_trial":false,"path_per_floor":["R","M","$","M","$","E","T","M","M","M","?","E","M","E","M","B",null,"R","M","M","?","M","?","T","R","M","R","E"],"character_chosen":"SLIMEBOUND","items_purchased":["Slimebound:AcidTongue"],"campfire_rested":0,"item_purchase_floors":[3],"current_hp_per_floor":[71,68,63,63,54,55,55,52,56,54,54,48,43,44,26,16,71,71,71,71,59,47,47,47,57,47,47,0,0,0],"gold":334,"neow_bonus":"TEN_PERCENT_HP_BONUS","is_daily":false,"chose_seed":false,"campfire_upgraded":4,"win_rate":0.0,"timestamp":1611914068,"path_taken":["R","M","$","M","?","E","T","M","M","M","?","E","M","E","M","BOSS","R","M","?","?","M","?","T","R","M","R","E"],"items_purchased_type":["Card"],"build_version":"2020-12-22","purchased_purges":0,"victory":false,"max_hp_per_floor":[71,71,71,71,71,71,71,71,71,71,71,71,71,71,71,71,71,71,71,71,71,71,71,71,81,81,81,81,81,81],"card_choices":[{"not_picked":["Slimebound:RainOfGoop","Slimebound:PressTheAttack"],"picked":"Slimebound:SplitMire","floor":2},{"not_picked":["Slimebound:SplitMire","Slimebound:SlimeBarrage"],"picked":"Slimebound:SplitLeeching","floor":3},{"not_picked":["Slimebound:ForwardTackle","Slimebound:Grow"],"picked":"Slimebound:RainOfGoop","floor":4},{"not_picked":["Slimebound:PrepareCrush","Slimebound:GoopTackle"],"picked":"Slimebound:ViciousTackle","floor":5},{"not_picked":["Slimebound:SlimeSpikes","Slimebound:Dissolve"],"picked":"Slimebound:RejuvenatingLick","floor":6},{"not_picked":["Slimebound:SamplingLick","Slimebound:SplitMire","Slimebound:FinishingTackle"],"picked":"Slimebound:GoopSpray","floor":8},{"not_picked":["Slimebound:TongueLash","Slimebound:SlimeBarrage","Slimebound:LeechingTouch","Slimebound:LivingWall"],"picked":"SKIP","floor":9},{"not_picked":["Slimebound:LivingWall","Slimebound:ComboTackle","Slimebound:LeechEnergy"],"picked":"Slimebound:HauntingLick","floor":10},{"not_picked":["Slimebound:HauntingLick","Slimebound:GoopTackle","Slimebound:SlimeBrawl"],"picked":"Slimebound:Repurpose","floor":12},{"not_picked":["Slimebound:ForwardTackle","Slimebound:SplitLeeching","Slimebound:ProtectTheBoss"],"picked":"Slimebound:GoopSpray","floor":13},{"not_picked":["Slimebound:HauntingLick","Slimebound:ForwardTackle","Slimebound:Equalize"],"picked":"Slimebound:LivingWall","floor":14},{"not_picked":["Slimebound:SlimeTap","Slimebound:LivingWall","Slimebound:WasteNot","Slimebound:HauntingLick"],"picked":"SKIP","floor":15},{"not_picked":["Slimebound:LeechLife","Slimebound:PrepareCrush","Slimebound:Teamwork"],"picked":"Slimebound:DouseInSlime","floor":16},{"not_picked":["Slimebound:SplitMire+1","Slimebound:GoopSpray","Slimebound:SplitAcid+1"],"picked":"Slimebound:Gluttony+1","floor":19},{"not_picked":["Slimebound:GoopSpray","Slimebound:Nibble+1","Slimebound:HauntingLick"],"picked":"Slimebound:RainOfGoop+1","floor":20},{"not_picked":["Slimebound:TongueLash","Slimebound:GoopSpray","Slimebound:SlimeBarrage"],"picked":"Slimebound:LevelUp+1","floor":22},{"not_picked":["Slimebound:Prepare","Slimebound:SlimeTap","Slimebound:SplitAcid+1"],"picked":"Slimebound:SplitBruiser","floor":26}],"player_experience":204115,"relics_obtained":[{"floor":6,"key":"PreservedInsect"},{"floor":7,"key":"Question Card"},{"floor":12,"key":"Omamori"},{"floor":14,"key":"Frozen Egg 2"}],"event_choices":[{"cards_removed":["Slimebound:GoopSpray"],"damage_healed":0,"gold_gain":0,"player_choice":"Took Card","damage_taken":0,"max_hp_gain":0,"max_hp_loss":0,"event_name":"NoteForYourself","floor":11,"gold_loss":0,"cards_obtained":["Judgement"]},{"damage_healed":0,"gold_gain":0,"player_choice":"Read","damage_taken":0,"max_hp_gain":0,"max_hp_loss":0,"event_name":"The Library","floor":23,"gold_loss":0,"cards_obtained":["Slimebound:Repurpose"]}],"is_beta":false,"boss_relics":[{"not_picked":["Fusion Hammer","Runic Dome"],"picked":"Pandora\u0027s Box"}],"items_purged_floors":[],"is_endless":false,"potions_floor_spawned":[2,8,9,10,12,15,19,20],"killed_by":"Gremlin Leader","ascension_level":0}}