{"host":"1focbxb2e8qu7ccd","time":1611955109,"event":{"mods":["BaseMod","Minty Spire (QoL Compilation)","Relic Stats"],"gold_per_floor":[111,125,125,141,154,188,188,113,113,113,126,146,146,171,171,242,242,258,183,183,143,143,143,143],"floor_reached":23,"language":"ENG","playtime":2096,"items_purged":["Strike_G"],"score":382,"play_id":"e96dd90c-7cdd-4cc4-a7bd-9aecba033ddd","local_time":"20210129161829","is_ascension_mode":true,"campfire_choices":[{"floor":7.0,"key":"REST"},{"data":"Neutralize","floor":10.0,"key":"SMITH"},{"data":"Dash","floor":15,"key":"SMITH"}],"circlet_count":0,"master_deck":["AscendersBane","Strike_G+1","Defend_G","Defend_G","Defend_G","Defend_G","Survivor","Neutralize+1","Cloak And Dagger","PiercingWail","Dash+1","Quick Slash+1","After Image","Footwork","Footwork","PiercingWail","Dagger Spray","Adrenaline","All Out Attack","Slice","Leg Sweep","Deadly Poison","RitualDagger"],"relics":["Ring of the Snake","Whetstone","InkBottle","TungstenRod","Ice Cream","Runic Pyramid"],"acts_visited":["Exordium","TheCity"],"potions_floor_usage":[14,14,23],"damage_taken":[{"damage":4.0,"enemies":"Small Slimes","floor":1.0,"turns":4.0},{"damage":0.0,"enemies":"Cultist","floor":2.0,"turns":5.0},{"damage":1.0,"enemies":"Jaw Worm","floor":4.0,"turns":5.0},{"damage":0.0,"enemies":"Looter","floor":5.0,"turns":4.0},{"damage":44.0,"enemies":"Gremlin Nob","floor":6.0,"turns":6.0},{"damage":1.0,"enemies":"Large Slime","floor":11.0,"turns":8.0},{"damage":4.0,"enemies":"2 Fungi Beasts","floor":12.0,"turns":6.0},{"damage":3,"enemies":"Lagavulin","floor":14,"turns":10},{"damage":11,"enemies":"Hexaghost","floor":16,"turns":17},{"damage":22,"enemies":"3 Byrds","floor":18,"turns":8},{"damage":5,"enemies":"2 Thieves","floor":21,"turns":5},{"damage":40,"enemies":"Book of Stabbing","floor":23,"turns":8}],"seed_played":"-3123386812193013066","potions_obtained":[{"floor":5.0,"key":"Energy Potion"},{"floor":11.0,"key":"Swift Potion"},{"floor":14,"key":"Dexterity Potion"},{"floor":16,"key":"Regen Potion"}],"is_trial":false,"path_per_floor":["M","M","?","M","M","E","R","$","T","R","M","M","?","E","R","B",null,"M","?","?","M","?","E"],"character_chosen":"THE_SILENT","items_purchased":[],"campfire_rested":1,"item_purchase_floors":[],"current_hp_per_floor":[61,61,61,60,60,16,37,37,37,37,36,32,21,18,18,7,56,34,34,34,29,24,0,0],"gold":143,"neow_bonus":"TEN_PERCENT_HP_BONUS","is_daily":false,"chose_seed":false,"campfire_upgraded":2,"win_rate":0.0,"timestamp":1611955109,"path_taken":["M","M","?","?","M","E","R","$","T","R","M","M","?","E","R","BOSS","M","?","?","M","?","E"],"items_purchased_type":[],"build_version":"2020-12-22","purchased_purges":1,"victory":false,"max_hp_per_floor":[72,72,72,72,72,72,72,72,72,72,72,72,72,72,72,72,72,72,72,72,72,72,72,72],"relic_stats":{"counters":[12,86],"Whetstone":["Strike_G","Quick Slash"],"obtain_stats":[{"Ice Cream":14,"Whetstone":6,"InkBottle":9,"TungstenRod":13,"Ring of the Snake":0,"Runic Pyramid":17},{"Ice Cream":8,"Whetstone":5,"InkBottle":5,"TungstenRod":7,"Ring of the Snake":0,"Runic Pyramid":9},{"Ice Cream":48,"Whetstone":24,"InkBottle":24,"TungstenRod":38,"Ring of the Snake":0,"Runic Pyramid":65}],"InkBottle":[18],"TungstenRod":34,"Ring of the Snake":[24]},"card_choices":[{"not_picked":["Dodge and Roll","Choke"],"picked":"Cloak And Dagger","floor":1.0},{"not_picked":["Backflip","Bane"],"picked":"PiercingWail","floor":2.0},{"not_picked":["Prepared","Finisher"],"picked":"Quick Slash","floor":4.0},{"not_picked":["Prepared","Tactician"],"picked":"After Image","floor":5.0},{"not_picked":["Backflip","Dodge and Roll"],"picked":"Footwork","floor":6.0},{"not_picked":["Poisoned Stab","Underhanded Strike"],"picked":"Footwork","floor":11.0},{"not_picked":["Slice","Cloak And Dagger"],"picked":"PiercingWail","floor":12.0},{"not_picked":["Accuracy","Prepared"],"picked":"Dagger Spray","floor":14},{"not_picked":["Venomology","Burst"],"picked":"Adrenaline","floor":16},{"not_picked":["Underhanded Strike","Setup"],"picked":"All Out Attack","floor":18},{"not_picked":["Backflip","Expertise+1"],"picked":"Deadly Poison","floor":21}],"player_experience":820371,"relics_obtained":[{"floor":6.0,"key":"Whetstone"},{"floor":9.0,"key":"InkBottle"},{"floor":14,"key":"Ice Cream"}],"event_choices":[{"damage_healed":0.0,"max_hp_gain":0.0,"max_hp_loss":0.0,"gold_gain":0.0,"cards_transformed":["Strike_G"],"event_name":"Transmorgrifier","player_choice":"Transformed","floor":3.0,"gold_loss":0.0,"damage_taken":0.0,"cards_obtained":["Dash"]},{"damage_healed":0.0,"max_hp_gain":0.0,"max_hp_loss":0.0,"gold_gain":0.0,"event_name":"Scrap Ooze","player_choice":"Success","floor":13.0,"gold_loss":0.0,"damage_taken":11.0,"relics_obtained":["TungstenRod"]},{"cards_removed":["Strike_G"],"damage_healed":0,"gold_gain":0,"player_choice":"Gave Gold","damage_taken":0,"max_hp_gain":0,"max_hp_loss":0,"event_name":"Beggar","floor":19,"gold_loss":75},{"damage_healed":0,"gold_gain":0,"cards_transformed":["Defend_G","Strike_G"],"player_choice":"Became Test Subject","damage_taken":0,"max_hp_gain":0,"max_hp_loss":0,"event_name":"Drug Dealer","floor":20,"gold_loss":0,"cards_obtained":["Slice","Leg Sweep"]},{"damage_healed":0,"gold_gain":0,"player_choice":"Joined the Cult","damage_taken":6,"max_hp_gain":0,"max_hp_loss":0,"event_name":"Nest","floor":22,"gold_loss":0,"cards_obtained":["RitualDagger"]}],"is_beta":false,"boss_relics":[{"not_picked":["HoveringKite","Calling Bell"],"picked":"Runic Pyramid"}],"items_purged_floors":[8],"is_endless":false,"potions_floor_spawned":[5,11,14,16],"killed_by":"Book of Stabbing","ascension_level":18}}