{"host":"c2vrdknshfutmcsq","time":1611956051,"event":{"mods":["BaseMod","Minty Spire (QoL Compilation)"],"gold_per_floor":[113,133,150,150,150,179,191,218,265,285,305,305,325,0,0,77,77,87,13,13,26,41,72,72,86,131,147,147,179,205,218,218,289,289,307,322,322,338,388,388,388,388],"floor_reached":41,"language":"ENG","playtime":6145,"items_purged":[],"score":849,"play_id":"78e3101e-acce-4b48-b819-fc798be429b9","local_time":"20210129223411","is_ascension_mode":true,"campfire_choices":[{"floor":12.0,"key":"REST"},{"data":"Zap","floor":15.0,"key":"SMITH"},{"floor":24.0,"key":"REST"},{"floor":28.0,"key":"REST"},{"floor":32.0,"key":"REST"},{"floor":40.0,"key":"REST"}],"circlet_count":0,"master_deck":["AscendersBane","Strike_B","Strike_B","Strike_B","Defend_B","Defend_B","Defend_B+1","Defend_B","Zap+1","Dualcast+1","Genetic Algorithm","Streamline","Auto Shields+1","FTL","Lockon","Conserve Battery","Ball Lightning","Beam Cell","Chill","Electrodynamics","Conserve Battery","Core Surge","Undo","Go for the Eyes","Melter+1","Ball Lightning","Go for the Eyes","Rebound","All For One","Sunder+1","Chill+1"],"relics":["Cracked Core","NeowsBlessing","Bronze Scales","Pantograph","War Paint","Vajra","Thread and Needle","Philosopher\u0027s Stone","Mummified Hand","Anchor","HornCleat","Potion Belt","Fusion Hammer"],"acts_visited":["Exordium","TheCity","TheBeyond"],"potions_floor_usage":[41],"damage_taken":[{"damage":0.0,"enemies":"Cultist","floor":1.0,"turns":1.0},{"damage":0.0,"enemies":"2 Louse","floor":2.0,"turns":2.0},{"damage":0.0,"enemies":"Jaw Worm","floor":3.0,"turns":1.0},{"damage":4.0,"enemies":"Gremlin Nob","floor":6.0,"turns":3.0},{"damage":11.0,"enemies":"Large Slime","floor":7.0,"turns":5.0},{"damage":18.0,"enemies":"Lagavulin","floor":8.0,"turns":6.0},{"damage":10.0,"enemies":"Lots of Slimes","floor":10.0,"turns":4.0},{"damage":0.0,"enemies":"Exordium Thugs","floor":11.0,"turns":4.0},{"damage":11.0,"enemies":"Exordium Wildlife","floor":13.0,"turns":3.0},{"damage":8.0,"enemies":"Slime Boss","floor":16.0,"turns":11.0},{"damage":20.0,"enemies":"3 Byrds","floor":18.0,"turns":2.0},{"damage":7.0,"enemies":"2 Thieves","floor":21.0,"turns":4.0},{"damage":3.0,"enemies":"Snake Plant","floor":22.0,"turns":3.0},{"damage":15.0,"enemies":"Slavers","floor":23.0,"turns":6.0},{"damage":17.0,"enemies":"Centurion and Healer","floor":25.0,"turns":4.0},{"damage":12.0,"enemies":"Snecko","floor":27.0,"turns":5.0},{"damage":13.0,"enemies":"Book of Stabbing","floor":29.0,"turns":5.0},{"damage":1.0,"enemies":"Snake Plant","floor":31.0,"turns":4.0},{"damage":59.0,"enemies":"Automaton","floor":33.0,"turns":10.0},{"damage":0.0,"enemies":"3 Shapes","floor":35.0,"turns":4.0},{"damage":24.0,"enemies":"3 Darklings","floor":36.0,"turns":4.0},{"damage":11.0,"enemies":"Jaw Worm Horde","floor":38.0,"turns":4.0},{"damage":64,"enemies":"Reptomancer","floor":41,"turns":6}],"seed_played":"1154529888885617489","potions_obtained":[{"floor":1.0,"key":"BlessingOfTheForge"},{"floor":3.0,"key":"SteroidPotion"},{"floor":6.0,"key":"Regen Potion"},{"floor":7.0,"key":"EssenceOfSteel"},{"floor":11.0,"key":"Regen Potion"},{"floor":16.0,"key":"Regen Potion"},{"floor":27.0,"key":"BlessingOfTheForge"},{"floor":29.0,"key":"PotionOfCapacity"},{"floor":35.0,"key":"Weak Potion"}],"is_trial":false,"path_per_floor":["M","M","M","?","?","E","M","E","T","M","M","R","M","$","R","B",null,"M","$","?","M","M","E","R","M","T","M","R","E","T","M","R","B",null,"M","M","?","M","?","R","E"],"character_chosen":"DEFECT","items_purchased":["Thread and Needle","Core Surge"],"campfire_rested":5,"item_purchase_floors":[14,19],"current_hp_per_floor":[64,64,64,38,38,34,23,20,20,10,10,31,20,20,20,37,63,43,43,43,48,45,30,51,34,34,22,43,30,30,29,50,12,56,56,32,32,21,21,42,0,0],"gold":388,"neow_bonus":"THREE_ENEMY_KILL","is_daily":false,"chose_seed":false,"campfire_upgraded":1,"win_rate":0.0,"timestamp":1611956051,"path_taken":["M","M","?","?","?","E","M","E","T","M","M","R","M","?","R","BOSS","M","$","?","M","?","E","R","M","T","M","R","E","?","M","R","BOSS","M","M","?","?","?","R","E"],"items_purchased_type":["Relic","Card"],"build_version":"2020-12-22","purchased_purges":0,"victory":false,"max_hp_per_floor":[71,71,71,71,71,71,71,71,71,71,71,71,71,71,71,71,71,71,71,71,71,71,71,71,71,71,71,71,71,71,71,71,71,71,71,71,71,71,71,71,71,71],"card_choices":[{"not_picked":["Rebound","Storm"],"picked":"Genetic Algorithm","floor":1.0},{"not_picked":["Sweeping Beam","Loop"],"picked":"Streamline","floor":2.0},{"not_picked":["Beam Cell","Scrape"],"picked":"Auto Shields","floor":3.0},{"not_picked":["Heatsinks","Conserve Battery"],"picked":"FTL","floor":6.0},{"not_picked":["Compile Driver","Sweeping Beam"],"picked":"Lockon","floor":7.0},{"not_picked":["Cold Snap","Thunder Strike"],"picked":"Conserve Battery","floor":8.0},{"not_picked":["Cold Snap","Hologram"],"picked":"Ball Lightning","floor":10.0},{"not_picked":["Steam","Heatsinks"],"picked":"Beam Cell","floor":11.0},{"not_picked":["Sweeping Beam","Cold Snap"],"picked":"Chill","floor":13.0},{"not_picked":["Rainbow","Machine Learning"],"picked":"Electrodynamics","floor":16.0},{"not_picked":["Hologram+1","Gash"],"picked":"Conserve Battery","floor":18.0},{"not_picked":["Aggregate","Sweeping Beam"],"picked":"Go for the Eyes","floor":21.0},{"not_picked":["Barrage","Conserve Battery"],"picked":"Melter+1","floor":22.0},{"not_picked":["Turbo","Static Discharge","Force Field"],"picked":"SKIP","floor":23.0},{"not_picked":["Beam Cell","Redo"],"picked":"Ball Lightning","floor":25.0},{"not_picked":["Cold Snap","Doom and Gloom"],"picked":"Go for the Eyes","floor":27.0},{"not_picked":["Steam Power","Hello World"],"picked":"Rebound","floor":29.0},{"not_picked":["Beam Cell","Doom and Gloom","Consume"],"picked":"SKIP","floor":31.0},{"not_picked":["Creative AI","Seek"],"picked":"All For One","floor":33.0},{"not_picked":["Turbo","Redo"],"picked":"Sunder","floor":35.0},{"not_picked":["Gash","Storm+1"],"picked":"Chill+1","floor":36.0},{"not_picked":["Static Discharge","Cold Snap","Compile Driver"],"picked":"SKIP","floor":38.0}],"player_experience":1304504,"relics_obtained":[{"floor":6.0,"key":"Pantograph"},{"floor":8.0,"key":"War Paint"},{"floor":9.0,"key":"Vajra"},{"floor":23.0,"key":"Mummified Hand"},{"floor":26.0,"key":"Anchor"},{"floor":29.0,"key":"HornCleat"},{"floor":30.0,"key":"Potion Belt"}],"event_choices":[{"damage_healed":0.0,"max_hp_gain":0.0,"max_hp_loss":0.0,"gold_gain":0.0,"event_name":"Scrap Ooze","player_choice":"Success","floor":4.0,"gold_loss":0.0,"damage_taken":26.0,"relics_obtained":["Bronze Scales"]},{"damage_healed":0.0,"max_hp_gain":0.0,"max_hp_loss":0.0,"gold_gain":0.0,"event_name":"Living Wall","player_choice":"Grow","floor":5.0,"gold_loss":0.0,"damage_taken":0.0,"cards_upgraded":["Dualcast"]},{"damage_healed":0.0,"max_hp_gain":0.0,"max_hp_loss":0.0,"gold_gain":0.0,"cards_transformed":["Strike_B"],"event_name":"Transmorgrifier","player_choice":"Transformed","floor":20.0,"gold_loss":0.0,"damage_taken":0.0,"cards_obtained":["Undo"]},{"damage_healed":0.0,"max_hp_gain":0.0,"max_hp_loss":0.0,"gold_gain":0.0,"event_name":"Upgrade Shrine","player_choice":"Upgraded","floor":37.0,"gold_loss":0.0,"damage_taken":0.0,"cards_upgraded":["Sunder"]},{"damage_healed":0.0,"max_hp_gain":0.0,"max_hp_loss":0.0,"gold_gain":50.0,"event_name":"Golden Shrine","player_choice":"Pray","floor":39.0,"gold_loss":0.0,"damage_taken":0.0}],"is_beta":false,"boss_relics":[{"not_picked":["Sozu","SacredBark"],"picked":"Philosopher\u0027s Stone"},{"not_picked":["Coffee Dripper","Nuclear Battery"],"picked":"Fusion Hammer"}],"items_purged_floors":[],"is_endless":false,"potions_floor_spawned":[1,3,6,7,11,16,18,27,29,35],"killed_by":"Reptomancer","ascension_level":18}}