{"host":"AZZAM","time":1611882222,"event":{"mods":["BaseMod","Colored Map","Highlight Path","Minty Spire (QoL Compilation)","Relic Stats","Unceasing Turn Reminder"],"gold_per_floor":[110,185,34,48,10,45,60,87,87,87,20,20,30,56,56,56,56],"floor_reached":16,"language":"ENG","playtime":270,"items_purged":["Strike_G","Defend_G"],"score":164,"play_id":"fe407e11-c921-4c8c-a6d6-bd07ff031641","local_time":"20210129040342","is_ascension_mode":true,"campfire_choices":[{"floor":12,"key":"REST"},{"floor":15,"key":"REST"}],"circlet_count":0,"master_deck":["Strike_G","Strike_G","Strike_G","Strike_G","Defend_G","Defend_G","Defend_G","Defend_G","Survivor","Neutralize","Flying Knee","Dagger Spray","Blade Dance","Dodge and Roll","Envenom","Noxious Fumes","Deadly Poison","Footwork"],"relics":["Ring of the Snake","NeowsBlessing","Membership Card","Orichalcum","Blue Candle","Unceasing Top","Bag of Marbles"],"acts_visited":["Exordium"],"potions_floor_usage":[8],"damage_taken":[{"damage":0,"enemies":"2 Louse","floor":1,"turns":1},{"damage":0,"enemies":"Jaw Worm","floor":4,"turns":1},{"damage":0,"enemies":"Gremlin Nob","floor":6,"turns":1},{"damage":0,"enemies":"Small Slimes","floor":7,"turns":2},{"damage":25,"enemies":"Lagavulin","floor":8,"turns":6},{"damage":10,"enemies":"Looter","floor":13,"turns":4},{"damage":20,"enemies":"3 Sentries","floor":14,"turns":5},{"damage":29,"enemies":"Slime Boss","floor":16,"turns":3}],"seed_played":"-84379084198100071","potions_obtained":[{"floor":4,"key":"Strength Potion"},{"floor":7,"key":"GamblersBrew"}],"is_trial":false,"path_per_floor":["M","?","$","M","$","E","M","E","T","?","$","R","M","E","R","B"],"character_chosen":"THE_SILENT","items_purchased":["Membership Card","Noxious Fumes"],"campfire_rested":2,"item_purchase_floors":[3,11],"current_hp_per_floor":[70,59,59,59,59,59,59,34,34,16,16,37,27,7,28,0,0],"gold":56,"neow_bonus":"THREE_ENEMY_KILL","is_daily":false,"chose_seed":false,"campfire_upgraded":0,"win_rate":0.0,"timestamp":1611882222,"path_taken":["M","?","$","M","$","E","M","E","T","?","$","R","M","E","R","BOSS"],"items_purchased_type":["Relic","Card"],"build_version":"2020-12-18","purchased_purges":2,"victory":false,"max_hp_per_floor":[70,70,70,70,70,70,70,70,70,70,70,70,70,70,70,70,70],"relic_stats":{"counters":[8,23],"Blue Candle":[0],"Orichalcum":[54],"obtain_stats":[{"NeowsBlessing":0,"Blue Candle":8,"Bag of Marbles":14,"Membership Card":3,"Orichalcum":6,"Unceasing Top":10,"Ring of the Snake":0},{"NeowsBlessing":0,"Blue Candle":5,"Bag of Marbles":7,"Membership Card":1,"Orichalcum":3,"Unceasing Top":5,"Ring of the Snake":0},{"NeowsBlessing":0,"Blue Candle":11,"Bag of Marbles":20,"Membership Card":1,"Orichalcum":3,"Unceasing Top":11,"Ring of the Snake":0}],"Unceasing Top":[0],"Ring of the Snake":[16]},"card_choices":[{"not_picked":["Escape Plan","Acrobatics"],"picked":"Flying Knee","floor":1},{"not_picked":["Escape Plan","Deadly Poison"],"picked":"Dagger Spray","floor":4},{"not_picked":["Dagger Spray","Calculated Gamble"],"picked":"Blade Dance","floor":6},{"not_picked":["Underhanded Strike","Tactician"],"picked":"Dodge and Roll","floor":7},{"not_picked":["Choke","Deadly Poison"],"picked":"Envenom","floor":8},{"not_picked":["Reflex","Flying Knee"],"picked":"Deadly Poison","floor":13},{"not_picked":["Quick Slash","Glass Knife"],"picked":"Footwork","floor":14}],"player_experience":63783,"relics_obtained":[{"floor":6,"key":"Orichalcum"},{"floor":8,"key":"Blue Candle"},{"floor":14,"key":"Bag of Marbles"}],"event_choices":[{"damage_healed":0,"gold_gain":75,"player_choice":"Gather Gold","damage_taken":11,"max_hp_gain":0,"max_hp_loss":0,"event_name":"World of Goop","floor":2,"gold_loss":0},{"damage_healed":0,"gold_gain":0,"player_choice":"Success","damage_taken":18,"relics_obtained":["Unceasing Top"],"max_hp_gain":0,"max_hp_loss":0,"event_name":"Scrap Ooze","floor":10,"gold_loss":0}],"is_beta":true,"boss_relics":[],"items_purged_floors":[5,11],"is_endless":false,"potions_floor_spawned":[4,7],"killed_by":"Slime Boss","ascension_level":3}}